1907 3198
518 193 740 229 QUAESTIO
772 192 905 222 van.
940 190 1187 222 ARTICULUS
1220 190 1266 220 11.
1594 177 1677 232 463

100 285 268 320 tasmata,
290 275 334 310 ad
356 287 449 323 quae
471 275 698 322 respiciendo
721 274 837 308 homo
856 273 1025 320 intelligit
1047 273 1082 307 in
1100 272 1170 306 hac
1188 271 1274 313 vita,
1297 269 1514 317 applicando
1538 270 1582 304 ad
1604 270 1682 315 ipsa

102 331 238 378 species
260 328 517 376 intelligibiles,
539 337 578 363 ut
599 329 634 362 in
658 328 776 375 primo
799 328 937 362 dictum
960 335 1014 362 est
1029 326 1076 373 (q.
1091 327 1139 372 85.
1159 331 1223 361 art.
1243 338 1270 360 1.
1286 330 1314 359 el
1332 326 1393 370 2.)‚
1411 332 1583 369 corrupto
1604 334 1681 357 cor-

100 395 190 432 pore
217 391 514 431 corrumpuntur3
542 383 637 417 unde
668 390 845 429 quantum
879 381 923 415 ad
951 381 1027 429 ipsa
1054 380 1321 427 phantasmata,
1349 389 1440 425 quae
1469 385 1552 412 sunt
1578 377 1682 423 quasi

101 437 304 473 materialia
337 439 373 472 in
399 436 589 471 virtutibus
622 435 941 477 intellectualibus,
967 435 1118 468 virtutes
1153 431 1418 467 intellectuales
1451 432 1684 466 destruuntur

101 492 286 528 destructo
309 502 482 538 corpore:
506 490 569 525 sed
592 498 769 537 quantum
792 489 835 523 ad
858 488 998 535 species
1025 486 1283 533 intelligibiles,
1306 497 1399 533 quae
1421 493 1504 520 sunt
1525 485 1561 519 in
1583 483 1685 519 intel-

100 545 197 582 lectu
219 544 394 593 possibili,
414 544 566 579 virtutes
587 543 852 578 intellectuales
871 550 1039 577 manent:
1061 541 1200 587 species
1220 548 1342 574 autem
1361 551 1398 574 se
1416 539 1554 574 habent
1567 538 1603 572 in
1617 538 1685 572 vir-

100 599 233 636 tutibus
261 598 578 640 intellectualibus,
605 598 700 632 sicut
725 596 917 639 formales3
945 596 1039 630 unde
1066 594 1331 630 intellectuales
1357 594 1508 637 virtutes
1535 600 1686 627 manent

101 662 184 701 post
203 653 299 688 hanc
320 653 434 687 vitam
456 659 633 699 quantum
656 651 699 686 ad
723 651 769 693 id,
792 650 890 697 quod
919 658 973 685 est
992 648 1148 684 formale
1172 649 1207 682 in
1230 649 1301 691 eis3
1323 659 1398 682 non
1426 655 1547 682 autem
1575 658 1686 693 quan-

101 716 179 743 tum
201 707 245 742 ad
267 707 314 750 id,
336 706 434 754 quod
457 714 511 741 est
531 705 736 740 materiale:
760 705 853 739 sicut
871 712 907 739 et
921 704 964 738 de
984 702 1184 738 moralibus
1203 703 1340 736 dictum
1362 710 1416 736 est
1439 701 1520 746 (art.
1538 702 1683 748 praec).

157 761 232 806 ,AD
257 771 409 796 PRIMUM
435 770 524 807 ergo
559 759 767 801 dicendum,
795 758 892 805 quod
919 757 1072 792 verbum
1107 755 1279 803 Apostoli
1311 764 1366 790 est
1401 755 1683 801 intelligendum

102 823 278 863 quantum
301 814 345 849 ad
366 814 414 856 id,
436 813 533 861 quod
556 822 610 848 est
631 812 819 848 materiale
841 812 878 846 in
900 811 1064 853 scientia,
1086 818 1121 845 et
1142 818 1319 857 quantum
1342 810 1386 843 ad
1409 809 1562 843 modum
1583 808 1686 842 intel-

101 869 257 916 ligendi:
273 869 357 916 quia
371 867 510 904 scilicet
524 879 642 914 neque
657 868 912 914 phantasmata
926 866 1168 900 remanebunt
1182 865 1367 899 destructo
1383 874 1550 910 corpore;
1564 873 1684 908 neque

103 923 171 959 erit
191 934 276 958 usus
298 922 472 958 scientiae
493 933 557 969 per
578 921 859 956 conversionem
881 920 924 954 ad
947 920 1214 966 phantasmata.

173 977 235 1012 AD
270 986 479 1012 SECUNDUM
510 975 718 1017 dicendum,
751 975 848 1022 quod
875 986 939 1021 per
965 973 1230 1020 aegritudinem
1258 971 1504 1018 corrumpitur
1536 970 1682 1004 habitus

103 1031 276 1067 scientiae
299 1038 476 1078 quantum
499 1030 542 1064 acl
564 1030 611 1071 id,
635 1029 732 1076 quod
748 1037 802 1064 est
823 1028 1010 1062 materiale
1025 1028 1061 1061 in
1077 1038 1138 1070 eo,
1152 1026 1292 1062 scilicet
1312 1034 1489 1073 quantum
1512 1027 1556 1058 ad
1575 1024 1686 1071 phan-

101 1093 278 1128 tasmata3
300 1095 375 1119 non
398 1092 520 1119 autem
542 1091 719 1130 quantum
734 1083 777 1117 ad
796 1082 935 1129 species
957 1080 1216 1128 intelligibiles,
1230 1091 1323 1127 quae
1339 1087 1421 1114 sunt
1438 1079 1475 1113 in
1497 1077 1685 1113 intellectu

103 1138 278 1187 possibili.

176 1193 235 1228 AD
257 1202 430 1227 TERTmM
457 1191 663 1233 dicendum,
691 1190 788 1237 quod
816 1190 938 1224 anima
965 1197 1131 1236 separata
1158 1196 1240 1234 post
1258 1196 1417 1222 mortem
1439 1187 1550 1222 habet
1571 1185 1684 1220 alium

105 1247 258 1281 modurn
281 1245 519 1292 intelligendi,
541 1255 652 1291 quam
679 1256 743 1291 per
769 1243 1048 1278 conversionem
1073 1243 1115 1276 acl
1143 1242 1410 1289 phantasmata,
1437 1249 1476 1275 ut
1502 1242 1537 1275 in
1565 1240 1684 1287 primo

104 1301 240 1336 dictum
261 1308 314 1335 est
331 1297 382 1346 (q.
397 1300 453 1346 89.
468 1303 532 1333 art.
547 1299 607 1344 L),
624 1306 659 1332 et
672 1298 723 1332 sic
739 1297 889 1331 scientia
905 1305 1039 1331 manet:
1060 1307 1135 1330 non
1150 1304 1274 1330 tamen
1290 1295 1493 1330 secundum
1512 1294 1685 1328 eumdem

103 1354 257 1389 modurn
279 1353 471 1401 operandi3
493 1352 586 1387 sicut
607 1360 643 1387 et
660 1352 703 1386 de
725 1351 915 1386 virtutibus
937 1350 1138 1385 moralibus
1160 1350 1299 1384 dictum
1318 1358 1372 1384 est
1390 1349 1472 1395 (art.
1490 1348 1635 1396 praec).

659 1493 1010 1540 ARTICULUS
1038 1494 1118 1537 111.
1616 1513 1682 1550 352

399 1604 555 1635 UTRUM
582 1604 707 1634 FIDES
735 1604 916 1633 MANEAT
940 1603 1053 1632 POST
1078 1602 1198 1632 HANC
1225 1564 1380 1631 VITAM.

275 1693 380 1741 (Insr.
402 1698 466 1728 art.
484 1705 514 1741 5.
536 1698 565 1729 et
585 1705 652 1729 2-2.
674 1705 704 1740 q.
727 1704 760 1737 4.
783 1698 849 1728 art.
871 1704 904 1737 4.
927 1691 970 1726 ad
987 1704 1016 1727 Ι.
1033 1697 1063 1727 et
1080 1703 1110 1738 q.
1133 1692 1184 1726 18.
1207 1695 1272 1725 art.
1287 1702 1318 1725 2.
1342 1696 1431 1737 corp.
1445 1690 1510 1736 fin.

100 1753 133 1784 et
151 1759 182 1795 q.
204 1759 235 1795 7.
257 1753 323 1783 art.
334 1759 363 1795 3.
385 1747 429 1783 ad
445 1759 474 1795 3.
496 1752 525 1783 et
542 1759 570 1795 3.
593 1748 681 1782 Dist.
700 1759 747 1794 31.
771 1752 835 1782 art.
857 1759 885 1782 1.
908 1758 938 1792 q.
959 1757 989 1780 2.
1011 1750 1040 1780 et
1058 1757 1086 1792 3.
1109 1750 1140 1780 et
1160 1745 1248 1780 Veri.
1268 1756 1298 1790 q.
1321 1755 1374 1791 27.
1394 1749 1460 1779 art.
1476 1756 1504 1790 5.
1516 1743 1560 1777 ad
1577 1743 1683 1790 6.fin.

625 1806 655 1836 et
676 1801 759 1836 Virt.
779 1813 810 1847 q.
824 1812 852 1847 5.
873 1804 936 1834 art.
958 1811 992 1844 4.
1015 1799 1057 1834 ad
1075 1798 1157 1844 ια).

172 1891 234 1927 AD
249 1901 424 1926 TERTmM
443 1890 493 1926 sic
512 1891 730 1938 proceditur.
750 1889 914 1932 Videtur,
930 1889 1027 1936 quod
1049 1888 1138 1924 fides
1161 1897 1308 1923 maneat
1329 1896 1412 1935 post
1432 1889 1527 1923 hanc
1550 1888 1682 1924 vitam:

102 1944 262 1980 nobilior
283 1945 382 1980 enim
404 1952 458 1980 est
479 1944 579 1988 fides,
602 1956 713 1992 quam
740 1944 912 1979 scientia:
935 1943 998 1978 sed
1021 1943 1172 1978 scientia
1194 1951 1318 1977 manet
1339 1950 1421 1989 post
1442 1942 1537 1976 hanc
1559 1942 1685 1985 vitam,

101 2006 141 2034 ut
160 1998 300 2034 dictum
321 2006 374 2034 est
394 2000 475 2044 (art.
493 2000 646 2046 praec.);
667 2009 754 2045 ergo
778 2006 813 2032 et
833 1997 933 2032 fides.

173 2063 206 2089 2.
227 2052 466 2088 PRAETEREA.
494 2063 521 2087 1.
545 2052 590 2087 ad
613 2052 700 2087 Cor.
731 2064 760 2099 3.
796 2052 944 2087 dicitur:
967 2051 1237 2086 fundamentum
1264 2050 1357 2085 aliud
1383 2062 1477 2086 nemo
1498 2056 1607 2097 potest
1625 2056 1684 2097 po-

101 2118 190 2150 nere,
208 2111 345 2154 praeter
364 2106 410 2150 id,
433 2107 520 2154 quod
534 2108 681 2154 positum
702 2112 759 2149 est,
782 2106 868 2152 quod
889 2111 934 2141 est
957 2105 1109 2140 Christus
1125 2105 1227 2150 Jesus,
1252 2105 1344 2139 idest
1363 2105 1440 2148 fides
1457 2105 1582 2140 Christi
1592 2105 1683 2150 Jesu:

101 2160 175 2204 sed,
193 2160 336 2196 sublato
355 2160 605 2203 fundamento,
624 2172 697 2195 non
718 2169 883 2195 remanet
900 2160 947 2202 id,
963 2160 1060 2206 quod
1080 2159 1412 2207 superaedificatur3
1430 2171 1530 2206 ergo,
1547 2160 1576 2194 si
1594 2159 1683 2194 fides

100 2225 177 2250 non
197 2223 362 2250 remanet
382 2223 465 2262 post
485 2215 580 2249 hanc
602 2215 728 2257 vitam,
750 2214 850 2248 nulla
873 2215 943 2248 alia
965 2214 1078 2249 virtus
1100 2222 1317 2249 remaneret.

174 2279 204 2315 3.
226 2268 464 2304 PRAETEREA.
488 2267 666 2316 Cognitio
687 2268 783 2310 fidei,
798 2276 833 2302 et
847 2267 1010 2315 cognitio
1033 2267 1173 2314 gloriae
1196 2266 1366 2302 differunt
1388 2267 1591 2302 secundum
1606 2274 1683 2314 per-

93 2321 233 2369 fectum,
256 2330 292 2358 et
312 2323 563 2370 imperfectum:
585 2322 647 2357 sed
671 2323 834 2369 cognitio
857 2321 1070 2369 imperfecta
1092 2330 1211 2369 potest
1233 2334 1311 2357 esse
1330 2322 1440 2357 simul
1455 2334 1540 2357 cum
1563 2325 1685 2370 cogni-

101 2375 201 2412 tione
218 2375 398 2424 perfecta:
421 2376 515 2412 sicut
535 2377 571 2411 in
594 2376 728 2423 angelo
751 2376 861 2411 simul
883 2385 1002 2423 potest
1017 2388 1095 2412 esse
1111 2377 1274 2423 cognitio
1289 2377 1496 2423 vespertina
1519 2388 1604 2411 cum
1627 2389 1686 2412 co-

102 2429 266 2478 gnitione
285 2430 485 2473 matutina3
500 2437 535 2465 et
547 2430 678 2477 aliquis
692 2430 808 2465 homo
830 2438 950 2478 potest
962 2430 1072 2465 simul
1086 2430 1221 2465 habere
1239 2431 1283 2465 de
1298 2431 1426 2465 eadem
1446 2431 1686 2466 conclusione

102 2483 292 2519 scientiam
313 2495 377 2532 per
398 2483 657 2531 syllogismum
680 2484 1020 2527 demonstrativum,
1043 2493 1078 2519 et
1099 2484 1314 2531 opinionem
1335 2497 1400 2531 per
1426 2484 1683 2532 syllogismum

102 2537 356 2582 dialecticum;
377 2549 466 2586 ergo
489 2539 599 2573 etiam
622 2537 710 2572 fides
732 2538 842 2573 simul
863 2549 941 2574 esse
964 2547 1083 2586 potest
1105 2547 1188 2586 post
1208 2539 1304 2573 hanc
1323 2539 1437 2573 vitam
1457 2551 1542 2573 cum
1562 2539 1686 2585 cogni-

101 2591 200 2627 tione
221 2591 372 2638 gloriae.

174 2644 250 2682 SED
272 2656 429 2682 CONTRA
455 2654 520 2688 est,
543 2645 641 2692 quod
664 2645 865 2692 Apostolus
887 2646 974 2681 dicit
996 2657 1027 2681 2.
1052 2646 1095 2680 ad
1115 2646 1203 2681 Cor.
1231 2657 1279 2692 5.:
1309 2646 1483 2692 Quamdiu
1509 2659 1622 2681 sumus
1649 2648 1683 2681 in

102 2705 252 2748 corpore,
270 2701 534 2748 peregrinamur
555 2711 575 2734 a
598 2700 771 2735 Domino:
788 2706 853 2748 per
869 2700 968 2746 fidem
983 2702 1069 2735 enim
1084 2701 1302 2742 ambulamus,
1329 2706 1357 2735 el
1372 2713 1436 2735 non
1447 2707 1510 2748 per
1523 2702 1683 2747 speciem:

102 2753 165 2788 sed
185 2752 249 2796 illi,
272 2753 334 2802 qui
355 2761 437 2789 sunt
458 2753 495 2788 in
517 2752 647 2800 gloria,
669 2764 744 2788 non
771 2754 1050 2800 peregrinantur
1077 2766 1096 2789 a
1123 2754 1301 2797 Domino,
1328 2754 1390 2789 sed
1417 2763 1501 2789 sunt
1527 2755 1559 2788 ei
1586 2765 1685 2801 prae-

103 2815 240 2852 sentes;
265 2819 354 2856 ergo
374 2807 464 2843 fides
485 2819 561 2843 non
583 2816 706 2842 manet
727 2816 811 2855 post
831 2808 926 2842 hanc
949 2809 1061 2843 vitam
1084 2809 1119 2842 in
1142 2808 1270 2854 gloria.

172 2861 404 2898 RESPONDEO
427 2861 635 2904 dicendum,
658 2862 756 2909 quod
779 2863 962 2909 oppositio
986 2871 1039 2897 est
1060 2874 1123 2910 per
1144 2874 1195 2904 se,
1219 2870 1254 2897 et
1276 2863 1421 2909 propria
1449 2874 1557 2897 causa
1585 2862 1683 2909 quod

103 2926 218 2951 unum
238 2915 450 2964 oppositum
471 2915 682 2950 excludatur
701 2916 743 2950 ab
759 2915 831 2950 alio
845 2929 853 2959 ;
868 2916 1084 2963 inquantum
1099 2916 1240 2951 scilicet
1259 2917 1293 2951 in
1313 2917 1484 2951 omnibus
1507 2916 1683 2964 oppositis
