1907 3198
509 206 733 246 QUABSTIO
766 205 852 236 ew.
887 199 1133 234 ani-temus
1182 198 1209 229 1.
1551 182 1633 238 785

74 306 209 335 statum
229 294 325 332 illius
345 292 471 342 populi
496 290 697 327 secundum
715 287 901 335 justitiam,
922 292 958 320 et
978 282 1220 330 aequitatem:
1245 278 1306 314 sed
1333 288 1376 313 ex
1402 275 1640 323 consequenti

76 350 212 399 aliquid
233 348 447 397 figurabant,
468 348 681 393 inquantum
699 342 840 378 scilicet
859 348 957 375 totus
974 345 1087 373 status
1108 335 1203 370 illius
1222 332 1359 380 populi,
1372 331 1433 378 qui
1446 342 1509 378 per
1523 330 1643 376 hujus-

75 404 178 442 modi
193 409 386 452 praecepta
407 399 674 447 disponebatur,
696 394 856 442 figuralis
877 400 964 434 erat,
985 389 1186 426 secundum
1208 386 1295 422 illud
1323 397 1348 420 1.
1377 384 1421 419 ad
1449 384 1536 418 Cor.
1568 393 1640 418 1o.:

79 458 209 497 offla
226 457 262 492 in
273 456 390 503 figura
410 453 641 498 contingebant
661 450 736 485 iuis.

148 512 211 548 AD
230 519 381 548 nuum
402 518 490 554 ergo
509 505 717 546 dicendum,
735 502 832 549 quod
847 507 1038 548 praecepta
1053 493 1333 532 caeremonialia
1349 492 1420 527 alio
1435 491 1547 525 modo
1562 498 1644 525 sunt

77 563 255 615 figuralia,
273 573 384 611 quam
405 559 600 608 judicialia,
621 565 659 593 ut
680 557 817 592 dictum
839 562 893 590 est
913 554 966 599 (in
987 558 1076 599 corp.
1098 549 1195 594 art).

152 618 214 655 An
234 625 443 654 scamnum
465 612 671 653 dicendum,
693 609 789 657 quod
812 607 966 656 populus
984 605 1205 652 judaeorum
1228 601 1271 636 ad
1293 600 1365 635 hoc
1383 599 1518 634 electus
1536 606 1611 632 erat
1625 608 1644 631 a

79 673 174 716 Deo,
183 670 282 720 qnod
292 673 335 706 ex
345 680 390 705 eo
402 667 570 703 Christus
582 672 791 700 nasceretur
802 675 810 705 ;
821 670 856 697 et
867 661 948 696 ideo
963 658 1134 706 oportuit,
1144 664 1262 692 totum
1274 654 1369 689 illius
1380 651 1504 700 populi
1511 659 1645 686 statum

79 737 158 764 esse
178 722 446 774 propheticum,
468 728 504 757 et
520 718 754 765 singularem,
779 724 818 751 ut
844 716 998 760 August.
1025 711 1111 746 dicit
1137 718 1263 745 contra
1291 708 1463 743 Faustum
1489 706 1566 751 (lib.
1591 716 1645 740 22.

80 786 156 829 cap.
176 790 234 824 ²4·
253 779 289 813 in
306 775 460 823 princ.),·
483 782 519 810 et
538 779 685 821 propter
705 771 778 805 hoc
799 768 909 804 etiam
931 765 1110 813 judicialia
1133 763 1184 798 illi
1211 761 1348 810 populo
1374 759 1504 795 tradita
1530 759 1647 804 magis

80 841 166 871 sunt
185 830 362 880 figuralia,
383 839 493 877 quam
514 825 698 874 judicialia
719 824 797 859 aliis
818 821 961 870 populis
982 819 1129 855 tradita:
1148 818 1240 852 sicut
1254 816 1364 851 etiam
1378 813 1485 855 bella,
1498 821 1534 848 et
1547 819 1647 859 gesta

81 887 179 925 iuius
197 884 324 935 populi
349 890 578 931 exponuntur
595 879 762 927 mystice,
779 888 854 912 non
877 883 997 910 autem
1018 872 1126 914 bella,
1143 870 1201 906 vel
1215 877 1316 916 gesta
1330 867 1577 914 Assyriorum,
1590 864 1648 900 vel

82 942 350 981 Romanorum,
369 936 537 985 quamvis
557 934 668 980 longe
690 932 845 967 clariora
866 927 1066 965 secundum
1084 924 1254 960 homines
1275 922 1416 957 suerint.

156 995 219 1032 AD
232 1001 405 1031 mnuu
426 989 634 1030 dicendum,
656 987 754 1034 quod
775 984 866 1020 ordo
889 982 932 1018 ad
950 981 1155 1029 proximum
1170 978 1205 1012 in
1221 976 1358 1025 populo
1372 974 1435 1009 illo
1449 973 1649 1009 secundum

83 1061 124 1087 se
143 1047 394 1085 consideratus
410 1044 554 1092 pervius
568 1050 644 1078 erat
658 1039 805 1076 rationi:
820 1037 882 1073 sed
896 1034 1096 1072 secundum
1111 1031 1208 1080 quod
1222 1029 1440 1066 referebatur
1453 1027 1497 1062 ad
1512 1027 1649 1062 cultum

82 1103 166 1146 Dei,
186 1099 378 1150 superabat
393 1098 593 1133 rationem:
615 1103 649 1130 et
671 1106 713 1129 ex
734 1093 803 1128 hac
825 1100 925 1138 pane
947 1096 1022 1124 erat
1043 1085 1214 1133 figuralis.

637 1220 985 1270 ARTICULUS
1018 1219 1098 1264 III.
1588 1224 1652 1269 538
1721 1237 1725 1241 -

325 1337 480 1370 UTRUM
510 1333 764 1368 PRAECEPTA
790 1328 1040 1375 JUDICIALIA
1071 1325 1252 1357 VETERIS
1286 1323 1409 1354 LEGIS

433 1399 692 1434 PERPETUAM
718 1393 1055 1429 OBLIGATIONEM
1082 1391 1301 1422 HABEANT.

157 1494 264 1543 (Insr.
282 1505 313 1541 q.
330 1493 406 1530 108.
424 1496 490 1527 art.
509 1502 537 1527 t.
555 1495 644 1536 corp.
663 1493 693 1524 et
709 1491 774 1522 art.
793 1497 825 1522 2.
842 1491 932 1532 corp.
951 1488 979 1519 et
997 1481 1039 1517 ad
1055 1492 1089 1526 4.
1108 1486 1137 1516 ct
1154 1491 1219 1515 2·2.
1238 1490 1268 1525 q.
1287 1478 1342 1514 62.
1362 1482 1426 1511 art.
1442 1487 1469 1522 3.
1488 1474 1531 1510 ad
1548 1487 1574 1510 1.

87 1555 119 1588 et
134 1562 165 1598 q.
186 1549 238 1586 81.
259 1552 326 1584 art.
347 1559 374 1583 1.
401 1551 493 1593 corp.
514 1549 543 1580 et
562 1555 596 1589 4.
618 1543 708 1578 Dist.
726 1552 771 1588 15·
789 1552 818 1587 q.
846 1551 872 1575 1.
899 1543 965 1573 art.
983 1548 1012 1584 5.
1034 1547 1065 1582 q.
1092 1546 1123 1570 2.
1150 1538 1215 1568 art.
1236 1544 1265 1579 5.
1287 1537 1315 1567 et
1338 1529 1461 1576 Quodl.
1483 1541 1514 1565 2.
1535 1532 1599 1563 art.
1622 1528 1653 1562 S.

419 1603 449 1635 et
471 1597 594 1645 Quodl.
615 1607 648 1642 4.
670 1600 736 1631 art.
758 1605 800 1642 ¹3·
823 1598 912 1640 corp.
934 1595 964 1626 et
983 1589 1088 1626 Hebr.
1112 1599 1142 1634 7.
1164 1587 1234 1622 lect.
1255 1585 1315 1631 2.).

162 1692 223 1728 AD
243 1698 416 1726 τειτῐυκ
434 1687 486 1724 sic
501 1684 720 1734 proceditur.
731 1682 894 1723 Videtur,
908 1679 1005 1727 quod
1021 1684 1212 1726 praecepta
1227 1673 1409 1722 judicialia
1422 1671 1552 1707 veteris
1565 1670 1657 1716 legis

91 1753 303 1795 perpetuam
322 1741 585 1790 obligationem
607 1738 782 1774 habeant:
805 1742 997 1783 praecepta
1019 1732 1116 1768 enim
1138 1728 1320 1776 judicialia
1338 1728 1517 1775 pertinent
1531 1725 1575 1760 ad
1591 1725 1657 1758 vir-

89 1808 206 1836 tutem
230 1797 404 1846 justitiae:
431 1805 518 1830 nam
543 1792 718 1839 judicium
745 1790 875 1825 dicitur
900 1787 1055 1833 justitiae
1082 1783 1270 1820 executio:
1297 1780 1431 1827 justitia
1458 1787 1579 1814 autern
1605 1786 1660 1813 est

85 1857 263 1903 perpetua,
279 1856 311 1888 et
330 1848 543 1891 immortalis,
565 1854 604 1882 ut
623 1845 754 1881 dicitur
780 1843 864 1890 Sap.
891 1852 938 1883 1.;
961 1850 1049 1887 ergo
1071 1838 1246 1883 obligatio
1274 1841 1553 1883 praeceptorum
1573 1831 1660 1878 judi-

92 1906 240 1944 cialium
260 1912 315 1941 est
335 1910 518 1952 perpetua.

164 1969 197 1996 2.
217 1959 455 1996 Pluinma.
470 1953 650 1991 Institutio
671 1951 792 1987 divina
810 1958 864 1985 est
883 1947 1057 1990 stabilior,
1071 1955 1181 1993 quam
1203 1942 1379 1978 institutio
1397 1941 1577 1976 humana:
1597 1939 1659 1974 sed

91 2021 283 2064 praecepta
299 2009 482 2059 judicialia
495 2009 740 2045 humanarum
755 2005 878 2051 legum
892 2003 1027 2038 habent
1040 2007 1252 2049 perpetuam
1270 1996 1554 2043 obligationem3
1569 2004 1657 2040 ergo

93 2066 210 2104 multo
229 2065 348 2114 magis
367 2071 559 2113 praecepta
579 2059 760 2109 judicialia
781 2058 872 2105 legis
892 2056 1046 2092 divinae.

169 2132 198 2169 3.
219 2119 456 2156 Pul-:mum
478 2114 678 2164 Apostolus
705 2113 792 2148 dicit
813 2111 857 2146 ad
876 2110 966 2145 Heb.
989 2120 1020 2156 7.
1042 2107 1140 2156 quod
1168 2106 1355 2153 reprobatio
1380 2104 1417 2146 fit
1438 2101 1660 2150 praecedentis

95 2174 246 2211 mandatu·
265 2178 402 2222 propter
421 2171 648 2219 infirmitatem
668 2169 779 2216 ipsius,
805 2171 835 2201 et
861 2164 1084 2200 inutilitatem:
1107 2160 1204 2208 quod
1226 2159 1373 2206 quidem
1395 2167 1521 2192 verum
1543 2163 1596 2190 est
1617 2155 1660 2189 de

95 2228 270 2266 mandato
296 2223 566 2266 caeremoniali,
595 2221 692 2270 quod
719 2232 784 2255 non
807 2224 938 2267 poterut
958 2217 1073 2264 facere
1095 2215 1278 2263 perfectum
1302 2214 1402 2259 juxta
1429 2210 1659 2245 conscientiam

94 2283 289 2319 servianum
313 2277 515 2316 solummodo
540 2279 575 2312 in
601 2277 694 2318 cibis,
721 2280 750 2310 ct
777 2275 810 2308 in
832 2273 1021 2320 potil›us‚et
1046 2270 1152 2305 variis
1179 2267 1444 2315 baptismatibus.
1471 2269 1500 2298 cl
1523 2263 1662 2308 justitiis

96 2337 221 2379 camis,
241 2341 281 2370 ut
300 2331 500 2381 Apostolus
520 2330 608 2366 dicit
629 2329 672 2364 ad
692 2327 781 2363 Heb.
803 2337 856 2373 9.:
879 2324 940 2360 sed
962 2330 1154 2371 praecepta
1176 2318 1358 2367 judicialia
1376 2325 1478 2353 erant
1496 2315 1609 2358 utilia,
1627 2323 1662 2350 ct

97 2387 260 2426 efficacia
272 2387 317 2423 ad
334 2386 382 2429 id,
397 2386 440 2421 ad
455 2384 552 2433 quod
571 2382 842 2422 ordinabantur,
856 2378 994 2414 scilicet
1016 2377 1058 2411 ad
1081 2375 1265 2422 justitiam,
1281 2382 1314 2408 et
1334 2371 1552 2419 aequitatem
1571 2369 1663 2404 inter

98 2441 268 2479 homine·
293 2438 605 2479 constituendam3
632 2446 720 2481 ergo
746 2441 938 2481 praecepta
964 2429 1146 2478 judicialia
1172 2427 1301 2463 veteris
1328 2426 1418 2472 legis
1444 2435 1517 2459 non
1545 2434 1663 2471 repro-

97 2497 240 2539 baum.
259 2494 322 2531 sed
343 2492 462 2529 adhuc
483 2490 685 2527 efficaciam
703 2488 847 2523 habent.

171 2548 249 2586 SED
267 2556 424 2585 coum
450 2553 515 2588 est,
540 2543 638 2592 quod
666 2540 865 2589 Apostolus
890 2539 977 2575 dicit
1002 2537 1045 2573 ad
1074 2537 1162 2572 Heb.
1186 2547 1230 2581 7.,
1252 2534 1349 2581 quod
1377 2531 1538 2568 translato
1561 2542 1666 2566 sacer-

71 2635 76 2640 .
99 2603 201 2646 δοίίο,
214 2612 334 2638 necasse
347 2606 392 2637 est
405 2605 441 2636 ut
454 2599 532 2645 legis
551 2596 816 2642 tramlatiofiae:
832 2593 894 2629 sed
914 2591 1168 2628 Sacerdotium
1187 2597 1240 2624 cst
1254 2587 1466 2623 translatum
1481 2586 1524 2620 ab
1539 2585 1664 2620 Aaron

101 2656 149 2692 ad
168 2654 376 2697 Christum3
397 2663 487 2700 ergo
507 2651 618 2686 etiam
640 2658 675 2685 et
695 2656 771 2684 tota
792 2647 848 2683 lex
870 2655 923 2683 est
943 2644 1135 2685 translata3
1157 2653 1230 2678 non
1253 2652 1342 2688 ergo
1363 2638 1546 2686 judicialia
1567 2649 1666 2685 prae-

102 2717 206 2757 cepta
227 2707 346 2744 adhuc
367 2704 629 2753 obligationem
651 2703 796 2738 habent.

173 2761 404 2798 Rmounto
417 2758 624 2800 dicendum,
633 2755 730 2804 quod
746 2753 927 2801 judicialia
942 2760 1133 2801 praecepta
1148 2761 1221 2785 non
1238 2749 1440 2784 habuerunt
1454 2754 1663 2794 perpetuam

103 2814 380 2863 obligationum
404 2812 467 2849 ned
492 2819 575 2848 sunt
599 2817 774 2846 evacuata
801 2820 863 2856 per
888 2807 1084 2843 adventum
1107 2803 1261 2840 Christi:
1285 2802 1387 2837 aliter
1407 2810 1529 2836 tamen
1555 2810 1665 2847 quam

104 2866 404 2907 caeremonialia:
429 2876 516 2902 nam
542 2862 823 2901 caeremonialia
849 2861 942 2897 adeo
967 2868 1048 2896 sunt
1075 2865 1261 2898 evacuata,
1287 2864 1325 2891 ut
1350 2866 1424 2890 non
1450 2853 1570 2889 solum
1597 2853 1667 2888 sint

45 2962 54 2978 ‘
106 2928 252 2966 morata,
273 2920 334 2958 sed
356 2920 466 2957 ctiam
485 2918 658 2963 mortifera
679 2915 951 2952 observantibus
966 2921 1047 2961 post
1061 2912 1261 2952 Christum,
1276 2909 1434 2945 maxime
1453 2916 1536 2955 post
1554 2907 1668 2943 Evan-
