1875 3198
238 179 322 222 500
647 180 868 215 QUAESTIO
902 180 1017 209 LXXI.
1051 180 1294 210 ARTICULUS
1326 180 1383 210 IV.

236 260 273 294 in
294 271 331 294 re
353 260 523 294 naturali:
546 260 664 295 forma
686 261 784 295 enim
805 261 978 296 naturalis
997 272 1039 295 ex
1056 261 1269 296 necessitate
1283 261 1450 308 producit
1464 261 1716 308 operationem
1733 261 1800 296 sibi

237 314 526 356 convenientem,
548 314 642 348 unde
662 325 738 348 non
759 323 877 360 potest
899 326 977 349 esse
999 314 1107 349 simul
1130 326 1213 348 curn
1234 314 1352 348 forma
1373 314 1529 349 naturali
1547 322 1646 349 actus
1660 314 1800 349 formae

239 367 458 401 contrariae:
481 367 573 401 sicut
593 379 666 401 non
680 375 798 414 potest
813 379 890 401 esse
906 379 989 402 cum
1004 367 1124 402 calore
1140 376 1240 402 actus
1254 367 1544 413 infrigidationis,
1561 379 1678 414 neque
1692 367 1801 402 simul

239 431 322 454 curn
343 420 486 455 levitate
509 429 629 455 motus
651 421 908 463 descensionis,
930 422 999 455 nisi
1019 421 1111 455 forte
1133 433 1175 455 ex
1192 421 1366 456 violentia
1385 422 1570 456 exterioris
1598 422 1800 456 moventis:

236 474 298 508 sed
312 474 454 508 habitus
470 474 506 508 in
522 475 641 508 anima
656 485 730 508 non
745 486 787 508 ex
801 475 1014 509 necessitate
1029 475 1196 520 producit
1209 486 1312 509 suam
1327 476 1594 522 operationem:
1609 475 1672 509 sed
1685 475 1800 509 homo

237 527 347 561 utitur
368 538 411 561 eo
431 539 514 560 cum
534 527 708 562 voluerit:
732 527 825 562 unde
848 528 956 562 simul
981 528 1105 562 habitu
1132 528 1169 562 in
1196 528 1346 562 homine
1372 529 1558 570 existente,
1584 536 1703 574 potest
1727 539 1802 562 non

237 581 287 614 uti
308 580 443 622 habitu,
467 589 527 614 aut
549 592 655 625 agere
678 581 900 614 contrarium
920 589 1060 623 actum3
1089 589 1123 615 et
1145 582 1194 616 sic
1222 590 1341 627 potest
1365 582 1503 616 habens
1529 582 1699 616 virtutem
1724 593 1804 628 pro-

239 634 364 668 cedere
388 634 430 667 ad
451 642 572 667 actum
591 634 749 680 peccati:
770 642 870 669 actus
885 646 972 669 vero
987 635 1127 680 peccati
1141 635 1170 669 si
1185 643 1415 680 comparetur
1430 635 1473 669 ad
1491 636 1608 681 ipsam
1621 635 1802 676 virtutem,

237 696 343 733 prout
365 696 416 721 est
438 687 578 721 habitus
602 688 760 733 quidam,
782 699 856 722 non
878 696 997 734 potest
1016 688 1133 734 ipsam
1155 700 1401 734 corrumpere,
1423 689 1453 723 si
1470 691 1516 723 sit
1536 700 1628 722 unus
1641 696 1802 723 tantum:

237 742 329 774 sicut
350 741 447 775 enim
469 752 543 774 non
563 750 754 786 generatur
775 742 918 776 habitus
940 753 1002 788 per
1024 753 1137 775 unum
1159 750 1304 784 actum·;
1325 742 1374 776 ita
1394 754 1461 776 nec
1477 754 1540 788 per
1554 753 1666 776 unum
1681 750 1803 776 actum

241 794 495 839 corrumpitur,
518 802 555 828 ut
576 805 682 840 supra
705 795 841 829 dictum
863 803 916 829 est
932 795 976 841 (q.
993 796 1043 841 63.
1058 801 1121 829 art.
1136 807 1167 830 2.
1184 795 1226 829 ad
1238 796 1299 840 2.).
1315 795 1387 829 Sed
1409 796 1438 830 si
1459 803 1688 842 comparetur
1703 803 1803 830 actus

237 847 378 893 peccati
399 847 443 881 ad
466 859 613 882 causam
634 848 819 890 virtutum,
838 848 888 882 sic
911 848 1081 894 possibile
1105 856 1168 890 est,
1191 849 1287 894 quod
1308 860 1370 894 per
1393 860 1506 882 unum
1529 856 1651 882 actum
1664 849 1804 895 peccati

238 900 380 946 aliquae
399 901 546 935 virtutes
566 910 861 947 corrumpantur:
877 902 1063 948 quodlibet
1077 902 1174 936 enirn
1190 910 1381 948 peccatum
1396 901 1550 936 mortale
1566 902 1804 936 contrariatur

239 954 415 995 charitati,
439 965 529 999 quae
553 962 606 988 est
632 955 732 988 radix
759 955 926 989 omnium
951 956 1126 990 virtutum
1152 955 1365 997 infusarum,
1392 957 1606 1001 inquantum
1632 963 1715 990 sunt
1738 955 1805 988 vir-

236 1015 329 1041 tutes
346 1020 354 1049 3
376 1015 410 1041 et
431 1007 513 1042 ideo
529 1019 592 1054 per
610 1019 723 1041 unum
739 1016 860 1042 actum
874 1011 1013 1054 peccati
1028 1008 1191 1043 mortalis
1207 1008 1352 1043 exclusa
1367 1009 1552 1051 charitate,
1568 1008 1805 1043 excluduntur

238 1072 301 1107 per
323 1072 548 1107 consequens
571 1073 699 1096 omnes
720 1062 868 1096 virtutes
890 1061 1040 1104 infusae,
1063 1063 1277 1108 inquantum
1295 1070 1379 1096 sunt
1398 1063 1564 1097 virtutes:
1587 1070 1624 1097 et
1637 1062 1707 1096 hoc
1722 1062 1803 1096 dico

236 1123 382 1160 propter
403 1114 524 1156 fidem,
548 1123 582 1149 et
603 1126 717 1161 spem,
744 1127 897 1161 quarum
924 1116 1066 1149 habitus
1096 1124 1281 1149 remanent
1306 1115 1480 1150 informes
1506 1123 1588 1162 post
1612 1123 1803 1162 peccatum

239 1167 411 1210 mortale3
434 1176 469 1202 et
485 1168 536 1202 sic
558 1179 633 1202 non
655 1177 738 1203 sunt
757 1169 926 1203 virtutes:
954 1170 1014 1203 sed
1042 1178 1234 1215 peccatum
1259 1169 1412 1211 veniale,
1438 1170 1535 1216 quod
1561 1181 1637 1204 non
1663 1176 1805 1203 contra-

240 1222 350 1254 riatur
372 1221 548 1263 charitati,
566 1233 632 1256 nec
656 1222 812 1256 excludit
832 1223 960 1268 ipsam,
982 1234 1046 1268 per
1064 1234 1291 1268 consequens
1313 1223 1422 1257 etiam
1441 1234 1516 1257 non
1538 1222 1695 1257 excludit
1717 1222 1804 1256 alias

239 1275 407 1309 virtutes:
430 1275 578 1309 virtutes
600 1287 687 1309 vero
711 1276 907 1321 acquisitae
928 1287 1002 1310 non
1016 1276 1192 1311 tolluntur
1206 1288 1268 1322 per
1282 1288 1395 1310 unum
1410 1284 1530 1310 actum
1545 1277 1804 1322 cujuscumque

239 1329 398 1374 peccati,
422 1329 472 1362 sic
494 1329 603 1374 igitur
624 1338 814 1375 peccatum
836 1329 990 1364 mortale
1013 1341 1087 1364 non
1109 1337 1227 1376 potest
1257 1329 1365 1364 simul
1395 1341 1474 1364 esse
1503 1341 1584 1363 cum
1616 1329 1804 1363 virtutibus

242 1381 387 1424 infusis,
410 1390 528 1428 potest
553 1390 675 1416 tamen
702 1383 810 1416 simul
838 1394 915 1417 esse
944 1395 1027 1416 cum
1053 1383 1241 1417 virtutibus
1268 1383 1468 1429 acquisitis:
1496 1391 1688 1429 peccatum
1714 1394 1803 1417 vero

239 1436 379 1470 veniale
401 1444 519 1482 potest
540 1436 647 1470 simul
671 1448 747 1471 esse
771 1445 804 1471 et
826 1448 909 1470 cum
931 1437 1119 1471 virtutibus
1141 1436 1278 1479 infusis,
1301 1444 1335 1471 et
1356 1448 1440 1470 cum
1462 1437 1655 1483 acquisitis.

312 1490 371 1524 AD
390 1501 538 1524 PRIMUM
562 1501 648 1535 ergo
671 1490 877 1532 dicendum,
900 1490 996 1536 quod
1024 1498 1215 1536 peccatum
1241 1502 1314 1524 non
1343 1491 1580 1525 contrariatur
1606 1490 1727 1524 virtuti
1753 1501 1804 1524 se-

241 1544 399 1577 cundum
423 1555 472 1585 se,
494 1544 555 1578 sed
578 1545 778 1578 secundum
801 1555 907 1578 suum
929 1552 1071 1586 actum;
1094 1552 1128 1578 et
1148 1544 1230 1578 ideo
1254 1551 1444 1590 peccatum
1466 1555 1540 1578 non
1558 1551 1676 1590 potest
1696 1543 1805 1578 simul

240 1608 317 1631 esse
341 1609 424 1630 cum
447 1604 527 1630 actu
550 1597 707 1639 virtutis,
729 1605 847 1643 potest
867 1605 989 1631 tamen
1013 1597 1121 1631 simul
1143 1609 1220 1632 esse
1245 1609 1327 1631 curn
1350 1598 1484 1632 habitu.

311 1650 370 1684 AD
399 1661 605 1685 SECUNDUM
629 1651 834 1691 dicendum,
857 1651 953 1697 quod
976 1651 1103 1685 vitium
1130 1651 1263 1685 directe
1291 1651 1529 1685 contrariatur
1554 1651 1687 1693 virtuti,
1713 1651 1806 1685 sicut

240 1712 274 1738 et
295 1713 486 1749 peccatum
509 1705 602 1738 actui
623 1706 802 1747 virtuoso;
826 1713 859 1738 et
878 1704 960 1738 ideo
983 1705 1109 1739 vitium
1132 1704 1287 1739 excludit
1305 1705 1486 1747 virtutem,
1505 1705 1596 1739 sicut
1613 1712 1805 1751 peccatum

240 1757 396 1792 excludit
419 1767 539 1791 actum
562 1758 711 1792 virtutis.

311 1811 370 1845 AD
393 1822 564 1846 TERTmM
583 1812 789 1854 dicendum,
812 1812 908 1858 quod
930 1812 1080 1846 virtutes
1100 1811 1283 1846 naturales
1306 1819 1417 1858 agunt
1438 1824 1480 1846 ex
1507 1812 1742 1854 necessitate;
1771 1820 1805 1846 et

238 1864 333 1906 ideo,
356 1866 495 1910 integra
518 1865 691 1899 existente
717 1866 857 1907 virtute,
884 1877 1085 1911 numquam
1112 1874 1304 1911 peccatum
1330 1874 1450 1912 potest
1467 1866 1503 1900 in
1522 1874 1603 1900 actu
1626 1866 1802 1900 inveniri:

239 1918 300 1952 sed
324 1918 471 1952 virtutes
499 1919 641 1953 animae
668 1930 742 1953 non
770 1919 973 1965 producunt
999 1927 1099 1953 actus
1127 1930 1169 1953 ex
1195 1920 1428 1962 necessitate;
1454 1919 1549 1954 unde
1574 1930 1649 1954 non
1675 1928 1727 1954 est
1764 1919 1806 1953 si-

241 1971 335 2006 milis
358 1972 460 2007 ratio.

804 2115 1149 2159 ARTICULUS
1178 2115 1233 2158 V.
1739 2125 1804 2173 376

407 2223 560 2252 UTRUM
593 2223 637 2253 IN
671 2223 895 2259 QUOLIBET
930 2225 1133 2255 PECCATo
1169 2225 1237 2254 S1T
1270 2224 1446 2260 ALIQUIS
1480 2224 1637 2254 ACTUS.

243 2309 323 2354 (2-2.
339 2322 368 2355 t]-
380 2321 432 2355 54.
448 2315 512 2344 art.
526 2310 649 2344 auda.
664 2317 693 2345 ct
708 2323 737 2356 q.
754 2322 807 2357 79.
823 2317 885 2346 arl.
898 2317 962 2358 ,καί
978 2324 1007 2347 2.
1020 2313 1107 2346 Dist.
1120 2324 1163 2359 35.
1179 2317 1242 2346 art.
1255 2324 1283 2359 3.
1298 2317 1326 2346 ct
1340 2312 1427 2346 Dist.
1442 2323 1493 2356 41.
1507 2323 1537 2358 q.
1553 2323 1584 2347 2.
1598 2317 1663 2347 art.
1679 2324 1705 2347 ι.
1719 2312 1803 2356 ad4.

359 2368 388 2398 ct
410 2364 480 2398 Pol.
503 2376 532 2409 q.
555 2376 581 2398 Ι.
605 2370 669 2398 art.
693 2365 725 2399 6.
749 2365 791 2398 ad
812 2378 844 2411 9.
867 2370 894 2400 cl
915 2378 944 2411 q.
968 2378 1017 2401 21.
1039 2371 1101 2400 art.
1126 2378 1151 2400 1.
1175 2366 1216 2400 ad
1238 2367 1271 2401 6.
1293 2370 1323 2400 et
1345 2366 1428 2400 Mal.
1451 2378 1480 2412 q.
1503 2366 1534 2401 8.
1553 2370 1618 2400 art.
1641 2367 1697 2411 L).

313 2453 372 2487 AD
395 2463 574 2492 Qulxrum
597 2453 646 2487 sic
670 2454 886 2499 proceditur.
906 2454 1068 2496 Videtur,
1091 2454 1187 2500 quod
1210 2454 1246 2488 in
1265 2454 1427 2500 quolibet
1445 2462 1597 2500 peccato
1615 2454 1660 2488 sit
1679 2454 1806 2500 aliquis

242 2514 363 2541 actus:
386 2507 478 2540 sicut
501 2507 597 2541 enim
617 2508 785 2541 meritum
810 2517 1040 2554 comparatur
1059 2509 1100 2541 ad
1125 2508 1304 2549 virtutem,
1327 2507 1373 2542 ita
1396 2515 1586 2554 peccatum
1608 2509 1652 2542 ad
1678 2508 1805 2542 vitium

242 2570 489 2606 comparatur:
513 2561 574 2595 sed
598 2561 766 2595 meritum
789 2573 861 2594 non
885 2570 1002 2607 potest
1025 2573 1101 2596 esse
1125 2562 1257 2608 absque
1273 2561 1394 2607 aliquo
1415 2569 1514 2603 actu;
1537 2572 1625 2607 ergo
1647 2572 1712 2596 nec
1729 2573 1808 2608 pec-

242 2622 362 2647 catum
387 2623 502 2660 potest
525 2626 602 2648 csse
625 2615 757 2660 absque
781 2614 902 2660 aliquo
926 2624 1017 2649 actu.

315 2678 344 2701 2.
369 2668 603 2702 PRAffrlsmm.
628 2669 851 2711 Augustinus·
873 2669 958 2702 dicit
974 2669 1007 2702 in
1024 2669 1081 2702 lib.
1102 2680 1128 2713 3.
1141 2669 1183 2702 de
1197 2668 1326 2703 Libero
1338 2668 1496 2703 Arbitrio
1514 2668 1659 2715 (implic.
1675 2674 1744 2714 cap.
1756 2668 1806 2703 ιδ’.

244 2723 275 2755 in
293 2723 401 2767 prim.
424 2722 474 2756 scd
496 2729 616 2768 utplus.
641 2722 696 2755 lili.
720 2721 755 2755 dr!
778 2722 858 2755 l'cm
878 2723 975 2765 {tv-lig.
1000 2730 1070 2768 sap.
1091 2734 1140 2766 14.
1162 2724 1193 2755 ιἰι
1212 2724 1354 2768 princ),
1378 2723 1473 2768 quod
1490 2733 1600 2757 omne
1616 2730 1805 2768 peccatum

244 2775 333 2808 adeo
357 2783 409 2808 est
431 2775 688 2816 voluntarium,
711 2775 805 2820 quod
827 2775 854 2808 si
878 2787 948 2808 non
974 2776 1016 2809 sit
1044 2776 1300 2814 voluntarium,
1327 2787 1400 2809 non
1429 2785 1482 2810 est
1508 2783 1716 2821 peccatum:
1744 2774 1805 2808 sed

243 2841 316 2862 nou
339 2838 456 2875 potest
478 2842 554 2863 esse
578 2830 710 2875 aliquid
734 2829 990 2871 voluntarium,
1013 2830 1078 2863 nisi
1103 2842 1164 2876 per
1191 2838 1312 2864 actum
1341 2829 1554 2871 voluntati53
1581 2839 1668 2875 crgo
1697 2838 1805 2862 omne

245 2891 435 2928 peccatum
459 2884 566 2918 habet
588 2883 745 2929 aliquem
770 2891 901 2917 actum.
