1907 3198
563 190 787 226 QuAsss‘no
822 190 879 220 CI.
913 190 1160 221 Alta-tentus
1194 190 1220 220 1.
1601 192 1683 235 733

118 272 163 310 Ut
174 272 311 320 saciant
329 272 394 308 sibi
412 272 563 315 fimbrias
578 278 644 319 per
669 272 806 317 angulos
822 272 1030 319 palliorum.-
1056 272 1119 307 sed
1146 271 1357 318 hujusmodi
1384 283 1458 306 non
1482 281 1564 306 sunt
1591 283 1690 319 prae—

113 333 219 373 cepta
239 324 407 368 moralia,
428 325 512 372 quia
534 336 608 360 non
630 333 780 361 manent
801 325 837 360 in
856 336 953 360 nova
974 324 1074 372 lege;
1096 336 1163 360 nec
1179 325 1288 360 etiam
1306 325 1501 371 judicialia,
1516 326 1599 372 quia
1613 337 1686 360 non

113 379 293 427 pertinent
314 379 359 414 ad
383 378 562 425 judicium
588 378 797 414 faciendum
823 379 917 414 inter
942 378 1133 422 homines;
1160 390 1248 425 ergo
1275 386 1358 413 sunt
1385 379 1688 414 caeremonialia:

111 432 175 469 sed
194 432 233 469 in
253 431 357 468 nullo
378 432 559 479 pertinere
573 433 741 468 videntur
758 432 802 467 ad
822 431 961 467 cultum
982 432 1071 474 Dei;
1091 443 1178 479 ergo
1200 443 1275 468 non
1290 441 1344 468 est
1365 432 1687 467 caeremonialium

112 493 391 534 praeceptorum
413 485 517 528 ratio,
540 486 637 532 quod
659 486 863 533 pertineant
881 485 925 520 ad
948 485 1087 520 cultum
1109 486 1190 520 Dei.

184 548 217 574 2.
243 538 482 576 PRAETEREA.
511 539 647 574 Dicunt
673 539 834 586 quidam,
861 539 958 586 quod
987 547 1179 586 praecepta
1213 539 1494 574 caeremonialia
1522 539 1688 574 dicuntur

112 591 186 635 illa,
206 603 300 640 quae
318 592 498 640 pertinent
521 593 564 627 ad
580 593 842 635 solemnitates,
856 593 959 639 quasi
982 593 1188 627 dicerentur
1209 604 1229 627 a
1245 593 1369 635 cereis,
1385 594 1445 640 qui
1461 593 1495 627 in
1519 593 1689 628 solemni-

110 646 244 682 tatibus
265 646 534 688 accenduntur;
556 647 618 681 sed
641 646 756 681 multa
778 646 848 681 alia
875 657 956 682 sum
979 647 1193 693 pertinentia
1221 647 1264 681 ad
1287 647 1425 681 cultum
1453 647 1520 682 Dei
1548 655 1688 694 praeter

111 698 382 742 solemnitates3
397 710 486 746 ergo
500 699 653 743 videtur,
669 699 767 747 quod
781 699 872 747 legis
891 708 1084 748 praecepta
1104 700 1385 735 caeremonialia
1401 712 1475 735 non
1491 712 1532 735 ea
1547 701 1686 735 ratione

111 752 289 796 dicantur,
310 752 394 800 quia
416 753 597 800 pertinent
618 753 662 788 ad
685 753 823 788 cultum
846 753 927 788 Dei.

185 817 215 853 3.
230 805 469 843 PRAETEREA.
485 806 696 842 Secundum
712 807 890 854 quosdam
902 815 1094 854 praecepta
1110 807 1392 842 caeremonialia
1406 808 1574 842 dicuntur
1585 807 1687 854 quasi

110 870 276 903 normae,
297 859 391 895 idest
411 859 570 907 regulae,
590 860 734 896 salutis:
758 872 843 896 nam
858 861 965 908 χαῖρε
981 861 1016 895 in
1039 872 1172 907 graeco
1192 861 1288 896 idem
1305 870 1358 896 est
1376 862 1473 908 quod
1494 862 1604 896 salve:
1624 861 1686 896 sed

111 913 236 950 omnia
257 922 450 961 praecepta
469 913 560 961 legis
582 922 666 949 sunt
686 914 834 960 regulae
849 914 986 957 salutis,
1009 923 1043 949 et
1064 925 1139 949 non
1158 915 1279 950 solum
1302 915 1374 957 illa,
1397 926 1489 962 quae
1507 915 1688 962 pertinent

111 967 156 1003 ad
176 966 249 1003 Dei
270 966 430 1010 cultum;
452 979 540 1014 ergo
562 978 638 1002 non
660 967 782 1003 solum
803 967 864 1002 illa
879 976 1072 1015 praecepta
1087 969 1255 1004 dicuntur
1274 969 1570 1011 caeremonialia,
1593 980 1686 1016 quae

110 1020 292 1069 pertinent
313 1021 358 1056 ad
380 1020 519 1056 cultum
538 1021 620 1056 Dei.

179 1083 216 1118 4.
237 1073 478 1110 Puerum.
500 1074 617 1109 Rabbi
638 1074 786 1122 Moyses
808 1075 895 1110 dicit
909 1075 982 1119 (lib.
994 1087 1037 1122 3.:
1053 1076 1138 1111 Dux
1154 1081 1279 1111 errant.
1299 1084 1371 1123 cap.
1391 1077 1570 1123 27.c128.)
1589 1076 1686 1123 quod

104 1131 284 1175 praecepta
304 1128 562 1164 caeremonialia
585 1128 764 1170 dicuntur,
786 1140 927 1175 quorum
946 1131 1034 1164 ratio
1049 1141 1114 1164 non
1128 1135 1171 1165 est
1185 1130 1358 1176 manifesta
1372 1143 1382 1165 .·
1398 1130 1460 1165 sed
1484 1130 1599 1165 multa
1613 1141 1690 1177 per-

109 1180 261 1218 tinentia
287 1180 332 1216 ad
358 1180 498 1217 cultum
524 1181 597 1217 Dei
622 1181 757 1217 habent
782 1182 961 1217 rationem
990 1182 1243 1225 manifestam3
1271 1183 1363 1218 sicut
1391 1184 1539 1218 Sabbati
1567 1184 1688 1218 obser-

110 1234 222 1277 vatio,
237 1241 272 1270 et
293 1233 490 1270 celebratio
509 1235 640 1277 Phase,
655 1235 946 1282 Scenopoegiae‚
962 1245 997 1271 et
1016 1236 1216 1271 multorum
1239 1236 1407 1279 aliorum,
1423 1249 1579 1284 quorum
1595 1238 1686 1272 ratio

110 1287 315 1335 assignatur
344 1287 379 1322 in
409 1287 510 1335 lege3
545 1299 634 1336 ergo
664 1289 949 1323 caeremonialia
983 1301 1057 1324 non
1091 1299 1185 1332 sunt,
1215 1302 1307 1337 quae
1331 1291 1510 1337 pertinent
1541 1291 1583 1325 ad
1616 1291 1674 1326 cul

109 1350 189 1378 tum
205 1341 288 1377 Dei.

181 1395 259 1431 SED
280 1405 438 1431 CONTRA
464 1403 530 1438 est,
551 1395 649 1442 quod
671 1395 802 1430 dicitur
823 1395 936 1431 Exod.
964 1396 1033 1431 18.:
1048 1397 1126 1432 Esto
1142 1397 1266 1444 populo
1288 1399 1322 1432 in
1338 1398 1398 1441 his,
1418 1410 1500 1445 quae
1519 1398 1560 1433 ad
1575 1399 1684 1433 Deum

102 1450 285 1496 pertinent,
307 1447 514 1496 ostendasque
534 1450 662 1497 populo
683 1451 920 1492 caeremonias,
942 1455 971 1485 et
991 1452 1095 1485 ritum
1117 1450 1254 1486 colendi.

177 1502 410 1539 Responoeo
431 1503 640 1546 dicendum,
661 1503 771 1550 quod,
792 1504 885 1538 sicut
905 1515 1013 1550 supra
1035 1504 1173 1539 dictum
1195 1513 1248 1539 est
1269 1505 1317 1552 (q.
1345 1518 1402 1552 99.
1428 1511 1492 1541 art.
1514 1507 1577 1552 4.),
1602 1517 1680 1540 cae-

107 1556 323 1593 remonialia
344 1565 540 1604 praecepta
553 1557 771 1593 determinat
784 1567 978 1605 praecepta
1002 1558 1156 1593 moralia
1175 1559 1210 1593 in
1227 1559 1353 1594 ordine
1373 1560 1416 1594 ad
1435 1560 1570 1602 Deum,
1589 1561 1681 1596 sicut

106 1610 291 1657 judicialia
301 1610 545 1646 determinant
555 1619 748 1658 praecepta
759 1611 914 1646 moralia
933 1612 968 1646 in
984 1612 1111 1647 ordine
1127 1613 1170 1647 ad
1183 1613 1408 1660 proximum:
1430 1614 1545 1648 homo
1559 1623 1680 1650 autem

107 1664 296 1700 ordinatur
309 1665 354 1700 ad
371 1664 495 1700 Deum
513 1675 577 1712 per
590 1665 752 1700 debitum
768 1665 926 1708 cultum;
941 1674 976 1700 et
990 1666 1073 1701 ideo
1087 1668 1346 1702 caeremonialia
1359 1669 1497 1715 propria:
1515 1668 1683 1710 dicuntur,

104 1729 189 1765 quae
201 1717 245 1754 ad
261 1718 386 1754 cultum
403 1718 471 1753 Dei
480 1720 658 1766 pertinent.
674 1718 784 1753 Ratio
800 1728 922 1753 autem
939 1719 1046 1765 hujus
1059 1720 1220 1755 nominis
1235 1722 1352 1767 posita
1371 1730 1424 1756 est
1439 1733 1546 1769 supra
1561 1723 1609 1769 (q.
1625 1735 1681 1768 99.

106 1777 171 1808 art.
189 1773 250 1818 3.),
271 1771 333 1807 ubi
353 1779 548 1819 praecepta
569 1772 854 1807 caeremonialia
877 1774 920 1807 ab
943 1773 1022 1808 aliis
1044 1782 1127 1808 sunt
1149 1775 1328 1809 distincta.

179 1825 241 1861 AD
258 1835 409 1861 ΡκιΜυΜ
430 1836 519 1872 ergo
541 1825 749 1868 dicendum,
764 1826 862 1872 quod
884 1826 928 1861 ad
951 1827 1089 1862 cultum
1113 1828 1181 1862 Dei
1204 1829 1384 1875 pertinent
1403 1840 1476 1863 non
1497 1829 1616 1864 solum
1634 1841 1685 1864 sa-

107 1878 256 1921 crificia,
277 1886 313 1915 et
334 1878 403 1914 alia
424 1879 647 1926 hujusmodi,
669 1891 762 1926 quae
785 1880 996 1915 immediate
1019 1881 1061 1915 ad
1084 1881 1206 1916 Deum
1229 1883 1387 1917 ordinari
1415 1883 1593 1926 videntur,
1621 1885 1682 1919 sed

107 1933 218 1968 etiam
240 1933 359 1968 debita
382 1933 610 1980 praeparatio
633 1933 834 1969 colentium
857 1934 979 1969 Deum
1007 1935 1051 1970 ad
1078 1935 1215 1970 cultum
1244 1936 1373 1983 ipsius;
1396 1937 1489 1971 sicut
1511 1938 1620 1972 etiam
1648 1938 1682 1972 in

107 1985 188 2022 aliis
208 1997 462 2034 quaecumque
484 1995 567 2021 sunt
588 1987 858 2034 praeparatoria
881 1988 924 2022 ad
949 1987 1071 2031 linem,
1094 1989 1228 2024 cadunt
1249 1990 1313 2024 sub
1337 1990 1501 2033 scientia,
1520 2002 1612 2037 quae
1631 1999 1684 2026 est

107 2039 152 2076 de
172 2039 263 2075 fine:
284 2040 496 2086 hujusmodi
519 2049 639 2075 autem
663 2049 868 2087 praecepta,
889 2053 982 2088 quae
1001 2042 1131 2077 dantur
1146 2043 1181 2077 in
1198 2043 1278 2089 lege
1297 2044 1341 2078 de
1359 2045 1530 2086 vestibus,
1546 2054 1580 2079 et
1595 2045 1682 2079 cibis

108 2093 308 2129 colentium
329 2093 464 2137 Deum,
486 2102 522 2129 et
539 2093 619 2129 aliis
641 2094 865 2139 hujusmodi,
888 2095 1068 2141 pertinent
1091 2097 1134 2131 ad
1154 2098 1351 2143 quamdam
1367 2099 1681 2145 praeparationem

107 2147 269 2195 ipsorum
293 2147 588 2190 ministrantium,
603 2156 641 2182 ut
659 2148 729 2182 sint
751 2147 873 2183 idonei
889 2149 931 2182 ad
955 2149 1092 2184 cultum
1114 2150 1201 2186 Dei:
1224 2151 1318 2186 sicut
1336 2152 1445 2186 etiam
1467 2152 1681 2198 specialibus:

106 2200 346 2237 observantiis
367 2200 479 2248 aliqui
496 2209 655 2243 utuntur,
673 2202 734 2248 qui
753 2210 836 2236 sunt
851 2202 885 2236 in
902 2202 1104 2238 ministerio
1119 2204 1231 2251 regis;
1254 2205 1348 2240 unde
1369 2205 1479 2240 etiam
1499 2206 1563 2240 sub
1584 2218 1683 2253 prae-

107 2253 222 2302 ceptis
243 2253 570 2289 caeremonialibus
593 2255 834 2290 continentur.

179 2307 241 2343 AD
262 2317 471 2344 SECUNDUM
497 2308 705 2350 dicendum,
731 2309 829 2355 quod
852 2308 913 2344 illa
935 2310 1113 2356 expositio
1141 2311 1302 2346 nominis
1331 2323 1406 2347 non
1435 2313 1577 2347 videtur
1604 2324 1681 2348 esse

107 2360 266 2397 multum
287 2361 526 2404 conveniens;
553 2362 764 2408 praesertim
787 2374 872 2397 cum
894 2374 968 2398 non
991 2363 1147 2399 multum
1170 2365 1374 2400 inveniatur
1400 2366 1435 2400 in
1465 2366 1557 2410 lege,
1584 2367 1680 2413 quod

107 2414 145 2450 in
166 2414 459 2451 solemnitatibus
481 2417 576 2451 cerei
599 2415 908 2459 accenderentur;
929 2417 992 2452 sed
1006 2417 1042 2451 in
1058 2418 1136 2465 ipso
1152 2419 1261 2453 ctiam
1277 2419 1497 2454 candelabro
1512 2419 1681 2454 lucernae

106 2479 193 2505 cum
217 2467 302 2504 oleo
332 2468 513 2504 olivarum
540 2469 857 2516 praeparabantur,
885 2478 923 2505 ut
950 2479 1047 2517 patet
1078 2471 1164 2506 Lev.
1195 2482 1270 2515 24.:
1293 2472 1532 2507 nihilominus
1559 2482 1680 2508 tamen

106 2529 226 2570 potest
245 2521 330 2565 dici,
351 2522 451 2569 quod
472 2522 510 2558 in
531 2522 823 2558 solemnitatibus
845 2524 970 2558 omnia
992 2524 1073 2567 alia,
1095 2536 1188 2572 quae
1216 2526 1442 2572 pertinebant
1470 2527 1513 2561 ad
1541 2526 1678 2561 cultum

106 2574 189 2618 Dei,
209 2574 417 2623 diligentius
443 2575 745 2611 observabantur:
773 2584 808 2611 et
834 2577 1035 2612 secundum
1064 2578 1135 2614 hoc
1162 2579 1198 2614 in
1230 2579 1485 2614 observatione
1513 2579 1683 2614 solemni-

105 2635 219 2665 tatem
240 2629 366 2664 omnia
385 2629 671 2664 caeremonialia
698 2628 940 2665 includuntur.

177 2681 240 2718 An
248 2691 421 2718 mrtun
431 2682 642 2724 dicendum,
652 2682 750 2729 quod
766 2695 832 2718 nec
846 2683 907 2718 illa
917 2685 1096 2731 expositio
1106 2686 1265 2720 nominis
1277 2686 1418 2721 videtur
1433 2697 1510 2721 esse
1526 2687 1681 2722 inultum

107 2734 349 2770 conveniens:
371 2746 508 2771 nomen
524 2736 621 2771 enim
644 2737 899 2772 caeremoniae
914 2748 987 2772 non
1004 2747 1056 2773 est
1078 2750 1264 2783 graccum,
1287 2740 1348 2774 sed
1371 2739 1536 2775 latinum.
1559 2741 1683 2776 Potest

103 2787 178 2824 dici
195 2796 333 2832 tamen,
353 2788 451 2836 quod
473 2799 558 2825 cnm
579 2789 677 2824 salus
699 2789 860 2825 hominis
881 2791 926 2826 sit
947 2803 967 2826 a
994 2792 1088 2833 Deo,
1115 2793 1308 2839 praecipue
1331 2793 1392 2828 illa
1416 2803 1609 2840 praecepta
1633 2795 1681 2829 vi-

106 2840 236 2877 dentur
255 2851 335 2879 esse
355 2841 481 2878 salutis
502 2842 661 2889 regulae,
683 2854 776 2890 quae
798 2843 990 2880 hominem
1013 2846 1183 2881 ordinant
1210 2847 1253 2881 ad
1281 2847 1422 2882 Deum:
1446 2857 1480 2883 et
1503 2848 1551 2883 sic
1576 2861 1681 2884 tat-rc-

105 2894 269 2931 mom'alia
289 2895 470 2939 dicuntur,
491 2907 584 2944 quae
607 2897 650 2931 ad
673 2897 811 2932 cultum
835 2898 904 2934 Dei
925 2899 1116 2946 pertinent.
