1907 3182
260 201 339 242 170
680 201 898 235 QUAESTIO
931 201 1019 229 XIX.
1053 200 1299 230 ARTICULUS
1334 200 1390 229 IX.

254 283 403 328 quiritur
424 293 511 327 ergo
535 282 579 315 ad
599 282 799 316 bonitatem
821 282 1001 316 humanae
1023 282 1230 324 voluntatis,
1249 282 1346 328 quod
1365 282 1549 316 ordinetur
1567 282 1611 316 ad
1630 293 1815 316 summurn

252 336 401 371 bonum.
417 336 497 369 Hoc
512 344 633 369 autem
648 336 785 369 bonum
799 336 916 381 primo
936 335 1083 381 quidem
1101 344 1136 370 et
1153 347 1215 382 per
1236 346 1273 369 se
1288 343 1517 381 comparatur
1532 335 1575 369 ad
1589 335 1815 369 voluntatem

253 389 424 431 divinam,
443 397 482 422 ut
503 390 684 434 objectum
707 390 893 435 proprium
916 391 1010 434 ejus:
1033 389 1121 423 illud
1144 398 1277 431 autern,
1299 390 1396 435 quod
1420 398 1472 424 est
1489 390 1647 436 primum
1672 390 1710 423 in
1731 401 1818 436 quo-

252 441 338 476 libet
358 453 501 488 genere,
524 450 576 476 est
598 454 776 484 mensura,
800 451 834 476 et
851 443 941 476 ratio
969 443 1146 485 omnium,
1169 454 1260 489 quae
1287 451 1369 476 sunt
1389 442 1483 477 illius
1505 443 1668 489 generis:
1691 454 1817 476 unum-

253 495 421 541 quodque
444 503 565 529 autern
587 503 737 537 rectum,
757 504 791 529 et
808 495 946 529 bonum
965 504 1028 538 est,
1046 496 1260 542 inquantum
1283 496 1425 542 attingit
1445 497 1490 530 ad
1515 497 1698 544 propriam
1719 507 1818 530 men-

252 560 394 591 surarn3
421 559 508 594 ergo
537 549 579 581 ad
606 549 677 582 hoc
701 549 797 593 quod
823 548 991 583 voluntas
1013 549 1173 584 hominis
1196 550 1240 584 sit
1260 550 1370 591 bona,
1390 550 1592 596 requiritur,
1615 549 1713 596 quod
1735 560 1818 584 con-

252 601 428 635 formetur
448 601 627 635 voluntati
649 601 800 635 divinae.

325 655 384 688 AD
398 665 547 689 PRIMUM
566 666 652 700 ergo
673 654 878 697 dicendum,
899 655 996 700 quod
1014 655 1182 690 voluntas
1200 656 1359 689 hominis
1374 667 1448 690 non
1462 664 1582 703 potest
1596 655 1819 690 conformari

253 708 429 742 voluntati
453 708 595 741 divinae
613 719 675 754 per
698 708 1019 754 aequiparandam,
1041 710 1103 743 sed
1125 721 1188 755 per
1209 710 1473 744 imitationem:
1496 719 1531 744 et
1551 710 1715 744 similiter
1736 721 1819 744 con-

254 761 429 795 formatur
450 761 599 795 scientia
620 761 780 794 hominis
803 762 974 796 scientiae
996 762 1150 804 divinae,
1172 763 1388 808 inquantum
1408 763 1598 809 cognoscit
1617 775 1762 806 verum3
1784 771 1820 797 et

255 815 348 849 actio
371 815 529 848 hominis
554 815 687 848 actioni
710 815 863 856 divinae,
886 816 1097 861 inquantum
1122 824 1176 850 est
1198 816 1319 862 agenti
1341 817 1584 859 conveniens3
1612 825 1647 851 et
1661 816 1733 850 hoc
1755 827 1819 863 per

253 868 507 910 imitationem,
529 879 603 901 non
627 876 747 901 autem
769 879 832 913 per
853 869 1174 914 aequiparantiam.

326 922 432 956 Unde
453 930 551 968 patet
572 921 705 955 solutio
724 932 774 955 AD
797 932 1016 964 SECUNDUM,
1039 930 1074 956 et
1093 933 1144 957 AD
1168 934 1340 958 TERTIUM
1362 931 1630 970 argumentum.

824 1046 1170 1090 ARTICULUS
1198 1048 1253 1090 X.
1756 1069 1821 1102 124

450 1153 604 1183 UTRUM
636 1153 935 1184 NECESSARIUM
969 1155 1037 1184 SIT
1070 1155 1379 1185 VOLUNTATEM
1410 1154 1631 1185 HUMANAM

503 1219 787 1249 CONFORMARI
819 1200 1080 1250 VOLUNTATI
1113 1221 1294 1251 DIVINAE
1322 1221 1367 1251 IN
1397 1221 1586 1260 VOLITO,

732 1285 790 1314 AD
826 1285 918 1315 HOC
953 1286 1080 1321 QUOD
1115 1287 1182 1315 SIT
1216 1286 1346 1317 BONA.

278 1367 380 1413 (Insr.
402 1379 431 1413 q.
451 1379 504 1413 39.
527 1372 590 1401 art.
612 1379 644 1402 2.
667 1367 708 1401 ad
726 1379 753 1413 3.
776 1372 806 1402 et
826 1379 891 1402 2—2.
911 1380 940 1413 q.
962 1379 1038 1413 104.
1060 1374 1125 1403 art.
1147 1380 1181 1413 4.
1202 1369 1244 1403 ad
1257 1380 1286 1415 3.
1306 1373 1334 1403 et
1350 1381 1378 1403 1.
1400 1369 1487 1403 Dist.
1509 1369 1566 1413 48.
1587 1373 1652 1403 art.
1670 1379 1699 1414 3.
1721 1371 1750 1402 et
1769 1377 1802 1411 4.

595 1426 625 1456 et
648 1422 733 1456 Veri.
758 1433 787 1467 q.
806 1433 853 1468 23.
877 1427 940 1456 art.
964 1433 994 1468 7.
1016 1427 1044 1456 et
1065 1423 1097 1458 8.
1119 1427 1147 1457 et
1168 1429 1274 1469 opusc.
1297 1434 1329 1468 9.
1352 1434 1382 1468 q.
1401 1423 1483 1468 87.)-

326 1510 386 1543 AD
413 1520 590 1544 DECIMUM
611 1509 661 1543 sic
687 1510 903 1556 proceditur.
925 1509 1087 1552 Videtur,
1114 1510 1211 1556 quod
1236 1508 1404 1544 voluntas
1427 1509 1585 1543 hominis
1604 1519 1680 1543 non
1698 1507 1825 1542 debeat

257 1574 398 1609 semper
432 1562 650 1597 conformari
678 1563 819 1597 divinae
848 1562 1026 1597 voluntati
1051 1565 1087 1597 in
1114 1563 1248 1598 volito:
1275 1574 1351 1597 non
1377 1564 1474 1597 enim
1500 1573 1694 1609 possumus
1720 1560 1825 1603 velle,

256 1616 352 1663 quod
380 1618 601 1662 ignoramus,
628 1617 764 1650 bonum
792 1618 888 1650 enim
916 1617 1179 1662 apprehensum
1214 1624 1268 1653 est
1301 1617 1485 1662 objectum
1510 1615 1726 1650 voluntatis:
1762 1614 1825 1648 sed

256 1670 341 1716 quid
367 1670 466 1704 Deus
492 1669 578 1704 velit
605 1672 814 1716 ignoramus
838 1671 873 1704 in
895 1670 1079 1716 plurimi33
1114 1681 1200 1716 ergo
1229 1681 1305 1704 non
1333 1677 1454 1716 potest
1473 1669 1634 1704 humana
1655 1667 1823 1703 voluntas

257 1724 398 1757 divinae
420 1723 599 1758 voluntati
621 1723 834 1758 corformari
856 1724 892 1757 in
914 1723 1040 1758 volito.

329 1787 359 1811 2.
386 1777 623 1811 PRAETEREA.
657 1777 757 1811 Deus
787 1776 863 1810 vult
889 1777 1062 1811 damnare
1090 1776 1259 1823 aliquem,
1294 1788 1403 1823 quem
1432 1777 1586 1823 praescit
1617 1778 1655 1811 in
1679 1774 1827 1810 mortali

257 1839 407 1878 peccato
441 1832 673 1873 moriturum3
703 1830 734 1864 si
765 1842 851 1876 ergo
882 1831 978 1865 bono
1004 1838 1187 1865 teneretur
1214 1830 1444 1865 conformare
1470 1830 1698 1865 voluntatem
1722 1840 1827 1864 suam

257 1885 399 1919 divinae
420 1884 599 1918 voluntati
621 1885 656 1918 in
677 1883 803 1927 volito,
827 1892 1046 1930 sequeretur,
1065 1884 1162 1930 quod
1177 1884 1290 1918 homo
1304 1892 1486 1918 teneretur
1506 1883 1567 1929 [al.
1581 1885 1728 1930 sequitur
1741 1881 1827 1929 quod

258 1938 420 1983 teneatur]
442 1937 534 1971 velle
557 1949 659 1971 suam
683 1938 966 1980 damnationem,
985 1938 1083 1983 quod
1106 1946 1159 1972 est
1179 1937 1451 1972 inconveniens.
1640 1935 1646 1939 ’

332 2003 360 2038 3.
388 1991 623 2026 PRAETEREA.
651 1991 780 2025 Nullus
808 2000 949 2025 tenetur
975 1991 1067 2025 velle
1095 1991 1240 2037 aliquid,
1267 1991 1364 2038 quod
1391 1998 1445 2025 est
1475 1998 1602 2025 contra
1634 1991 1826 2037 pietatem:

258 2046 319 2080 sed
339 2045 368 2079 si
382 2045 495 2079 homo
510 2044 618 2079 vellet
632 2044 720 2078 illud
736 2045 832 2090 quod
846 2045 946 2079 Deus
961 2045 1048 2087 vult,
1071 2045 1142 2079 hoc
1158 2052 1251 2079 esset
1265 2045 1481 2091 quandoque
1496 2051 1621 2079 contra
1642 2044 1826 2091 pietatem:

258 2107 343 2145 puta
365 2110 448 2133 cum
468 2098 568 2132 Deus
597 2097 673 2132 vult
699 2100 792 2132 mori
818 2106 958 2144 patrem
985 2098 1147 2144 alicujus,
1174 2098 1204 2132 si
1229 2098 1322 2132 filius
1345 2098 1416 2132 hoc
1439 2098 1536 2132 idern
1557 2094 1827 2141 vellee‘contra

259 2154 427 2199 pietatem
450 2159 558 2193 esset3
582 2162 667 2197 ergo
690 2163 764 2185 non
787 2159 927 2186 tenetur
948 2152 1062 2186 homo
1087 2150 1316 2186 conformare
1334 2150 1562 2186 voluntatem
1579 2162 1682 2186 suam
1702 2150 1829 2186 volun-

258 2206 322 2240 tati
348 2205 488 2239 divinae
510 2205 546 2238 in
568 2204 693 2239 volito.

331 2258 405 2293 SED
433 2269 588 2292 CONTRA
615 2266 678 2300 est,
709 2258 792 2304 quia
813 2269 920 2305 super
945 2258 1034 2293 illud
1059 2259 1117 2293 Ps.
1149 2268 1219 2304 32.:
1248 2260 1359 2295 Rectos
1385 2258 1469 2293 decet
1494 2257 1708 2301 collaudatio,
1735 2257 1822 2292 dicit

260 2312 380 2347 Gloss.
407 2311 491 2356 (ord.
515 2323 552 2346 ex
566 2312 694 2357 Aug.):
719 2313 852 2347 Rectum
872 2324 928 2346 sor
953 2312 1060 2354 habat,
1083 2313 1140 2358 qui
1165 2312 1237 2346 vult
1258 2312 1343 2358 quod
1363 2313 1454 2346 Deus
1471 2312 1560 2347 vult:
1589 2312 1651 2346 sed
1679 2311 1829 2358 quilibet

258 2374 399 2401 tenetur
420 2365 552 2399 habere
575 2373 713 2399 rectum
737 2376 818 2408 cor;
842 2377 928 2411 ergo
951 2365 1100 2411 quilibet
1120 2374 1261 2400 tenetur
1282 2365 1375 2400 velle
1397 2365 1495 2412 quod
1516 2365 1616 2400 Deus
1642 2365 1729 2400 vult.

331 2429 362 2453 2.
390 2419 590 2452 Praeterea.
621 2418 709 2462 (Hoc
736 2424 969 2464 argmmntum
991 2419 1072 2454 ἅψει
1098 2420 1133 2456 in
1159 2419 1232 2453 adit.
1260 2420 1426 2465 Nicolai).
1462 2419 1595 2454 Forma
1631 2418 1828 2454 voluntatis

260 2481 313 2508 cst
334 2485 376 2507 ex
399 2473 553 2517 objecto,
576 2472 667 2506 sicut
702 2481 736 2506 ct
762 2472 950 2517 cujuslibet
977 2482 1098 2507 actus:
1124 2473 1151 2507 si
1179 2484 1266 2519 crgo
1288 2481 1429 2508 tenetur
1450 2473 1564 2507 homo
1592 2471 1824 2508 conformare

258 2527 483 2561 voluntatem
494 2537 595 2560 suam
612 2526 787 2560 voluntati
799 2526 953 2568 divinae,
976 2527 1165 2572 requiritur
1183 2526 1243 2572 [al.
1259 2527 1433 2573 sequiturJ,
1448 2527 1545 2573 quod
1559 2534 1724 2561 teneatur
1745 2537 1830 2561 con·

260 2580 417 2615 formare
440 2580 474 2613 in
502 2579 626 2613 volito.

336 2645 363 2679 3.
391 2634 590 2668 Praeterea.
619 2633 870 2679 Repugnantia
898 2632 1126 2667 voluntatum
1155 2634 1318 2669 consistit
1346 2634 1382 2668 in
1408 2634 1493 2676 hoc,
1527 2633 1625 2680 quod
1657 2633 1828 2668 homines

262 2688 401 2722 diversa
427 2687 571 2721 volunt:
596 2687 657 2720 sed
688 2687 906 2733 quicumque
929 2687 1037 2721 habet
1062 2687 1288 2722 voluntatem
1313 2695 1578 2734 repugnantem
1599 2687 1743 2722 divinae
1768 2697 1830 2721 vo-

262 2741 401 2783 luntati,
423 2741 532 2775 habet
553 2740 690 2774 malam
716 2740 959 2782 voluntatcm3
982 2752 1069 2786 crgo
1092 2741 1311 2787 quicumque
1337 2753 1410 2776 non
1434 2740 1641 2776 conformat
1666 2740 1830 2776 volunta-

261 2803 335 2829 tem
354 2806 457 2828 suam
478 2794 656 2828 voluntati
679 2794 819 2828 divinae
843 2794 877 2827 in
900 2793 1026 2835 volito,
1048 2794 1156 2828 habet
1178 2794 1314 2829 malam
1335 2794 1572 2829 voluntatem.

333 2848 561 2883 lespoxusso
584 2848 790 2889 dicendum,
809 2847 918 2893 quod,
940 2847 1032 2881 sicut
1053 2860 1093 2881 cx
1116 2848 1306 2894 praedictis
1329 2856 1426 2895 patet
1448 2848 1527 2892 (art.
1543 2859 1572 2894 5.
1591 2847 1662 2894 huj.
1684 2849 1746 2894 q.),
1769 2858 1830 2882 vo-

262 2901 380 2936 luntas
398 2901 508 2936 fertur
530 2902 563 2935 in
592 2913 696 2936 suum
719 2901 914 2947 objectum,
937 2901 1136 2935 secundum
1164 2902 1259 2947 quod
1283 2913 1302 2936 a
1330 2902 1468 2936 ratione
1490 2901 1715 2948 proponitur,
1744 2912 1830 2936 con·
