1907 3182
245 157 328 200 292
636 155 857 191 QUAESTIO
890 154 1039 184 XXXIX.
1073 153 1316 184 ARTICULUS
1349 153 1405 182 IV.

246 249 323 272 esse
339 248 526 271 summum
547 236 702 270 malum:
725 237 808 282 quia
830 238 930 283 pejus
953 244 1047 270 esset
1072 235 1224 269 omnino
1247 234 1397 269 alienari
1423 246 1443 268 a
1463 245 1549 269 vero
1571 235 1680 276 bono,
1707 234 1801 268 unde

245 291 439 338 impossibile
460 296 514 333 est,
537 290 622 336 quod
639 291 753 336 aliqua
775 291 923 332 tristitia,
946 289 997 323 val
1018 289 1113 323 dolor
1130 290 1170 323 sit
1195 300 1359 322 summum
1385 289 1526 322 hominis
1546 289 1682 322 malum.

315 344 375 378 AD
394 355 543 378 PRIMUM
566 355 652 389 ergo
680 344 885 384 dicendum,
909 342 1006 388 quod
1034 342 1105 375 duo
1133 343 1218 376 bona
1244 350 1326 375 sunt
1353 342 1563 375 communia
1591 349 1625 376 et
1651 340 1803 375 delecta-

244 397 345 439 tioni,
369 405 402 431 et
423 397 605 439 tristitiae3
628 396 766 430 scilicet
783 396 949 441 judicimn
971 407 1100 429 verum
1122 394 1164 428 de
1186 395 1296 436 bono,
1312 403 1346 428 et
1360 394 1470 436 malo,
1499 403 1534 429 et
1560 394 1638 429 ordo
1666 394 1804 429 debitus

245 450 440 484 voluntatis
463 450 692 496 approbantis
714 450 864 489 bonum,
892 456 926 482 et
951 448 1149 482 recusantis
1177 447 1338 481 malum:
1367 456 1401 482 et
1427 448 1478 492 sic
1506 456 1614 494 patet,
1641 448 1737 493 quod
1767 448 1804 481 in

247 504 384 545 dolore,
407 503 464 537 vel
485 503 625 537 tristitia
648 511 700 537 est
723 502 868 548 aliquod
891 502 1040 543 bonum,
1056 513 1118 547 per
1140 502 1240 546 cujus
1260 501 1498 547 privationem
1520 509 1639 548 potest
1651 501 1728 535 fieri
1749 501 1806 535 de-

246 557 373 591 terius:
396 557 458 591 sed
480 568 552 590 non
575 557 610 589 in
634 556 735 589 omni
757 554 997 589 delectatione
1020 562 1073 588 est
1094 554 1240 600 aliquod
1263 554 1413 596 malum,
1434 566 1497 600 per
1519 556 1618 600 cujus
1637 554 1807 589 remotio-

247 622 331 645 nem
353 611 466 657 possit
483 610 559 644 fieri
581 609 722 650 melius,
745 609 839 642 unde
862 607 1054 642 delectatio
1075 607 1195 654 aliqua
1216 615 1334 653 potest
1352 618 1429 642 esse
1448 619 1633 642 summurn
1646 607 1806 641 hominis

247 664 396 706 bonum,
419 675 462 698 eo
485 663 609 704 modo,
633 673 704 708 quo
727 673 833 708 supra
855 661 992 695 dictum
1015 669 1068 695 est
1091 661 1135 707 (q.
1155 672 1207 707 34.
1234 666 1297 695 art.
1322 663 1389 707 3.);
1417 661 1558 695 tristitia
1584 669 1706 696 autem
1732 672 1806 695 non

248 725 367 764 potest
388 728 464 751 esse
484 727 669 751 summum
691 715 850 749 hominis
873 714 1023 748 malum.

319 771 380 805 AD
407 780 613 804 SECUNDUM
636 769 842 810 dicendum,
857 768 954 814 quod
969 768 1040 801 hoc
1056 768 1174 813 ipsum
1190 767 1287 813 quod
1302 775 1355 802 est
1367 767 1593 801 voluntatem
1606 779 1807 814 repugnare

250 824 361 866 malo,
384 831 436 858 est
457 823 640 869 quoddam
658 822 808 863 bonum,
831 829 865 856 et
886 830 1033 867 propter
1053 821 1125 854 hoc
1147 821 1301 862 tristitia,
1315 820 1374 854 vel
1392 820 1497 854 dolor
1509 832 1584 855 non
1598 828 1717 867 potest
1730 832 1807 855 esse

250 888 435 912 summum
457 876 615 917 malun13
638 875 721 921 quia
746 875 854 909 habet
876 874 1036 920 aliquam
1058 874 1335 920 permixtionem
1356 874 1453 908 boni.

320 930 380 964 AD
403 940 574 964 TERTIUM
597 928 805 969 dicendum,
829 927 925 974 quod
947 928 1048 973 pejus
1071 935 1134 969 est,
1157 927 1253 973 quod
1280 935 1388 961 nocet
1409 927 1563 969 meliori,
1585 939 1694 973 quam
1713 927 1809 973 quod

251 991 359 1018 nocet
380 983 509 1028 pejori:
539 981 677 1015 malum
699 989 821 1015 autem
843 981 983 1022 dicitur,
1007 981 1089 1026 quia
1107 988 1227 1022 nocet,
1246 988 1285 1014 ut
1306 980 1390 1014 dicit
1404 980 1597 1026 Augustin.
1610 980 1648 1014 in
1666 980 1809 1015 Enchir.

249 1038 336 1082 (rap.
363 1037 445 1081 12.),·
474 1035 567 1069 unde
590 1035 706 1080 majus
728 1034 867 1068 malum
890 1042 954 1075 est,
977 1034 1074 1080 quod
1097 1042 1150 1068 est
1171 1033 1311 1067 malum
1333 1033 1487 1076 animae,
1514 1045 1623 1080 quarn
1642 1034 1739 1080 quod
1758 1042 1812 1068 est

252 1089 389 1124 malum
412 1089 593 1135 corporis3
620 1088 714 1122 unde
735 1099 809 1122 non
832 1095 885 1122 est
906 1086 1032 1122 efficax
1058 1087 1161 1130 ratio,
1184 1098 1293 1133 quam
1314 1087 1540 1133 Augustinus
1561 1087 1709 1129 inducit,
1735 1098 1809 1121 non

252 1155 293 1177 ex
314 1154 421 1177 sensu
443 1153 521 1184 suo,
543 1142 607 1177 sed
628 1153 670 1176 ex
688 1152 796 1176 sensu
819 1140 974 1175 alterius.

784 1390 1139 1452 QUAESTIO
1181 1389 1289 1437 XL.

668 1515 731 1546 DE
770 1514 1072 1546 PASSIONIBUS
1111 1513 1399 1552 IRASCIBILIS,

451 1587 518 1619 ET
556 1586 734 1618 PRIMO
772 1586 842 1616 DE
880 1586 994 1622 SPE,
1036 1584 1104 1615 ET
1141 1583 1598 1623 DESPERATIONE,

681 1657 732 1687 IN
760 1656 881 1688 OCTO
909 1655 1170 1688 ARTICULOS
1197 1650 1372 1687 DIVISA.

327 1782 603 1828 Consequenter
626 1779 932 1815 considerandum
954 1787 1008 1814 est
1030 1779 1073 1814 de
1094 1779 1320 1825 passionibus
1341 1778 1542 1813 irascibilis.

328 1836 490 1882 Etprimo
506 1835 549 1869 de
565 1846 639 1881 spe,
655 1842 688 1869 et
703 1833 971 1880 desperatione:
987 1833 1123 1868 secundo
1139 1833 1182 1867 de
1196 1833 1340 1875 timore,
1356 1840 1390 1867 et
1405 1832 1575 1866 audacia:
1590 1833 1684 1867 tertio
1700 1831 1742 1866 de
1753 1831 1816 1865 ira.

739 1923 841 1958 Cisra
858 1924 1008 1969 primum
1030 1926 1236 1968 quaeruntur
1258 1927 1339 1957 octo.

328 1996 463 2031 Primo.
487 1995 619 2029 Utrum
645 2006 725 2040 spes
748 1995 792 2028 sit
813 1994 921 2035 idem,
944 1994 1041 2040 quod
1064 1993 1294 2034 desiderium,
1315 1992 1373 2027 vel
1396 1993 1581 2039 cupiditas.

329 2049 510 2084 Secundo.
535 2049 665 2082 Utrum
689 2060 769 2094 spes
792 2048 836 2082 sit
858 2048 893 2081 in
915 2048 950 2081 vi
972 2047 1245 2094 appreliensiva,
1268 2046 1326 2081 vel
1348 2047 1384 2080 in
1405 2047 1440 2080 vi
1463 2045 1667 2092 appetitiva.

329 2102 467 2137 Tertio.
490 2103 621 2137 Utrum
644 2114 723 2148 spes
746 2102 789 2136 sit
811 2102 845 2135 in
868 2101 978 2135 brutis
1002 2100 1228 2135 animalibus.

330 2157 483 2197 Quarto.
508 2157 638 2190 Utrum
661 2156 734 2201 spei
760 2155 998 2189 contrarietur
1019 2154 1233 2200 desperatio.

332 2210 482 2251 Quinto.
507 2210 637 2243 Utrum
661 2220 768 2243 causa
791 2209 869 2254 spei
890 2209 935 2243 sit
957 2208 1186 2254 experientia.

330 2265 450 2297 Sexto.
476 2263 605 2297 Utrum
627 2263 662 2296 in
684 2263 884 2307 juvenibus,
908 2269 942 2295 et
964 2261 1112 2295 ebriosis
1135 2273 1215 2307 spes
1238 2260 1405 2295 abundet.

330 2317 506 2362 Septimo.
529 2317 584 2350 De
607 2316 731 2349 ordine
754 2316 830 2361 spei
853 2315 895 2349 ad
920 2326 1096 2348 amorem.

333 2371 489 2406 Octavo.
514 2370 645 2404 Utrum
667 2381 747 2415 spes
769 2368 931 2403 conserat
953 2368 996 2402 ad
1020 2368 1283 2414 operationem.

828 2485 1172 2531 ARTICULUS
1209 2485 1240 2527 I.
1753 2506 1820 2542 223

357 2585 506 2614 UTRUM
535 2584 630 2612 SPE&
659 2583 725 2612 SIT
754 2583 876 2621 IDEM,
905 2583 1029 2618 QUOD
1055 2582 1335 2621 DESIDERIUM,
1364 2581 1444 2610 VEL
1475 2581 1722 2611 CUPIDITAS.

407 2661 520 2707 (δίψη
544 2673 572 2706 q.
596 2672 643 2706 25.
665 2665 727 2694 ‹11'!.
752 2672 776 2693 Ι.
801 2666 887 2705 russi.
904 2661 963 2705 fin.
987 2665 1014 2693 rt
1034 2672 1060 2705 3.
1088 2661 1170 2693 Uist.
1192 2660 1245 2693 26.
1261 2663 1324 2692 art.
1343 2671 1365 2692 r.
1382 2670 1411 2704 q.
1429 2670 1454 2692 r.
1469 2662 1531 2692 ιιι-Ι.
1548 2670 1573 2692 1.
1589 2663 1680 2704 corp.

579 2727 605 2749 cl
634 2715 718 2749 Veri.
742 2726 770 2759 ᾳ.
794 2726 824 2757 ,1.
849 2719 909 2747 ιινΙ.
935 2726 959 2747 1.
983 2722 1070 2759 serp.
1094 2719 1121 2747 «Ἰ
1143 2720 1247 2759 osulfe.
1272 2724 1300 2747 2.
1321 2718 1390 2758 [ιφ.
1413 2712 1520 2755 263).

335 2799 393 2832 Ar)
416 2809 563 2833 PRIMUM
586 2797 634 2831 sic
659 2796 873 2843 proceditur.
898 2795 1058 2837 Videtur,
1074 2795 1169 2841 quod
1193 2807 1272 2841 spes
1288 2795 1331 2829 sit
1346 2794 1454 2836 idem,
1475 2793 1571 2840 quod
1594 2793 1823 2833 desiderium,

264 2853 337 2887 sive
361 2852 554 2898 cupiditas:
577 2863 656 2897 spes
679 2851 775 2884 enim
800 2849 943 2895 ponitur
967 2860 1034 2882 una
1057 2858 1212 2894 quatuor
1231 2848 1482 2895 principalium
1510 2847 1738 2894 passionum:
1761 2846 1821 2880 sed
