1907 3182
234 181 320 224 410
662 181 883 217 QUAESTIO
917 181 1002 210 LIX.
1036 181 1280 210 ARTICULUS
1314 181 1373 210 III.

229 266 401 307 peccatum
423 273 488 295 non
504 262 669 304 habemus,
687 264 750 309 ipsi
768 274 825 296 nos
845 262 1036 296 seducimus.
1066 261 1190 302 Tertio,
1214 261 1296 306 quia
1317 260 1498 295 virtuosus
1521 262 1585 295 etsi
1603 269 1794 306 peccatum

235 325 309 348 non
331 315 477 357 habeat,
499 314 590 349 forte
614 315 829 361 quandoque
851 315 995 356 habuit3
1018 322 1052 348 et
1074 314 1116 347 de
1131 314 1202 347 hoc
1218 313 1445 348 laudabiliter
1466 314 1575 356 dolet,
1594 314 1795 348 secundum

236 368 324 403 illud
347 379 378 402 2.
403 368 488 403 Cor.
513 379 561 414 7.:
587 370 683 413 Quae
699 368 873 403 secundum
897 369 1006 402 Deum
1030 373 1074 401 est
1092 368 1239 409 tristitia,
1258 368 1498 413 poenitentiam
1520 369 1555 401 in
1575 368 1714 402 salutem
1733 373 1797 402 sta-

236 423 330 458 bilem
354 427 520 469 operatur.
545 423 691 467 Quarto,
715 423 797 467 quia
819 429 936 467 potest
964 421 1074 454 etiam
1101 419 1227 454 dolore
1254 420 1479 454 laudabiliter
1505 421 1548 454 de
1570 429 1722 466 peccato
1750 420 1796 454 al-

235 476 361 510 terius:
384 476 478 509 unde
502 487 545 509 eo
566 476 689 517 modo,
712 486 783 521 quo
806 475 916 508 virtus
939 474 1087 508 moralis
1107 474 1326 520 compatitur
1344 475 1431 509 alias
1450 475 1637 521 passiones
1655 475 1795 509 ratione

237 529 453 571 moderatas,
478 529 694 574 compatitur
716 528 825 562 etiam
846 528 1038 561 tristitiam.

306 582 451 617 Secundo
475 582 713 615 movebantur
735 592 776 615 ex
798 581 881 622 hoc,
909 582 1005 626 quod
1032 581 1172 615 tristitia
1200 588 1252 614 est
1279 580 1321 614 de
1347 581 1528 627 praesenti
1550 581 1660 624 malo,
1686 581 1797 615 timor

237 644 357 670 autem
381 637 424 670 de
446 635 544 668 malo
566 634 702 676 futur03
727 634 819 668 sicut
839 633 1031 668 delectatio
1055 634 1097 668 de
1120 634 1219 667 bono
1244 634 1435 680 praesenti,
1462 634 1682 668 desiderium
1708 646 1796 668 vero

237 690 280 723 de
302 690 400 723 bono
423 688 561 722 futuro:
585 696 703 734 potest
725 696 845 721 autem
868 688 939 721 hoc
964 688 1006 721 ad
1028 687 1197 721 virtutem
1220 687 1410 733 pertinere,
1432 688 1529 734 quod
1552 688 1680 734 aliquis
1698 689 1796 722 bono

234 743 358 776 habito
380 741 527 783 fruatur,
550 741 606 775 vel
625 752 698 775 non
720 741 884 775 habitum
903 741 1036 775 habere
1059 741 1247 782 desideret,
1267 740 1326 775 vel
1343 741 1441 787 quod
1463 741 1572 775 etiam
1595 741 1733 775 malum
1748 741 1798 775 fu-

233 805 354 830 turum
378 803 520 829 caveat:
545 795 606 829 sed
629 795 725 840 quod
748 794 846 828 malo
866 795 1045 841 praesenti
1068 794 1209 828 animus
1231 794 1392 829 hominis
1413 795 1657 829 substernatur
1683 796 1797 841 (quod

234 850 272 884 fit
294 861 356 896 per
377 849 574 892 tristitiam)
598 849 749 882 omnino
772 848 913 883 videtur
935 848 1157 882 contrarium
1179 848 1330 890 rationi3
1353 849 1448 882 unde
1471 860 1555 882 cum
1575 849 1705 883 virtute
1720 860 1797 883 esse

234 914 308 937 non
331 911 459 949 potest.
484 902 554 936 Sed
577 902 647 935 hoc
670 902 961 935 irrationabiliter
983 901 1131 935 dicitur:
1155 909 1208 935 est
1229 901 1326 935 enim
1351 901 1496 948 aliquod
1523 901 1674 944 malum,
1701 903 1798 948 quod

236 964 355 1003 potest
377 967 453 989 esse
475 955 637 989 virtuoso
656 966 836 1001 praesens,
853 963 890 988 ut
906 955 1043 989 dictum
1059 963 1112 988 est
1126 956 1205 999 (art.
1225 956 1369 1002 praec),
1386 955 1482 1001 quod
1498 955 1644 1001 quidem
1660 955 1798 989 malum

234 1010 325 1044 ratio
348 1010 563 1051 detestatur;
587 1009 680 1042 unde
703 1009 879 1055 appetitus
902 1008 1092 1042 sensitivus
1114 1008 1149 1041 in
1171 1008 1243 1042 hoc
1267 1009 1425 1054 sequitur
1447 1009 1725 1043 detestationem
1744 1020 1798 1042 ra-

234 1063 354 1104 tionis,
377 1063 473 1108 quod
496 1062 538 1096 de
560 1062 770 1108 hujusmodi
786 1062 884 1096 malo
899 1062 1070 1103 tristatur,
1086 1062 1273 1096 moderate
1288 1069 1412 1096 tamen
1432 1063 1633 1096 secundum
1648 1062 1799 1096 rationis

233 1116 427 1163 judicium:
450 1116 521 1149 hoc
545 1123 666 1149 autem
683 1115 835 1162 pertinet
859 1115 901 1149 ad
916 1116 1098 1158 virtutem,
1114 1123 1152 1148 ut
1167 1115 1345 1161 appetitus
1360 1115 1550 1149 sensitivus
1565 1115 1697 1149 rationi
1717 1127 1800 1149 con-

234 1170 421 1210 formetur,
444 1177 482 1203 ut
503 1170 640 1203 dictum
663 1177 715 1203 est
738 1169 816 1213 (art.
840 1181 866 1204 I.
890 1174 962 1204 et2.
979 1169 1048 1215 huj.
1071 1170 1117 1214 q.)
1131 1181 1142 1209 ,·
1167 1169 1261 1202 unde
1278 1169 1320 1202 ad
1335 1169 1506 1203 virtutem
1521 1169 1686 1215 pertinet,
1702 1169 1798 1215 quod

233 1224 393 1258 tristetur
415 1223 612 1263 moderate,
635 1222 670 1256 in
693 1223 820 1268 quibus
842 1223 1056 1256 tristendum
1080 1230 1143 1264 est,
1171 1222 1263 1256 sicut
1294 1222 1404 1256 etiam
1431 1221 1569 1256 Philos.
1597 1222 1682 1256 dicit
1708 1222 1744 1255 in
1767 1232 1798 1256 2.

234 1277 350 1311 Ethic.
376 1276 462 1322 (cap.
483 1276 515 1310 6.
538 1281 567 1310 ct
589 1277 634 1322 7.)
648 1289 660 1315 ‚·
685 1284 718 1310 et
740 1275 810 1310 hoc
835 1276 943 1310 etiam
967 1275 1054 1310 utile
1077 1283 1129 1309 est
1151 1275 1194 1309 ad
1214 1275 1426 1321 fugiendum
1454 1275 1568 1309 mala:
1583 1276 1684 1320 ‘sicut
1703 1275 1799 1309 enim

234 1331 330 1364 bona
352 1338 498 1376 propter
516 1329 795 1364 delectationem
813 1329 1014 1376 promptius
1030 1337 1266 1375 quaeruntur3
1282 1329 1330 1363 ita
1345 1329 1443 1363 mala
1460 1337 1606 1376 propter
1619 1329 1799 1364 tristitiam

235 1383 363 1418 fortius
385 1382 579 1428 fugiuntur.
605 1383 663 1416 Sic
687 1383 795 1428 igitur
818 1383 1010 1416 dicendum
1034 1392 1097 1424 est,
1117 1383 1213 1428 quod
1235 1383 1377 1416 tristitia
1399 1383 1442 1417 de
1463 1383 1531 1424 his,
1554 1395 1645 1428 quae
1673 1393 1801 1416 conve-

237 1437 341 1471 niunt
362 1437 495 1478 virtuti,
517 1448 591 1470 non
613 1444 732 1481 potest
753 1436 861 1470 simul
883 1447 960 1470 esse
984 1447 1066 1469 cum
1088 1436 1238 1477 virtute3
1262 1436 1344 1482 quia
1365 1436 1477 1470 virtus
1504 1436 1540 1469 in
1566 1436 1719 1482 propriis
1745 1435 1802 1469 de—

237 1490 410 1524 lectatur:
435 1490 495 1524 sed
519 1490 561 1524 de
583 1490 649 1531 his,
673 1501 763 1536 quae
786 1501 1018 1536 quocumque
1041 1490 1152 1523 modo
1176 1497 1377 1535 repugnant
1398 1489 1530 1532 virtuti,
1551 1489 1662 1524 virtus
1680 1489 1803 1523 mode-

236 1552 310 1578 rate
332 1543 501 1577 tristatur.

306 1597 366 1631 AD
387 1607 536 1631 PRIMUM
559 1608 645 1642 ergo
669 1596 873 1639 dicendum,
896 1596 992 1643 quod
1015 1609 1058 1631 ex
1079 1596 1139 1630 illa
1159 1596 1372 1631 auctoritate
1392 1596 1556 1640 habetur,
1575 1597 1671 1643 quod
1691 1596 1734 1631 de
1750 1608 1803 1631 sa-

236 1651 367 1697 pientia
390 1651 531 1696 sapiens
557 1661 630 1684 non
651 1651 826 1685 tristetur:
849 1651 1006 1684 tristatur
1026 1658 1148 1684 tamen
1168 1649 1211 1684 de
1234 1650 1300 1691 his,
1322 1661 1413 1696 quac
1428 1658 1510 1684 sunt
1523 1650 1732 1696 impeditiva
1751 1661 1802 1684 sa-

234 1704 411 1750 pientiae3
439 1712 473 1738 et
494 1703 575 1737 ideo
598 1704 633 1737 in
655 1704 778 1746 beatis,
801 1704 835 1737 in
859 1704 985 1750 quibus
1007 1703 1147 1737 nullum
1171 1703 1474 1749 impedimentum
1496 1703 1692 1750 sapientiae
1720 1714 1798 1738 esse

236 1765 365 1804 potest,
383 1757 523 1791 tristitia
545 1756 668 1791 locum
687 1769 761 1791 non
783 1758 902 1792 habet.

308 1811 367 1845 AD
390 1821 596 1845 SECUNDUM
620 1811 825 1852 dicendum,
847 1811 943 1856 quod
966 1811 1107 1845 tristitia
1130 1811 1279 1856 impedit
1301 1811 1566 1856 operationem,
1589 1810 1632 1844 de
1654 1822 1724 1857 qua
1745 1810 1803 1844 tri-

238 1872 392 1906 stamur3
416 1864 476 1898 sed
500 1864 644 1909 adjuvat
666 1864 709 1898 ad
732 1876 773 1898 ea
796 1864 996 1910 promptius
1015 1864 1236 1910 exequenda,
1259 1875 1321 1910 per
1343 1875 1434 1910 quae
1455 1864 1596 1898 tristitia
1618 1863 1762 1910 fugitur.

310 1918 369 1951 AD
385 1928 555 1952 TERTIUM
578 1917 783 1959 dicendum,
805 1918 901 1963 quod
922 1917 1063 1952 tristitia
1085 1917 1327 1952 immoderata
1346 1925 1399 1951 est
1425 1918 1568 1952 animae
1596 1917 1801 1964 aegritudo;

237 1971 378 2006 tristitia
401 1979 521 2005 autern
544 1971 731 2005 moderata
754 1971 796 2005 ad
818 1972 954 2005 bonam
976 1971 1226 2006 habitudinem
1249 1971 1391 2005 animae
1419 1972 1573 2018 pertinet
1601 1971 1801 2006 secundum

239 2033 371 2059 statum
393 2025 589 2071 praesentis
610 2025 715 2059 vitae.

783 2166 1128 2212 ARTICULUS
1164 2167 1240 2210 IV.
1739 2190 1799 2224 315

384 2274 536 2303 UTRUM
569 2275 702 2304 OMNIS
736 2276 891 2305 VIRTUS
926 2276 1114 2306 MORALIS
1149 2275 1216 2305 SIT
1250 2275 1379 2306 CIRCA
1413 2275 1659 2305 PASSIONES.

764 2362 864 2408 (Insr.
888 2375 917 2408 q.
941 2363 996 2397 60.
1019 2368 1083 2397 art.
1106 2374 1139 2407 4.
1161 2363 1282 2409 corp).

314 2452 372 2485 An
396 2461 581 2490 QUARTUM
602 2451 650 2484 sic
671 2452 885 2497 proceditur.
909 2451 1070 2493 Videtur,
1093 2452 1187 2497 quod
1212 2451 1330 2485 omnis
1348 2451 1459 2485 virtus
1481 2450 1630 2485 moralis
1651 2450 1696 2484 sit
1709 2450 1805 2484 circa

243 2505 443 2550 passiones:
467 2505 552 2538 dicit
573 2505 670 2538 enim
693 2505 828 2538 Pliilos.
852 2506 886 2538 in
911 2516 940 2538 2.
962 2506 1040 2539 Eth.
1065 2506 1151 2552 (cap.
1168 2507 1211 2551 3.)
1236 2505 1332 2551 quod
1355 2505 1445 2539 circa
1471 2505 1665 2551 voluptates,
1693 2509 1722 2538 εἰ
1748 2505 1805 2539 tri-

242 2559 344 2592 stitias
365 2563 407 2592 cst
429 2558 564 2592 moralis
585 2559 708 2592 virens:
741 2559 801 2592 scd
833 2558 1037 2600 delectatio,
1069 2567 1102 2592 ct
1129 2558 1269 2593 tristitia
1301 2566 1382 2592 sunt
1408 2558 1606 2604 passiones,
1635 2565 1673 2592 ut
1699 2568 1805 2604 supra

243 2611 377 2646 dictum
401 2620 454 2646 cst
477 2612 520 2657 (q.
540 2624 586 2658 31.
609 2617 671 2646 ‹er.
695 2624 720 2646 ι.
743 2617 772 2646 ct
794 2624 823 2657 q.
843 2624 886 2658 35.
909 2617 972 2646 art.
996 2613 1062 2656 1.).·
1087 2623 1174 2658 ergo
1194 2611 1313 2646 omnis
1334 2611 1445 2646 virtus
1469 2611 1617 2646 moralis
1639 2619 1691 2646 est
1709 2611 1804 2645 circa

243 2665 439 2711 passiones.

316 2729 346 2752 2.
376 2719 611 2753 Pnffrmm.
642 2718 831 2752 Rationale
863 2730 923 2764 per
952 2719 1264 2765 participationem
1296 2727 1347 2753 est
1378 2719 1579 2764 subjectum
1610 2716 1804 2751 moralium

243 2773 427 2814 virtutum,
451 2781 487 2806 ut
509 2772 637 2806 dicitur
659 2772 693 2806 in
721 2783 746 2806 1.
771 2772 849 2806 Eth.
875 2773 962 2818 (cap.
987 2773 1057 2815 ult.)
1073 2785 1081 2807 .·
1107 2773 1168 2806 scd
1190 2773 1400 2817 hujusmodi
1422 2783 1502 2819 pars
1526 2771 1668 2806 animae
1691 2778 1754 2812 est,
1770 2770 1803 2803 in

245 2837 312 2871 qua
337 2834 417 2860 sunt
439 2826 635 2871 passiones,
658 2834 694 2859 ut
716 2837 820 2871 supra
844 2825 977 2859 dictum
1007 2834 1059 2859 cst
1085 2831 1129 2871 (q.
1163 2838 1213 2861 22.
1241 2832 1305 2861 art.
1331 2827 1399 2873 3.),·
1431 2836 1518 2872 crgo
1546 2824 1665 2859 omnis
1695 2824 1805 2858 virtus

246 2879 394 2913 moralis
417 2887 468 2913 cst
491 2879 584 2912 circa
607 2879 802 2925 passiones.
