1907 3182
258 189 342 231 490
680 189 900 224 QUAESTIO
933 189 1032 218 LXX.
1066 189 1309 219 ARTICULUS
1342 189 1369 218 1.

329 268 402 303 SED
431 279 584 304 CONTRA
612 277 674 312 est,
697 270 792 316 quod
816 270 943 304 dicitur
964 270 1091 304 Matth.
1123 280 1192 305 12.:
1215 271 1269 304 Ex
1283 270 1451 315 fructibus
1471 270 1574 304 arbor
1595 271 1812 316 cognoscitur,

255 321 346 356 idest
367 334 405 356 ex
424 324 572 369 operibns
585 324 649 357 suis
666 323 774 364 homo,
799 331 836 357 ut
858 323 905 357 ibi
920 323 1109 369 exponitur
1127 335 1147 357 a
1167 323 1327 365 Sanctis3
1350 334 1436 368 ergo
1458 323 1526 369 ipsi
1544 331 1642 358 actus
1660 324 1813 358 humani

257 375 422 409 dicuntur
442 375 585 409 fructus.

327 428 554 463 RESPONDEO
578 429 782 471 dicendum,
809 429 905 475 quod
932 441 1067 463 nomen
1086 430 1218 475 frustras
1240 441 1259 463 a
1282 428 1529 475 corporalibus
1553 429 1596 463 ad
1619 429 1816 476 spiritualia

257 489 309 515 est
329 482 560 516 translatum:
586 482 713 515 dicitur
736 490 856 516 autem
874 483 909 516 in
933 483 1180 528 corporalibus
1198 482 1332 517 fructus
1347 483 1393 525 id,
1416 483 1512 529 quod
1532 494 1574 517 ex
1594 482 1716 529 planta
1737 494 1816 530 pro-

256 534 408 577 ducitur,
428 547 511 569 cum
531 536 572 569 ad
588 535 846 581 perfectionem
862 537 1073 582 pervenerit,
1092 544 1127 570 et
1145 537 1339 582 quamdam
1358 537 1394 570 in
1413 548 1449 570 se
1468 537 1681 571 suavitatem
1697 536 1816 570 habet.

329 588 402 628 Qui
425 588 570 634 quidem
592 587 727 622 fructus
750 588 793 622 ad
815 589 877 623 duo
901 589 1104 635 comparari
1130 597 1258 635 potest,
1281 589 1419 624 scilicet
1445 589 1487 624 ad.
1511 590 1665 624 arborem
1685 589 1814 636 produ-

257 650 400 677 centem
422 643 552 689 ipsum,
575 651 609 677 et
627 644 669 676 ad
692 644 867 685 hominem,
892 644 951 690 qui
973 643 1130 678 fructum
1153 655 1194 678 ex
1217 644 1342 678 arbore
1366 644 1584 690 adipiscitur.
1607 644 1818 678 Secundum

256 695 327 729 hoc
349 696 456 742 igitur
477 697 753 742 nomenfrurtzcs
766 697 802 730 in
821 697 925 731 rebus
947 697 1199 743 spiritualibus,
1222 697 1396 743 dupliciter
1414 697 1576 743 accipere
1602 708 1816 743 possumus:

257 760 322 782 uno
344 749 450 791 modo,
474 759 511 783 ut
533 749 671 783 dicatur
704 749 839 784 fructus
873 750 1032 784 hominis
1056 751 1157 796 quasi
1179 750 1314 785 arboris
1337 751 1384 792 id,
1407 751 1503 796 quod
1526 751 1567 784 ab
1590 762 1634 785 eo
1656 751 1819 797 produci-

255 809 330 836 tur:
354 803 419 836 alz'o
443 802 548 844 modo,
573 811 611 836 ut
640 802 779 837 dicatur
807 802 942 837 fructus
981 804 1140 838 hominis
1162 803 1209 846 id,
1232 803 1329 850 quod
1351 803 1466 838 homo
1494 803 1711 850 adipiscitur.
1733 804 1818 838 Non

256 863 375 889 autem
398 867 507 889 omne
526 855 571 898 id,
595 857 690 902 quod
714 856 920 902 adipiscitur
940 856 1067 899 homo,
1091 857 1200 891 habet
1220 857 1398 891 rationem
1419 856 1566 899 fructus,
1585 857 1646 891 sed
1668 857 1703 891 id
1722 857 1818 903 quod

255 916 308 942 est
329 909 497 942 ultimum
520 909 800 944 delectationem
838 910 993 944 habens:
1028 910 1137 944 habet
1158 910 1256 944 enim
1282 910 1396 944 homo
1420 921 1560 956 agrum,
1583 917 1617 944 et
1638 910 1817 952 arborem,

255 973 346 1007 quae
361 962 495 1008 fructus
516 974 589 996 non
613 963 789 1005 dicuntur,
812 963 873 997 sed
896 963 1016 997 solum
1037 963 1084 1005 id,
1108 963 1204 1009 quod
1227 971 1279 997 est
1302 962 1482 1005 ultimum,
1504 963 1600 1009 quod
1622 962 1759 997 scilicet
1777 974 1819 997 ex

255 1026 355 1061 agro,
378 1024 411 1050 et
434 1016 559 1050 arbore
593 1016 708 1050 homo
743 1017 898 1051 intendit
930 1017 1082 1052 habere:
1118 1025 1152 1051 et
1188 1017 1387 1051 secundum
1409 1017 1480 1051 hoc
1503 1016 1638 1051 fructus
1659 1017 1819 1051 hominis

256 1069 384 1103 dicitur
405 1069 552 1104 ultimus
571 1070 731 1104 hominis
755 1071 845 1113 finis,
870 1083 940 1117 quo
964 1071 1068 1105 debet
1088 1070 1167 1104 frui.
1191 1070 1230 1104 Si
1252 1079 1371 1104 autern
1395 1070 1532 1104 dicatur
1549 1069 1684 1105 fructus
1704 1070 1821 1104 homi-

254 1122 308 1156 nis
335 1123 381 1165 id,
404 1123 500 1168 quod
528 1136 569 1157 ex
604 1124 754 1158 homine
789 1125 1009 1170 producitur,
1037 1124 1086 1158 sic
1114 1125 1175 1170 ipsi
1212 1129 1301 1158 actus
1327 1124 1464 1158 Iutmani
1482 1124 1616 1170 fructus
1636 1123 1817 1159 dicuntur:

257 1176 418 1221 operatio
442 1177 539 1210 enim
563 1185 614 1211 est
637 1185 735 1211 actus
769 1178 948 1212 secundus
983 1177 1175 1223 operantis,
1203 1185 1237 1211 et
1264 1176 1543 1211 delectationem
1576 1177 1695 1219 habet,
1718 1177 1747 1212 si
1776 1177 1820 1212 sit

258 1230 476 1263 conveniens
500 1231 682 1276 operanti,
709 1231 738 1264 si
764 1231 871 1276 igitur
893 1232 1055 1277 operatio
1078 1231 1238 1265 hominis
1259 1231 1432 1277 procedat
1453 1231 1495 1265 ab
1522 1231 1672 1265 homine
1698 1242 1822 1265 secun-

256 1284 342 1317 dum
364 1283 573 1317 facultatem
604 1295 688 1318 suae
716 1284 874 1325 rationis,
903 1285 953 1318 sic
976 1285 1105 1318 dicitur
1127 1295 1203 1318 esse
1230 1283 1364 1318 fructus
1391 1284 1559 1319 rationis:
1581 1285 1610 1319 si
1631 1296 1718 1319 vero
1741 1296 1819 1331 pro-

257 1337 360 1371 cedat
383 1337 424 1370 ab
446 1337 596 1371 homine
618 1338 818 1371 secundum
841 1337 1007 1372 altiorem
1029 1338 1210 1379 virtutem,
1227 1349 1317 1383 quae
1337 1346 1389 1372 est
1402 1337 1674 1384 virtusSpiritus
1685 1338 1820 1379 Sancti,

254 1391 303 1425 sic
327 1390 455 1424 dicitur
476 1402 552 1425 esse
575 1391 737 1437 operatio
764 1391 922 1425 hominis
945 1391 1079 1426 fructus
1102 1392 1253 1438 Spiritus
1281 1391 1415 1433 Sancti,
1438 1391 1540 1437 quasi
1563 1391 1750 1437 cujusdam
1773 1391 1821 1425 di-

257 1445 331 1478 vini
353 1444 516 1478 seminis:
540 1445 668 1478 dicitur
690 1445 786 1478 enim
813 1456 839 1478 1.
859 1445 961 1490 Joan.
993 1457 1038 1491 3.:
1069 1446 1198 1487 Omnis,
1225 1446 1281 1491 qni
1301 1449 1395 1479 mztus
1415 1450 1459 1479 est
1484 1457 1522 1480 ex
1547 1445 1632 1488 Deo,
1648 1450 1819 1492 paccatum

260 1510 324 1533 non
340 1498 452 1544 sucin·
476 1500 632 1544 quoniam
659 1510 762 1533 seman
784 1500 883 1545 ipsius
908 1500 941 1532 in
963 1510 996 1532 eo
1020 1504 1139 1533 manet.

329 1552 389 1586 AD
416 1562 564 1586 PRIMUM
587 1563 674 1597 ergo
702 1552 907 1594 dicendum,
935 1552 1031 1598 quod
1055 1564 1138 1586 cum
1163 1551 1299 1586 fructus
1321 1552 1453 1586 habeat
1474 1551 1748 1598 quodammodo
1770 1563 1822 1586 ra-

255 1604 393 1639 tionem
416 1605 544 1646 ultimi,
567 1614 601 1639 et
623 1605 713 1647 finis,
735 1605 825 1639 nihil
851 1606 1018 1652 prohibet
1051 1605 1200 1651 alicujus
1235 1605 1369 1640 fructus
1407 1617 1483 1640 esse
1511 1605 1622 1639 alium
1642 1605 1820 1647 fructum3

255 1659 346 1692 sicut
368 1659 446 1692 finis
471 1659 513 1692 ad
537 1658 645 1693 finem
669 1659 863 1693 ordinatur.
894 1660 1017 1705 Opera
1041 1659 1148 1703 igitur
1169 1667 1303 1701 nostra,
1330 1659 1544 1705 inquantum
1567 1667 1649 1694 sunt
1670 1658 1818 1694 effectus

257 1713 404 1758 quidam
428 1712 579 1757 Spiritus
603 1712 727 1746 Sancti
753 1713 788 1746 in
810 1713 914 1747 nobis
937 1713 1130 1758 operantis,
1152 1713 1288 1747 habent
1314 1713 1491 1746 rationem
1513 1711 1665 1747 fructus:
1690 1713 1752 1747 sed
1773 1713 1822 1746 in-

255 1774 429 1812 quantum
453 1766 663 1800 ordinantur
690 1766 732 1800 ad
756 1766 865 1800 finem
887 1766 979 1800 vitae
1003 1774 1181 1808 aeternae,
1203 1766 1253 1800 sic
1270 1767 1386 1813 magis
1404 1766 1539 1801 habent
1560 1766 1739 1801 rationem
1760 1765 1821 1800 flo-

255 1832 346 1854 rum.
370 1820 475 1854 Unde
499 1820 627 1854 dicitur
649 1819 758 1854 Eccli.
789 1830 859 1863 24:
884 1821 998 1854 Florus
1020 1821 1226 1866 meisrnstns
1248 1821 1390 1862 honoris,
1417 1825 1447 1854 et
1467 1820 1652 1855 honestatis.

327 1873 387 1907 AD
410 1884 616 1908 SECUNDUM
639 1874 843 1916 dicendum,
867 1874 962 1919 quod
987 1885 1070 1907 cum
1093 1874 1221 1908 dicitur
1235 1873 1402 1908 voluntas
1422 1874 1457 1907 in
1480 1873 1601 1920 aliquo
1623 1881 1768 1920 propter
1782 1885 1819 1908 56

255 1926 436 1969 delectari,
465 1935 582 1972 potest
620 1926 771 1972 intelligi
805 1927 999 1974 sinpliciter:
1038 1939 1103 1961 uno
1139 1927 1246 1970 modo,
1273 1927 1473 1962 secundum
1500 1927 1595 1973 quod
1630 1927 1666 1974 ly
1683 1932 1822 1974 propter

257 1981 342 2014 dicit
367 1991 514 2014 causam
538 1980 702 2015 finalem:
720 1988 752 2014 et
767 1981 817 2014 sic
841 1989 986 2027 propter
1004 1992 1040 2015 se
1067 1992 1141 2015 non
1176 1980 1375 2015 delectatur
1397 1980 1524 2027 aliquis
1546 1981 1614 2015 nisi
1635 1981 1670 2014 in
1691 1981 1820 2015 ultimo

255 2034 341 2069 fine:
364 2035 428 2068 alio
453 2034 558 2076 modo,
583 2034 780 2068 secundum
810 2035 905 2080 quod
929 2035 1093 2079 designat
1126 2045 1273 2068 causam
1306 2033 1519 2068 formalem:
1544 2042 1578 2068 et
1599 2035 1649 2069 sic
1672 2042 1818 2081 propter

257 2100 294 2122 se
317 2087 443 2133 aliquis
466 2095 584 2133 potest
605 2087 775 2122 delectari
798 2088 832 2121 in
856 2088 955 2121 omni
986 2100 1041 2129 eo,
1065 2088 1160 2134 quod
1183 2087 1395 2122 delectabile
1418 2095 1471 2122 est
1496 2088 1695 2122 secundum
1717 2099 1819 2122 suam

258 2141 434 2176 sormam:
455 2142 546 2175 sicut
567 2149 674 2187 patet,
697 2141 792 2187 quod
812 2141 975 2175 infirmus
998 2141 1195 2175 delectatur
1210 2141 1245 2174 in
1267 2141 1417 2175 sanitate
1440 2149 1585 2187 propter
1607 2153 1656 2184 se,
1678 2141 1771 2175 sicut
1784 2141 1819 2174 in

259 2194 348 2237 fine,
371 2195 405 2228 in
429 2195 607 2228 medicina
630 2203 749 2229 autem
774 2195 886 2236 suavi,
909 2206 981 2229 non
1005 2196 1096 2229 sicut
1117 2195 1152 2228 in
1175 2194 1256 2235 fine,
1283 2194 1345 2228 sed
1368 2195 1459 2228 sicut
1485 2195 1520 2228 in
1542 2194 1697 2229 habente
1719 2206 1821 2241 sapo-

257 2260 333 2282 rem
356 2247 604 2282 delectabilem
623 2261 630 2289 ;
653 2248 688 2281 in
711 2249 890 2282 medicina
925 2257 1045 2283 autem
1084 2256 1224 2282 austera
1247 2248 1347 2282 nullo
1370 2250 1481 2283 modo
1515 2257 1660 2295 propter
1682 2260 1731 2291 se,
1758 2249 1819 2283 sed

257 2301 376 2336 solum
400 2309 544 2347 propter
567 2301 681 2343 aliud;
709 2302 758 2335 sic
798 2302 904 2347 igitur
925 2302 1118 2336 dicendum
1142 2310 1204 2344 est,
1236 2302 1333 2348 quod
1360 2302 1394 2336 in
1417 2302 1497 2336 Deo
1519 2302 1690 2337 delectari
1716 2303 1821 2337 debet

257 2355 372 2389 homo
400 2363 545 2401 propter
568 2367 615 2396 se,
639 2355 729 2388 sicut
763 2364 907 2401 propter
934 2355 1101 2389 ultimum
1133 2355 1259 2389 finem:
1283 2356 1318 2389 in
1347 2356 1483 2390 actibus
1505 2364 1625 2390 autem
1653 2356 1820 2390 virtuosis

259 2421 331 2443 non
355 2409 446 2443 sicut
468 2417 611 2455 propter
634 2408 754 2450 finem,
777 2410 838 2443 sed
862 2418 1006 2455 propter
1028 2410 1268 2451 honestatem,
1291 2420 1399 2455 quam
1423 2409 1583 2444 continet
1609 2408 1819 2444 delectabile

261 2463 295 2496 in
318 2463 485 2497 virtuosis
514 2462 573 2507 [al.
602 2474 700 2508 qnam
723 2464 887 2497 continent
909 2463 1125 2498 dilatabat-111
1148 2463 1338 2508 virtuosis];
1367 2463 1459 2497 unde
1494 2462 1709 2498 Ambrosius
1735 2463 1820 2497 dicit

260 2517 335 2561 (lib.
357 2517 392 2550 ch·
414 2516 573 2551 Pizrudiso
595 2528 633 2550 cx
655 2522 724 2562 sup.
749 2528 790 2561 13.
813 2522 842 2550 ct
863 2517 918 2550 m».
938 2517 973 2550 de
996 2518 1101 2559 Isaac,
1123 2522 1150 2551 c!
1173 2518 1238 2551 An.
1259 2523 1467 2563 cap.5.·z¹ers.
1481 2516 1683 2562 fin.)‚quod
1707 2527 1815 2563 opera

255 2570 427 2604 virtutum
450 2570 615 2604 dicuntur
637 2569 794 2611 sructus;
822 2570 904 2615 quia
932 2581 1015 2604 suos
1039 2581 1264 2615 possessores
1286 2578 1421 2612 sancta,
1448 2577 1482 2604 et
1508 2569 1646 2604 sincera
1669 2569 1820 2605 delecta-

256 2623 354 2658 tione
378 2623 551 2658 reficiunt.

328 2677 386 2711 AD
410 2687 579 2712 'minirum
603 2676 806 2717 dicendum,
830 2677 925 2722 quod
949 2677 1096 2710 nomina
1115 2677 1286 2711 virtutum
1309 2684 1499 2711 sumuntur
1513 2676 1730 2723 quandoque
1751 2688 1816 2723 pro

258 2730 393 2764 actibus
415 2742 559 2771 earum;
586 2730 676 2764 sicut
704 2730 927 2774 Augustinus
965 2731 1049 2764 dicit
1081 2731 1192 2773 (trust.
1215 2742 1271 2775 40.
1295 2731 1327 2764 ιἰι
1345 2731 1443 2774 ]οιιιι.
1466 2734 1540 2776 post
1562 2729 1642 2764 med.
1665 2734 1693 2764 et
1713 2730 1769 2765 lib.
1788 2742 1815 2776 3.

256 2783 292 2818 dc
314 2784 430 2818 Doclr.
456 2784 576 2818 Chrisl.
600 2790 672 2830 rap.
696 2796 745 2818 10.
769 2795 787 2816 ιι
811 2783 921 2828 mem),
946 2784 1041 2829 quod
1077 2783 1163 2818 fides
1185 2792 1238 2818 est
1261 2783 1404 2818 credere
1433 2783 1528 2829 quod
1548 2794 1621 2817 non
1644 2782 1760 2817 vides:
1784 2791 1819 2818 et

257 2837 411 2871 charitas
433 2845 486 2872 est
507 2845 626 2871 motus
649 2837 759 2870 animi
779 2836 821 2870 ad
841 2836 1063 2881 diligendum
1086 2837 1218 2880 Deum,
1241 2845 1274 2871 et
1301 2836 1526 2883 proximum;
1554 2843 1588 2871 et
1614 2836 1816 2872 hoc'modo

257 2899 446 2926 sumuntur
467 2891 615 2926 nomina
637 2890 807 2925 virtutum
830 2889 865 2924 in
888 2890 1160 2925 enumeratione
1183 2890 1373 2925 fructuum.
