1907 3198
451 155 676 192 QUAESTIO
709 155 844 186 XXXV.
876 154 1125 185 ARTICULUS
1158 154 1249 185 vul.
1555 156 1636 199 273

57 253 138 278 vero
157 245 202 276 est
222 240 361 276 tristitia
381 240 418 273 in
440 239 559 274 alienis
580 239 694 274 bonis:
717 237 950 273 misericordia
969 242 1081 272 autem
1103 241 1146 272 est
1167 238 1304 272 tristitia
1325 238 1361 271 in
1382 237 1500 272 alienis
1520 238 1641 273 malis:

58 294 238 342 contingit
258 302 381 329 autem
408 293 568 340 aliquem
594 293 728 328 tristari
749 301 786 327 et
810 292 854 326 de
881 291 1008 326 alienis
1036 291 1154 333 malis,
1181 299 1217 326 et
1242 291 1287 326 de
1314 290 1441 326 alienis
1468 292 1586 333 bonis,
1608 300 1644 326 et

58 348 168 387 simul
189 360 275 384 cum
294 348 368 383 hoc
389 347 538 382 interius
559 347 762 394 aggravari,
777 355 813 381 et
826 346 981 381 exterius
995 356 1129 380 vocem
1147 345 1332 388 amittere;
1351 356 1439 392 ergo
1458 346 1644 392 praedicta

58 403 188 440 divisio
209 413 285 437 non
307 410 361 437 est
382 401 618 436 conveniens.

129 457 206 493 SED
233 466 391 493 CONTRA
418 464 472 491 est
499 456 696 491 auctoritas
729 454 928 502 utriusque,
962 454 1102 490 scilicet
1125 453 1237 501 Greg.
1264 453 1372 500 Nyss.
1400 462 1435 489 et
1467 454 1642 489 Damasc.

56 513 154 560 (locis
168 517 238 559 sup.
258 512 343 557 cit).

127 565 360 601 RESPONDl-:o
382 563 592 606 dicendum,
611 563 710 610 quod
730 563 774 598 ad
793 563 975 599 rationem
997 562 1133 610 speciei
1150 564 1316 608 pertinet,
1336 562 1435 609 quod
1454 573 1492 597 se
1509 563 1644 598 habeat

56 632 100 657 ex
120 619 305 655 additione
327 618 372 653 ad
399 629 533 665 genus:
559 618 621 652 sed
648 618 774 665 generi
800 625 921 664 potest
947 617 1083 664 aliquid
1111 617 1194 651 addi
1219 617 1406 664 dupliciter.
1436 618 1509 652 Uno
1532 617 1641 660 modo,

56 673 154 722 quod
174 684 240 721 per
260 683 299 708 se
321 672 366 708 ad
385 672 508 720 ipsum
535 672 701 719 pertinet,
729 681 764 706 et
789 672 920 706 virtute
957 672 1164 706 continetur
1185 671 1222 706 in
1240 671 1340 718 ipso:
1364 673 1458 706 sicut
1480 673 1644 707 rationale

0 739 2 743 ’
55 728 198 764 additur
218 725 388 762 animali:
411 734 446 761 et
467 725 549 761 talis
571 726 708 760 additio
738 725 826 760 facit
846 737 950 760 veras
981 726 1121 772 species
1151 725 1305 772 alicujus
1336 726 1491 772 generis,
1520 734 1559 761 ut
1579 738 1643 773 per

0 778 1 785 ¹
56 781 150 818 Phil.
168 788 268 829 patet
287 781 325 816 in
347 791 379 827 7.
401 780 488 815 Met.
511 781 592 825 (tex.
620 781 682 827 13.)
706 788 741 814 et
759 780 795 814 in
818 780 850 814 8.
879 781 960 825 (tex.
987 780 1070 825 10).
1094 780 1173 815 Alio
1200 780 1297 814 modo
1328 779 1394 826 [al.
1417 780 1523 815 Aliud
1548 792 1641 822 vero,

56 844 93 872 et
109 834 155 872 al.
175 835 317 883 Aliquid
336 835 435 881 vero]
458 834 594 881 aliquid
617 834 760 869 additur
782 836 917 880 generi,
940 835 1044 881 quasi
1066 834 1201 881 aliquid
1224 842 1437 869 extraneum
1459 846 1479 868 a
1502 835 1643 870 ratione

55 890 186 938 ipsius:
208 890 303 925 sicut
323 889 354 924 si
374 889 488 924 album
511 888 663 923 animali
684 889 847 931 addatur,
867 888 926 923 vel
948 889 1085 935 aliquid
1103 889 1333 934 hujusmodi:
1353 897 1388 923 et
1404 888 1486 924 talis
1505 889 1642 924 additio

26 959 30 961 >
55 955 131 980 non
151 943 238 979 facit
250 955 355 979 veras
369 943 510 990 species
532 943 688 989 generis,
703 943 907 977 secundum
929 944 1027 990 quod
1050 943 1298 978 communiter
1318 943 1505 990 loquimur
1523 943 1567 978 de
1586 955 1645 990 ge-

55 1000 212 1042 neribus,
239 1007 276 1035 et
300 999 506 1046 speciebus:
533 999 717 1033 interdum
742 1007 868 1033 tamen
895 998 1027 1033 dicitur
1053 998 1189 1046 aliquid
1217 1010 1295 1034 esse
1322 999 1462 1046 species
1490 999 1643 1046 alicujus

55 1055 198 1102 generis
220 1061 368 1101 propter
388 1053 474 1096 hoc,
496 1052 595 1100 quod
621 1053 733 1088 habet
759 1052 895 1099 aliquid
918 1061 1144 1095 extraneum,
1167 1054 1212 1088 ad
1239 1054 1337 1100 quod
1360 1053 1564 1100 applicatur
1586 1066 1644 1101 ge-

55 1109 151 1144 neris
172 1108 284 1143 ratio:
307 1108 402 1143 sicut
422 1107 546 1150 carbo,
565 1115 599 1142 et
618 1107 769 1141 flamma
790 1107 960 1142 dicuntur
982 1119 1061 1142 esse
1083 1109 1222 1154 species
1241 1108 1348 1154 ignis,
1367 1116 1515 1155 propter
1534 1108 1644 1155 appli-

16 1189 23 1195 .
55 1164 242 1198 cationem
261 1170 413 1197 naturae
443 1161 538 1208 ignis
561 1161 605 1196 ad
627 1161 821 1196 materiam
849 1161 1027 1196 alienam:
1051 1170 1087 1196 et
1108 1162 1220 1196 simili
1246 1163 1360 1197 modo
1394 1162 1569 1209 loquendi
1595 1163 1645 1197 di-

55 1225 187 1253 cuntur
206 1216 431 1263 Astrologia,
446 1223 482 1251 et
494 1215 729 1262 Perspectiva
750 1215 890 1262 species
912 1216 1211 1258 Mathematicae,
1230 1216 1447 1263 inquantum
1466 1217 1644 1264 principia

56 1271 318 1307 mathematica
340 1269 568 1317 applicantur
590 1269 635 1304 ad
656 1269 851 1304 materiam
871 1269 1089 1304 naturalem.

126 1325 172 1360 Et
183 1325 256 1360 hoc
271 1324 386 1359 modo
403 1323 580 1371 loquendi
594 1324 824 1370 assignantur
836 1324 896 1358 hic
916 1324 1054 1371 species
1071 1325 1250 1367 tristitiae,
1272 1337 1336 1372 per
1358 1325 1644 1372 applicationem

55 1379 207 1415 rationis
227 1379 394 1414 tristitiae
421 1378 465 1413 ad
493 1377 629 1425 aliquid
655 1386 889 1421 extraneum;
916 1379 1015 1425 quod
1042 1379 1191 1425 quidem
1213 1387 1426 1414 extraneum
1445 1380 1562 1427 accipi
1583 1391 1645 1427 po-

55 1441 137 1477 test,
157 1433 212 1469 vel
232 1444 275 1468 ex
295 1441 398 1480 parte
420 1443 565 1475 causae,
587 1440 623 1467 et
644 1433 779 1478 objecti
802 1432 864 1478 [al.
883 1444 1000 1468 causae
1021 1434 1152 1479 objecti,
1172 1441 1209 1468 et
1231 1433 1275 1468 al.
1299 1446 1427 1476 causae,
1449 1435 1571 1469 scilicet
1592 1435 1645 1469 olv-

50 1489 144 1536 jacti,
167 1495 204 1523 et
224 1486 270 1523 al.
291 1498 410 1523 causae
430 1491 459 1522 et
480 1485 633 1532 objecti],
653 1487 707 1521 vel
727 1498 770 1521 ex
799 1495 901 1534 parte
936 1486 1104 1522 effectus:
1128 1488 1317 1535 proprium
1340 1489 1439 1523 enirn
1458 1489 1643 1535 objectum

54 1542 221 1578 tristitiae
254 1549 310 1577 est
339 1541 530 1589 proprium
568 1540 720 1575 malum.
748 1541 856 1576 Unde
883 1550 1097 1576 extraneum
1124 1542 1309 1588 objectum
1335 1543 1500 1578 tristitiae
1527 1543 1644 1590 accipi

32 1599 34 1603 '
55 1604 187 1644 potest,
206 1596 261 1632 vel
280 1595 484 1631 secundum
507 1594 662 1630 alterum
683 1604 846 1638 tantum;
869 1596 954 1642 quia
975 1596 1116 1631 scilicet
1137 1605 1192 1631 est
1212 1596 1365 1639 malum,
1388 1597 1450 1632 sed
1471 1608 1547 1632 non
1564 1609 1646 1644 pro-

54 1651 194 1699 prium:
222 1658 258 1685 et
277 1650 329 1686 sic
351 1658 407 1685 est
430 1649 674 1692 misericordia,
699 1661 793 1696 quae
820 1658 874 1684 est
898 1650 1042 1685 tristitia
1068 1650 1112 1685 de
1139 1650 1259 1685 alieno
1287 1650 1399 1694 malo,
1426 1651 1644 1698 inquantum

55 1713 181 1741 tamen
207 1704 420 1740 aestimatur
440 1712 480 1739 ut
505 1704 712 1751 proprium:
738 1704 792 1738 vel
818 1712 995 1751 quantum
1023 1704 1068 1738 ad
1095 1712 1309 1751 utrumque;
1336 1706 1421 1752 quia
1446 1716 1565 1753 neque
1592 1714 1646 1741 est

32 1799 40 1802 ,
55 1759 101 1795 de
121 1759 284 1807 proprio,
304 1769 423 1806 neque
444 1758 489 1793 de
510 1757 623 1800 malo,
650 1757 714 1793 sed
740 1758 784 1792 de
810 1758 910 1793 bono
937 1758 1083 1801 alien03
1109 1758 1327 1805 inquantum
1352 1768 1478 1795 tamen
1503 1760 1644 1795 bonum

31 1810 219 1849 'alienum
243 1813 455 1848 aestimatur
475 1821 515 1847 ut
535 1812 724 1859 proprium
745 1812 907 1847 malum:
930 1820 966 1847 et
991 1813 1041 1847 sic
1070 1821 1125 1848 est
1150 1813 1293 1849 invidia.
1319 1814 1493 1861 Proprius
1520 1823 1644 1850 autem

55 1867 206 1904 effectus
227 1867 394 1902 tristitiae
416 1867 582 1902 consistit
602 1866 639 1900 in
661 1866 820 1913 quadam
847 1865 933 1913 fuga
961 1867 1157 1913 appetitus3
1185 1868 1280 1902 unde
1308 1877 1521 1903 extraneum
1547 1870 1645 1904 circa

55 1921 229 1958 effectum
258 1921 425 1956 tristitiae
457 1929 578 1968 potest
603 1920 722 1967 accipi
746 1929 925 1967 quantum
952 1921 997 1954 ad
1024 1920 1179 1955 alterum
1204 1929 1366 1957 tantum:
1394 1923 1479 1969 quia
1505 1923 1645 1960 scilicet

54 1976 195 2012 tollitur
214 1975 320 2022 fuga:
343 1983 380 2011 et
399 1975 452 2010 sic
471 1983 525 2010 est
544 1976 708 2017 anxietas,
731 1986 824 2021 quae
843 1975 893 2009 sic
917 1983 1093 2021 aggravat
1115 1975 1292 2018 animum,
1315 1985 1354 2011 ut
1374 1988 1449 2011 non
1472 1987 1645 2025 appareat

56 2029 205 2078 aliquod
226 2029 428 2077 refugium;
450 2029 546 2064 unde
568 2028 640 2064 alio
662 2030 814 2064 nomine
841 2029 972 2064 dicitur
992 2031 1155 2074 angustia.
1179 2029 1218 2064 Si
1240 2041 1329 2065 vero
1356 2031 1538 2067 intantum
1564 2045 1644 2080 pro-

56 2084 164 2121 cedat
183 2084 265 2120 talis
282 2084 508 2131 aggravatio,
522 2092 561 2118 ut
578 2084 690 2119 etiam
708 2083 887 2118 exteriora
905 2083 1070 2118 membra
1087 2084 1326 2119 immobilitet
1344 2086 1387 2119 ab
1403 2097 1525 2133 opere,
1544 2088 1643 2134 quod

55 2139 212 2188 pertinet
232 2138 277 2174 ad
297 2138 477 2182 accidiam,
498 2138 550 2173 sic
572 2138 641 2173 erit
661 2146 874 2173 extraneum
897 2146 1074 2185 quantum
1096 2139 1140 2173 ad
1163 2147 1374 2186 utrumque:
1397 2141 1482 2188 quia
1499 2153 1567 2177 nec
1590 2151 1644 2178 est

52 2191 154 2241 fuga,
175 2204 243 2229 nec
265 2201 320 2231 est
339 2193 377 2228 in
398 2193 578 2240 appetitu:
610 2192 694 2227 ideo
722 2201 845 2227 autem
871 2192 1077 2240 specialiter
1100 2193 1232 2229 accidia
1258 2194 1390 2229 dicitur
1414 2207 1548 2231 vocem
1570 2209 1644 2232 am-

56 2248 196 2296 Putate,
221 2247 307 2295 quia
339 2258 412 2283 vox
443 2247 538 2282 inter
563 2258 693 2282 omnes
719 2247 916 2282 exteriores
942 2256 1064 2282 motus
1091 2249 1209 2294 magis
1236 2249 1405 2296 exprimit
1429 2251 1642 2286 interiorem

58 2310 291 2349 conceptum,
310 2309 347 2337 et
367 2300 553 2344 affectum,
573 2312 649 2336 non
670 2300 792 2336 solum
814 2301 850 2336 in
872 2302 1097 2346 hominibus,
1123 2303 1186 2338 sed
1208 2304 1320 2338 etiam
1342 2305 1378 2339 in
1401 2305 1480 2341 aliis
1507 2307 1644 2342 anima-

57 2353 164 2399 libus,
184 2364 226 2391 ut
244 2355 376 2391 dicitur
395 2355 434 2390 in
459 2366 488 2390 1.
510 2355 619 2390 Polit.
640 2355 729 2403 (cap.
752 2367 784 2391 2.
806 2357 867 2391 cir.
896 2355 1008 2402 med).

59 2421 78 2442 Ἰ.
129 2410 192 2446 AD
211 2420 364 2446 anuu
385 2420 475 2457 ergo
496 2409 706 2451 dicendum,
727 2409 826 2456 quod
848 2410 1044 2446 delectatio
1066 2420 1236 2446 causatur
1257 2423 1301 2447 ex
1318 2413 1430 2456 bono,
1450 2416 1548 2461 quod
1567 2428 1641 2451 uno

58 2463 173 2501 modo
190 2464 336 2499 dicitur:
352 2471 388 2499 et
400 2463 486 2499 ideo
503 2463 757 2499 delectationis
773 2475 850 2499 non
868 2465 1099 2512 assignantur
1114 2474 1170 2501 tot
1188 2468 1339 2514 species,
1359 2468 1451 2504 sicut
1464 2470 1642 2514 tristitiae,

59 2522 152 2566 ‘quae
173 2526 343 2554 causatur
363 2529 408 2553 ex
428 2517 528 2552 malo
550 2518 648 2565 quod
671 2517 907 2554 multifariam
929 2520 1120 2567 contingit,
1146 2528 1186 2556 ut
1211 2521 1299 2556 dicit
1324 2523 1479 2570 Dionys.
1505 2534 1539 2567 4.
1562 2536 1640 2572 cap.

59 2570 106 2608 de
124 2571 208 2608 Div.
229 2572 342 2608 Nom.
362 2573 470 2620 (part.
486 2583 521 2617 4.
543 2584 564 2607 a
581 2572 665 2607 med.
687 2573 757 2608 lect.
778 2573 863 2619 22.)-

130 2626 193 2662 An
205 2637 416 2663 SECUNDUM
436 2626 646 2669 dicendum,
667 2627 766 2674 quod
782 2630 986 2675 poenitentia
1007 2638 1062 2665 est
1081 2630 1126 2665 de
1149 2630 1248 2666 malo
1270 2632 1431 2679 proprio,
1453 2634 1552 2680 quod
1579 2646 1643 2682 per

59 2682 101 2716 ἡ
125 2688 180 2716 est
203 2680 389 2728 objectum
414 2681 595 2716 tristitiae:
623 2681 720 2716 unde
746 2693 821 2717 non
848 2683 1003 2730 pertinet
1029 2684 1073 2718 ad
1099 2684 1166 2719 has
1193 2685 1354 2732 species:
1380 2687 1463 2732 zelus
1484 2699 1584 2731 vero,
1607 2698 1642 2725 et

59 2735 199 2770 nemesis
217 2734 283 2770 sub
305 2735 441 2770 invidia
463 2735 706 2778 continentur,
728 2744 767 2770 ut
788 2736 880 2771 infra
901 2738 1037 2784 patebit
1060 2738 1146 2783 (2-2.
1164 2751 1195 2786 q.
1213 2740 1267 2787 36.
1290 2746 1356 2776 art.
1379 2743 1440 2786 2.).

87 2820 90 2822 ,
132 2787 195 2824 An
212 2798 386 2824 Telmun
406 2789 616 2831 dicendum,
637 2789 735 2836 quod
757 2790 887 2826 divisio
909 2792 976 2826 ista
997 2803 1073 2827 non
1098 2794 1252 2829 sumitur
1274 2795 1475 2830 secundum
1498 2798 1642 2844 opposi-

61 2839 180 2879 tiones
199 2843 416 2890 specierum,
437 2843 501 2878 sed
522 2843 725 2878 secundum
745 2844 993 2881 diversitatem
1020 2855 1278 2884 extraneorum
1301 2849 1344 2883 ad
1367 2861 1460 2896 quae
1486 2852 1641 2889 trahitur

62 2895 156 2933 mio
175 2897 352 2941 tristitiae,
373 2905 413 2934 ut
432 2897 572 2934 dictum
593 2906 650 2934 est
671 2898 722 2944 (in
743 2901 862 2948 corp).
