1875 3198
189 193 274 248 538
579 206 799 241 QUAEsrto
835 205 980 234 Lxxiv.
1014 205 1260 235 ARTmULUS
1294 204 1366 234 vn.

187 287 272 333 gula
294 287 441 322 rationis
464 288 658 330 humanae,
682 299 772 334 quae
795 287 948 322 sumitur
968 299 1009 321 ex
1028 287 1132 321 rebus
1153 287 1291 328 creatis,
1311 298 1399 332 quas
1418 286 1627 321 naturaliter
1643 286 1759 321 homo

188 342 396 387 cognoscit3
413 350 447 375 et
462 341 608 376 ulterius
624 353 665 375 ex
681 341 804 387 regula
819 340 908 387 legis
924 341 1077 382 divinae,
1094 348 1130 374 ut
1145 352 1251 386 supra
1267 341 1403 374 dictum
1419 348 1472 375 est
1488 340 1533 386 (q.
1548 352 1599 387 19.
1613 345 1677 376 art.
1693 341 1760 386 4.).·

188 397 293 438 unde,
316 408 399 430 cum
422 396 547 442 regula
577 396 666 441 legis
701 396 842 430 divinae
866 396 909 429 sit
930 395 1105 442 superior,
1140 406 1366 441 consequens
1389 402 1452 437 est,
1475 402 1512 429 ut
1534 394 1662 429 ultima
1683 406 1762 429 sen-

186 450 309 492 tentia,
332 461 394 496 per
416 461 524 496 quam
547 449 721 495 judicium
744 449 897 483 finaliter
918 449 1143 490 terminatur,
1166 449 1343 495 pertineat
1371 448 1414 482 ad
1448 448 1627 483 rationem
1661 459 1762 495 supe-

188 503 333 545 riorem,
356 515 446 549 quae
469 503 620 537 intendit
642 503 839 537 rationibus
863 503 1032 537 aeternis:
1061 514 1146 536 cum
1179 510 1300 536 autem
1335 503 1377 536 de
1410 501 1570 548 pluribus
1604 502 1762 536 occurrit

187 557 433 602 judicandum,
456 557 562 590 finale
584 557 759 601 judicium
782 565 832 591 est
853 557 895 590 de
911 568 967 598 eo,
984 557 1080 602 quod
1096 556 1224 590 ultimo
1242 556 1414 590 occurrit:
1431 556 1467 590 in
1483 556 1620 590 actibus
1640 563 1762 590 autem

187 611 356 644 humanis
380 611 508 644 ultimo
531 610 687 644 occurrit
709 610 784 656 ipse
808 618 925 652 actus;
948 609 1225 656 praeambulum
1249 618 1370 644 autem
1390 617 1442 644 est
1460 610 1538 656 ipsa
1556 609 1762 652 delectatio,

189 676 280 710 quae
303 664 439 698 inducit
462 664 505 698 ad
529 673 667 707 actunr:
691 671 725 697 et
745 664 828 698 ideo
852 664 895 698 ad
918 664 1097 698 rationem
1113 664 1337 710 superiorem
1352 664 1495 710 proprie
1509 664 1663 710 pertinet
1677 675 1761 698 con-

188 729 314 752 sensus
336 718 372 751 in
395 726 535 752 actum:
559 718 603 751 ad
626 717 805 752 rationem
827 729 915 752 vero
934 717 1154 760 inferiorem,
1174 729 1265 764 quae
1284 717 1393 752 habet
1409 717 1556 752 inferius
1575 717 1762 764 judicium,

188 772 342 819 pertinet
362 772 537 817 judicium
559 771 846 818 praeambulum,
870 772 967 818 quod
989 779 1041 806 est
1063 771 1106 806 de
1129 771 1388 806 delectatione:
1412 771 1578 817 quamvis
1598 771 1708 806 etiam
1729 778 1762 805 et

189 826 232 860 de
255 826 494 860 delectatione
517 826 682 872 superior
703 826 794 860 ratio
817 825 977 871 judicare
999 825 1130 871 possit:
1154 825 1237 871 quia
1257 825 1428 871 quidquid
1447 825 1582 870 judicio
1602 825 1763 859 subditur

188 879 380 922 inferioris,
402 880 563 914 subditur
586 882 694 914 etiam
716 880 850 925 judicio
873 879 1087 926 superioris:
1111 880 1173 914 sed
1195 891 1270 913 non
1293 879 1524 913 convertitur.

260 934 321 968 AD
343 945 492 969 prunum
515 945 601 980 ergo
626 934 832 975 dicendum,
855 933 951 979 quod
975 934 1177 967 consentire
1197 941 1251 967 est
1269 941 1369 967 actus
1389 932 1604 979 appetitivae
1623 933 1762 967 virtutis

188 999 263 1022 non
285 988 460 1030 absolute,
483 988 544 1022 scd
568 999 793 1034 consequens
817 988 861 1022 ad
881 996 1003 1022 actum
1022 987 1172 1022 rationis
1190 987 1431 1030 deliberantis,
1452 995 1486 1022 et
1503 987 1706 1033 judicantis,
1726 996 1764 1022 ut

189 1053 295 1088 supra
318 1042 455 1076 dictum
478 1050 530 1075 est
552 1042 599 1088 (q.
622 1054 665 1088 15.
689 1047 751 1076 art.
775 1042 837 1088 3.):
860 1042 896 1075 in
918 1042 989 1075 hoc
1013 1042 1111 1076 enim
1133 1042 1347 1076 terminatur
1369 1052 1579 1084 consensus,
1602 1041 1685 1087 quia
1703 1052 1764 1075 vo-

188 1095 305 1130 luntas
328 1095 441 1129 tendit
462 1095 498 1129 in
521 1095 567 1137 id,
590 1095 687 1142 quod
711 1103 763 1129 est
783 1097 857 1141 jam
879 1095 1019 1130 ratione
1040 1095 1261 1141 judicatum3
1284 1095 1377 1129 unde
1413 1106 1611 1130 consensus
1644 1103 1765 1142 potest

190 1149 333 1184 attribui
355 1158 389 1183 et
410 1148 599 1191 voluntati,
623 1158 657 1183 ct
678 1149 820 1183 rationi.

260 1204 320 1237 AD
348 1214 556 1237 SECUNDUM
584 1203 789 1245 dicendum,
813 1203 909 1249 quod
933 1214 974 1237 ex
996 1203 1068 1237 hoc
1091 1203 1171 1249 ipso
1195 1202 1291 1249 quod
1314 1203 1404 1237 r-atio
1436 1202 1600 1249 superior
1621 1214 1696 1237 non
1718 1203 1766 1237 di-

189 1257 272 1302 rigit
294 1265 393 1291 actus
417 1257 598 1291 humanos
621 1257 823 1292 secundum
845 1257 966 1303 legem
989 1257 1160 1299 divinam,
1183 1257 1385 1303 impediens
1407 1265 1529 1291 actum
1547 1257 1699 1303 peccati,
1719 1256 1766 1290 di-

190 1311 281 1345 citur
301 1311 378 1357 ipsa
401 1311 616 1353 consentire,
639 1311 714 1345 sive
737 1311 872 1357 cogitet
887 1311 929 1345 de
944 1310 1025 1357 lege
1042 1319 1198 1353 aeterna,
1213 1311 1287 1345 sive
1301 1323 1392 1345 non:
1411 1322 1495 1345 cum
1510 1311 1607 1345 enim
1630 1311 1766 1357 cogitat

191 1365 233 1399 de
255 1364 336 1411 lege
357 1365 439 1407 Dei,
462 1374 544 1399 actu
567 1377 648 1399 eam
671 1365 890 1400 contemnit:
915 1376 998 1398 cum
1020 1376 1107 1399 vero
1129 1376 1204 1398 non
1227 1365 1374 1411 cogitat,
1403 1376 1484 1399 eam
1517 1364 1670 1411 negligit
1702 1376 1766 1411 per

191 1419 343 1453 modum
366 1419 574 1453 omissionis
598 1419 806 1464 cujusdam,
829 1418 922 1453 unde
946 1419 1113 1453 omnibus
1133 1419 1251 1453 modis
1271 1430 1470 1453 consensus
1487 1418 1524 1452 in
1545 1427 1666 1453 actum
1685 1430 1766 1465 pec-

191 1473 262 1507 cati
283 1473 446 1518 procedit
464 1485 506 1507 ex
524 1473 701 1520 superiori
718 1473 876 1507 ratione:
898 1473 992 1519 quia,
1011 1481 1049 1506 ut
1067 1473 1221 1518 August.
1241 1472 1327 1506 dicit
1349 1483 1399 1506 12.
1420 1472 1463 1507 de
1484 1472 1584 1506 Trin.
1605 1473 1694 1519 (cap.
1713 1484 1762 1508 12.

191 1532 264 1561 ant:
287 1527 398 1572 maol),
417 1538 490 1561 non
507 1536 625 1573 potest
646 1536 838 1573 peccatum
861 1525 1055 1561 efficaciter
1077 1527 1357 1572 perpetrandum
1381 1535 1502 1561 mente
1522 1526 1679 1569 decerni,
1696 1526 1766 1560 nisi

190 1580 252 1614 illa
275 1581 406 1615 mentis
428 1581 592 1623 intentio,
615 1592 725 1627 penes
747 1592 856 1627 quam
879 1592 1022 1614 summa
1044 1583 1204 1626 pote'stas
1232 1588 1285 1615 est
1314 1581 1479 1615 membra
1506 1580 1543 1614 in
1570 1591 1660 1626 opus
1691 1581 1768 1615 nio-

191 1635 310 1677 vendi,
332 1634 390 1669 vel
413 1635 454 1668 ab
479 1646 586 1680 opere
611 1635 817 1676 cohibendi,
841 1634 959 1668 malae
984 1634 1119 1668 actioni
1142 1634 1256 1677 cedat,
1280 1643 1341 1669 aut
1362 1635 1503 1670 serviat.

264 1688 323 1722 AD
347 1699 519 1723 TERTIUM
542 1689 746 1730 dicendum,
770 1689 867 1735 quod
889 1689 979 1722 ratio
1015 1689 1180 1734 superior
1214 1700 1275 1734 per
1309 1688 1641 1723 considerationem
1674 1687 1765 1735 legis

192 1750 359 1776 aeternae
382 1742 474 1776 sicut
495 1751 614 1788 potest
635 1742 788 1788 dirigere
811 1741 869 1776 vel
892 1742 1062 1776 cohibere
1094 1751 1215 1777 actum
1250 1743 1486 1778 exteriorem:
1508 1743 1558 1777 ita
1579 1743 1689 1778 etiam
1711 1743 1768 1777 dc-

190 1795 425 1830 lectationem
447 1796 676 1830 interiorem:
698 1796 760 1830 sed
778 1804 912 1838 tamen,
933 1804 1128 1842 antequam
1147 1796 1191 1830 ad
1209 1796 1387 1842 judicium
1405 1797 1599 1844 superioris
1618 1798 1766 1831 ration's

191 1850 413 1892 deveniatur,
436 1851 557 1884 statim
580 1859 617 1884 ut
639 1850 851 1884 sensualitas
874 1850 1045 1896 proponit
1075 1849 1368 1893 delectationem,
1398 1850 1546 1885 inferior
1578 1851 1670 1886 ratio
1703 1862 1767 1898 per

191 1905 350 1938 rationes
368 1904 587 1950 temporales
608 1904 807 1938 deliberans
828 1904 1045 1950 quandoque
1063 1904 1273 1950 hujusmodi
1293 1904 1572 1939 delectationem
1592 1913 1766 1951 acceptat,

193 1966 228 1993 et
249 1966 332 1992 tunc
358 1969 556 1992 consensus
577 1958 613 1992 in
637 1957 919 1992 delectationem
940 1958 1095 2004 pertinet
1117 1958 1160 1992 ad
1182 1958 1393 1993 inferiorem
1415 1958 1614 1994 rationem:
1632 1958 1662 1993 si
1678 1970 1766 1992 vero

192 2012 301 2046 etiarn
324 2012 560 2046 consideratis
583 2011 781 2046 rationibus
803 2011 968 2053 aeternis,
991 2012 1106 2046 homo
1128 2012 1165 2046 in
1193 2012 1324 2047 eodem
1347 2023 1527 2047 consensu
1548 2021 1766 2059 perseveret,

191 2067 265 2112 jam
287 2065 367 2100 talis
387 2077 586 2100 consensus
611 2066 654 2099 ad
677 2066 903 2112 superiorem
926 2065 1105 2099 rationem
1127 2066 1330 2112 pertinebit.

265 2120 325 2154 AD
353 2130 542 2158 QUARTUM
565 2120 770 2161 dicendum,
794 2120 890 2166 quod
914 2119 1154 2166 apprehensio
1184 2120 1325 2155 virtutis
1358 2120 1617 2167 imaginativae
1640 2128 1692 2154 est
1713 2131 1769 2154 su-

192 2174 277 2216 bita,
300 2181 333 2207 et
355 2174 431 2207 sine
453 2173 723 2215 deliberatione,
747 2182 781 2208 et
802 2174 1025 2219 ideo-potest
1046 2173 1205 2220 aliquem
1228 2181 1350 2208 actum
1380 2185 1541 2217 causare,
1572 2182 1764 2220 antequam

194 2227 369 2274 superior,
390 2226 449 2261 vel
470 2227 618 2262 inferior
639 2227 730 2261 ratio
754 2227 862 2261 etiam
886 2227 1018 2261 habeat
1046 2235 1190 2273 tempus
1223 2227 1462 2262 deliberandi:
1497 2227 1559 2262 sed
1592 2228 1767 2274 judicium

195 2281 343 2315 rationis
366 2280 542 2315 inferioris
566 2289 618 2315 est
640 2292 724 2315 cum
747 2281 1020 2323 deliberatione,
1048 2292 1139 2327 quae
1158 2281 1296 2327 indiget
1312 2289 1490 2328 tempore,
1510 2282 1546 2316 in
1565 2293 1637 2328 quo
1658 2282 1767 2316 etiam

194 2335 285 2370 ratio
309 2335 472 2381 superior
494 2335 691 2369 deliberare
715 2343 849 2381 potest:
874 2335 980 2377 unde,
1004 2336 1032 2369 si
1054 2346 1128 2369 non
1161 2335 1330 2370 cohibeat
1351 2336 1393 2370 ab
1417 2344 1499 2370 actu
1532 2336 1672 2383 peccati
1705 2347 1768 2382 per

195 2401 299 2424 suam
321 2388 633 2431 deliberationem,
656 2389 787 2423 merito
809 2388 861 2423 illi
882 2388 1127 2435 imputabitur.
1612 2385 1618 2394 “

721 2509 1068 2555 ARTICULUS
1103 2510 1225 2553 VIII.
1698 2531 1768 2564 404

220 2606 374 2638 UTRUM
402 2606 652 2638 CONSENSUS
681 2606 725 2638 IN
752 2607 1132 2638 DELECTATIONEM
1160 2607 1227 2637 str
1255 2606 1494 2637 PECCATUM
1520 2606 1742 2637 MORTALE.

578 2681 664 2727 (2-2.
687 2694 716 2728 q.
741 2693 805 2728 154.
829 2688 894 2717 art.
917 2694 949 2726 4.
973 2688 1061 2728 corp.
1083 2687 1112 2716 et
1132 2694 1162 2727 q.
1185 2682 1258 2717 180.
1274 2686 1338 2715 art.
1355 2692 1384 2727 7.

195 2740 225 2771 et
245 2748 276 2772 2.
298 2736 387 2772 Dist.
409 2747 464 2781 24.
487 2748 517 2782 q.
536 2748 564 2782 3.
587 2741 651 2771 art.
673 2747 706 2780 4.
728 2741 756 2770 et
784 2736 870 2770 Veri.
894 2748 923 2782 q.
946 2748 989 2782 15.
1009 2741 1074 2771 art.
1096 2747 1129 2780 4.
1152 2741 1179 2770 ct
1202 2735 1285 2770 Mul.
1307 2747 1337 2781 q.
1359 2746 1403 2781 15.
1426 2739 1490 2770 art.
1505 2746 1536 2770 2.
1552 2734 1595 2769 ad
1607 2735 1660 2770 16.
1675 2740 1704 2770 et
1716 2746 1766 2782 17.

766 2795 794 2824 et
817 2790 937 2834 andl.
961 2802 1010 2825 12.
1033 2795 1096 2824 art.
1116 2790 1196 2835 34).

267 2874 327 2909 AD
355 2883 543 2909 oc’rA'x'UM
565 2872 614 2908 sic
638 2872 854 2919 proceditur.
877 2872 1039 2915 Videtur,
1069 2872 1167 2919 quod
1202 2883 1400 2907 consensus
1422 2872 1458 2906 in
1481 2871 1765 2907 delectationem

197 2938 271 2963 non
293 2927 337 2964 sit
357 2935 549 2975 peccatum
571 2926 744 2962 mortale:
768 2926 972 2962 consentire
995 2926 1093 2961 enim
1115 2927 1150 2962 in
1173 2925 1450 2961 delectationem
1474 2925 1628 2972 pertinet
1650 2925 1693 2961 ad
1715 2937 1766 2960 ra-
