<?xml version="1.0" encoding="UTF-8"?>
<!DOCTYPE html PUBLIC "-//W3C//DTD XHTML 1.0 Transitional//EN"
    "http://www.w3.org/TR/xhtml1/DTD/xhtml1-transitional.dtd">
<html xmlns="http://www.w3.org/1999/xhtml" xml:lang="en" lang="en">
 <head>
  <title>
</title>
<meta http-equiv="Content-Type" content="text/html;charset=utf-8" />
  <meta name='ocr-system' content='tesseract 3.04.00' />
  <meta name='ocr-capabilities' content='ocr_page ocr_carea ocr_par ocr_line ocrx_word'/>
</head>
<body>
  <div class='ocr_page' id='page_1' title='image "./divithomaeaquina02thomuoft_0767.png"; bbox 0 0 1907 3198; ppageno 0'>
   <div class='ocr_carea' id='block_1_1' title="bbox 532 157 1649 212">
    <p class='ocr_par' dir='ltr' id='par_1_1' title="bbox 532 157 1649 212">
     <span class='ocr_line' id='line_1_1' title="bbox 532 157 1649 212; baseline -0.003 -9"><span class='ocrx_word' id='word_1_1' title='bbox 532 170 754 209; x_wconf 77' lang='lat' dir='ltr'>QUAES&#39;rto</span> <span class='ocrx_word' id='word_1_2' title='bbox 788 170 861 202; x_wconf 73' lang='grc' dir='ltr'><strong>(ΖΠ.</strong></span> <span class='ocrx_word' id='word_1_3' title='bbox 895 169 1140 201; x_wconf 74' lang='lat' dir='ltr'>ARTICULUS</span> <span class='ocrx_word' id='word_1_4' title='bbox 1172 169 1212 199; x_wconf 82' lang='lat' dir='ltr'>V.</span> <span class='ocrx_word' id='word_1_5' title='bbox 1567 157 1649 212; x_wconf 81' lang='grc'>763</span> 
     </span>
    </p>
   </div>
   <div class='ocr_carea' id='block_1_2' title="bbox 71 250 1663 2928">
    <p class='ocr_par' dir='ltr' id='par_1_2' title="bbox 71 250 1663 1641">
     <span class='ocr_line' id='line_1_2' title="bbox 89 250 1654 301; baseline -0.004 -10"><span class='ocrx_word' id='word_1_6' title='bbox 89 253 225 291; x_wconf 79' lang='lat' dir='ltr'><strong>mensis</strong></span> <span class='ocrx_word' id='word_1_7' title='bbox 242 253 344 290; x_wconf 82' lang='lat' dir='ltr'>fieret</span> <span class='ocrx_word' id='word_1_8' title='bbox 363 253 582 290; x_wconf 83' lang='lat' dir='ltr'>sacrificium</span> <span class='ocrx_word' id='word_1_9' title='bbox 600 253 813 301; x_wconf 83' lang='lat' dir='ltr'>expiationis</span> <span class='ocrx_word' id='word_1_10' title='bbox 828 264 892 300; x_wconf 89' lang='lat' dir='ltr'>pro</span> <span class='ocrx_word' id='word_1_11' title='bbox 907 260 985 288; x_wconf 90' lang='lat' dir='ltr'>toto</span> <span class='ocrx_word' id='word_1_12' title='bbox 1003 251 1163 300; x_wconf 87' lang='lat' dir='ltr'>populo;</span> <span class='ocrx_word' id='word_1_13' title='bbox 1184 258 1219 286; x_wconf 91' lang='lat' dir='ltr'>et</span> <span class='ocrx_word' id='word_1_14' title='bbox 1236 250 1333 298; x_wconf 88' lang='lat' dir='ltr'>quia,</span> <span class='ocrx_word' id='word_1_15' title='bbox 1347 250 1438 286; x_wconf 88' lang='lat' dir='ltr'>sicut</span> <span class='ocrx_word' id='word_1_16' title='bbox 1453 250 1654 297; x_wconf 86' lang='lat' dir='ltr'>Apostolus</span> 
     </span>
     <span class='ocr_line' id='line_1_3' title="bbox 88 304 1656 354; baseline -0.003 -11"><span class='ocrx_word' id='word_1_17' title='bbox 88 304 176 344; x_wconf 80' lang='lat' dir='ltr'>‘dicit</span> <span class='ocrx_word' id='word_1_18' title='bbox 194 307 240 343; x_wconf 79' lang='lat' dir='ltr'>ad</span> <span class='ocrx_word' id='word_1_19' title='bbox 261 307 370 344; x_wconf 85' lang='lat' dir='ltr'>Hebr.</span> <span class='ocrx_word' id='word_1_20' title='bbox 391 319 443 354; x_wconf 87' lang='lat'>7.:</span> <span class='ocrx_word' id='word_1_21' title='bbox 466 308 535 343; x_wconf 70' lang='lat' dir='ltr'>Lex</span> <span class='ocrx_word' id='word_1_22' title='bbox 559 309 727 344; x_wconf 78' lang='lat' dir='ltr'>constituit</span> <span class='ocrx_word' id='word_1_23' title='bbox 750 307 894 342; x_wconf 68' lang='lat' dir='ltr'>homiues</span> <span class='ocrx_word' id='word_1_24' title='bbox 913 307 1091 342; x_wconf 71' lang='lat' dir='ltr'><em>sacerdotes</em></span> <span class='ocrx_word' id='word_1_25' title='bbox 1117 306 1343 350; x_wconf 67' lang='lat' dir='ltr'>infirmitatem</span> <span class='ocrx_word' id='word_1_26' title='bbox 1363 305 1524 347; x_wconf 75' lang='lat' dir='ltr'>habentes,</span> <span class='ocrx_word' id='word_1_27' title='bbox 1546 315 1656 351; x_wconf 90' lang='lat' dir='ltr'>opor·</span> 
     </span>
     <span class='ocr_line' id='line_1_4' title="bbox 86 358 1655 409; baseline -0.003 -12"><span class='ocrx_word' id='word_1_28' title='bbox 86 360 186 398; x_wconf 81' lang='lat' dir='ltr'>tebat</span> <span class='ocrx_word' id='word_1_29' title='bbox 204 361 302 409; x_wconf 91' lang='lat' dir='ltr'>quod</span> <span class='ocrx_word' id='word_1_30' title='bbox 321 361 469 397; x_wconf 78' lang='lat' dir='ltr'><em>sacerdos</em></span> <span class='ocrx_word' id='word_1_31' title='bbox 484 362 582 408; x_wconf 80' lang='lat' dir='ltr'>prius</span> <span class='ocrx_word' id='word_1_32' title='bbox 599 361 728 408; x_wconf 71' lang='lat' dir='ltr'>offerret</span> <span class='ocrx_word' id='word_1_33' title='bbox 749 367 815 408; x_wconf 83' lang='lat' dir='ltr'>pro</span> <span class='ocrx_word' id='word_1_34' title='bbox 839 362 942 408; x_wconf 64' lang='lat' dir='ltr'>scipso</span> <span class='ocrx_word' id='word_1_35' title='bbox 967 360 1111 395; x_wconf 79' lang='lat' dir='ltr'>vitulum</span> <span class='ocrx_word' id='word_1_36' title='bbox 1134 366 1198 406; x_wconf 84' lang='lat' dir='ltr'>pro</span> <span class='ocrx_word' id='word_1_37' title='bbox 1215 364 1349 406; x_wconf 77' lang='lat' dir='ltr'>peccato</span> <span class='ocrx_word' id='word_1_38' title='bbox 1370 358 1407 393; x_wconf 92' lang='lat' dir='ltr'>in</span> <span class='ocrx_word' id='word_1_39' title='bbox 1429 369 1655 393; x_wconf 89' lang='lat' dir='ltr'>commemo-</span> 
     </span>
     <span class='ocr_line' id='line_1_5' title="bbox 88 411 1654 462; baseline -0.003 -12"><span class='ocrx_word' id='word_1_40' title='bbox 88 414 268 450; x_wconf 80' lang='lat' dir='ltr'>rationem</span> <span class='ocrx_word' id='word_1_41' title='bbox 287 414 438 462; x_wconf 85' lang='lat' dir='ltr'>peccati,</span> <span class='ocrx_word' id='word_1_42' title='bbox 459 415 556 461; x_wconf 92' lang='lat' dir='ltr'>quod</span> <span class='ocrx_word' id='word_1_43' title='bbox 578 415 703 449; x_wconf 88' lang='lat' dir='ltr'>Aaron</span> <span class='ocrx_word' id='word_1_44' title='bbox 729 413 863 449; x_wconf 82' lang='lat' dir='ltr'>fecerat</span> <span class='ocrx_word' id='word_1_45' title='bbox 888 414 924 448; x_wconf 90' lang='lat' dir='ltr'>in</span> <span class='ocrx_word' id='word_1_46' title='bbox 951 413 1171 448; x_wconf 82' lang='lat' dir='ltr'>conflatione</span> <span class='ocrx_word' id='word_1_47' title='bbox 1192 411 1295 447; x_wconf 90' lang='lat' dir='ltr'>vituli</span> <span class='ocrx_word' id='word_1_48' title='bbox 1321 412 1431 453; x_wconf 89' lang='lat' dir='ltr'>aurei,</span> <span class='ocrx_word' id='word_1_49' title='bbox 1458 420 1493 447; x_wconf 90' lang='lat' dir='ltr'>et</span> <span class='ocrx_word' id='word_1_50' title='bbox 1518 413 1654 446; x_wconf 72' lang='lat' dir='ltr'>arietem</span> 
     </span>
     <span class='ocr_line' id='line_1_6' title="bbox 86 465 1652 515; baseline -0.003 -11"><span class='ocrx_word' id='word_1_51' title='bbox 86 468 126 504; x_wconf 72' lang='lat' dir='ltr'>in</span> <span class='ocrx_word' id='word_1_52' title='bbox 143 468 378 510; x_wconf 78' lang='lat' dir='ltr'>holocaustum,</span> <span class='ocrx_word' id='word_1_53' title='bbox 393 480 456 515; x_wconf 89' lang='lat' dir='ltr'>per</span> <span class='ocrx_word' id='word_1_54' title='bbox 469 468 565 515; x_wconf 91' lang='lat' dir='ltr'>quod</span> <span class='ocrx_word' id='word_1_55' title='bbox 587 467 869 514; x_wconf 80' lang='lat' dir='ltr'>significabatur,</span> <span class='ocrx_word' id='word_1_56' title='bbox 883 467 980 514; x_wconf 90' lang='lat' dir='ltr'>quod</span> <span class='ocrx_word' id='word_1_57' title='bbox 1002 466 1201 502; x_wconf 87' lang='lat' dir='ltr'>sacerdotis</span> <span class='ocrx_word' id='word_1_58' title='bbox 1223 465 1409 512; x_wconf 73' lang='lat' dir='ltr'>praelatio,</span> <span class='ocrx_word' id='word_1_59' title='bbox 1427 477 1538 512; x_wconf 88' lang='lat' dir='ltr'>quam</span> <span class='ocrx_word' id='word_1_60' title='bbox 1561 465 1652 500; x_wconf 87' lang='lat' dir='ltr'>aries</span> 
     </span>
     <span class='ocr_line' id='line_1_7' title="bbox 87 518 1654 569; baseline -0.003 -12"><span class='ocrx_word' id='word_1_61' title='bbox 87 520 264 568; x_wconf 80' lang='lat' dir='ltr'>designat,</span> <span class='ocrx_word' id='word_1_62' title='bbox 284 521 344 569; x_wconf 91' lang='lat' dir='ltr'>qui</span> <span class='ocrx_word' id='word_1_63' title='bbox 365 529 419 557; x_wconf 86' lang='lat' dir='ltr'>est</span> <span class='ocrx_word' id='word_1_64' title='bbox 439 521 509 556; x_wconf 81' lang='lat' dir='ltr'>dux</span> <span class='ocrx_word' id='word_1_65' title='bbox 530 522 662 567; x_wconf 68' lang='lat' dir='ltr'>gregis,</span> <span class='ocrx_word' id='word_1_66' title='bbox 682 528 759 556; x_wconf 86' lang='lat' dir='ltr'>erat</span> <span class='ocrx_word' id='word_1_67' title='bbox 778 521 977 556; x_wconf 78' lang='lat' dir='ltr'>ordinanda</span> <span class='ocrx_word' id='word_1_68' title='bbox 1001 521 1044 555; x_wconf 86' lang='lat' dir='ltr'>ad</span> <span class='ocrx_word' id='word_1_69' title='bbox 1066 521 1246 555; x_wconf 88' lang='lat' dir='ltr'>honorem</span> <span class='ocrx_word' id='word_1_70' title='bbox 1268 519 1356 554; x_wconf 89' lang='lat' dir='ltr'>Dei:</span> <span class='ocrx_word' id='word_1_71' title='bbox 1379 518 1509 554; x_wconf 86' lang='lat' dir='ltr'>deinde</span> <span class='ocrx_word' id='word_1_72' title='bbox 1531 527 1654 553; x_wconf 84' lang='lat' dir='ltr'>autem</span> 
     </span>
     <span class='ocr_line' id='line_1_8' title="bbox 87 572 1656 623; baseline -0.003 -12"><span class='ocrx_word' id='word_1_73' title='bbox 87 574 242 622; x_wconf 70' lang='lat' dir='ltr'>offerebat</span> <span class='ocrx_word' id='word_1_74' title='bbox 254 581 320 623; x_wconf 84' lang='lat' dir='ltr'>pro</span> <span class='ocrx_word' id='word_1_75' title='bbox 329 575 454 623; x_wconf 83' lang='lat' dir='ltr'>populo</span> <span class='ocrx_word' id='word_1_76' title='bbox 471 575 549 610; x_wconf 81' lang='lat' dir='ltr'>duos</span> <span class='ocrx_word' id='word_1_77' title='bbox 563 575 681 617; x_wconf 77' lang='lat' dir='ltr'>hircos,</span> <span class='ocrx_word' id='word_1_78' title='bbox 699 585 854 622; x_wconf 90' lang='lat' dir='ltr'>quorum</span> <span class='ocrx_word' id='word_1_79' title='bbox 878 585 969 609; x_wconf 91' lang='lat' dir='ltr'>unus</span> <span class='ocrx_word' id='word_1_80' title='bbox 992 573 1251 608; x_wconf 79' lang='lat' dir='ltr'>immolabatur</span> <span class='ocrx_word' id='word_1_81' title='bbox 1272 573 1315 607; x_wconf 87' lang='lat' dir='ltr'>ad</span> <span class='ocrx_word' id='word_1_82' title='bbox 1338 572 1555 619; x_wconf 86' lang='lat' dir='ltr'>expiandum</span> <span class='ocrx_word' id='word_1_83' title='bbox 1575 583 1656 618; x_wconf 83' lang='lat' dir='ltr'>pec-</span> 
     </span>
     <span class='ocr_line' id='line_1_9' title="bbox 89 625 1657 673; baseline -0.003 -9"><span class='ocrx_word' id='word_1_84' title='bbox 89 635 213 664; x_wconf 75' lang='lat' dir='ltr'>catum</span> <span class='ocrx_word' id='word_1_85' title='bbox 233 627 490 664; x_wconf 84' lang='lat' dir='ltr'>multitudinis:</span> <span class='ocrx_word' id='word_1_86' title='bbox 512 628 633 664; x_wconf 87' lang='lat' dir='ltr'>hircus</span> <span class='ocrx_word' id='word_1_87' title='bbox 654 628 753 663; x_wconf 88' lang='lat' dir='ltr'>enim</span> <span class='ocrx_word' id='word_1_88' title='bbox 779 627 914 662; x_wconf 90' lang='lat' dir='ltr'>animal</span> <span class='ocrx_word' id='word_1_89' title='bbox 940 627 1117 662; x_wconf 86' lang='lat' dir='ltr'>foetidum</span> <span class='ocrx_word' id='word_1_90' title='bbox 1143 635 1208 668; x_wconf 87' lang='lat' dir='ltr'>est,</span> <span class='ocrx_word' id='word_1_91' title='bbox 1234 634 1270 661; x_wconf 90' lang='lat' dir='ltr'>et</span> <span class='ocrx_word' id='word_1_92' title='bbox 1290 626 1334 661; x_wconf 84' lang='lat' dir='ltr'>de</span> <span class='ocrx_word' id='word_1_93' title='bbox 1356 625 1436 673; x_wconf 88' lang='lat' dir='ltr'>pilis</span> <span class='ocrx_word' id='word_1_94' title='bbox 1462 627 1538 671; x_wconf 80' lang='lat' dir='ltr'>ejus</span> <span class='ocrx_word' id='word_1_95' title='bbox 1566 625 1657 660; x_wconf 80' lang='lat' dir='ltr'>flunt</span> 
     </span>
     <span class='ocr_line' id='line_1_10' title="bbox 88 679 1657 730; baseline -0.003 -12"><span class='ocrx_word' id='word_1_96' title='bbox 88 681 304 718; x_wconf 81' lang='lat' dir='ltr'>vestimenta</span> <span class='ocrx_word' id='word_1_97' title='bbox 323 683 537 730; x_wconf 82' lang='lat' dir='ltr'>pungentia:</span> <span class='ocrx_word' id='word_1_98' title='bbox 552 691 591 717; x_wconf 93' lang='lat' dir='ltr'>ut</span> <span class='ocrx_word' id='word_1_99' title='bbox 604 694 667 730; x_wconf 88' lang='lat' dir='ltr'>per</span> <span class='ocrx_word' id='word_1_100' title='bbox 681 682 752 717; x_wconf 91' lang='lat' dir='ltr'>hoc</span> <span class='ocrx_word' id='word_1_101' title='bbox 767 681 1029 728; x_wconf 87' lang='lat' dir='ltr'>significaretur</span> <span class='ocrx_word' id='word_1_102' title='bbox 1043 681 1172 723; x_wconf 83' lang='lat' dir='ltr'>foetor,</span> <span class='ocrx_word' id='word_1_103' title='bbox 1187 688 1222 716; x_wconf 85' lang='lat' dir='ltr'>et</span> <span class='ocrx_word' id='word_1_104' title='bbox 1235 680 1477 723; x_wconf 83' lang='lat' dir='ltr'>immunditia,</span> <span class='ocrx_word' id='word_1_105' title='bbox 1492 688 1527 715; x_wconf 86' lang='lat' dir='ltr'>et</span> <span class='ocrx_word' id='word_1_106' title='bbox 1540 679 1657 715; x_wconf 88' lang='lat' dir='ltr'>aculei</span> 
     </span>
     <span class='ocr_line' id='line_1_11' title="bbox 89 734 1656 785; baseline -0.003 -13"><span class='ocrx_word' id='word_1_107' title='bbox 89 743 343 785; x_wconf 80' lang='lat' dir='ltr'>peccatorum:</span> <span class='ocrx_word' id='word_1_108' title='bbox 375 736 474 782; x_wconf 80' lang='lat' dir='ltr'>hujus</span> <span class='ocrx_word' id='word_1_109' title='bbox 500 743 623 771; x_wconf 87' lang='lat' dir='ltr'>autem</span> <span class='ocrx_word' id='word_1_110' title='bbox 648 736 735 771; x_wconf 82' lang='lat' dir='ltr'>hirci</span> <span class='ocrx_word' id='word_1_111' title='bbox 759 736 926 771; x_wconf 80' lang='lat' dir='ltr'>immolati</span> <span class='ocrx_word' id='word_1_112' title='bbox 950 737 1081 781; x_wconf 76' lang='lat' dir='ltr'>sanguis</span> <span class='ocrx_word' id='word_1_113' title='bbox 1106 735 1313 782; x_wconf 67' lang='lat' dir='ltr'>inserebatur</span> <span class='ocrx_word' id='word_1_114' title='bbox 1332 734 1432 770; x_wconf 85' lang='lat' dir='ltr'>simul</span> <span class='ocrx_word' id='word_1_115' title='bbox 1456 735 1554 770; x_wconf 80' lang='lat' dir='ltr'>etiam</span> <span class='ocrx_word' id='word_1_116' title='bbox 1581 745 1656 769; x_wconf 83' lang='lat' dir='ltr'>cum</span> 
     </span>
     <span class='ocr_line' id='line_1_12' title="bbox 88 786 1657 837; baseline -0.003 -11"><span class='ocrx_word' id='word_1_117' title='bbox 88 790 247 836; x_wconf 68' lang='lat' dir='ltr'>sanguine</span> <span class='ocrx_word' id='word_1_118' title='bbox 265 789 367 826; x_wconf 79' lang='lat' dir='ltr'>vituli</span> <span class='ocrx_word' id='word_1_119' title='bbox 385 790 423 825; x_wconf 80' lang='lat' dir='ltr'>in</span> <span class='ocrx_word' id='word_1_120' title='bbox 444 789 569 826; x_wconf 83' lang='lat' dir='ltr'>Sancta</span> <span class='ocrx_word' id='word_1_121' title='bbox 585 789 798 832; x_wconf 83' lang='lat' dir='ltr'>Sanctorum,</span> <span class='ocrx_word' id='word_1_122' title='bbox 816 794 846 824; x_wconf 76' lang='lat' dir='ltr'>et</span> <span class='ocrx_word' id='word_1_123' title='bbox 866 790 1098 837; x_wconf 72' lang='lat' dir='ltr'>aspergebatur</span> <span class='ocrx_word' id='word_1_124' title='bbox 1115 800 1155 824; x_wconf 73' lang='lat' dir='ltr'>ex</span> <span class='ocrx_word' id='word_1_125' title='bbox 1171 800 1207 824; x_wconf 81' lang='lat' dir='ltr'>eo</span> <span class='ocrx_word' id='word_1_126' title='bbox 1225 792 1330 824; x_wconf 85' lang='lat' dir='ltr'>totum</span> <span class='ocrx_word' id='word_1_127' title='bbox 1346 787 1598 831; x_wconf 81' lang='lat' dir='ltr'>Sanctuarium,</span> <span class='ocrx_word' id='word_1_128' title='bbox 1613 786 1657 822; x_wconf 87' lang='lat' dir='ltr'>ad</span> 
     </span>
     <span class='ocr_line' id='line_1_13' title="bbox 91 840 1658 890; baseline -0.002 -12"><span class='ocrx_word' id='word_1_129' title='bbox 91 841 382 890; x_wconf 79' lang='lat' dir='ltr'>significandum,</span> <span class='ocrx_word' id='word_1_130' title='bbox 413 842 511 890; x_wconf 90' lang='lat' dir='ltr'>quod</span> <span class='ocrx_word' id='word_1_131' title='bbox 543 842 819 878; x_wconf 85' lang='lat' dir='ltr'>tabernaculum</span> <span class='ocrx_word' id='word_1_132' title='bbox 852 842 1115 878; x_wconf 84' lang='lat' dir='ltr'>emundabatur</span> <span class='ocrx_word' id='word_1_133' title='bbox 1150 842 1192 877; x_wconf 87' lang='lat' dir='ltr'>ab</span> <span class='ocrx_word' id='word_1_134' title='bbox 1227 841 1466 877; x_wconf 85' lang='lat' dir='ltr'>immunditiis</span> <span class='ocrx_word' id='word_1_135' title='bbox 1499 840 1658 876; x_wconf 86' lang='lat' dir='ltr'>filiorum</span> 
     </span>
     <span class='ocr_line' id='line_1_14' title="bbox 92 894 1658 944; baseline -0.003 -11"><span class='ocrx_word' id='word_1_136' title='bbox 92 894 220 933; x_wconf 71' lang='lat' dir='ltr'>lsrael:</span> <span class='ocrx_word' id='word_1_137' title='bbox 241 902 360 944; x_wconf 85' lang='lat' dir='ltr'>corpus</span> <span class='ocrx_word' id='word_1_138' title='bbox 377 907 466 932; x_wconf 88' lang='lat' dir='ltr'>vero</span> <span class='ocrx_word' id='word_1_139' title='bbox 486 896 586 939; x_wconf 77' lang='lat' dir='ltr'>hirci,</span> <span class='ocrx_word' id='word_1_140' title='bbox 611 902 642 932; x_wconf 83' lang='lat' dir='ltr'>et</span> <span class='ocrx_word' id='word_1_141' title='bbox 665 897 778 940; x_wconf 78' lang='lat' dir='ltr'>vituli,</span> <span class='ocrx_word' id='word_1_142' title='bbox 807 908 889 943; x_wconf 78' lang='lat' dir='ltr'>quae</span> <span class='ocrx_word' id='word_1_143' title='bbox 921 896 1094 932; x_wconf 81' lang='lat' dir='ltr'>immolata</span> <span class='ocrx_word' id='word_1_144' title='bbox 1118 901 1195 931; x_wconf 86' lang='lat' dir='ltr'>sunt</span> <span class='ocrx_word' id='word_1_145' title='bbox 1220 902 1285 942; x_wconf 89' lang='lat' dir='ltr'>pro</span> <span class='ocrx_word' id='word_1_146' title='bbox 1307 900 1456 943; x_wconf 71' lang='lat' dir='ltr'>peccato,</span> <span class='ocrx_word' id='word_1_147' title='bbox 1485 895 1658 942; x_wconf 67' lang='lat' dir='ltr'>oportebat</span> 
     </span>
     <span class='ocr_line' id='line_1_15' title="bbox 91 948 1654 997; baseline -0.003 -10"><span class='ocrx_word' id='word_1_148' title='bbox 91 951 253 993; x_wconf 73' lang='lat' dir='ltr'>comburi,</span> <span class='ocrx_word' id='word_1_149' title='bbox 267 950 313 986; x_wconf 87' lang='lat' dir='ltr'>ad</span> <span class='ocrx_word' id='word_1_150' title='bbox 333 950 599 986; x_wconf 88' lang='lat' dir='ltr'>ostendendum</span> <span class='ocrx_word' id='word_1_151' title='bbox 613 950 934 997; x_wconf 81' lang='lat' dir='ltr'>consumptionem</span> <span class='ocrx_word' id='word_1_152' title='bbox 960 949 1026 996; x_wconf 88' lang='lat' dir='ltr'>[al.</span> <span class='ocrx_word' id='word_1_153' title='bbox 1045 948 1376 995; x_wconf 75' lang='lat' dir='ltr'>consurmnatIonem]</span> <span class='ocrx_word' id='word_1_154' title='bbox 1401 956 1654 995; x_wconf 84' lang='lat' dir='ltr'>peccatorum:</span> 
     </span>
     <span class='ocr_line' id='line_1_16' title="bbox 91 1002 1655 1051; baseline -0.003 -11"><span class='ocrx_word' id='word_1_155' title='bbox 91 1013 168 1040; x_wconf 82' lang='lat' dir='ltr'>non</span> <span class='ocrx_word' id='word_1_156' title='bbox 187 1011 309 1040; x_wconf 87' lang='lat' dir='ltr'>autem</span> <span class='ocrx_word' id='word_1_157' title='bbox 329 1003 366 1039; x_wconf 90' lang='lat' dir='ltr'>in</span> <span class='ocrx_word' id='word_1_158' title='bbox 387 1003 510 1046; x_wconf 86' lang='lat' dir='ltr'>altari;</span> <span class='ocrx_word' id='word_1_159' title='bbox 531 1004 615 1051; x_wconf 83' lang='lat' dir='ltr'>quia</span> <span class='ocrx_word' id='word_1_160' title='bbox 636 1004 683 1039; x_wconf 91' lang='lat' dir='ltr'>ibi</span> <span class='ocrx_word' id='word_1_161' title='bbox 713 1015 787 1038; x_wconf 90' lang='lat' dir='ltr'>non</span> <span class='ocrx_word' id='word_1_162' title='bbox 817 1003 1123 1039; x_wconf 85' lang='lat' dir='ltr'>comburebantur</span> <span class='ocrx_word' id='word_1_163' title='bbox 1151 1002 1311 1038; x_wconf 88' lang='lat' dir='ltr'>totaliter</span> <span class='ocrx_word' id='word_1_164' title='bbox 1330 1002 1399 1037; x_wconf 91' lang='lat' dir='ltr'>nisi</span> <span class='ocrx_word' id='word_1_165' title='bbox 1420 1002 1655 1043; x_wconf 87' lang='lat' dir='ltr'>holocausta;</span> 
     </span>
     <span class='ocr_line' id='line_1_17' title="bbox 93 1056 1654 1103; baseline -0.003 -9"><span class='ocrx_word' id='word_1_166' title='bbox 93 1056 188 1094; x_wconf 84' lang='lat' dir='ltr'>unde</span> <span class='ocrx_word' id='word_1_167' title='bbox 206 1057 403 1094; x_wconf 65' lang='lat' dir='ltr'>mandamns</span> <span class='ocrx_word' id='word_1_168' title='bbox 423 1063 506 1101; x_wconf 82' lang='lat' dir='ltr'>crat,</span> <span class='ocrx_word' id='word_1_169' title='bbox 533 1063 568 1093; x_wconf 85' lang='lat' dir='ltr'>ut</span> <span class='ocrx_word' id='word_1_170' title='bbox 593 1059 865 1094; x_wconf 71' lang='lat' dir='ltr'>comburerentur</span> <span class='ocrx_word' id='word_1_171' title='bbox 884 1063 979 1093; x_wconf 75' lang='lat' dir='ltr'>extra</span> <span class='ocrx_word' id='word_1_172' title='bbox 1004 1063 1114 1094; x_wconf 84' lang='lat' dir='ltr'>castra</span> <span class='ocrx_word' id='word_1_173' title='bbox 1136 1057 1170 1092; x_wconf 88' lang='lat' dir='ltr'>in</span> <span class='ocrx_word' id='word_1_174' title='bbox 1193 1057 1470 1092; x_wconf 88' lang='lat' dir='ltr'>detestationem</span> <span class='ocrx_word' id='word_1_175' title='bbox 1496 1056 1654 1103; x_wconf 86' lang='lat' dir='ltr'>peccati:</span> 
     </span>
     <span class='ocr_line' id='line_1_18' title="bbox 91 1110 1659 1159; baseline -0.002 -12"><span class='ocrx_word' id='word_1_176' title='bbox 91 1110 165 1147; x_wconf 84' lang='lat' dir='ltr'>hoc</span> <span class='ocrx_word' id='word_1_177' title='bbox 185 1110 285 1147; x_wconf 85' lang='lat' dir='ltr'>enim</span> <span class='ocrx_word' id='word_1_178' title='bbox 308 1110 428 1154; x_wconf 87' lang='lat' dir='ltr'>fiebat,</span> <span class='ocrx_word' id='word_1_179' title='bbox 454 1112 759 1159; x_wconf 84' lang='lat' dir='ltr'>quandocumque</span> <span class='ocrx_word' id='word_1_180' title='bbox 787 1111 1046 1147; x_wconf 83' lang='lat' dir='ltr'>immolabatur</span> <span class='ocrx_word' id='word_1_181' title='bbox 1070 1110 1289 1147; x_wconf 81' lang='lat' dir='ltr'>sacrificium</span> <span class='ocrx_word' id='word_1_182' title='bbox 1317 1122 1382 1158; x_wconf 89' lang='lat' dir='ltr'>pro</span> <span class='ocrx_word' id='word_1_183' title='bbox 1409 1110 1531 1157; x_wconf 87' lang='lat' dir='ltr'>aliquo</span> <span class='ocrx_word' id='word_1_184' title='bbox 1558 1110 1659 1156; x_wconf 83' lang='lat' dir='ltr'>gravi</span> 
     </span>
     <span class='ocr_line' id='line_1_19' title="bbox 92 1163 1663 1213; baseline -0.002 -12"><span class='ocrx_word' id='word_1_185' title='bbox 92 1172 258 1213; x_wconf 80' lang='lat' dir='ltr'>peccato,</span> <span class='ocrx_word' id='word_1_186' title='bbox 276 1164 336 1201; x_wconf 85' lang='lat' dir='ltr'>vel</span> <span class='ocrx_word' id='word_1_187' title='bbox 356 1176 423 1213; x_wconf 92' lang='lat' dir='ltr'>pro</span> <span class='ocrx_word' id='word_1_188' title='bbox 449 1165 680 1201; x_wconf 90' lang='lat' dir='ltr'>multitudine</span> <span class='ocrx_word' id='word_1_189' title='bbox 706 1174 960 1213; x_wconf 90' lang='lat' dir='ltr'>peccatorum:</span> <span class='ocrx_word' id='word_1_190' title='bbox 984 1165 1068 1200; x_wconf 77' lang='lat' dir='ltr'>alter</span> <span class='ocrx_word' id='word_1_191' title='bbox 1088 1176 1175 1204; x_wconf 79' lang='lat' dir='ltr'>vcro</span> <span class='ocrx_word' id='word_1_192' title='bbox 1197 1165 1307 1200; x_wconf 83' lang='lat' dir='ltr'>hircus</span> <span class='ocrx_word' id='word_1_193' title='bbox 1326 1165 1536 1200; x_wconf 64' lang='lat' dir='ltr'>emittebatur</span> <span class='ocrx_word' id='word_1_194' title='bbox 1556 1165 1591 1198; x_wconf 81' lang='lat' dir='ltr'>in</span> <span class='ocrx_word' id='word_1_195' title='bbox 1611 1163 1663 1199; x_wconf 74' lang='lat' dir='ltr'>dc-</span> 
     </span>
     <span class='ocr_line' id='line_1_20' title="bbox 92 1217 1661 1266; baseline -0.002 -11"><span class='ocrx_word' id='word_1_196' title='bbox 92 1224 233 1261; x_wconf 82' lang='lat' dir='ltr'>sertum;</span> <span class='ocrx_word' id='word_1_197' title='bbox 250 1229 327 1255; x_wconf 90' lang='lat' dir='ltr'>non</span> <span class='ocrx_word' id='word_1_198' title='bbox 348 1218 496 1266; x_wconf 90' lang='lat' dir='ltr'>quidem</span> <span class='ocrx_word' id='word_1_199' title='bbox 517 1227 556 1254; x_wconf 91' lang='lat' dir='ltr'>ut</span> <span class='ocrx_word' id='word_1_200' title='bbox 575 1218 765 1254; x_wconf 86' lang='lat' dir='ltr'>offerretur</span> <span class='ocrx_word' id='word_1_201' title='bbox 785 1219 1037 1261; x_wconf 86' lang='lat' dir='ltr'>daemonibus,</span> <span class='ocrx_word' id='word_1_202' title='bbox 1059 1229 1151 1265; x_wconf 91' lang='lat' dir='ltr'>quos</span> <span class='ocrx_word' id='word_1_203' title='bbox 1172 1217 1342 1253; x_wconf 87' lang='lat' dir='ltr'>colebant</span> <span class='ocrx_word' id='word_1_204' title='bbox 1363 1217 1528 1253; x_wconf 82' lang='lat' dir='ltr'>Gentiles</span> <span class='ocrx_word' id='word_1_205' title='bbox 1549 1217 1584 1252; x_wconf 92' lang='lat' dir='ltr'>in</span> <span class='ocrx_word' id='word_1_206' title='bbox 1603 1217 1661 1252; x_wconf 89' lang='lat' dir='ltr'>de-</span> 
     </span>
     <span class='ocr_line' id='line_1_21' title="bbox 93 1270 1661 1320; baseline -0.003 -11"><span class='ocrx_word' id='word_1_207' title='bbox 93 1271 209 1315; x_wconf 55' lang='lat' dir='ltr'>serti&amp;</span> <span class='ocrx_word' id='word_1_208' title='bbox 227 1272 312 1320; x_wconf 84' lang='lat' dir='ltr'>quia</span> <span class='ocrx_word' id='word_1_209' title='bbox 332 1272 384 1308; x_wconf 84' lang='lat' dir='ltr'>eis</span> <span class='ocrx_word' id='word_1_210' title='bbox 408 1271 500 1308; x_wconf 86' lang='lat' dir='ltr'>nihil</span> <span class='ocrx_word' id='word_1_211' title='bbox 524 1272 657 1308; x_wconf 86' lang='lat' dir='ltr'>licebat</span> <span class='ocrx_word' id='word_1_212' title='bbox 677 1272 881 1315; x_wconf 80' lang='lat' dir='ltr'>immolari3</span> <span class='ocrx_word' id='word_1_213' title='bbox 903 1272 965 1307; x_wconf 89' lang='lat' dir='ltr'>sed</span> <span class='ocrx_word' id='word_1_214' title='bbox 992 1272 1036 1306; x_wconf 91' lang='lat' dir='ltr'>ad</span> <span class='ocrx_word' id='word_1_215' title='bbox 1063 1271 1341 1317; x_wconf 82' lang='lat' dir='ltr'>significandum</span> <span class='ocrx_word' id='word_1_216' title='bbox 1368 1270 1538 1306; x_wconf 88' lang='lat' dir='ltr'>effectum</span> <span class='ocrx_word' id='word_1_217' title='bbox 1565 1270 1661 1305; x_wconf 85' lang='lat' dir='ltr'>illius</span> 
     </span>
     <span class='ocr_line' id='line_1_22' title="bbox 95 1325 1660 1373; baseline -0.002 -11"><span class='ocrx_word' id='word_1_218' title='bbox 95 1325 264 1362; x_wconf 78' lang='lat' dir='ltr'>sacrificii</span> <span class='ocrx_word' id='word_1_219' title='bbox 282 1325 483 1362; x_wconf 82' lang='lat' dir='ltr'>immolati:</span> <span class='ocrx_word' id='word_1_220' title='bbox 504 1334 540 1362; x_wconf 92' lang='lat' dir='ltr'>et</span> <span class='ocrx_word' id='word_1_221' title='bbox 559 1326 643 1361; x_wconf 91' lang='lat' dir='ltr'>ideo</span> <span class='ocrx_word' id='word_1_222' title='bbox 662 1325 810 1362; x_wconf 76' lang='lat' dir='ltr'>sacerdos</span> <span class='ocrx_word' id='word_1_223' title='bbox 835 1326 1024 1373; x_wconf 68' lang='lat' dir='ltr'>imponebat</span> <span class='ocrx_word' id='word_1_224' title='bbox 1050 1337 1187 1360; x_wconf 84' lang='lat' dir='ltr'>manum</span> <span class='ocrx_word' id='word_1_225' title='bbox 1207 1331 1307 1372; x_wconf 74' lang='lat' dir='ltr'>super</span> <span class='ocrx_word' id='word_1_226' title='bbox 1332 1330 1430 1372; x_wconf 82' lang='lat' dir='ltr'>caput</span> <span class='ocrx_word' id='word_1_227' title='bbox 1455 1327 1536 1370; x_wconf 77' lang='lat' dir='ltr'>ejus,</span> <span class='ocrx_word' id='word_1_228' title='bbox 1562 1325 1660 1366; x_wconf 75' lang='lat' dir='ltr'>confi-</span> 
     </span>
     <span class='ocr_line' id='line_1_23' title="bbox 95 1378 1659 1427; baseline -0.003 -11"><span class='ocrx_word' id='word_1_229' title='bbox 95 1384 165 1416; x_wconf 73' lang='lat' dir='ltr'>tens</span> <span class='ocrx_word' id='word_1_230' title='bbox 177 1384 313 1427; x_wconf 73' lang='lat' dir='ltr'>peccata</span> <span class='ocrx_word' id='word_1_231' title='bbox 328 1379 483 1426; x_wconf 78' lang='lat' dir='ltr'>filiorum</span> <span class='ocrx_word' id='word_1_232' title='bbox 503 1379 620 1422; x_wconf 61' lang='lat' dir='ltr'>Israel,</span> <span class='ocrx_word' id='word_1_233' title='bbox 643 1390 684 1414; x_wconf 90' lang='lat' dir='ltr'>ac</span> <span class='ocrx_word' id='word_1_234' title='bbox 707 1379 737 1414; x_wconf 91' lang='lat' dir='ltr'>si</span> <span class='ocrx_word' id='word_1_235' title='bbox 757 1379 818 1414; x_wconf 89' lang='lat' dir='ltr'>ille</span> <span class='ocrx_word' id='word_1_236' title='bbox 838 1379 961 1414; x_wconf 89' lang='lat' dir='ltr'>hircus</span> <span class='ocrx_word' id='word_1_237' title='bbox 982 1379 1189 1426; x_wconf 90' lang='lat' dir='ltr'>deportaret</span> <span class='ocrx_word' id='word_1_238' title='bbox 1209 1390 1251 1413; x_wconf 89' lang='lat' dir='ltr'>ea</span> <span class='ocrx_word' id='word_1_239' title='bbox 1273 1378 1309 1413; x_wconf 92' lang='lat' dir='ltr'>in</span> <span class='ocrx_word' id='word_1_240' title='bbox 1331 1378 1526 1420; x_wconf 88' lang='lat' dir='ltr'>desertum,</span> <span class='ocrx_word' id='word_1_241' title='bbox 1552 1378 1613 1412; x_wconf 92' lang='lat' dir='ltr'>ubi</span> <span class='ocrx_word' id='word_1_242' title='bbox 1639 1390 1659 1412; x_wconf 89' lang='lat' dir='ltr'>a</span> 
     </span>
     <span class='ocr_line' id='line_1_24' title="bbox 71 1431 1663 1482; baseline -0.003 -12"><span class='ocrx_word' id='word_1_243' title='bbox 71 1479 74 1482; x_wconf 30' lang='grc' dir='ltr'>Ι</span> <span class='ocrx_word' id='word_1_244' title='bbox 94 1432 493 1476; x_wconf 73' lang='lat' dir='ltr'>bestiiscomederetur,</span> <span class='ocrx_word' id='word_1_245' title='bbox 505 1433 609 1480; x_wconf 86' lang='lat' dir='ltr'>quasi</span> <span class='ocrx_word' id='word_1_246' title='bbox 622 1441 769 1479; x_wconf 84' lang='lat' dir='ltr'>portans</span> <span class='ocrx_word' id='word_1_247' title='bbox 791 1444 948 1479; x_wconf 90' lang='lat' dir='ltr'>poenam</span> <span class='ocrx_word' id='word_1_248' title='bbox 967 1443 1033 1479; x_wconf 90' lang='lat' dir='ltr'>pro</span> <span class='ocrx_word' id='word_1_249' title='bbox 1055 1432 1213 1479; x_wconf 89' lang='lat' dir='ltr'>peccatis</span> <span class='ocrx_word' id='word_1_250' title='bbox 1232 1431 1375 1479; x_wconf 88' lang='lat' dir='ltr'>populi:</span> <span class='ocrx_word' id='word_1_251' title='bbox 1398 1432 1583 1467; x_wconf 86' lang='lat' dir='ltr'>dicebatur</span> <span class='ocrx_word' id='word_1_252' title='bbox 1604 1443 1663 1466; x_wconf 89' lang='lat' dir='ltr'>au·</span> 
     </span>
     <span class='ocr_line' id='line_1_25' title="bbox 92 1485 1661 1535; baseline -0.003 -12"><span class='ocrx_word' id='word_1_253' title='bbox 92 1493 169 1522; x_wconf 80' lang='lat' dir='ltr'>tem</span> <span class='ocrx_word' id='word_1_254' title='bbox 182 1491 322 1535; x_wconf 75' lang='lat' dir='ltr'>portare</span> <span class='ocrx_word' id='word_1_255' title='bbox 335 1491 471 1534; x_wconf 80' lang='lat' dir='ltr'>peccata</span> <span class='ocrx_word' id='word_1_256' title='bbox 486 1487 604 1534; x_wconf 83' lang='lat' dir='ltr'>populi</span> <span class='ocrx_word' id='word_1_257' title='bbox 612 1498 626 1528; x_wconf 89' lang='grc'>,·</span> <span class='ocrx_word' id='word_1_258' title='bbox 647 1486 706 1522; x_wconf 87' lang='lat' dir='ltr'>vel</span> <span class='ocrx_word' id='word_1_259' title='bbox 727 1486 811 1533; x_wconf 85' lang='lat' dir='ltr'>quia</span> <span class='ocrx_word' id='word_1_260' title='bbox 832 1487 869 1521; x_wconf 90' lang='lat' dir='ltr'>in</span> <span class='ocrx_word' id='word_1_261' title='bbox 888 1487 964 1532; x_wconf 87' lang='lat' dir='ltr'>ejus</span> <span class='ocrx_word' id='word_1_262' title='bbox 985 1486 1182 1521; x_wconf 86' lang='lat' dir='ltr'>emissione</span> <span class='ocrx_word' id='word_1_263' title='bbox 1203 1485 1474 1532; x_wconf 81' lang='lat' dir='ltr'>significabatur</span> <span class='ocrx_word' id='word_1_264' title='bbox 1495 1485 1661 1520; x_wconf 86' lang='lat' dir='ltr'>remissio</span> 
     </span>
     <span class='ocr_line' id='line_1_26' title="bbox 93 1539 1661 1588; baseline -0.001 -12"><span class='ocrx_word' id='word_1_265' title='bbox 93 1547 329 1588; x_wconf 84' lang='lat' dir='ltr'>peccatorum</span> <span class='ocrx_word' id='word_1_266' title='bbox 349 1539 493 1588; x_wconf 90' lang='lat' dir='ltr'>populi:</span> <span class='ocrx_word' id='word_1_267' title='bbox 515 1539 575 1575; x_wconf 82' lang='lat' dir='ltr'>vel</span> <span class='ocrx_word' id='word_1_268' title='bbox 594 1540 679 1587; x_wconf 89' lang='lat' dir='ltr'>quia</span> <span class='ocrx_word' id='word_1_269' title='bbox 700 1539 940 1586; x_wconf 87' lang='lat' dir='ltr'>colligabatur</span> <span class='ocrx_word' id='word_1_270' title='bbox 960 1550 1066 1587; x_wconf 91' lang='lat' dir='ltr'>super</span> <span class='ocrx_word' id='word_1_271' title='bbox 1092 1547 1200 1586; x_wconf 88' lang='lat' dir='ltr'>caput</span> <span class='ocrx_word' id='word_1_272' title='bbox 1226 1541 1303 1586; x_wconf 79' lang='lat' dir='ltr'>eJus</span> <span class='ocrx_word' id='word_1_273' title='bbox 1329 1539 1449 1586; x_wconf 84' lang='lat' dir='ltr'>aliqua</span> <span class='ocrx_word' id='word_1_274' title='bbox 1475 1539 1661 1582; x_wconf 80' lang='lat' dir='ltr'>schedula,</span> 
     </span>
     <span class='ocr_line' id='line_1_27' title="bbox 92 1592 611 1641; baseline 0 -12"><span class='ocrx_word' id='word_1_275' title='bbox 92 1592 155 1630; x_wconf 85' lang='lat' dir='ltr'>ubi</span> <span class='ocrx_word' id='word_1_276' title='bbox 174 1601 276 1630; x_wconf 87' lang='lat' dir='ltr'>erant</span> <span class='ocrx_word' id='word_1_277' title='bbox 295 1593 430 1641; x_wconf 86' lang='lat' dir='ltr'>scripta</span> <span class='ocrx_word' id='word_1_278' title='bbox 450 1602 611 1641; x_wconf 84' lang='lat' dir='ltr'>peccata.</span> 
     </span>
    </p>

    <p class='ocr_par' dir='ltr' id='par_1_3' title="bbox 84 1646 1662 2393">
     <span class='ocr_line' id='line_1_28' title="bbox 162 1646 1661 1694; baseline -0.001 -11"><span class='ocrx_word' id='word_1_279' title='bbox 162 1646 272 1683; x_wconf 82' lang='lat' dir='ltr'>Ratio</span> <span class='ocrx_word' id='word_1_280' title='bbox 292 1654 415 1683; x_wconf 83' lang='lat' dir='ltr'>autem</span> <span class='ocrx_word' id='word_1_281' title='bbox 435 1646 596 1694; x_wconf 84' lang='lat' dir='ltr'>figuralis</span> <span class='ocrx_word' id='word_1_282' title='bbox 622 1647 755 1682; x_wconf 89' lang='lat' dir='ltr'>horum</span> <span class='ocrx_word' id='word_1_283' title='bbox 781 1655 868 1690; x_wconf 89' lang='lat' dir='ltr'>erat,</span> <span class='ocrx_word' id='word_1_284' title='bbox 890 1647 974 1694; x_wconf 87' lang='lat' dir='ltr'>quia</span> <span class='ocrx_word' id='word_1_285' title='bbox 996 1646 1164 1682; x_wconf 90' lang='lat' dir='ltr'>Christus</span> <span class='ocrx_word' id='word_1_286' title='bbox 1191 1646 1414 1693; x_wconf 86' lang='lat' dir='ltr'>significatur</span> <span class='ocrx_word' id='word_1_287' title='bbox 1439 1655 1475 1682; x_wconf 88' lang='lat' dir='ltr'>et</span> <span class='ocrx_word' id='word_1_288' title='bbox 1494 1653 1557 1694; x_wconf 72' lang='lat' dir='ltr'>per</span> <span class='ocrx_word' id='word_1_289' title='bbox 1576 1648 1661 1682; x_wconf 82' lang='lat' dir='ltr'>vitu-</span> 
     </span>
     <span class='ocr_line' id='line_1_29' title="bbox 90 1699 1660 1749; baseline -0.001 -12"><span class='ocrx_word' id='word_1_290' title='bbox 90 1700 176 1746; x_wconf 76' lang='lat' dir='ltr'>lum,</span> <span class='ocrx_word' id='word_1_291' title='bbox 191 1709 339 1749; x_wconf 85' lang='lat' dir='ltr'>propter</span> <span class='ocrx_word' id='word_1_292' title='bbox 357 1701 549 1745; x_wconf 87' lang='lat' dir='ltr'>virtutem;</span> <span class='ocrx_word' id='word_1_293' title='bbox 570 1709 607 1736; x_wconf 92' lang='lat' dir='ltr'>et</span> <span class='ocrx_word' id='word_1_294' title='bbox 622 1708 684 1749; x_wconf 80' lang='lat' dir='ltr'>per</span> <span class='ocrx_word' id='word_1_295' title='bbox 709 1702 857 1743; x_wconf 62' lang='lat' dir='ltr'>arietem,</span> <span class='ocrx_word' id='word_1_296' title='bbox 880 1701 964 1748; x_wconf 88' lang='lat' dir='ltr'>quia</span> <span class='ocrx_word' id='word_1_297' title='bbox 985 1701 1061 1747; x_wconf 87' lang='lat' dir='ltr'>ipse</span> <span class='ocrx_word' id='word_1_298' title='bbox 1083 1708 1137 1735; x_wconf 90' lang='lat' dir='ltr'>est</span> <span class='ocrx_word' id='word_1_299' title='bbox 1161 1700 1232 1735; x_wconf 82' lang='lat' dir='ltr'>dux</span> <span class='ocrx_word' id='word_1_300' title='bbox 1259 1699 1438 1742; x_wconf 61' lang='lat' dir='ltr'>fidelium</span> <span class='ocrx_word' id='word_1_301' title='bbox 1461 1709 1496 1735; x_wconf 88' lang='lat' dir='ltr'>et</span> <span class='ocrx_word' id='word_1_302' title='bbox 1512 1707 1572 1748; x_wconf 68' lang='lat' dir='ltr'>per</span> <span class='ocrx_word' id='word_1_303' title='bbox 1593 1701 1660 1735; x_wconf 84' lang='lat' dir='ltr'>hir·</span> 
     </span>
     <span class='ocr_line' id='line_1_30' title="bbox 91 1754 1659 1803; baseline -0.001 -13"><span class='ocrx_word' id='word_1_304' title='bbox 91 1765 180 1798; x_wconf 73' lang='lat' dir='ltr'>cum,</span> <span class='ocrx_word' id='word_1_305' title='bbox 200 1763 348 1803; x_wconf 87' lang='lat' dir='ltr'>propter</span> <span class='ocrx_word' id='word_1_306' title='bbox 366 1755 618 1791; x_wconf 71' lang='lat' dir='ltr'>similitudinem</span> <span class='ocrx_word' id='word_1_307' title='bbox 642 1757 754 1791; x_wconf 82' lang='lat' dir='ltr'>carnis</span> <span class='ocrx_word' id='word_1_308' title='bbox 771 1756 920 1803; x_wconf 76' lang='lat' dir='ltr'>peccati,-</span> <span class='ocrx_word' id='word_1_309' title='bbox 943 1763 978 1790; x_wconf 89' lang='lat' dir='ltr'>et</span> <span class='ocrx_word' id='word_1_310' title='bbox 999 1755 1074 1801; x_wconf 89' lang='lat' dir='ltr'>ipse</span> <span class='ocrx_word' id='word_1_311' title='bbox 1096 1754 1264 1789; x_wconf 88' lang='lat' dir='ltr'>Christus</span> <span class='ocrx_word' id='word_1_312' title='bbox 1286 1763 1340 1789; x_wconf 89' lang='lat' dir='ltr'>est</span> <span class='ocrx_word' id='word_1_313' title='bbox 1360 1754 1572 1789; x_wconf 88' lang='lat' dir='ltr'>immolatus</span> <span class='ocrx_word' id='word_1_314' title='bbox 1593 1765 1659 1802; x_wconf 90' lang='lat' dir='ltr'>pro</span> 
     </span>
     <span class='ocr_line' id='line_1_31' title="bbox 90 1807 1662 1856; baseline -0.001 -12"><span class='ocrx_word' id='word_1_315' title='bbox 90 1808 250 1856; x_wconf 84' lang='lat' dir='ltr'>peccatis</span> <span class='ocrx_word' id='word_1_316' title='bbox 269 1817 306 1844; x_wconf 87' lang='lat' dir='ltr'>et</span> <span class='ocrx_word' id='word_1_317' title='bbox 324 1809 569 1851; x_wconf 86' lang='lat' dir='ltr'>sacerdotum,</span> <span class='ocrx_word' id='word_1_318' title='bbox 584 1817 620 1844; x_wconf 92' lang='lat' dir='ltr'>et</span> <span class='ocrx_word' id='word_1_319' title='bbox 632 1809 775 1856; x_wconf 88' lang='lat' dir='ltr'>populi;</span> <span class='ocrx_word' id='word_1_320' title='bbox 797 1808 881 1855; x_wconf 88' lang='lat' dir='ltr'>quia</span> <span class='ocrx_word' id='word_1_321' title='bbox 903 1819 966 1855; x_wconf 88' lang='lat' dir='ltr'>per</span> <span class='ocrx_word' id='word_1_322' title='bbox 987 1809 1062 1854; x_wconf 88' lang='lat' dir='ltr'>ejus</span> <span class='ocrx_word' id='word_1_323' title='bbox 1085 1807 1293 1854; x_wconf 87' lang='lat' dir='ltr'>passionem</span> <span class='ocrx_word' id='word_1_324' title='bbox 1312 1816 1347 1843; x_wconf 91' lang='lat' dir='ltr'>et</span> <span class='ocrx_word' id='word_1_325' title='bbox 1365 1809 1533 1854; x_wconf 83' lang='lat' dir='ltr'>majores,</span> <span class='ocrx_word' id='word_1_326' title='bbox 1548 1816 1583 1843; x_wconf 91' lang='lat' dir='ltr'>et</span> <span class='ocrx_word' id='word_1_327' title='bbox 1597 1807 1662 1842; x_wconf 89' lang='lat' dir='ltr'>mi·</span> 
     </span>
     <span class='ocr_line' id='line_1_32' title="bbox 90 1861 1659 1910; baseline -0.001 -12"><span class='ocrx_word' id='word_1_328' title='bbox 90 1873 200 1898; x_wconf 82' lang='lat' dir='ltr'>nores</span> <span class='ocrx_word' id='word_1_329' title='bbox 219 1873 240 1898; x_wconf 90' lang='lat' dir='ltr'>a</span> <span class='ocrx_word' id='word_1_330' title='bbox 261 1870 413 1910; x_wconf 86' lang='lat' dir='ltr'>peccato</span> <span class='ocrx_word' id='word_1_331' title='bbox 434 1862 673 1897; x_wconf 83' lang='lat' dir='ltr'>mundantur:</span> <span class='ocrx_word' id='word_1_332' title='bbox 695 1863 828 1909; x_wconf 78' lang='lat' dir='ltr'>sanguis</span> <span class='ocrx_word' id='word_1_333' title='bbox 853 1870 976 1897; x_wconf 87' lang='lat' dir='ltr'>autem</span> <span class='ocrx_word' id='word_1_334' title='bbox 1001 1862 1115 1905; x_wconf 82' lang='lat' dir='ltr'>vituli,</span> <span class='ocrx_word' id='word_1_335' title='bbox 1141 1867 1171 1896; x_wconf 79' lang='lat' dir='ltr'>et</span> <span class='ocrx_word' id='word_1_336' title='bbox 1197 1861 1283 1896; x_wconf 78' lang='lat' dir='ltr'>hirci</span> <span class='ocrx_word' id='word_1_337' title='bbox 1310 1862 1454 1908; x_wconf 66' lang='lat' dir='ltr'>insertur</span> <span class='ocrx_word' id='word_1_338' title='bbox 1479 1863 1513 1896; x_wconf 84' lang='lat' dir='ltr'>in</span> <span class='ocrx_word' id='word_1_339' title='bbox 1539 1862 1659 1897; x_wconf 77' lang='lat' dir='ltr'>Sancta</span> 
     </span>
     <span class='ocr_line' id='line_1_33' title="bbox 84 1913 1658 1964; baseline -0.002 -12"><span class='ocrx_word' id='word_1_340' title='bbox 84 1921 149 1964; x_wconf 72' lang='lat' dir='ltr'>por</span> <span class='ocrx_word' id='word_1_341' title='bbox 172 1916 388 1964; x_wconf 65' lang='lat' dir='ltr'>Pontificem;</span> <span class='ocrx_word' id='word_1_342' title='bbox 410 1915 494 1963; x_wconf 88' lang='lat' dir='ltr'>quia</span> <span class='ocrx_word' id='word_1_343' title='bbox 515 1927 580 1963; x_wconf 90' lang='lat' dir='ltr'>per</span> <span class='ocrx_word' id='word_1_344' title='bbox 600 1916 816 1962; x_wconf 86' lang='lat' dir='ltr'>sanguinem</span> <span class='ocrx_word' id='word_1_345' title='bbox 838 1915 1017 1962; x_wconf 88' lang='lat' dir='ltr'>passionis</span> <span class='ocrx_word' id='word_1_346' title='bbox 1035 1914 1172 1950; x_wconf 87' lang='lat' dir='ltr'>Christi</span> <span class='ocrx_word' id='word_1_347' title='bbox 1191 1923 1288 1962; x_wconf 87' lang='lat' dir='ltr'>patet</span> <span class='ocrx_word' id='word_1_348' title='bbox 1308 1915 1413 1950; x_wconf 90' lang='lat' dir='ltr'>nobis</span> <span class='ocrx_word' id='word_1_349' title='bbox 1435 1915 1602 1950; x_wconf 83' lang='lat' dir='ltr'>introitus</span> <span class='ocrx_word' id='word_1_350' title='bbox 1623 1913 1658 1949; x_wconf 88' lang='lat' dir='ltr'>in</span> 
     </span>
     <span class='ocr_line' id='line_1_34' title="bbox 89 1969 1658 2017; baseline -0.002 -11"><span class='ocrx_word' id='word_1_351' title='bbox 89 1979 244 2017; x_wconf 82' lang='lat' dir='ltr'>regnum</span> <span class='ocrx_word' id='word_1_352' title='bbox 263 1969 473 2006; x_wconf 83' lang='lat' dir='ltr'>coelorum:</span> <span class='ocrx_word' id='word_1_353' title='bbox 495 1971 738 2006; x_wconf 82' lang='lat' dir='ltr'>comburuntur</span> <span class='ocrx_word' id='word_1_354' title='bbox 758 1975 866 2005; x_wconf 70' lang='lat' dir='ltr'>atatem</span> <span class='ocrx_word' id='word_1_355' title='bbox 892 1981 1008 2005; x_wconf 70' lang='lat' dir='ltr'>eorum</span> <span class='ocrx_word' id='word_1_356' title='bbox 1029 1974 1173 2016; x_wconf 84' lang='lat' dir='ltr'>corpora</span> <span class='ocrx_word' id='word_1_357' title='bbox 1198 1974 1294 2004; x_wconf 74' lang='lat' dir='ltr'>extra</span> <span class='ocrx_word' id='word_1_358' title='bbox 1321 1974 1443 2009; x_wconf 69' lang='lat' dir='ltr'>castra:</span> <span class='ocrx_word' id='word_1_359' title='bbox 1463 1969 1547 2015; x_wconf 87' lang='lat' dir='ltr'>quia</span> <span class='ocrx_word' id='word_1_360' title='bbox 1564 1974 1658 2004; x_wconf 71' lang='lat' dir='ltr'>extro</span> 
     </span>
     <span class='ocr_line' id='line_1_35' title="bbox 84 2022 1659 2072; baseline -0.003 -11"><span class='ocrx_word' id='word_1_361' title='bbox 84 2028 222 2072; x_wconf 79' lang='lat' dir='ltr'>portam</span> <span class='ocrx_word' id='word_1_362' title='bbox 244 2023 396 2061; x_wconf 77' lang='lat' dir='ltr'>christus</span> <span class='ocrx_word' id='word_1_363' title='bbox 414 2030 529 2072; x_wconf 76' lang='lat' dir='ltr'>passus</span> <span class='ocrx_word' id='word_1_364' title='bbox 549 2029 605 2067; x_wconf 79' lang='lat' dir='ltr'>est,</span> <span class='ocrx_word' id='word_1_365' title='bbox 628 2033 666 2058; x_wconf 90' lang='lat' dir='ltr'>ut</span> <span class='ocrx_word' id='word_1_366' title='bbox 680 2023 879 2071; x_wconf 82' lang='lat' dir='ltr'>Apostolus</span> <span class='ocrx_word' id='word_1_367' title='bbox 900 2023 988 2058; x_wconf 89' lang='lat' dir='ltr'>dicit</span> <span class='ocrx_word' id='word_1_368' title='bbox 1008 2023 1052 2057; x_wconf 85' lang='lat' dir='ltr'>ad</span> <span class='ocrx_word' id='word_1_369' title='bbox 1069 2023 1176 2057; x_wconf 84' lang='lat' dir='ltr'>Hebr.</span> <span class='ocrx_word' id='word_1_370' title='bbox 1194 2022 1273 2058; x_wconf 90' lang='lat' dir='ltr'>ult.:</span> <span class='ocrx_word' id='word_1_371' title='bbox 1294 2034 1354 2069; x_wconf 84' lang='lat' dir='ltr'>per</span> <span class='ocrx_word' id='word_1_372' title='bbox 1373 2023 1502 2058; x_wconf 83' lang='lat' dir='ltr'>hircum</span> <span class='ocrx_word' id='word_1_373' title='bbox 1525 2031 1659 2064; x_wconf 84' lang='lat' dir='ltr'>autem,</span> 
     </span>
     <span class='ocr_line' id='line_1_36' title="bbox 90 2075 1661 2126; baseline -0.003 -11"><span class='ocrx_word' id='word_1_374' title='bbox 90 2078 154 2126; x_wconf 83' lang='lat' dir='ltr'>qui</span> <span class='ocrx_word' id='word_1_375' title='bbox 172 2078 414 2121; x_wconf 71' lang='lat' dir='ltr'>eminebatur,</span> <span class='ocrx_word' id='word_1_376' title='bbox 435 2085 554 2125; x_wconf 84' lang='lat' dir='ltr'>potest</span> <span class='ocrx_word' id='word_1_377' title='bbox 575 2077 771 2124; x_wconf 81' lang='lat' dir='ltr'>significari</span> <span class='ocrx_word' id='word_1_378' title='bbox 791 2077 844 2112; x_wconf 73' lang='lat' dir='ltr'>vel</span> <span class='ocrx_word' id='word_1_379' title='bbox 865 2077 941 2124; x_wconf 87' lang='lat' dir='ltr'>ipsa</span> <span class='ocrx_word' id='word_1_380' title='bbox 967 2076 1136 2111; x_wconf 87' lang='lat' dir='ltr'>divinitas</span> <span class='ocrx_word' id='word_1_381' title='bbox 1157 2076 1307 2118; x_wconf 87' lang='lat' dir='ltr'>Christi,</span> <span class='ocrx_word' id='word_1_382' title='bbox 1329 2087 1421 2123; x_wconf 84' lang='lat' dir='ltr'>quae</span> <span class='ocrx_word' id='word_1_383' title='bbox 1443 2076 1479 2111; x_wconf 91' lang='lat' dir='ltr'>in</span> <span class='ocrx_word' id='word_1_384' title='bbox 1500 2075 1661 2111; x_wconf 87' lang='lat' dir='ltr'>solitudi-</span> 
     </span>
     <span class='ocr_line' id='line_1_37' title="bbox 90 2130 1657 2178; baseline -0.003 -9"><span class='ocrx_word' id='word_1_385' title='bbox 90 2143 178 2169; x_wconf 85' lang='lat' dir='ltr'>nem</span> <span class='ocrx_word' id='word_1_386' title='bbox 197 2132 296 2176; x_wconf 78' lang='lat' dir='ltr'>abiit,</span> <span class='ocrx_word' id='word_1_387' title='bbox 315 2132 468 2168; x_wconf 86' lang='lat' dir='ltr'>homine</span> <span class='ocrx_word' id='word_1_388' title='bbox 485 2131 634 2168; x_wconf 88' lang='lat' dir='ltr'>Christo</span> <span class='ocrx_word' id='word_1_389' title='bbox 653 2131 822 2178; x_wconf 88' lang='lat' dir='ltr'>patiente,</span> <span class='ocrx_word' id='word_1_390' title='bbox 836 2142 909 2166; x_wconf 92' lang='lat' dir='ltr'>non</span> <span class='ocrx_word' id='word_1_391' title='bbox 925 2131 1072 2177; x_wconf 89' lang='lat' dir='ltr'>quidem</span> <span class='ocrx_word' id='word_1_392' title='bbox 1091 2130 1215 2165; x_wconf 84' lang='lat' dir='ltr'>locum</span> <span class='ocrx_word' id='word_1_393' title='bbox 1237 2138 1394 2172; x_wconf 86' lang='lat' dir='ltr'>mutans,</span> <span class='ocrx_word' id='word_1_394' title='bbox 1411 2130 1474 2165; x_wconf 90' lang='lat' dir='ltr'>sed</span> <span class='ocrx_word' id='word_1_395' title='bbox 1489 2130 1657 2165; x_wconf 80' lang='lat' dir='ltr'>virtutem</span> 
     </span>
     <span class='ocr_line' id='line_1_38' title="bbox 91 2183 1659 2233; baseline -0.004 -10"><span class='ocrx_word' id='word_1_396' title='bbox 91 2186 286 2230; x_wconf 76' lang='lat' dir='ltr'>cohibens3</span> <span class='ocrx_word' id='word_1_397' title='bbox 305 2186 358 2222; x_wconf 80' lang='lat' dir='ltr'>vel</span> <span class='ocrx_word' id='word_1_398' title='bbox 376 2185 600 2233; x_wconf 84' lang='lat' dir='ltr'>significatur</span> <span class='ocrx_word' id='word_1_399' title='bbox 621 2184 917 2232; x_wconf 85' lang='lat' dir='ltr'>concupiscentia</span> <span class='ocrx_word' id='word_1_400' title='bbox 944 2183 1053 2225; x_wconf 76' lang='lat' dir='ltr'>mala,</span> <span class='ocrx_word' id='word_1_401' title='bbox 1079 2195 1190 2231; x_wconf 85' lang='lat' dir='ltr'>quam</span> <span class='ocrx_word' id='word_1_402' title='bbox 1212 2183 1386 2218; x_wconf 87' lang='lat' dir='ltr'>debemus</span> <span class='ocrx_word' id='word_1_403' title='bbox 1408 2195 1428 2218; x_wconf 93' lang='lat' dir='ltr'>a</span> <span class='ocrx_word' id='word_1_404' title='bbox 1450 2183 1555 2218; x_wconf 86' lang='lat' dir='ltr'>nobis</span> <span class='ocrx_word' id='word_1_405' title='bbox 1576 2183 1659 2228; x_wconf 80' lang='lat' dir='ltr'>abji-</span> 
     </span>
     <span class='ocr_line' id='line_1_39' title="bbox 90 2237 1659 2283; baseline -0.005 -6"><span class='ocrx_word' id='word_1_406' title='bbox 90 2250 188 2283; x_wconf 80' lang='lat' dir='ltr'>cere,</span> <span class='ocrx_word' id='word_1_407' title='bbox 207 2240 390 2276; x_wconf 82' lang='lat' dir='ltr'>virtuosos</span> <span class='ocrx_word' id='word_1_408' title='bbox 411 2248 533 2275; x_wconf 89' lang='lat' dir='ltr'>autem</span> <span class='ocrx_word' id='word_1_409' title='bbox 555 2247 677 2274; x_wconf 90' lang='lat' dir='ltr'>motus</span> <span class='ocrx_word' id='word_1_410' title='bbox 692 2239 855 2273; x_wconf 91' lang='lat' dir='ltr'>Domino</span> <span class='ocrx_word' id='word_1_411' title='bbox 877 2237 1087 2273; x_wconf 88' lang='lat' dir='ltr'>immolare:</span> <span class='ocrx_word' id='word_1_412' title='bbox 1110 2237 1154 2272; x_wconf 91' lang='lat' dir='ltr'>de</span> <span class='ocrx_word' id='word_1_413' title='bbox 1173 2237 1402 2272; x_wconf 84' lang='lat' dir='ltr'>immunditia</span> <span class='ocrx_word' id='word_1_414' title='bbox 1416 2248 1504 2272; x_wconf 78' lang='lat' dir='ltr'>vero</span> <span class='ocrx_word' id='word_1_415' title='bbox 1519 2247 1659 2276; x_wconf 84' lang='lat' dir='ltr'>eorum,</span> 
     </span>
     <span class='ocr_line' id='line_1_40' title="bbox 91 2290 1660 2342; baseline -0.003 -12"><span class='ocrx_word' id='word_1_416' title='bbox 91 2294 154 2342; x_wconf 80' lang='lat' dir='ltr'>qni</span> <span class='ocrx_word' id='word_1_417' title='bbox 174 2293 384 2341; x_wconf 87' lang='lat' dir='ltr'>hujusmodi</span> <span class='ocrx_word' id='word_1_418' title='bbox 404 2293 581 2329; x_wconf 85' lang='lat' dir='ltr'>sacrificia</span> <span class='ocrx_word' id='word_1_419' title='bbox 603 2292 876 2335; x_wconf 83' lang='lat' dir='ltr'>comburebant,</span> <span class='ocrx_word' id='word_1_420' title='bbox 894 2291 1022 2327; x_wconf 87' lang='lat' dir='ltr'>eadem</span> <span class='ocrx_word' id='word_1_421' title='bbox 1045 2291 1137 2326; x_wconf 86' lang='lat' dir='ltr'>ratio</span> <span class='ocrx_word' id='word_1_422' title='bbox 1158 2299 1223 2333; x_wconf 89' lang='lat' dir='ltr'>est,</span> <span class='ocrx_word' id='word_1_423' title='bbox 1244 2302 1336 2338; x_wconf 88' lang='lat' dir='ltr'>quac</span> <span class='ocrx_word' id='word_1_424' title='bbox 1358 2290 1393 2326; x_wconf 89' lang='lat' dir='ltr'>in</span> <span class='ocrx_word' id='word_1_425' title='bbox 1415 2290 1594 2326; x_wconf 74' lang='lat' dir='ltr'>sacrificio</span> <span class='ocrx_word' id='word_1_426' title='bbox 1612 2290 1660 2324; x_wconf 85' lang='lat' dir='ltr'>vi-</span> 
     </span>
     <span class='ocr_line' id='line_1_41' title="bbox 90 2345 816 2393; baseline -0.006 -9"><span class='ocrx_word' id='word_1_427' title='bbox 90 2346 190 2384; x_wconf 80' lang='lat' dir='ltr'>tulae</span> <span class='ocrx_word' id='word_1_428' title='bbox 209 2346 310 2383; x_wconf 83' lang='lat' dir='ltr'>rufae</span> <span class='ocrx_word' id='word_1_429' title='bbox 329 2347 426 2383; x_wconf 85' lang='lat' dir='ltr'>dicta</span> <span class='ocrx_word' id='word_1_430' title='bbox 446 2355 500 2383; x_wconf 88' lang='lat' dir='ltr'>est</span> <span class='ocrx_word' id='word_1_431' title='bbox 520 2347 573 2392; x_wconf 82' lang='lat' dir='ltr'>(in</span> <span class='ocrx_word' id='word_1_432' title='bbox 596 2354 677 2393; x_wconf 69' lang='lat' dir='ltr'>resp.</span> <span class='ocrx_word' id='word_1_433' title='bbox 699 2346 743 2381; x_wconf 80' lang='lat' dir='ltr'>ad</span> <span class='ocrx_word' id='word_1_434' title='bbox 758 2357 774 2391; x_wconf 90' lang='lat'>5</span> <span class='ocrx_word' id='word_1_435' title='bbox 779 2345 816 2390; x_wconf 90' lang='lat'>.).</span> 
     </span>
    </p>

    <p class='ocr_par' dir='ltr' id='par_1_4' title="bbox 90 2398 1662 2928">
     <span class='ocr_line' id='line_1_42' title="bbox 161 2398 1659 2447; baseline -0.004 -9"><span class='ocrx_word' id='word_1_436' title='bbox 161 2401 223 2437; x_wconf 79' lang='lat' dir='ltr'>AD</span> <span class='ocrx_word' id='word_1_437' title='bbox 239 2410 434 2438; x_wconf 67' lang='lat' dir='ltr'>smmum</span> <span class='ocrx_word' id='word_1_438' title='bbox 446 2399 654 2442; x_wconf 86' lang='lat' dir='ltr'>dicendum,</span> <span class='ocrx_word' id='word_1_439' title='bbox 667 2399 766 2447; x_wconf 88' lang='lat' dir='ltr'>quod</span> <span class='ocrx_word' id='word_1_440' title='bbox 787 2410 851 2446; x_wconf 87' lang='lat' dir='ltr'>per</span> <span class='ocrx_word' id='word_1_441' title='bbox 871 2399 979 2434; x_wconf 87' lang='lat' dir='ltr'>ritum</span> <span class='ocrx_word' id='word_1_442' title='bbox 1001 2398 1092 2445; x_wconf 90' lang='lat' dir='ltr'>legis</span> <span class='ocrx_word' id='word_1_443' title='bbox 1114 2398 1278 2446; x_wconf 88' lang='lat' dir='ltr'>leprosus</span> <span class='ocrx_word' id='word_1_444' title='bbox 1300 2409 1373 2433; x_wconf 92' lang='lat' dir='ltr'>non</span> <span class='ocrx_word' id='word_1_445' title='bbox 1397 2398 1659 2433; x_wconf 81' lang='lat' dir='ltr'>emundabatur</span> 
     </span>
     <span class='ocr_line' id='line_1_43' title="bbox 91 2452 1657 2503; baseline -0.004 -12"><span class='ocrx_word' id='word_1_446' title='bbox 91 2464 115 2491; x_wconf 81' lang='lat' dir='ltr'>a</span> <span class='ocrx_word' id='word_1_447' title='bbox 131 2453 278 2490; x_wconf 84' lang='lat' dir='ltr'>macula</span> <span class='ocrx_word' id='word_1_448' title='bbox 300 2453 435 2503; x_wconf 86' lang='lat' dir='ltr'>leprae,</span> <span class='ocrx_word' id='word_1_449' title='bbox 461 2454 523 2490; x_wconf 84' lang='lat' dir='ltr'>sed</span> <span class='ocrx_word' id='word_1_450' title='bbox 545 2453 760 2488; x_wconf 84' lang='lat' dir='ltr'>emundatus</span> <span class='ocrx_word' id='word_1_451' title='bbox 782 2453 1054 2488; x_wconf 85' lang='lat' dir='ltr'>ostendebatur:</span> <span class='ocrx_word' id='word_1_452' title='bbox 1077 2461 1112 2488; x_wconf 91' lang='lat' dir='ltr'>et</span> <span class='ocrx_word' id='word_1_453' title='bbox 1133 2452 1204 2487; x_wconf 88' lang='lat' dir='ltr'>hoc</span> <span class='ocrx_word' id='word_1_454' title='bbox 1227 2452 1451 2496; x_wconf 72' lang='lat' dir='ltr'>significatur</span> <span class='ocrx_word' id='word_1_455' title='bbox 1472 2452 1584 2486; x_wconf 83' lang='lat' dir='ltr'>Levit.</span> <span class='ocrx_word' id='word_1_456' title='bbox 1606 2462 1657 2494; x_wconf 66' lang='lat'>¹4-</span> 
     </span>
     <span class='ocr_line' id='line_1_44' title="bbox 91 2505 1658 2553; baseline -0.004 -8"><span class='ocrx_word' id='word_1_457' title='bbox 91 2519 178 2545; x_wconf 82' lang='lat' dir='ltr'>cum</span> <span class='ocrx_word' id='word_1_458' title='bbox 197 2507 328 2544; x_wconf 85' lang='lat' dir='ltr'>dicitur</span> <span class='ocrx_word' id='word_1_459' title='bbox 347 2508 393 2543; x_wconf 88' lang='lat' dir='ltr'>de</span> <span class='ocrx_word' id='word_1_460' title='bbox 413 2506 620 2543; x_wconf 84' lang='lat' dir='ltr'>sacerdote:</span> <span class='ocrx_word' id='word_1_461' title='bbox 645 2506 730 2542; x_wconf 85' lang='lat' dir='ltr'>Cum</span> <span class='ocrx_word' id='word_1_462' title='bbox 751 2507 914 2542; x_wconf 66' lang='lat' dir='ltr'>imvnerit</span> <span class='ocrx_word' id='word_1_463' title='bbox 939 2506 1064 2553; x_wconf 73' lang='lat' dir='ltr'>lepram</span> <span class='ocrx_word' id='word_1_464' title='bbox 1083 2518 1145 2541; x_wconf 72' lang='lat' dir='ltr'>csse</span> <span class='ocrx_word' id='word_1_465' title='bbox 1166 2505 1391 2547; x_wconf 69' lang='lat' dir='ltr'>emumlatum,</span> <span class='ocrx_word' id='word_1_466' title='bbox 1411 2507 1591 2552; x_wconf 59' lang='lat' dir='ltr'>praecipiet</span> <span class='ocrx_word' id='word_1_467' title='bbox 1616 2506 1658 2547; x_wconf 71' lang='lat' dir='ltr'>ai,</span> 
     </span>
     <span class='ocr_line' id='line_1_45' title="bbox 91 2559 1660 2610; baseline -0.003 -12"><span class='ocrx_word' id='word_1_468' title='bbox 91 2562 150 2610; x_wconf 71' lang='lat' dir='ltr'>qni</span> <span class='ocrx_word' id='word_1_469' title='bbox 167 2561 394 2610; x_wconf 76' lang='lat' dir='ltr'>purificatur:</span> <span class='ocrx_word' id='word_1_470' title='bbox 419 2561 493 2607; x_wconf 81' lang='lat' dir='ltr'>jam</span> <span class='ocrx_word' id='word_1_471' title='bbox 525 2571 613 2605; x_wconf 80' lang='lat' dir='ltr'>ergo</span> <span class='ocrx_word' id='word_1_472' title='bbox 640 2559 738 2607; x_wconf 87' lang='lat' dir='ltr'>lepra</span> <span class='ocrx_word' id='word_1_473' title='bbox 765 2560 938 2595; x_wconf 85' lang='lat' dir='ltr'>mundata</span> <span class='ocrx_word' id='word_1_474' title='bbox 967 2569 1059 2595; x_wconf 86' lang='lat' dir='ltr'>erat:</span> <span class='ocrx_word' id='word_1_475' title='bbox 1087 2560 1149 2595; x_wconf 86' lang='lat' dir='ltr'>sed</span> <span class='ocrx_word' id='word_1_476' title='bbox 1181 2559 1358 2606; x_wconf 76' lang='lat' dir='ltr'>purificari</span> <span class='ocrx_word' id='word_1_477' title='bbox 1389 2559 1585 2599; x_wconf 80' lang='lat' dir='ltr'>dicebatur,</span> <span class='ocrx_word' id='word_1_478' title='bbox 1612 2559 1660 2593; x_wconf 92' lang='lat' dir='ltr'>in-</span> 
     </span>
     <span class='ocr_line' id='line_1_46' title="bbox 90 2612 1662 2664; baseline -0.004 -12"><span class='ocrx_word' id='word_1_479' title='bbox 90 2622 267 2664; x_wconf 76' lang='lat' dir='ltr'>quantum</span> <span class='ocrx_word' id='word_1_480' title='bbox 295 2614 431 2662; x_wconf 80' lang='lat' dir='ltr'>judicio</span> <span class='ocrx_word' id='word_1_481' title='bbox 459 2614 658 2649; x_wconf 87' lang='lat' dir='ltr'>sacerdotis</span> <span class='ocrx_word' id='word_1_482' title='bbox 687 2613 937 2648; x_wconf 86' lang='lat' dir='ltr'>restituebatur</span> <span class='ocrx_word' id='word_1_483' title='bbox 964 2614 1151 2649; x_wconf 87' lang='lat' dir='ltr'>consortio</span> <span class='ocrx_word' id='word_1_484' title='bbox 1178 2613 1384 2653; x_wconf 82' lang='lat' dir='ltr'>hominum,</span> <span class='ocrx_word' id='word_1_485' title='bbox 1410 2621 1444 2647; x_wconf 85' lang='lat' dir='ltr'>et</span> <span class='ocrx_word' id='word_1_486' title='bbox 1474 2612 1585 2647; x_wconf 87' lang='lat' dir='ltr'>cultui</span> <span class='ocrx_word' id='word_1_487' title='bbox 1611 2612 1662 2646; x_wconf 89' lang='lat' dir='ltr'>di-</span> 
     </span>
     <span class='ocr_line' id='line_1_47' title="bbox 90 2665 1659 2715; baseline -0.004 -10"><span class='ocrx_word' id='word_1_488' title='bbox 90 2669 194 2705; x_wconf 78' lang='lat' dir='ltr'>vino:</span> <span class='ocrx_word' id='word_1_489' title='bbox 215 2668 450 2715; x_wconf 84' lang='lat' dir='ltr'>contingebat</span> <span class='ocrx_word' id='word_1_490' title='bbox 469 2675 591 2703; x_wconf 84' lang='lat' dir='ltr'>tamen</span> <span class='ocrx_word' id='word_1_491' title='bbox 613 2667 844 2714; x_wconf 86' lang='lat' dir='ltr'>quandoque,</span> <span class='ocrx_word' id='word_1_492' title='bbox 859 2675 897 2702; x_wconf 90' lang='lat' dir='ltr'>ut</span> <span class='ocrx_word' id='word_1_493' title='bbox 911 2667 1035 2702; x_wconf 85' lang='lat' dir='ltr'>divino</span> <span class='ocrx_word' id='word_1_494' title='bbox 1058 2667 1235 2701; x_wconf 82' lang='lat' dir='ltr'>miraculo</span> <span class='ocrx_word' id='word_1_495' title='bbox 1255 2678 1317 2712; x_wconf 82' lang='lat' dir='ltr'>per</span> <span class='ocrx_word' id='word_1_496' title='bbox 1339 2666 1446 2700; x_wconf 83' lang='lat' dir='ltr'>ritum</span> <span class='ocrx_word' id='word_1_497' title='bbox 1470 2665 1560 2710; x_wconf 77' lang='lat' dir='ltr'>legis</span> <span class='ocrx_word' id='word_1_498' title='bbox 1583 2677 1659 2700; x_wconf 84' lang='lat' dir='ltr'>cor-</span> 
     </span>
     <span class='ocr_line' id='line_1_48' title="bbox 91 2718 1659 2770; baseline -0.004 -12"><span class='ocrx_word' id='word_1_499' title='bbox 91 2721 228 2770; x_wconf 76' lang='lat' dir='ltr'>poralis</span> <span class='ocrx_word' id='word_1_500' title='bbox 247 2721 481 2757; x_wconf 87' lang='lat' dir='ltr'>mundaretur</span> <span class='ocrx_word' id='word_1_501' title='bbox 494 2720 604 2768; x_wconf 88' lang='lat' dir='ltr'>lepra,</span> <span class='ocrx_word' id='word_1_502' title='bbox 620 2720 766 2767; x_wconf 85' lang='lat' dir='ltr'>quando</span> <span class='ocrx_word' id='word_1_503' title='bbox 781 2720 950 2756; x_wconf 87' lang='lat' dir='ltr'>sacerdos</span> <span class='ocrx_word' id='word_1_504' title='bbox 965 2720 1211 2767; x_wconf 84' lang='lat' dir='ltr'>decipiebatur</span> <span class='ocrx_word' id='word_1_505' title='bbox 1227 2720 1261 2754; x_wconf 87' lang='lat' dir='ltr'>in</span> <span class='ocrx_word' id='word_1_506' title='bbox 1279 2719 1433 2763; x_wconf 59' lang='lat' dir='ltr'>judit-im</span> <span class='ocrx_word' id='word_1_507' title='bbox 1451 2718 1659 2763; x_wconf 84' lang='lat' dir='ltr'>hujusmodi</span> 
     </span>
     <span class='ocr_line' id='line_1_49' title="bbox 91 2773 1660 2823; baseline -0.004 -10"><span class='ocrx_word' id='word_1_508' title='bbox 91 2783 215 2813; x_wconf 68' lang='lat' dir='ltr'>tutem</span> <span class='ocrx_word' id='word_1_509' title='bbox 235 2774 439 2823; x_wconf 77' lang='lat' dir='ltr'>purificatio</span> <span class='ocrx_word' id='word_1_510' title='bbox 463 2773 597 2821; x_wconf 87' lang='lat' dir='ltr'>leprosi</span> <span class='ocrx_word' id='word_1_511' title='bbox 622 2773 800 2822; x_wconf 76' lang='lat' dir='ltr'>dupliciter</span> <span class='ocrx_word' id='word_1_512' title='bbox 820 2773 945 2809; x_wconf 84' lang='lat' dir='ltr'>fiebat:</span> <span class='ocrx_word' id='word_1_513' title='bbox 968 2785 1054 2809; x_wconf 88' lang='lat' dir='ltr'>nam</span> <span class='ocrx_word' id='word_1_514' title='bbox 1073 2775 1187 2820; x_wconf 82' lang='lat' dir='ltr'>primo</span> <span class='ocrx_word' id='word_1_515' title='bbox 1210 2773 1434 2818; x_wconf 84' lang='lat' dir='ltr'>judicabatur</span> <span class='ocrx_word' id='word_1_516' title='bbox 1459 2784 1537 2807; x_wconf 84' lang='lat' dir='ltr'>csse</span> <span class='ocrx_word' id='word_1_517' title='bbox 1560 2784 1660 2807; x_wconf 89' lang='lat' dir='ltr'>mun-</span> 
     </span>
     <span class='ocr_line' id='line_1_50' title="bbox 90 2826 1660 2874; baseline -0.003 -9"><span class='ocrx_word' id='word_1_518' title='bbox 90 2827 176 2866; x_wconf 56' lang='grc' dir='ltr'>ὼε</span> <span class='ocrx_word' id='word_1_519' title='bbox 194 2827 333 2867; x_wconf 70' lang='lat' dir='ltr'>sanando</span> <span class='ocrx_word' id='word_1_520' title='bbox 353 2835 476 2864; x_wconf 87' lang='lat' dir='ltr'>autem</span> <span class='ocrx_word' id='word_1_521' title='bbox 501 2827 764 2869; x_wconf 63' lang='lat' dir='ltr'>restituebatur,</span> <span class='ocrx_word' id='word_1_522' title='bbox 784 2827 1165 2874; x_wconf 52' lang='lat' dir='ltr'>tamquam-mundus,</span> <span class='ocrx_word' id='word_1_523' title='bbox 1187 2826 1374 2861; x_wconf 87' lang='lat' dir='ltr'>consortio</span> <span class='ocrx_word' id='word_1_524' title='bbox 1397 2826 1603 2867; x_wconf 84' lang='lat' dir='ltr'>hominum,</span> <span class='ocrx_word' id='word_1_525' title='bbox 1625 2834 1660 2861; x_wconf 86' lang='lat' dir='ltr'>et</span> 
     </span>
     <span class='ocr_line' id='line_1_51' title="bbox 93 2878 1661 2928; baseline -0.003 -10"><span class='ocrx_word' id='word_1_526' title='bbox 93 2881 206 2919; x_wconf 72' lang='lat' dir='ltr'>cultui</span> <span class='ocrx_word' id='word_1_527' title='bbox 219 2879 356 2925; x_wconf 76' lang='lat' dir='ltr'>divino,</span> <span class='ocrx_word' id='word_1_528' title='bbox 368 2880 508 2917; x_wconf 81' lang='lat' dir='ltr'>scilicet</span> <span class='ocrx_word' id='word_1_529' title='bbox 525 2888 607 2928; x_wconf 81' lang='lat' dir='ltr'>post</span> <span class='ocrx_word' id='word_1_530' title='bbox 618 2889 758 2928; x_wconf 85' lang='lat' dir='ltr'>septem</span> <span class='ocrx_word' id='word_1_531' title='bbox 779 2880 874 2916; x_wconf 84' lang='lat' dir='ltr'>dies:</span> <span class='ocrx_word' id='word_1_532' title='bbox 897 2880 933 2916; x_wconf 91' lang='lat' dir='ltr'>in</span> <span class='ocrx_word' id='word_1_533' title='bbox 952 2879 1069 2928; x_wconf 81' lang='lat' dir='ltr'>prima</span> <span class='ocrx_word' id='word_1_534' title='bbox 1084 2888 1207 2916; x_wconf 85' lang='lat' dir='ltr'>autem</span> <span class='ocrx_word' id='word_1_535' title='bbox 1222 2879 1472 2926; x_wconf 79' lang='lat' dir='ltr'>purificatione</span> <span class='ocrx_word' id='word_1_536' title='bbox 1486 2878 1661 2914; x_wconf 69' lang='lat' dir='ltr'>offerebat</span> 
     </span>
    </p>
   </div>
  </div>
 </body>
</html>
