1907 3214
510 185 644 214 INDEX
677 185 836 215 PRIMAE
874 185 1104 216 SECUNDAE
1138 187 1303 218 PARTIS.
1646 189 1691 231 13

316 263 510 295 QUAESTIO
530 263 690 291 LXXVIII.

158 320 198 348 Dc
215 330 289 348 causa
303 323 411 358 peccati,
433 332 496 358 quae
514 328 548 349 est
567 332 597 349 ex
612 328 685 358 paru
703 323 852 355 voluntatis,

352 373 415 400 quae
435 364 528 390 dieitur
545 364 658 390 malitia.

130 431 155 449 1.
176 422 273 450 Utrum
293 423 392 459 aliquis
411 424 500 459 possit
513 432 545 450 ex
559 431 633 450 certa
652 424 767 456 malitia,
781 424 824 450 vel
839 425 879 450 in-

215 465 321 491 dustria
340 474 464 500 peccare.

128 513 154 531 2.
175 504 273 532 Utrum
293 507 458 542 quicumque
477 513 574 542 peccat
589 515 621 532 ex
635 506 741 539 habitu,
761 515 794 533 ex
809 515 881 534 certa

214 547 320 574 malitia
340 554 446 584 peccet.

129 595 154 622 3.
173 587 272 615 Utrum
295 590 460 624 quicumque
486 596 582 625 peccat
610 598 642 616 ex
662 596 737 616 certa
765 590 880 621 malitia,

215 638 248 660 ex
267 630 363 657 habitu
383 638 490 666 peccet.

126 679 153 704 4.
172 669 271 698 Utrum
292 671 350 704 illc,
371 673 416 707 qui
435 679 531 708 peccat
551 681 581 698 ex
597 679 671 698 certa
690 672 806 705 malitia,
822 682 881 708 gra-

212 712 274 739 vius
292 719 400 749 peccet,
420 722 501 749 quam
515 713 573 746 ille,
593 715 638 749 qui
654 720 752 750 peccat
770 722 802 740 ex
821 723 881 750 pas-

212 762 302 781 stone.

328 825 522 857 QUAESTIO
542 825 675 852 LXXIX.

181 882 221 910 De
239 884 320 909 comsit
337 884 500 911 exterioribus
512 885 611 920 peccati
629 893 659 910 ex
673 889 747 920 parte
766 883 826 911 Dei.

127 951 151 969 ι.
172 941 270 969 Utrum
289 943 366 969 Deus
384 944 421 969 sit
440 952 522 970 causa
541 944 658 979 peccati.

126 992 153 1011 a.
173 983 271 1012 Utrum
290 994 306 1011 a
325 985 386 1011 Deo
406 985 442 1011 sit
461 991 540 1011 actus
559 986 675 1020 peccari.

127 1034 152 1060 3.
173 1024 271 1052 Utrum
290 1025 366 1052 Deus
385 1027 422 1052 sit
441 1035 524 1052 causa
542 1028 756 1059 excaecationis,
780 1033 809 1053 et
832 1027 882 1054 ob-

195 1067 359 1095 durationis.

122 1117 151 1142 4.
171 1107 270 1135 Utrum
299 1109 367 1135 haec
387 1109 549 1135 ordinentur
567 1110 602 1135 ad
626 1109 743 1136 salutem
772 1119 880 1142 eorum,

211 1150 258 1186 qui
278 1156 470 1182 excaecantur,
490 1157 518 1176 et
537 1150 716 1177 obdurantur.

338 1225 535 1258 QUAESTIO
553 1226 672 1253 LXXX.

242 1284 283 1312 De
303 1294 378 1312 musa
392 1286 492 1323 peccati
509 1295 539 1312 ex
553 1291 628 1323 parte
646 1286 754 1321 diaboli.

126 1353 150 1372 t.
170 1344 269 1372 Utrum
289 1345 416 1373 diabolus
435 1347 472 1372 sit
491 1346 594 1372 directe
614 1355 696 1372 causa
714 1347 831 1382 peccati.

124 1394 150 1414 2.
171 1385 271 1414 Utrum
290 1386 417 1413 diabolus
436 1387 549 1414 inducat
567 1388 601 1414 ad
620 1389 790 1423 peccandum
811 1389 880 1414 inte-

212 1429 268 1454 rius
287 1428 490 1464 persuadendo.

127 1476 152 1504 3.
172 1467 272 1496 Utrum
290 1469 418 1496 diabolus
431 1470 520 1505 possit
534 1471 728 1497 necessitatem
747 1472 880 1507 peccandi

213 1511 354 1538 inducere.

122 1561 150 1586 4.
170 1551 270 1580 Utrum
283 1553 377 1580 omnia
395 1559 510 1590 peecata
528 1562 561 1580 ex
574 1553 678 1580 diaboli
698 1555 879 1590 suggestione

212 1595 387 1630 proveniant.

323 1671 519 1704 Qun-:sno
538 1672 672 1700 LXXXI.

240 1729 282 1757 De
300 1739 376 1756 causa
389 1731 488 1767 pucati
505 1740 536 1758 ex
550 1736 625 1768 parte
644 1732 760 1764 bominis,

150 1776 175 1798 n
192 1771 223 1798 de
242 1771 399 1800 undatione
414 1773 514 1808 pcccati
533 1773 676 1810 originalis,
697 1775 765 1809 cnjus
784 1774 857 1801 homo

330 1818 366 1840 cu
385 1822 460 1840 causa
474 1819 521 1851 per
539 1815 674 1851 originem.

125 1880 149 1900 t.
169 1871 268 1900 Utrum
296 1873 413 1909 primum
443 1881 587 1909 peccatum
607 1876 687 1910 primi
709 1875 831 1902 hominis
852 1876 880 1902 in

210 1920 339 1950 posteros
358 1914 497 1941 derivetur
515 1924 564 1951 per
582 1917 729 1952 originem.

121 1962 149 1982 a.
170 1954 269 1982 Utrum
300 1957 395 1982 omnia
425 1964 538 1992 peccata
566 1958 645 1992 primi
674 1959 805 1994 parentis,
836 1959 880 1985 vel

209 1998 293 2024 etiarn
311 1997 430 2025 aliorum
448 2005 592 2034 parentum
614 2008 662 2034 per
687 2001 825 2035 originem
852 2001 881 2026 in

210 2046 339 2075 posteros
357 2039 525 2066 deriventur.

123 2089 149 2116 3.
169 2080 268 2108 Utrum
279 2088 423 2117 peccatum
433 2082 570 2117 originale
581 2083 719 2109 derivetur
729 2084 762 2109 ad
769 2093 879 2116 omnes,

211 2123 258 2158 qui
268 2131 300 2149 ex
309 2123 396 2149 Adam
407 2131 456 2159 per
464 2124 537 2150 viam
548 2125 662 2150 seminis
673 2132 850 2159 generantur.

121 2172 150 2198 4.
168 2163 269 2192 Utrum
287 2172 431 2201 peccatum
459 2165 596 2201 originale
624 2167 658 2192 ad
684 2166 749 2193 illos
775 2167 880 2194 deriva-

211 2213 296 2239 retur,
316 2207 363 2242 qui
382 2206 548 2233 miraculose
567 2215 600 2234 ex
619 2208 710 2243 aliqua
735 2215 810 2244 parte
831 2209 880 2236 ho-

211 2248 294 2274 minis
315 2247 509 2275 formarentur.

124 2296 149 2323 5.
169 2288 279 2322 Utrum,
299 2290 322 2316 si
342 2289 466 2316 foemina
483 2297 637 2327 peccasset,
656 2292 716 2318 viro
741 2301 798 2318 non
819 2301 880 2328 pec-

210 2338 302 2365 cante,
322 2332 512 2360 mduceretur
529 2340 675 2369 peccatum
695 2334 843 2369 originale.

318 2408 515 2441 QUAESTD
531 2409 680 2438 LXXXII.

123 2466 165 2495 De
178 2472 282 2505 peceato
300 2468 423 2506 ortgiaealt'
439 2474 565 2506 quantum
581 2469 617 2496 ad
640 2479 711 2497 suam
737 2472 878 2498 essentiam.

126 2541 151 2561 t.
170 2533 270 2561 Utrum
289 2534 426 2570 originale
445 2541 589 2571 peecatum
609 2536 646 2562 sit
665 2535 786 2563 habitus.

124 2583 151 2603 a.
170 2574 270 2603 Utrum
289 2576 326 2602 ait
341 2583 448 2603 tantum
461 2585 547 2603 unum
567 2577 595 2603 in
614 2586 671 2604 uno
692 2578 816 2605 homine.

125 2625 150 2653 3.
171 2616 270 2644 Utrum
288 2618 326 2644 ait
344 2619 582 2654 concupiscentia.

123 2667 151 2693 4.
171 2658 270 2686 Utrum
289 2659 327 2686 eit
344 2659 495 2695 aequaliter
513 2661 541 2686 in
561 2661 700 2688 omnibus.

311 2735 505 2768 QUAESTIO
525 2737 688 2765 LXXXIII.

278 2795 319 2823 De
337 2795 446 2832 abiecto
464 2797 598 2833 origInalis
614 2788 722 2834 peccati.

127 2863 152 2883 t.
170 2854 270 2883 Utrum
290 2856 444 2892 subiectum
464 2856 609 2893 originalis
622 2859 730 2893 peccati
743 2867 790 2894 per
805 2860 879 2894 prius

212 2898 250 2925 tit
268 2906 345 2932 caro,
365 2908 399 2925 an
419 2899 521 2926 anima.

939 275 965 292 2.
987 266 1096 299 Utrum,
1117 268 1139 293 si
1160 269 1261 300 anima,
1282 277 1330 304 per
1348 270 1510 302 essentiam,
1524 269 1567 296 vel
1587 278 1635 306 per
1647 279 1696 306 po-

1009 315 1110 334 tenuas
1129 317 1203 336 suas.

940 358 964 384 3.
986 349 1084 376 Utrum
1104 350 1233 376 voluntas
1253 360 1300 386 per
1319 352 1393 387 prius
1414 353 1449 378 sit
1465 353 1620 387 subjectum
1633 361 1698 389 pec-

1028 393 1082 417 cati
1102 393 1258 428 originalis,
1279 402 1359 428 quam
1380 393 1451 419 aliae
1470 395 1622 429 potentiae.

937 441 964 465 4.
987 432 1084 459 Utrum
1105 433 1212 469 aliquae
1232 435 1372 469 potentiae
1393 435 1499 460 animae
1518 436 1574 461 sint
1593 437 1697 471 specia-

1027 474 1089 500 liter
1102 475 1233 507 infectae,
1249 475 1372 501 scilicet:
1387 478 1556 511 generativa,
1571 478 1613 503 vis
1629 486 1694 504 con-

1027 517 1209 552 cupiscibilis,
1231 524 1259 543 et
1279 526 1376 544 sensus
1396 525 1496 544 tactus.

1126 623 1321 655 QUAESTIO
1342 624 1502 652 LXXXIV.

949 689 988 716 De
1007 698 1081 716 causa
1098 691 1206 726 peccati,
1226 690 1359 716 secundum
1378 691 1444 726 quod
1462 700 1539 716 unum
1556 696 1686 727 peccatum

1187 737 1222 758 es!
1242 741 1317 758 causa
1335 732 1451 759 alterius.

939 812 963 830 ι.
984 803 1082 830 Utrum
1107 804 1244 839 cupiditas
1272 805 1309 830 sit
1337 805 1413 830 radix
1440 805 1566 831 omnium
1597 813 1696 840 pecca-

1027 852 1128 871 torum.

938 895 964 913 2.
985 886 1083 913 Utrum
1104 887 1232 922 superbia
1252 888 1287 913 sit
1305 888 1416 913 initium
1437 888 1528 913 omnis
1548 888 1665 923 peccati.

939 936 963 962 3.
984 927 1084 954 Utrum
1111 936 1216 964 practer
1236 929 1403 964 superbiam,
1423 936 1452 955 et
1470 930 1623 962 avaritiam,
1652 931 1697 956 de-

1027 970 1108 996 beant
1125 971 1180 996 dici
1200 971 1328 1006 capitalia
1343 972 1410 998 vitia
1422 972 1555 1007 quaedam
1570 972 1624 998 alia
1637 981 1696 1008 spe-

1029 1012 1110 1038 cialia
1130 1020 1253 1048 peccata.

936 1062 964 1086 4.
984 1053 1083 1080 Utrum
1103 1061 1182 1089 quot,
1203 1061 1230 1080 et
1249 1063 1319 1089 quae
1338 1055 1394 1080 sint
1408 1055 1535 1090 capitalia
1553 1056 1630 1082 vitia.

1134 1154 1330 1186 QUAESTIO
1350 1155 1495 1182 LXXXV.

974 1218 1013 1245 De
1033 1219 1158 1255 effectibus
1173 1220 1272 1255 peccati
1290 1225 1412 1255 quantum
1429 1220 1464 1246 ad
1483 1221 1665 1257 corruptionem

1217 1261 1277 1287 bom'
1297 1266 1412 1288 naturae.

940 1340 962 1358 t.
984 1332 1082 1359 Utrum
1103 1340 1245 1368 peccatum
1267 1333 1402 1360 diminuat
1421 1335 1525 1360 bonum
1546 1342 1668 1362 naturae.

937 1382 962 1400 2.
984 1373 1082 1400 Utrum
1103 1374 1227 1400 totaliter
1246 1374 1308 1400 tolli
1328 1376 1428 1410 possit.

938 1423 962 1449 3.
985 1415 1026 1441 De
1046 1422 1164 1450 quatuor
1177 1415 1348 1449 vulneribus,
1362 1425 1432 1452 quae
1446 1416 1519 1443 Beda
1533 1419 1623 1453 ponit,
1638 1419 1697 1453 qui-

1027 1457 1077 1483 bus
1097 1457 1216 1483 humana
1235 1464 1332 1484 natura
1351 1458 1493 1484 vulnerata
1517 1466 1561 1485 est
1586 1466 1698 1495 propter

1026 1505 1180 1534 peccatum.

935 1549 962 1572 4.
983 1539 1082 1566 Utrum
1102 1541 1220 1576 privatio
1239 1541 1326 1573 modi,
1347 1542 1461 1576 speciei,
1482 1548 1510 1568 et
1535 1543 1640 1568 ordinis
1661 1543 1697 1568 sit

1024 1581 1139 1608 effectus
1159 1583 1276 1617 peccati.

938 1630 962 1656 5.
982 1622 1082 1649 Utrum
1095 1632 1181 1656 morS,
1203 1630 1230 1650 et
1249 1624 1295 1650 alii
1315 1624 1442 1651 defectus
1462 1625 1622 1661 corporales
1640 1626 1697 1652 sint

1025 1665 1140 1691 effectus
1155 1667 1272 1701 pcccati.

936 1705 962 1732 6.
983 1705 1081 1732 Utrum
1102 1715 1187 1738 mors,
1208 1714 1235 1733 et
1256 1707 1303 1733 alii
1323 1707 1450 1734 defectus
1469 1709 1628 1744 corporales
1641 1709 1696 1735 sint

1025 1748 1134 1774 homini
1153 1749 1246 1784 aliquo
1267 1750 1353 1775 modo
1373 1750 1522 1776 naturales.

1129 1849 1323 1881 QUAESTIO
1344 1851 1503 1878 LXXXVI.

950 1914 989 1941 De
1009 1915 1094 1952 effectu
1110 1917 1210 1952 peccati
1228 1922 1350 1952 quantum
1369 1916 1404 1942 ad
1422 1917 1551 1943 maculam
1570 1918 1682 1944 animae.

940 1995 963 2013 t.
984 1987 1083 2014 Utrum
1104 1987 1211 2014 macula
1230 1989 1338 2014 animae
1357 1989 1395 2014 sit
1413 1988 1528 2014 effectus
1547 1991 1664 2024 peccati.

937 2037 963 2056 2.
985 2028 1084 2055 Utrum
1096 2030 1203 2055 macula
1213 2037 1353 2056 remaneat
1368 2031 1396 2056 in
1411 2031 1503 2056 anima
1521 2038 1584 2066 poSt
1604 2038 1695 2057 actum

1026 2078 1143 2107 peccati.

1119 2177 1313 2209 QUAESTIO
1332 2177 1506 2204 LXXXVII.

967 2242 1006 2270 De
1025 2242 1111 2280 effcclu
1128 2245 1226 2280 peccati
1245 2249 1367 2279 quantum
1387 2244 1421 2270 ad
1439 2250 1536 2270 reatum
1553 2249 1659 2280 poenae,

1139 2291 1163 2312 et
1181 2285 1211 2311 de
1231 2286 1282 2322 ipso
1302 2291 1373 2311 reatu
1389 2291 1495 2322 poenae.

939 2367 961 2384 1.
984 2357 1081 2384 Utrum
1100 2365 1191 2384 reatus
1212 2367 1318 2393 poenae
1338 2359 1374 2384 sit
1394 2358 1510 2384 effectus
1530 2359 1647 2393 peccati.

936 2408 962 2427 2.
985 2398 1081 2426 Utrum
1093 2408 1178 2425 unum
1199 2407 1342 2435 peccatum
1362 2401 1452 2435 possit
1472 2409 1534 2426 esse
1555 2408 1646 2435 poena
1658 2400 1696 2426 al-

1027 2442 1111 2467 terius
1131 2442 1249 2476 peccati.

938 2492 961 2518 3.
984 2483 1080 2509 Utrum
1101 2483 1214 2518 aliquod
1234 2490 1377 2519 peccatum
1397 2483 1480 2509 faciat
1500 2492 1576 2509 reum
1590 2491 1696 2518 poenae

1027 2533 1165 2552 aeternae.

939 2576 966 2600 4.
988 2566 1086 2593 Utrum
1099 2567 1181 2593 faciat
1195 2576 1270 2592 reum
1286 2575 1391 2602 poenae
1407 2567 1530 2593 infinitae
1544 2566 1696 2592 secundum

1025 2610 1219 2644 quantitatem.

937 2659 961 2684 5.
984 2650 1082 2677 Utrum
1103 2659 1185 2676 omne
1206 2656 1349 2685 peccatum
1370 2649 1453 2676 faciat
1467 2659 1542 2675 reum
1557 2657 1696 2682 aeternae,

1025 2699 1053 2718 et
1073 2692 1196 2718 infinitae
1216 2701 1332 2728 poenae.

935 2735 961 2760 6.
983 2733 1081 2761 Utrum
1103 2741 1194 2760 reatus
1220 2742 1326 2769 poenae
1352 2735 1440 2769 possit
1466 2742 1606 2760 remanere
1633 2741 1697 2770 post

1023 2783 1178 2811 peccatum.

935 2825 962 2852 7.
983 2817 1081 2844 Utrum
1102 2818 1194 2843 omnis
1208 2826 1297 2852 poena
1312 2817 1445 2844 inferatur
1460 2826 1509 2853 pro
1522 2817 1618 2853 aliquo
1632 2826 1694 2853 pec-

1024 2867 1098 2886 cato.

934 2902 961 2928 8.
983 2900 1080 2927 Utrum
1102 2910 1172 2927 unus
1193 2902 1321 2936 puniatur
1342 2910 1390 2936 pro
1410 2908 1524 2936 peccato
1546 2901 1669 2928 alterius.
