1907 3198
478 173 704 208 QUAESTIO
738 174 844 205 XVII.
878 175 1128 206 ARTICULUS
1162 177 1254 207 VIII.
1580 181 1657 224 143

611 346 964 392 ARTICULUS
999 349 1125 392 VIII.
1596 376 1660 400 102

309 453 466 484 UTRUM
488 455 632 486 ACTus
660 457 828 488 ANIMAE
850 458 1140 488 VEGETABILIS
1163 460 1429 492 IMPERETUR.

164 539 267 588 (Insr.
290 553 319 588 q.
334 554 388 589 50.
417 549 482 579 art.
498 556 527 591 3.
544 544 588 579 ad
608 557 636 580 1.
656 551 686 581 et
703 558 773 582 2-2.
797 559 827 594 q.
847 548 897 583 18.
918 553 982 583 art.
1002 561 1029 583 I.
1050 548 1092 583 ad
1106 561 1134 596 3.
1154 554 1183 584 et
1197 562 1225 597 3.
1249 562 1334 597 φῆ.
1355 556 1420 586 art.
1436 563 1467 586 2.
1488 551 1532 586 ad
1544 565 1572 588 r.

67 599 97 632 et
107 607 138 643 q.
151 607 204 632 10.
214 600 280 631 art.
291 607 323 632 2.
341 604 430 645 corp.
446 603 477 634 et
489 610 520 634 2.
539 600 628 635 Dist.
643 612 701 637 20,
716 606 780 636 art.
795 614 827 637 2.
847 602 928 650 ad3.
944 603 1075 703 et)Veri.
1092 615 1122 650 q.
1138 616 1182 652 13.
1197 610 1264 640 art.
1277 616 1312 651 4.
1328 617 1358 652 q.
1373 617 1406 651 4.
1421 611 1489 641 art.
1504 619 1555 642 21.
1570 614 1660 655 corp.

720 661 750 692 et
769 669 797 692 Ι.
821 657 896 692 Eth.
915 658 976 704 fin.
1000 686 1006 692 .

136 739 197 775 AD
225 751 419 778 OCTAVUM
440 743 492 778 sic
514 745 735 792 proceditur.
758 746 924 791 Videtur,
947 749 1045 795 quod
1069 758 1171 785 actus
1193 751 1410 797 vegetabilis
1434 752 1580 788 animae
1595 753 1661 788 im-

63 794 164 843 perio
186 796 338 832 rationis
352 798 572 834 subdantur:
591 801 687 836 vires
707 802 806 836 enim
825 804 1020 839 sensitivae
1038 805 1240 840 nobiliores
1259 815 1344 842 sunt
1358 807 1495 842 viribus
1515 808 1660 843 animae

27 859 37 882 υ
61 849 300 896 vegetabilis:
330 852 394 887 sed
424 853 519 889 vires
552 855 698 891 animae
726 857 923 893 sensitivae
950 859 1154 894 subduntur
1179 861 1337 908 imperio
1364 862 1543 906 rationis;
1571 874 1659 910 ergo

61 903 180 939 multo
202 905 320 952 magis
341 908 438 942 vires
460 909 605 944 animae
627 911 856 958 vegetabilis.

132 968 165 993 2.
187 958 428 996 PRAETEREA.
450 962 576 998 Homo
600 965 733 1000 dicitur
754 968 868 1001 minor
885 967 1038 1011 mundus,
1060 969 1146 1016 quia
1165 969 1216 1004 sic
1233 970 1356 1005 anima
1371 979 1424 1006 est
1437 971 1476 1006 in
1491 983 1658 1019 corpore,

23 1006 29 1042 Ῐ
59 1011 154 1048 sicut
172 1013 275 1049 Deus
292 1014 330 1049 in
348 1016 507 1051 mundo:
531 1018 595 1053 sed
613 1019 714 1054 Deus
734 1021 784 1055 sic
809 1029 863 1056 est
883 1021 920 1055 in
943 1023 1096 1065 mundo,
1119 1024 1218 1070 quod
1241 1025 1379 1068 omnia,
1402 1038 1496 1072 quae
1518 1035 1603 1062 sunt
1620 1028 1658 1062 in

23 1076 29 1083 ¹
58 1067 211 1111 mundo,
230 1069 405 1105 obediunt
423 1072 499 1118 ejus
517 1073 691 1120 imperio;
711 1086 800 1122 ergo
820 1083 856 1110 et
873 1077 1011 1119 omnia,
1031 1089 1125 1124 quae
1143 1086 1227 1113 sunt
1244 1080 1281 1113 in
1299 1080 1465 1124 homine,
1485 1081 1660 1116 obediunt

57 1121 213 1168 imperio
234 1124 397 1168 rationis,
419 1126 532 1161 etiam
553 1128 648 1163 vires
670 1130 884 1176 vegetabilis
909 1132 1066 1167 animae.

36 1181 37 1184 ’
133 1187 163 1224 3.
184 1177 425 1215 PRAETEREA.
445 1180 556 1224 Laus,
576 1191 611 1217 et
631 1184 855 1231 vituperium
876 1197 953 1220 non
977 1187 1160 1234 contingit
1179 1188 1250 1223 nisi
1268 1189 1305 1223 in
1325 1190 1477 1233 actibus,
1500 1191 1562 1238 qui
1580 1192 1660 1226 sub-

57 1228 192 1265 duntur
211 1231 369 1279 imperio
391 1234 564 1271 rationis:
592 1237 656 1272 sed
683 1238 721 1272 in
749 1239 888 1274 actibus
911 1240 1117 1284 nutritivae,
1147 1250 1183 1276 et
1209 1245 1444 1289 generativae
1470 1246 1658 1292 potentiae

20 1314 26 1328 „
57 1285 238 1332 contingit
263 1298 343 1323 esse
368 1287 530 1333 laudem,
557 1299 594 1326 et
618 1291 853 1339 vituperium,
877 1302 913 1329 et
933 1295 1120 1338 virtutem,
1143 1305 1179 1331 et
1204 1298 1348 1341 vitium,
1375 1299 1470 1334 sicut
1495 1309 1595 1346 patet
1620 1301 1658 1335 in

0 1351 1 1356 ¹
20 1367 22 1370 ,
55 1337 154 1385 gula,
177 1348 213 1375 et
231 1339 386 1386 luxuria,
408 1351 444 1378 et
464 1344 657 1381 virtutibus
680 1348 873 1394 oppositis;
898 1360 987 1396 ergo
1015 1358 1118 1385 actus
1145 1351 1279 1386 harum
1305 1354 1556 1400 potentiarum
1578 1356 1659 1390 sub-

19 1388 25 1433 }
55 1392 190 1429 duntur
205 1395 362 1443 imperio
383 1398 548 1434 rationis.

127 1448 204 1485 SED
227 1460 385 1487 CONTRA
408 1461 473 1496 est,
496 1454 595 1501 quod
618 1455 730 1503 Greg.
753 1456 863 1504 Nyss.
888 1457 955 1502 (vel
968 1459 1099 1495 Nemes.
1119 1460 1177 1495 lib.
1196 1460 1233 1496 de
1255 1462 1337 1497 Nat.
1360 1463 1465 1498 Hom.
1486 1471 1559 1512 cap.
1582 1466 1654 1512 22.)

19 1504 22 1507 '
55 1502 155 1547 dicit,
169 1505 269 1551 quod
282 1505 320 1540 id
333 1507 433 1554 quod
450 1520 527 1543 non
542 1510 783 1556 persuadetur
802 1523 822 1546 a
840 1514 996 1557 ratione,
1016 1522 1070 1549 est
1087 1515 1314 1559 nutritivum,
1335 1526 1371 1552 et
1388 1519 1655 1565 generativum.

127 1557 362 1596 RESPONDEO
386 1561 597 1607 dicendum,
620 1565 720 1612 quod
739 1574 842 1601 actus
861 1567 1000 1614 quidam
1018 1570 1225 1615 procedunt
1243 1583 1287 1606 ex
1306 1573 1468 1619 appetitu
1486 1574 1656 1618 naturali,

53 1612 191 1660 quidam
213 1622 338 1650 autem
360 1628 404 1651 ex
423 1618 585 1664 appetitu
605 1620 768 1664 animali,
787 1621 846 1656 vel
864 1622 1124 1667 intellectuali;
1144 1636 1256 1661 omne
1276 1627 1375 1661 enim
1394 1640 1508 1675 agens
1531 1629 1654 1676 aliquo

54 1667 170 1702 modo
193 1670 330 1717 appetit
349 1670 474 1706 finem.
496 1673 691 1721 Appetitus
714 1684 839 1711 autem
864 1678 1041 1713 naturalis
1063 1691 1140 1714 non
1160 1682 1398 1728 consequitur
1416 1683 1578 1730 aliquam
1598 1696 1657 1732 ap·

51 1722 350 1769 prehensionem,
372 1725 468 1761 sicut
485 1729 649 1775 sequitur
668 1730 847 1777 appetitus
867 1732 1049 1776 animalis,
1070 1742 1106 1769 et
1123 1734 1397 1772 intellectualis:
1416 1738 1509 1773 ratio
1531 1747 1654 1774 autem

49 1776 209 1824 imperat
228 1790 295 1826 per
315 1780 470 1815 modum
493 1784 783 1829 apprehensivae
805 1786 960 1830 virtutis,
989 1796 1024 1823 et
1046 1789 1130 1824 ideo
1154 1798 1256 1825 actus
1278 1791 1342 1834 illi,
1365 1792 1428 1839 qui
1449 1794 1655 1840 procedunt

18 1866 30 1871 ,
51 1831 96 1865 ab
119 1833 280 1880 appetitu
301 1833 541 1879 intellectivo,
567 1837 627 1872 vel
654 1839 805 1874 animali
827 1850 981 1887 possunt
1003 1854 1023 1877 a
1045 1843 1187 1879 ratione
1215 1845 1399 1892 imperari,
1426 1859 1502 1882 non
1530 1857 1655 1884 autem

51 1894 154 1921 actus
180 1886 245 1931 illi,
272 1889 335 1935 qui
360 1891 567 1935 procedunt
600 1904 645 1927 ex
676 1895 838 1941 appetitu
866 1896 1043 1931 naturali:
1071 1898 1286 1945 hujusmodi
1313 1902 1413 1936 enim
1441 1911 1543 1938 actus
1571 1912 1655 1939 sunt

49 1941 267 1987 vegetabilis
289 1944 454 1980 animae:
477 1946 573 1981 unde
597 1947 754 1995 Gregor.
778 1949 935 1996 Nyssen.
960 1951 1046 1986 dicit
1069 1953 1148 1997 (loc.
1170 1961 1240 2002 sup.
1264 1957 1349 2002 cit),
1373 1957 1472 2003 quod
1498 1967 1653 1993 vocatur

49 1995 229 2039 naturale,
250 1998 349 2044 quod
371 2001 637 2046 generativum,
661 2011 696 2038 et
717 2005 952 2041 nutritivum:
977 2015 1012 2041 et
1031 2017 1180 2055 propter
1201 2010 1274 2044 hoc
1303 2019 1405 2046 actus
1434 2013 1651 2059 vegetabilis

50 2049 195 2086 animae
215 2063 292 2086 non
312 2054 516 2090 subduntur
535 2056 692 2104 imperio
714 2059 878 2094 rationis.

121 2105 184 2140 AD
205 2116 358 2143 PRIMUM
380 2120 469 2156 ergo
493 2110 702 2155 dicendum,
731 2114 828 2160 quod
857 2123 994 2161 quanto
1015 2116 1144 2164 aliquis
1164 2126 1265 2154 actus
1285 2129 1339 2155 est
1356 2121 1649 2166 immaterialior,

47 2164 151 2194 tanto
171 2168 224 2195 est
241 2162 414 2206 nobilior,
432 2172 469 2199 et
486 2167 604 2212 magis
622 2167 785 2202 subditus
801 2169 956 2216 imperio
979 2172 1150 2215 rationi53
1174 2174 1270 2209 unde
1293 2187 1337 2209 ex
1359 2176 1430 2211 hoc
1451 2178 1529 2224 ipso
1550 2179 1649 2224 quod

48 2212 143 2249 vires
166 2215 312 2251 animae
331 2219 548 2265 vegetabilis
566 2232 642 2255 non
662 2222 839 2258 obediunt
858 2225 1002 2268 rationi,
1024 2236 1174 2273 apparet
1191 2228 1258 2263 has
1277 2230 1372 2265 vires
1392 2231 1538 2267 infimas
1557 2244 1647 2268 esse.

119 2269 182 2305 AD
203 2281 415 2308 SECUNDUM
437 2273 647 2318 dicendum,
671 2277 769 2323 quod
789 2278 991 2314 similitudo
1012 2283 1208 2317 attenditur
1227 2294 1406 2331 quantum
1425 2287 1468 2321 ad
1489 2287 1647 2334 aliquid3

48 2323 134 2370 quia
154 2324 296 2360 scilicet
313 2327 408 2362 sicut
419 2328 521 2364 Deus
544 2338 672 2365 movet
690 2333 882 2376 mundum,
902 2335 950 2369 ita
970 2336 1092 2370 anima
1112 2347 1239 2373 movet
1258 2351 1408 2387 corpus:
1429 2353 1504 2376 non
1524 2352 1647 2378 autem

47 2386 225 2425 quantum
248 2380 293 2415 ad
315 2382 460 2417 omnia:
484 2395 560 2418 non
588 2385 687 2419 enim
716 2387 838 2422 anima
867 2392 1004 2425 creavit
1031 2402 1164 2438 corpus
1192 2405 1234 2428 ex
1265 2395 1394 2438 nihilo,
1426 2397 1520 2432 sicut
1545 2398 1647 2433 Deus

47 2433 239 2478 mundum,
260 2444 410 2483 propter
431 2438 529 2484 quod
551 2440 715 2475 totaliter
735 2442 901 2477 subditur
923 2445 999 2490 ejus
1021 2445 1191 2493 imperio.

118 2487 181 2523 AD
199 2497 375 2525 TERTIUM
397 2491 605 2536 dicendum,
628 2495 728 2541 quod
748 2496 874 2540 virtus,
897 2506 932 2533 et
961 2500 1104 2543 vitium,
1136 2502 1226 2545 laus,
1258 2512 1294 2538 et
1319 2506 1543 2552 vituperium
1569 2519 1645 2542 non

35 2538 224 2582 ⁴debentur
236 2543 323 2591 ipsis
339 2546 479 2581 actibus
493 2548 700 2592 nutritivae,
716 2550 774 2585 vel
790 2554 1024 2598 generativae
1043 2557 1242 2602 potentiae,
1263 2570 1355 2605 quae
1376 2568 1458 2594 sunt
1477 2562 1645 2608 digestio,

47 2601 85 2630 et
103 2594 278 2633 formatio
301 2601 466 2647 corporis
489 2601 663 2647 humani3
686 2605 750 2639 sed
772 2607 912 2642 actibus
936 2610 1132 2646 sensitivae
1152 2612 1263 2658 partis
1283 2614 1459 2649 ordinatis
1480 2617 1524 2650 ad
1544 2625 1645 2652 actus

47 2651 293 2696 generativam,
314 2653 374 2688 vel
395 2656 609 2700 nutritivae3
631 2666 718 2705 puta
739 2660 776 2695 in
800 2665 1099 2709 concupiscendo
1123 2665 1410 2703 delectationem
1433 2670 1514 2712 cibi,
1536 2679 1571 2705 et
1587 2683 1646 2706 ve-

46 2713 255 2750 nereorum,
269 2716 305 2743 et
317 2709 455 2744 utendo
470 2712 674 2748 secundum
693 2715 791 2761 quod
807 2726 964 2763 oportet,
979 2719 1036 2753 vel
1053 2731 1128 2754 non
1142 2722 1347 2757 secundum
1366 2724 1465 2770 quod
1485 2734 1641 2772 oportet.
