1875 3198
251 217 336 259 774
612 203 614 205 ’
702 217 923 252 QUAEsTIO
959 218 1031 246 cu.
1067 217 1311 247 ARTicULth
1344 218 1400 247 VI.

248 306 475 332 excrementa
492 298 626 333 foetida
641 306 845 344 egeruntur,
868 309 930 343 per
944 298 1205 344 poenitentiam
1223 298 1379 344 tegenda
1401 309 1490 341 esse,
1513 307 1551 333 ut
1572 299 1654 334 Deo
1677 299 1815 344 accepti

248 352 360 386 simus
383 353 474 397 justa
496 352 583 386 illud
610 352 706 388 Psal.
733 362 806 397 31.:
829 353 934 393 Beati,
963 364 1105 398 quorum
1132 353 1284 386 remissae
1303 357 1379 387 sunt
1400 353 1600 398 iniquitates,
1623 357 1654 387 et
1674 364 1815 398 quorum

248 411 331 440 tecta
345 411 419 440 suut
434 411 595 452 peccata.-
615 405 684 448 vel,
706 406 803 450 juxta
820 405 991 440 Glossam
1015 405 1101 449 (ord.
1124 406 1280 452 implic.)‚
1304 413 1342 440 ut
1364 405 1510 451 cognita
1533 406 1679 440 miseria
1693 406 1817 452 cogni-

247 459 356 493 tionis
377 459 572 501 humanae,
595 459 718 493 sordes
746 460 875 493 mentis
898 458 1024 501 elatae⁷
1047 470 1087 493 ac
1110 459 1284 504 superbae
1306 459 1369 493 sub
1392 458 1489 493 fossa
1511 459 1711 506 profundae
1733 471 1817 494 con-

247 512 473 547 siderationis
497 524 559 558 per
581 512 825 547 humilitatem
844 521 1062 558 tegerentur,
1086 520 1118 547 et
1140 520 1388 558 purgarentur.

316 567 376 601 AD
389 577 621 601 UNDECIMUM
637 566 842 608 dicendum,
858 566 954 612 quod
970 566 1137 608 malefici,
1153 574 1188 601 et
1202 566 1410 601 sacerdotes
1425 566 1609 601 idolorum
1624 567 1816 602 utebantur

246 620 319 655 suis
341 620 464 654 ritibus
488 620 640 661 ossibus,
662 620 718 654 vel
743 620 908 654 carnibus
930 620 1125 654 hominum
1146 628 1396 662 mortuorum;
1419 628 1454 655 et
1474 620 1557 655 ideo
1577 621 1621 655 ad
1643 621 1818 667 extirpan-

246 674 333 707 dum
355 673 582 708 idololatriae
605 672 744 707 cultum
767 673 949 719 praecepit
970 673 1163 715 Dominus,
1186 681 1224 708 ut
1246 674 1452 708 sacerdotes
1479 675 1651 716 minores,
1669 675 1731 721 qui
1752 687 1815 721 per

245 735 411 774 tempora
438 735 534 762 certa
557 727 809 761 ministrabant
828 727 864 760 in
887 727 1114 769 Sanctuario‚
1136 739 1201 761 aon
1220 729 1478 773 inquinarentur
1496 729 1531 762 in
1551 729 1725 770 mortibus,
1747 729 1816 763 nisi

246 781 350 815 valde
377 782 675 827 propinquorum,
702 780 841 815 scilicet
867 781 988 826 patris,
1016 788 1050 814 et
1076 780 1212 823 matris,
1239 789 1273 815 et
1299 781 1512 827 hujusmodi
1538 783 1816 827 conjunctarum

246 846 494 881 personarum.
512 834 679 869 Pontifex
695 842 816 868 autem
832 846 973 880 semper
988 834 1141 868 debebat
1155 845 1232 869 esse
1249 842 1393 881 paratus
1408 835 1452 868 ad
1471 835 1711 870 ministerium
1731 836 1818 870 San-

247 889 393 930 ctuarii3
421 897 454 923 et
480 889 563 923 ideo
591 888 750 923 totaliter
777 888 978 934 prohibitus
1005 896 1081 922 erat
1108 888 1140 922 ei
1168 899 1334 922 accessus
1357 888 1401 922 ad
1429 896 1606 931 mortuos,
1627 897 1818 935 quantum-

247 954 402 988 cumque
424 942 660 988 propinquos.
676 942 917 988 Praeceptum
933 941 1043 976 etiam
1059 949 1111 976 est
1126 941 1188 984 eis,
1209 954 1247 976 ne
1268 942 1421 976 ducerent
1439 954 1578 977 uxorem
1599 944 1815 981 meretricem,

246 1008 283 1031 ac
301 996 524 1043 repudiatam,
547 995 599 1030 sed
617 997 794 1041 virginem,
818 1004 895 1029 tum
909 1003 1054 1041 propter
1072 996 1313 1030 reverentiam
1337 995 1579 1030 Sacerdotum
1598 1007 1755 1042 quorum
1770 996 1818 1031 di-

245 1050 362 1095 gnitas
385 1049 662 1096 quodammodo
687 1060 728 1083 ex
750 1048 813 1083 tali
836 1049 1008 1095 conjugio
1032 1049 1185 1083 diminui
1212 1050 1412 1093 videretur3
1439 1058 1516 1084 tum
1539 1050 1650 1084 etiam
1672 1058 1817 1096 propter

246 1104 352 1146 filios,
368 1104 495 1150 quibus
518 1112 612 1138 esset
634 1104 676 1138 ad
701 1103 941 1149 ignominiam
963 1103 1147 1150 turpitudo
1171 1104 1314 1147 matris;
1337 1104 1434 1150 quod
1455 1105 1615 1139 maxime
1636 1112 1721 1139 tunc
1742 1113 1817 1139 erat

245 1158 445 1199 vitandum,
467 1157 613 1204 quando
636 1157 830 1192 sacerdotii
845 1157 1000 1203 dignitas
1014 1158 1215 1192 secundum
1230 1169 1481 1192 successorem
1497 1159 1638 1204 generis
1659 1158 1818 1193 confere-

246 1212 359 1245 batur.
375 1212 616 1257 Praeceptum
640 1211 748 1246 etiam
770 1219 846 1245 erat
860 1211 922 1253 eis,
944 1217 979 1246 ut
1000 1223 1065 1245 nou
1080 1211 1232 1247 raderent
1250 1217 1360 1258 caput,
1376 1224 1432 1247 nec
1449 1213 1601 1255 barbam,
1619 1224 1676 1247 uec
1696 1214 1729 1246 in
1744 1225 1818 1247 car-

245 1266 340 1299 nibus
366 1267 431 1299 suis
450 1266 604 1311 facerent
625 1267 820 1308 incisuram,
841 1265 884 1299 ad
907 1265 1173 1299 removendum
1194 1264 1422 1300 idololatriae
1444 1265 1564 1300 ritum.
1586 1266 1683 1300 Nam
1705 1277 1819 1300 sacer-

246 1318 348 1353 dotes
365 1318 566 1353 Gentilium
583 1319 755 1352 radebant
771 1327 888 1364 caput,
908 1326 943 1353 et
956 1319 1124 1361 barbam3
1144 1319 1239 1353 unde
1258 1319 1387 1353 dicitur
1402 1319 1544 1354 Baruch
1564 1318 1613 1354 6.:
1632 1320 1818 1355 Sacerdotes

243 1372 348 1407 sudant
369 1373 515 1408 babemus
536 1374 662 1407 tuuicas
682 1374 806 1415 scissas,
829 1378 857 1406 et
875 1374 996 1419 capita,
1020 1378 1049 1407 et
1071 1373 1211 1407 barbam
1234 1384 1369 1407 rasam:
1393 1381 1428 1407 et
1449 1373 1559 1407 etiam
1572 1373 1609 1407 in
1625 1373 1722 1408 cultu
1741 1373 1816 1408 ido-

245 1426 366 1460 lorum
388 1427 597 1461 incidebant
619 1438 656 1461 se
680 1426 814 1468 cultris,
838 1435 871 1460 et
885 1425 1072 1468 lanceolis,
1087 1435 1125 1460 ut
1138 1426 1268 1461 dicitur
1287 1438 1315 1472 3.
1336 1426 1504 1472 Regnum
1530 1427 1601 1461 18.:
1621 1427 1716 1462 unde
1735 1438 1818 1461 con-

243 1481 351 1514 traria
374 1488 565 1527 praecepta
587 1488 670 1514 sunt
686 1480 942 1514 Sacerdotibus
957 1480 1086 1514 veteris
1101 1479 1202 1525 legis.
1220 1480 1422 1526 Spiritualis
1437 1489 1559 1515 autem
1574 1481 1664 1515 ratio
1681 1481 1814 1516 horum

247 1543 310 1577 est,
333 1535 416 1580 quia
438 1534 645 1569 sacerdotes
673 1534 824 1568 omnino
853 1534 983 1568 debent
1010 1545 1087 1568 esse
1109 1534 1292 1568 immunes
1315 1535 1354 1568 ab
1378 1535 1529 1581 operibus
1550 1537 1700 1576 mortuis,
1723 1546 1817 1581 quae

247 1597 328 1622 sunt
351 1600 460 1635 opera
483 1589 640 1635 peccati3
665 1596 698 1622 et
717 1588 827 1622 etiam
849 1599 923 1621 non
946 1587 1077 1622 debent
1100 1587 1214 1623 radere
1236 1593 1349 1634 caput,
1366 1587 1456 1622 idest
1477 1588 1660 1634 deponere
1682 1588 1819 1634 sapien-

246 1642 353 1684 tiam3
376 1653 492 1688 neque
514 1642 671 1688 deponere
694 1643 846 1684 barbam,
862 1641 954 1676 idest
971 1642 1168 1688 sapientiae
1191 1640 1463 1688 perfectionem,
1481 1653 1598 1688 neque
1613 1642 1723 1676 etiam
1735 1643 1818 1676 scin-

247 1696 320 1731 dere
337 1698 542 1740 tenimenta,
567 1702 624 1731 aut
645 1696 787 1731 incidam
808 1708 934 1737 carues,
950 1703 989 1730 ut
1003 1695 1142 1730 scilicet
1156 1695 1285 1730 vitium
1307 1695 1513 1731 schismatis
1531 1707 1607 1730 non
1621 1695 1815 1731 incurrant.

770 2027 1128 2094 QUAESTIO
1171 2033 1293 2080 CIII.

402 2177 465 2208 DE
492 2176 773 2208 DURATIONE
800 2174 1178 2207 PRAECEPTORUM
1205 2175 1656 2214 CAEREMONIALIUM,

632 2248 683 2278 IN
712 2247 941 2287 QUATUOR
961 2246 1224 2278 ARTICULOS
1251 2247 1426 2279 DIVISA.

317 2396 459 2430 Deinde
484 2394 789 2430 considerandum
816 2402 869 2428 est
894 2394 937 2428 de
959 2394 1148 2428 duratione
1176 2394 1500 2429 caeremonialium
1527 2402 1817 2441 praeceptorum.

709 2485 750 2519 Et
772 2486 863 2519 circa
885 2485 943 2519 boc
965 2489 1174 2530 ‹chczeruntur
1195 2489 1348 2530 quatuor.

317 2558 454 2591 Primo.
478 2557 610 2591 Utrum
638 2564 829 2602 praecepta
852 2555 1134 2590 caeremonialia
1157 2554 1287 2590 fuerint
1306 2563 1387 2590 ante
1410 2554 1542 2601 legem.

321 2611 501 2645 Secundo.
526 2610 658 2644 Utrum
686 2610 721 2643 in
743 2609 822 2654 lege
842 2609 1000 2655 aliquam
1023 2610 1193 2644 virtutem
1215 2609 1406 2644 habuerint
1426 2608 1653 2655 justificandi.

320 2665 459 2699 Tertio.
484 2664 616 2699 Utrum
639 2664 858 2698 cessaverint
881 2663 1029 2697 Christo
1052 2663 1229 2698 veniente.

321 2719 474 2759 Quarto.
506 2718 635 2752 Utrum
659 2717 703 2752 sit
724 2724 915 2763 peccatum
939 2716 1092 2751 mortale
1115 2717 1308 2751 observare
1336 2728 1377 2751 ea
1400 2724 1481 2763 post
1503 2716 1703 2752 Christum.
