1955 3182
211 213 265 254 34
666 206 888 243 QUAESTIO
922 205 965 234 ΙΙ.
1001 204 1246 235 ARTICULUS
1278 205 1319 233 V.

764 357 1110 403 ARTICULUS
1144 358 1199 400 v.
1731 378 1770 413 13

209 463 361 494 UTRUM
387 461 643 492 BEATITUDO
666 460 850 490 HOMINIS
880 459 1122 490 CONSISTAT
1145 459 1189 490 IN
1210 458 1379 494 ALIQUO
1403 457 1616 488 CORPORIS
1638 456 1772 486 BONO.

505 537 608 580 (Infr.
631 548 660 582 q.
679 548 706 582 3.
730 541 793 570 art.
812 548 840 582 3.
863 542 950 582 corp.
970 540 998 570 et
1014 547 1047 579 4.
1070 536 1159 569 Dist.
1178 546 1235 581 49.
1257 546 1288 580 q.
1309 547 1337 569 Ι.
1360 539 1426 568 art.
1449 546 1476 568 1.

322 597 350 626 et
372 592 428 626 lilv.
446 603 474 637 3.
497 590 612 625 contr.
634 601 664 635 g.
688 596 747 636 cap
765 601 809 636 33.
832 595 919 636 et37.
939 591 1048 636 princ.
1075 595 1105 624 et
1126 595 1232 635 opusc.
1250 600 1278 634 3.
1301 594 1374 634 cap.
1397 588 1476 632 264.
1495 592 1523 622 et
1542 588 1595 622 Ps.
1614 598 1664 633 32.

808 648 837 678 et
858 655 886 678 1.
908 643 984 678 Eth.
1008 643 1078 677 lect.
1099 643 1180 687 10.).

281 716 341 750 AD
364 725 545 754 QUINTUM
561 715 609 748 sic
633 714 849 761 proceditur.
868 713 1032 756 Videtur,
1047 713 1144 760 quod
1158 713 1342 747 beatitudo
1364 711 1526 746 hominis
1548 711 1721 746 consistat
1740 710 1777 744 in

209 769 313 804 bonis
336 768 516 815 corporis:
539 768 668 801 dicitur
695 767 791 802 enirn
819 767 930 801 Eccli.
965 778 1036 813 30.:
1068 767 1150 806 Non>
1173 771 1216 801 est
1239 777 1347 800 sensus
1378 771 1479 812 supra
1506 777 1637 800 censum
1662 764 1777 799 salutis

209 824 376 869 corporis:
399 822 459 856 sed
482 822 517 855 in
541 833 597 863 eo,
619 821 716 867 quod
740 829 792 855 est
814 821 1004 867 optimum,
1025 820 1188 854 consistit
1207 819 1410 861 beatitud03
1439 829 1527 864 ergo
1554 818 1717 853 consistit
1741 817 1777 852 in

211 876 373 921 corporis
395 875 521 909 salute.

281 940 312 963 2.
335 930 572 963 PRAETEREA,
588 928 786 973 Dionysius
808 927 894 961 dicit
916 938 943 972 5.
968 939 1044 973 cap.
1068 927 1111 960 de
1126 926 1208 960 Div.
1223 925 1334 959 Nom.
1352 925 1387 969 (a
1396 926 1508 972 princ.
1523 925 1592 960 lect.
1607 925 1665 970 1),
1681 925 1779 971 quod

210 994 287 1017 esse
307 990 359 1016 est
376 982 518 1023 melius,
537 993 646 1027 quam
660 982 792 1022 vivere,
810 988 844 1014 et
858 981 979 1014 vivere
996 979 1137 1021 melius,
1153 990 1263 1025 quam
1282 978 1363 1020 alia,
1381 989 1472 1024 quae
1488 986 1777 1024 consequuntur:

209 1036 271 1070 sed
295 1036 337 1069 ad
361 1047 449 1076 esse,
471 1034 530 1069 vel
550 1035 671 1068 vivere
693 1034 853 1067 hominis
876 1034 1066 1079 requiritur
1081 1033 1177 1067 salus
1193 1032 1374 1078 corporis;
1391 1044 1474 1066 cum
1489 1043 1576 1078 ergo
1594 1032 1779 1066 beatitudo

210 1090 255 1124 sit
276 1101 462 1124 summum
484 1090 622 1122 bonum
643 1088 816 1130 hominis,
838 1088 991 1129 videtur,
1014 1087 1110 1133 quod
1132 1086 1228 1121 salus
1248 1086 1410 1133 corporis
1428 1086 1587 1121 maxime
1604 1086 1781 1132 pertineat

213 1144 255 1178 ad
278 1143 550 1177 beatitudinem.

285 1208 312 1243 3.
336 1197 572 1231 PRAETEREA.
599 1195 748 1235 Quanto
772 1194 906 1241 aliquid
929 1202 981 1228 est
1004 1193 1248 1235 communius,
1269 1201 1371 1228 tanto
1393 1193 1435 1227 ab
1458 1192 1577 1227 altiori
1602 1193 1780 1239 principio

215 1251 410 1298 dependet;
433 1250 516 1296 quia
539 1257 674 1296 quanto
697 1257 750 1283 est
772 1258 880 1282 causa
903 1248 1076 1294 superior,
1098 1255 1199 1281 tanto
1223 1248 1298 1293 ejus
1324 1247 1436 1281 virtus
1464 1246 1507 1280 ad
1535 1246 1636 1293 plura
1663 1258 1701 1281 se
1728 1257 1782 1281 ex-

212 1305 346 1340 tendit:
370 1304 432 1338 sed
454 1304 547 1338 sicut
566 1302 756 1337 causalitas
776 1313 906 1336 causae
930 1301 1117 1336 efficientis
1140 1301 1389 1335 consideratur
1410 1299 1610 1334 secundum
1631 1299 1780 1334 influen—

213 1359 313 1399 tiam,
336 1358 383 1391 ita
412 1356 602 1391 causalitas
628 1356 709 1390 finis
737 1355 930 1389 attenditur
957 1355 1155 1389 secundum
1184 1354 1406 1400 appetitum;
1434 1365 1521 1399 ergo
1549 1353 1641 1387 sicut
1665 1353 1782 1400 prima

213 1423 321 1446 causa
344 1410 502 1445 efficiens
522 1418 585 1451 est,
601 1421 692 1456 quae
707 1409 742 1442 in
758 1409 881 1442 onmia
896 1408 1031 1450 influit;
1047 1409 1095 1441 ita
1109 1407 1256 1441 ultimus
1271 1407 1350 1441 finis
1365 1415 1428 1449 est,
1443 1407 1540 1453 quod
1555 1407 1597 1440 ab
1613 1407 1781 1441 omnibus

213 1465 450 1500 desideratur:
474 1463 535 1498 sed
557 1463 676 1509 ipsum
699 1474 776 1496 esse
799 1470 862 1504 est,
885 1461 981 1508 quod
1004 1461 1161 1495 maxime
1181 1461 1404 1495 desideratur
1423 1460 1464 1494 ab
1484 1460 1671 1503 omnibus;
1693 1471 1781 1506 ergo

214 1519 249 1552 in
271 1519 339 1560 his,
362 1529 452 1564 quae
472 1517 652 1563 pertinent
675 1516 717 1549 ad
740 1527 817 1550 esse
839 1515 1010 1557 hominis,
1033 1515 1124 1549 sicut
1146 1522 1199 1548 est
1219 1514 1315 1549 salus
1337 1514 1512 1561 corporis,
1526 1514 1684 1548 maxime
1699 1525 1784 1548 con-

214 1572 305 1606 sistit
326 1571 522 1605 beatitudo.

287 1625 361 1659 SED
385 1634 541 1659 CONTRA
563 1631 626 1665 est,
649 1622 745 1669 quod
767 1622 968 1657 secundum
989 1621 1250 1656 beatitudinem
1271 1621 1387 1655 homo
1410 1620 1553 1655 excellit
1574 1620 1698 1655 omnia
1713 1620 1782 1655 alia

214 1678 401 1712 animalia:
425 1678 486 1712 sed
508 1677 709 1711 secundum
726 1676 823 1710 bona
846 1676 1008 1722 corporis
1031 1687 1050 1709 a
1072 1675 1194 1709 multis
1217 1675 1432 1709 animalibus
1458 1683 1665 1722 superatur:
1692 1675 1784 1709 sicut

211 1732 253 1766 ab
277 1731 468 1777 elephante
490 1731 525 1764 in
553 1730 783 1764 diuturnitate
805 1729 921 1771 vitae3
943 1741 962 1762 a
988 1728 1095 1763 leone
1118 1729 1153 1762 in
1175 1728 1403 1771 fortitudine3
1426 1740 1444 1762 a
1468 1740 1576 1762 cervo
1598 1729 1634 1762 in
1657 1740 1782 1772 cursu;

212 1797 298 1831 ergo
320 1784 503 1818 beatitudo
526 1784 686 1818 hominis
704 1795 778 1817 non
802 1783 965 1817 consistit
987 1783 1022 1816 in
1044 1783 1148 1816 bonis
1171 1783 1344 1829 corporis.

282 1838 511 1872 RESPONDEO
527 1838 734 1879 dicendum,
751 1837 847 1883 quod
863 1836 1086 1883 impossibile
1103 1844 1165 1878 est,
1179 1836 1440 1871 beatitudinem
1454 1836 1614 1871 hominis
1629 1836 1665 1870 in
1678 1836 1784 1871 bonis

215 1892 377 1938 corporis
401 1891 610 1932 consistere,
632 1898 777 1936 propter
798 1891 872 1925 duo.

285 1946 400 1980 Primo
429 1944 587 1990 quidem,
615 1944 697 1989 quia
724 1943 948 1989 impossibile
977 1951 1041 1985 est,
1068 1944 1164 1990 quod
1192 1942 1286 1977 illius
1313 1943 1375 1985 rei,
1403 1954 1494 1989 quae
1522 1943 1708 1978 ordinatur
1739 1944 1783 1978 ad

214 1998 322 2040 aliud,
346 1998 437 2032 sicut
460 1997 502 2031 ad
524 1997 647 2038 finem,
667 1996 813 2031 ultimus
836 1997 915 2030 finis
938 1997 982 2030 sit
1004 1997 1166 2042 ejusdem
1189 1997 1417 2031 conservatio
1440 1997 1475 2030 in
1494 2008 1594 2040 esse;
1616 1997 1710 2032 unde
1724 2009 1787 2044 gu-

215 2052 385 2085 bernator
407 2062 480 2084 non
502 2051 666 2092 intendit,
689 2051 781 2084 sicut
802 2049 971 2083 ultimum
993 2049 1114 2092 finem,
1135 2050 1452 2084 conservationem
1473 2051 1574 2085 navis
1595 2051 1662 2085 sibi
1687 2062 1785 2085 com-

216 2105 359 2145 missae,
383 2115 426 2138 eo
450 2104 545 2150 quod
568 2104 669 2137 navis
692 2103 735 2136 ad
759 2103 854 2137 aliud
877 2103 1062 2137 ordinatur
1083 2104 1176 2137 sicut
1197 2104 1232 2137 in
1254 2103 1376 2145 finem,
1399 2103 1538 2138 scilicet
1558 2104 1601 2138 ad
1616 2105 1786 2151 navigan-

214 2158 317 2191 dum:
341 2158 433 2191 sicut
455 2165 576 2190 autem
598 2157 699 2190 navis
723 2157 962 2190 committitur
989 2157 1221 2201 gubernatori
1249 2157 1292 2190 ad
1319 2157 1566 2202 dirigendum3
1593 2158 1641 2192 ita
1666 2158 1783 2192 homo

217 2219 270 2245 est
280 2222 365 2245 suae
375 2210 564 2252 voluntati,
583 2218 617 2244 et
631 2210 762 2243 rationi
775 2210 1005 2251 commissus,
1019 2211 1220 2244 secundum
1235 2209 1334 2252 illud,
1350 2210 1446 2256 quod
1458 2210 1586 2245 dicitur
1595 2211 1706 2245 Eccli.
1721 2222 1784 2257 15.:

215 2266 304 2299 Deus
327 2265 367 2298 al)
389 2265 484 2298 initio
507 2265 675 2298 constiutit
693 2263 869 2305 hominem,
890 2268 918 2297 ct
933 2263 1065 2309 reliquit
1079 2276 1152 2298 eum
1173 2265 1205 2297 in
1223 2275 1323 2297 manu
1338 2264 1467 2298 consilii
1478 2265 1538 2299 sui.
1552 2263 1784 2299 Manifestum

216 2325 269 2352 est
291 2325 424 2359 autem,
447 2317 544 2363 quod
565 2317 680 2350 homo
704 2317 890 2350 ordinatur
912 2316 955 2350 ad
976 2316 1109 2362 aliquid
1132 2317 1224 2351 sicut
1247 2317 1289 2351 ad
1312 2317 1439 2351 finem:
1462 2328 1536 2351 non
1558 2318 1655 2352 enirn
1668 2318 1784 2353 homo

216 2379 269 2406 est
290 2382 477 2406 summum
498 2371 654 2404 bonum:
679 2370 773 2404 unde
795 2370 1019 2416 impossibile
1043 2379 1106 2412 est,
1122 2371 1219 2417 quod
1238 2370 1386 2405 ultimus
1401 2370 1480 2406 finis
1495 2372 1656 2415 rationis,
1674 2380 1709 2407 et
1725 2384 1787 2408 vo-

214 2424 361 2459 luntatis
382 2425 565 2458 humanae
587 2424 631 2457 sit
654 2424 882 2457 conservatio
904 2424 1056 2457 humani
1077 2435 1166 2458 esse.

288 2477 445 2519 Secundo,
469 2477 551 2523 quia
582 2478 665 2510 dato
688 2477 785 2523 quod
814 2477 893 2511 finis
916 2477 1076 2519 rationis,
1099 2486 1134 2512 et
1153 2478 1350 2513 voluntatis
1382 2479 1564 2514 humanae
1592 2488 1686 2515 esset
1703 2492 1787 2516 con-

215 2532 369 2566 servatio
396 2531 548 2564 humani
570 2541 659 2572 esse,
673 2542 746 2564 non
762 2538 884 2564 tamen
900 2539 1021 2575 posset
1040 2531 1121 2573 dici,
1144 2532 1240 2578 quod
1263 2532 1342 2567 finis
1356 2533 1517 2568 hominis
1532 2543 1625 2570 esset
1639 2534 1785 2582 aliquod

216 2585 378 2631 corporis
411 2585 566 2618 bonum:
592 2595 668 2618 esse
705 2584 801 2618 enim
828 2585 988 2618 hominis
1016 2586 1179 2620 consistit
1209 2586 1243 2619 in
1267 2586 1399 2629 anima,
1423 2595 1458 2621 et
1487 2587 1522 2622 in
1551 2599 1722 2635 corpore3
1752 2596 1787 2624 et

217 2639 380 2684 quamvis
410 2649 486 2672 esse
515 2637 677 2683 corporis
708 2637 909 2683 dependeat
940 2638 980 2671 ab
1013 2639 1145 2680 anima,
1177 2651 1253 2674 esse
1281 2648 1403 2674 tamen
1437 2641 1620 2677 humanae
1643 2644 1786 2677 animae

215 2703 287 2725 non
311 2691 488 2738 dependet
503 2702 521 2724 a
537 2702 701 2736 corpore,
717 2698 754 2724 ut
772 2702 878 2737 supra
893 2700 1079 2725 ostensum
1092 2700 1143 2726 est
1155 2692 1203 2739 (p.
1221 2705 1245 2727 r.
1261 2705 1290 2739 q.
1307 2705 1352 2739 75.
1370 2699 1432 2728 art.
1444 2707 1469 2729 1.
1481 2700 1509 2729 cl
1523 2707 1552 2741 q.
1567 2707 1622 2741 90.
1637 2700 1700 2730 art.
1712 2696 1784 2741 4.),·

215 2746 404 2792 ipsumque
424 2756 555 2791 corpus
571 2752 623 2778 cst
633 2752 779 2790 propter
797 2746 969 2786 animam,
993 2746 1083 2779 sicut
1099 2746 1249 2780 materia
1265 2755 1410 2793 propter
1432 2747 1601 2790 sormam,
1613 2756 1647 2783 et
1660 2749 1787 2784 instru-

218 2806 338 2832 menta
354 2806 498 2844 propter
521 2805 715 2839 motorem,
735 2805 773 2831 ut
791 2809 853 2843 per
875 2809 916 2831 ea
935 2810 1016 2831 suas
1040 2799 1200 2834 actiones
1223 2809 1410 2834 exerceat:
1430 2802 1523 2836 unde
1546 2802 1669 2836 omnia
1690 2803 1786 2837 bona

218 2852 380 2898 corporis
403 2851 613 2885 ordinantur
636 2851 678 2885 ad
701 2851 796 2885 bona
832 2852 974 2886 animae
1009 2853 1100 2886 sicut
1123 2853 1166 2886 ad
1190 2853 1316 2887 finem:
1353 2854 1446 2888 unde
1477 2855 1699 2901 impossibile
1721 2864 1785 2898 est,

219 2905 314 2952 quod
337 2905 371 2938 in
394 2904 497 2939 bonis
520 2905 683 2952 corporis
704 2904 888 2939 beatitudo
909 2905 1093 2947 consistat,
1113 2917 1204 2952 quae
1224 2915 1276 2941 est
1299 2907 1447 2942 ultimus
1474 2907 1563 2943 finis.
