1875 3198
214 218 295 261 542
604 218 825 253 QUAESTIO
859 217 1005 247 LXXIV.
1043 218 1288 248 ARTICULUS
1324 218 1380 248 IX.

212 310 292 333 cor:
317 306 350 333 et
370 298 450 333 talis
473 299 660 333 infirmitas
682 311 756 333 non
779 310 921 345 semper
943 307 995 333 est
1016 298 1198 333 mortalis:
1219 307 1253 333 et
1274 298 1437 333 similiter
1458 299 1493 333 in
1511 299 1650 334 ratione
1668 311 1769 346 supe-

212 353 296 387 riori
318 364 462 399 semper
484 361 536 387 est
557 361 747 398 peccatum
775 352 940 394 mortale,
968 352 1112 398 quando
1139 352 1276 386 tollitur
1301 353 1459 387 totaliter
1484 353 1561 399 ipsa
1588 353 1766 387 ordinatio

210 407 359 440 rationis
387 407 580 452 superioris
609 406 651 440 ad
680 408 865 453 proprium
893 406 1087 451 objectum,
1116 406 1211 452 quod
1239 414 1291 440 est
1317 407 1465 440 rationis
1493 415 1677 441 aeternae:
1705 407 1767 441 sed

211 460 353 505 quando
378 468 430 493 est
456 460 674 493 inordinatio
699 460 792 492 circa
816 459 899 500 hoc,
922 470 994 492 non
1019 467 1071 493 est
1093 468 1282 504 peccatum
1306 459 1470 502 mortale,
1493 460 1555 494 sed
1575 460 1727 494 veniale.

281 513 339 547 AD
375 524 545 547 TERTIUM
577 513 781 554 dicendum,
810 513 906 558 quod
935 512 1150 546 deliberatus
1179 524 1375 547 consensus
1406 513 1441 546 in
1475 521 1665 559 peccatum
1693 524 1767 548 non

209 578 351 613 semper
373 567 525 613 pertinet
547 567 588 599 ad
614 574 864 612 contemptum
886 565 976 611 legis
1004 566 1156 607 divinae,
1180 566 1241 600 sed
1267 566 1387 600 solum
1409 567 1552 612 quando
1575 575 1766 613 peccatum

208 620 279 667 legi
302 621 442 655 divinae
466 621 714 655 contrariatur.

778 748 1123 793 ARTICULUS
1156 749 1211 792 X.
1699 761 1768 805 406

228 858 380 887 UTRUM
413 858 456 888 IN
489 857 682 888 RATIONE
716 857 942 887 SUPERIORI
977 858 1126 886 POSSIT
1161 858 1260 887 ESSE
1294 857 1531 888 PECCATUM
1562 858 1751 889 VENIALE

757 923 996 953 SECUNDUM
1029 923 1221 953 SEIPSAM.

290 1012 335 1055 (2.
358 1012 445 1046 Dist.
468 1022 522 1056 24.
545 1023 574 1057 q.
593 1023 621 1057 3.
644 1016 708 1046 art.
727 1023 755 1057 5.
778 1016 805 1046 et
834 1012 919 1045 Veri.
939 1023 968 1057 q.
991 1023 1033 1057 15.
1057 1016 1120 1046 art.
1138 1024 1167 1057 5.
1190 1016 1217 1046 et
1236 1012 1318 1046 Mal.
1342 1025 1371 1058 q.
1399 1023 1428 1059 7.
1452 1017 1516 1048 art.
1539 1025 1566 1048 1.
1589 1012 1632 1047 ad
1651 1024 1700 1048 12.

654 1070 682 1099 et
708 1076 756 1111 17.
783 1070 811 1099 et
836 1070 900 1099 art.
924 1077 952 1111 3.
981 1065 1022 1099 ad
1047 1076 1096 1111 17.
1123 1070 1151 1100 et
1177 1070 1241 1100 art.
1264 1065 1323 1112 5.).

280 1154 339 1188 AD
361 1163 538 1188 DECIMUM
561 1152 611 1186 sic
635 1151 850 1198 proceditur.
866 1151 1028 1193 Videtur,
1045 1152 1140 1198 quod
1156 1152 1191 1185 in
1206 1151 1382 1198 superiori
1404 1152 1543 1186 ratione
1563 1163 1637 1186 non
1656 1154 1770 1198 possit

209 1219 285 1242 esse
308 1215 498 1254 peccatum
520 1205 662 1240 veniale
685 1205 885 1240 secundum
907 1205 1076 1251 seipsam,
1099 1206 1189 1240 idest
1215 1206 1415 1240 secundum
1437 1205 1533 1252 quod
1555 1205 1699 1252 inspicit
1719 1217 1770 1239 ra-

207 1262 323 1296 tiones
347 1269 530 1301 aeternas余
554 1267 653 1293 actus
677 1260 772 1293 enim
795 1259 977 1305 potentiae
999 1271 1072 1293 non
1100 1259 1280 1293 invenitur
1306 1270 1383 1293 esse
1410 1259 1592 1301 deficiens,
1613 1259 1682 1293 nisi
1707 1270 1770 1305 per

208 1316 278 1349 hoc
301 1315 397 1361 quod
420 1314 622 1348 inordinate
642 1324 677 1347 se
692 1313 801 1347 habet
820 1313 915 1347 circa
935 1325 1040 1346 suum
1061 1314 1262 1359 objectum:
1285 1314 1347 1347 sed
1370 1313 1553 1358 objectum
1571 1313 1763 1359 superioris

207 1369 355 1403 rationis
378 1376 459 1403 sunt
478 1376 644 1402 aeternae
663 1367 832 1409 rationes,
852 1378 868 1400 a
890 1367 1016 1412 quibus
1036 1367 1242 1400 deordinari
1259 1378 1333 1401 non
1349 1375 1402 1401 est
1419 1367 1494 1401 sine
1510 1374 1660 1413 peccato
1677 1378 1771 1400 mor-

206 1423 288 1465 tali余
311 1434 396 1469 ergo
419 1423 455 1456 in
478 1421 653 1467 superiori
676 1421 815 1454 ratione
838 1432 910 1454 non
934 1428 1053 1466 potest
1079 1432 1156 1455 esse
1184 1428 1375 1467 peccatum
1400 1419 1541 1454 veniale
1568 1420 1768 1454 secundum

208 1477 375 1523 seipsam.

280 1540 310 1564 2.
334 1530 569 1564 PRAETEREA.
594 1528 690 1562 Cum
713 1528 804 1562 ratio
828 1528 871 1561 sit
897 1527 949 1561 vis
976 1527 1221 1570 deliberativa,
1248 1536 1347 1562 actus
1373 1528 1521 1562 rationis
1548 1538 1691 1574 semper
1717 1535 1770 1561 est

210 1595 292 1617 cum
315 1583 588 1617 deliberatione:
612 1582 675 1616 sed
698 1582 816 1615 omnis
840 1582 1063 1615 inordinatus
1078 1588 1198 1615 motus
1221 1581 1256 1615 in
1278 1581 1346 1623 his,
1365 1592 1456 1627 quae
1476 1581 1546 1614 Dei
1561 1588 1653 1623 sunt,
1673 1580 1702 1614 si
1723 1581 1769 1614 sit

208 1649 291 1671 cum
307 1637 576 1677 deliberatione,
597 1643 649 1669 est
666 1643 856 1681 peccatum
875 1634 1047 1676 mortale3
1068 1646 1155 1681 ergo
1171 1635 1206 1668 in
1222 1635 1361 1669 ratione
1376 1634 1553 1681 superiori
1568 1634 1767 1668 secundum

207 1691 363 1737 seipsam
384 1701 585 1735 numquam
608 1697 660 1723 est
681 1697 871 1735 peccatum
892 1688 1046 1723 veniale.

282 1757 309 1791 3.
333 1745 568 1779 PRAETEREA.
598 1743 787 1788 Contingit
813 1744 1042 1789 quandoque,
1064 1743 1160 1789 quod
1183 1751 1374 1789 peccatum
1398 1754 1440 1777 ex
1461 1742 1693 1789 subreptione
1715 1750 1769 1777 est

206 1807 396 1844 peccatum
418 1797 576 1832 veniale:
600 1804 791 1843 peccatum
813 1805 933 1831 autem
962 1808 1003 1831 ex
1030 1797 1288 1831 deliberatione
1317 1806 1370 1832 est
1395 1805 1586 1843 peccatum
1614 1796 1768 1831 mortale

206 1864 268 1898 per
289 1852 373 1894 hoc,
396 1852 491 1898 quod
514 1852 605 1885 ratio
629 1851 830 1884 deliberans
849 1851 998 1885 recurrit
1012 1851 1055 1884 ad
1075 1850 1220 1896 aliquod
1236 1852 1351 1897 majus
1366 1852 1516 1892 bonum,
1532 1859 1657 1885 contra
1672 1851 1768 1897 quod

205 1906 320 1940 homo
344 1917 453 1950 agens
476 1905 620 1951 gravius
643 1913 788 1950 peccat:
812 1905 903 1939 sicut
926 1916 1009 1938 cum
1033 1904 1075 1938 de
1103 1912 1184 1938 actu
1212 1904 1417 1939 delectabili
1442 1905 1649 1939 inordinato
1676 1905 1767 1938 ratio

206 1959 389 2002 deliberat,
412 1959 508 2005 quod
532 1967 584 1993 est
607 1966 732 1992 contra
754 1958 873 2004 legem
896 1959 976 2000 Dei,
1000 1958 1143 2004 gravius
1166 1966 1292 2004 peccat
1315 1958 1588 2000 consentiendo,
1608 1970 1717 2004 quam
1739 1958 1767 1992 si

206 2013 325 2048 solum
349 2013 604 2055 consideraret,
627 2012 723 2058 quod
746 2020 798 2046 est
826 2020 950 2046 contra
978 2014 1147 2046 virtutem
1175 2012 1371 2047 moralem:
1399 2012 1460 2046 sed
1487 2012 1578 2046 ratio
1605 2012 1768 2059 superior

205 2078 279 2101 non
313 2075 431 2112 potest
457 2078 639 2101 recurrere
667 2065 710 2099 ad
738 2066 883 2112 aliquod
912 2066 1028 2108 altius,
1056 2077 1164 2111 quam
1192 2066 1237 2100 sit
1262 2077 1368 2100 suum
1396 2066 1598 2111 objectum余
1626 2077 1712 2112 ergo
1739 2065 1768 2100 si

205 2129 326 2155 motus
350 2132 391 2154 ex
412 2121 642 2166 subreptione
664 2131 738 2154 non
761 2120 806 2154 sit
823 2128 1015 2166 peccatum
1030 2119 1197 2162 mortale,
1216 2131 1333 2166 neque
1349 2120 1457 2154 etiarn
1482 2119 1691 2154 deliberatio
1714 2131 1769 2154 su-

206 2175 418 2221 perveniens
440 2174 547 2208 faciet
568 2174 685 2220 ipsum
707 2185 783 2208 esse
802 2182 993 2220 peccatum
1013 2173 1182 2208 mortale:
1207 2173 1302 2219 quod
1318 2181 1414 2219 patet
1433 2184 1510 2207 esse
1529 2173 1676 2216 falsum余
1691 2185 1766 2208 non

206 2239 293 2274 ergo
316 2228 350 2261 in
373 2228 512 2261 ratione
534 2227 710 2273 superiori
732 2228 930 2261 secundum
954 2228 1109 2273 seipsam
1137 2234 1254 2273 potest
1277 2238 1354 2261 esse
1377 2234 1567 2273 peccatum
1589 2226 1741 2261 veniale.

279 2282 352 2315 SED
381 2292 546 2316 CONTRA.
570 2281 690 2314 Motus
717 2281 945 2327 subreptitius
974 2280 1192 2315 infidelitatis
1222 2288 1274 2315 est
1302 2289 1491 2326 peccatum
1517 2280 1676 2316 veniale:
1704 2280 1765 2314 sed

206 2336 358 2382 pertinet
381 2336 422 2369 ad
445 2335 669 2381 superiorem
690 2335 867 2369 rationem
898 2335 1097 2369 secundum
1126 2335 1301 2380 seipsam3
1325 2345 1412 2381 ergo
1439 2335 1475 2368 in
1502 2335 1641 2368 ratione
1668 2345 1768 2380 supe-

206 2390 291 2424 riori
313 2397 430 2436 potest
452 2400 528 2423 esse
551 2397 741 2434 peccatum
764 2388 904 2423 veniale
928 2389 1127 2423 secundum
1152 2388 1318 2434 seipsam.

278 2444 506 2479 Regma-nro
529 2443 734 2484 dicendum,
755 2443 849 2488 quod
867 2443 957 2477 ratio
973 2443 1136 2489 superior
1152 2442 1253 2476 aliter
1271 2444 1380 2476 fertur
1395 2442 1429 2475 in
1449 2453 1554 2476 suum
1573 2442 1767 2488 objectum,

207 2506 313 2544 atque
341 2497 442 2532 aliter
468 2497 502 2531 in
532 2497 671 2542 objecta
704 2495 914 2530 inferiorum
945 2497 1087 2538 virium,
1118 2507 1209 2542 quae
1240 2507 1303 2542 per
1337 2496 1453 2542 ipsam
1483 2495 1703 2541 diriguntur:
1731 2496 1766 2529 in

206 2553 346 2597 objecta
375 2551 470 2585 enim
498 2550 708 2584 inferiorum
732 2550 860 2583 virium
885 2561 957 2583 non
987 2549 1105 2591 fertur,
1129 2550 1195 2583 nisi
1224 2550 1437 2595 inquantum
1465 2549 1507 2583 de
1535 2550 1584 2583 eis
1612 2549 1767 2583 consulit

207 2606 363 2640 rationes
387 2613 565 2645 aete1nas余
590 2604 682 2637 unde
704 2615 777 2637 non
801 2603 909 2637 fertur
932 2605 965 2636 in
990 2615 1041 2645 ea,
1064 2603 1132 2637 nisi
1155 2614 1216 2649 per
1235 2603 1385 2637 modum
1405 2602 1691 2637 deliberationis:
1711 2603 1767 2637 de-

205 2660 374 2693 liberatus
398 2667 515 2693 autem
543 2669 739 2692 consensus
762 2658 795 2691 in
819 2658 885 2699 liis,
908 2669 998 2703 quae
1022 2670 1062 2692 ex
1083 2669 1214 2701 孫ejenere
1233 2668 1298 2691 suo
1318 2665 1399 2691 sunt
1414 2656 1593 2698 mortalia,
1609 2665 1661 2691 est
1674 2667 1767 2690 mor-

205 2713 275 2747 tale
299 2721 505 2759 peccatum余
528 2720 561 2746 et
584 2712 665 2746 ideo
694 2712 784 2745 ratio
808 2711 969 2756 superior
997 2723 1140 2757 semper
1167 2710 1368 2745 mortaliter
1389 2720 1524 2756 peccat,
1547 2711 1575 2745 si
1598 2718 1697 2744 actus
1719 2710 1767 2744 in-

206 2765 378 2800 feriorum
401 2767 543 2807 virium,
560 2766 593 2799 in
614 2777 704 2811 quos
724 2765 913 2806 consentit,
933 2765 1001 2798 sint
1021 2773 1168 2811 peccata
1185 2765 1362 2798 mortalia.
1381 2764 1450 2798 Sed
1471 2765 1565 2798 circa
1580 2764 1763 2810 proprium

206 2821 388 2865 objectum
410 2820 519 2854 habet
545 2820 622 2853 dnos
645 2827 763 2860 actus,
792 2819 929 2852 scilicet
957 2819 1158 2864 simplicem
1188 2819 1368 2859 intuitum,
1396 2826 1429 2852 et
1456 2817 1764 2858 deliberationem,

206 2874 403 2908 secundum
420 2874 515 2919 quod
533 2875 640 2907 etiam
657 2873 699 2906 de
711 2873 856 2918 proprio
868 2873 1010 2917 objecto
1027 2872 1181 2906 consulit
1197 2872 1354 2906 rationes
1369 2879 1547 2906 aeternas:
1565 2870 1763 2904 secundum

207 2935 327 2962 autem
351 2927 553 2972 simplicem
577 2927 744 2961 intuitum
768 2934 884 2972 potest
903 2925 1059 2971 aliquem
1084 2926 1327 2959 inordinatum
1353 2933 1495 2959 motum
1517 2924 1649 2958 habere
1669 2923 1762 2958 circa
