1907 3182
258 186 342 242 478
650 199 869 235 QUAESTIO
903 199 1049 228 LXVIII.
1084 198 1326 228 ARTICULUS
1358 199 1415 229 VI.

329 280 403 314 SED
431 290 584 315 CONTRA
607 289 670 322 est,
693 280 789 326 quod
808 281 976 314 Ambros.
997 280 1081 314 dicit
1095 280 1130 313 in
1145 279 1203 313 lib.
1230 291 1257 314 1.
1274 279 1317 313 de
1340 279 1473 325 Spiritu
1496 279 1631 313 Sancto
1649 278 1737 326 (cap.
1755 290 1811 315 20.

252 339 378 380 parum
400 345 419 368 a
436 335 581 380 princ.):
607 334 736 368 Civitas
762 335 828 368 Dei
853 334 912 367 illa
934 333 1143 367 Hierusalem
1166 333 1303 367 coelestis
1329 345 1393 366 non
1415 338 1524 367 meatu
1550 332 1690 378 alicujus
1708 333 1812 379 fluvii

257 388 416 422 terrestris
442 387 609 422 abluitur:
635 387 687 421 sed
708 399 746 421 ex
766 388 854 421 vitae
869 387 962 432 fonte
979 386 1157 432 procedens
1186 387 1329 432 Spiritus
1356 386 1506 427 Sanctus,
1531 387 1623 431 cujus
1643 397 1700 420 nos
1721 387 1813 420 brevi

255 442 418 474 satiamur
439 441 566 482 haustu,
590 442 623 474 in
646 441 709 474 illis
736 441 919 474 coelestibus
943 441 1115 486 spiritibus
1140 439 1376 474 redundantius
1396 439 1529 473 videtur
1555 439 1697 485 affluere,
1715 439 1811 486 pleno

256 499 368 540 semem
391 495 554 528 virtutum
573 493 939 540 §piritualizcmfervens
956 498 1076 527 meatu.

326 547 554 581 RESPONDEO
576 546 780 587 dicendum,
804 546 899 592 quod
915 546 958 580 de
975 546 1078 580 donis
1097 545 1270 592 dupliciter
1284 556 1476 592 possumus
1494 545 1604 592 loqui.
1626 546 1697 580 Uno
1715 545 1810 580 modo

256 608 429 646 quantum
449 601 492 634 ad
515 600 708 634 essentiam
728 599 925 634 donorum:
946 607 980 633 et
995 601 1040 634 sic
1052 600 1285 646 perfidissimo
1303 604 1399 634 erunt
1416 601 1449 633 in
1459 601 1588 645 patria,
1609 599 1700 633 sicut
1717 607 1814 645 patet

255 665 317 698 per
347 654 596 688 auctoritatem
632 653 817 686 Ambrosii
845 653 1048 687 inductam:
1083 654 1182 698 cujus
1212 653 1302 687 ratio
1334 660 1396 694 est,
1425 653 1507 698 quia
1537 653 1632 686 dona
1661 652 1812 698 Spiritus

256 707 357 741 Santi
378 707 566 753 perficiunt
584 714 744 740 mentem
762 706 961 740 humanam
981 707 1025 740 ad
1043 706 1265 752 sequendam
1280 706 1482 739 motionem
1499 705 1650 752 Spiritus
1670 705 1812 743 Sancti:

255 760 351 806 quod
375 760 565 805 praecipue
588 760 653 793 crit
674 759 709 793 in
732 760 856 805 patria,
885 760 1028 805 quando
1056 761 1146 793 Deus
1167 761 1230 794 erit
1249 760 1360 793 omnia
1387 760 1421 792 in
1443 760 1603 800 omnibus,
1627 766 1665 792 ut
1686 759 1814 792 dicitur

260 824 286 847 1.
307 814 349 847 ad
372 813 537 847 Corinth.
562 824 612 858 15.
636 821 671 847 et
692 814 835 859 quando
854 813 969 847 homo
988 813 1053 848 erit
1067 812 1224 847 totaliter
1238 813 1398 847 subditus
1416 812 1510 846 Deo.
1526 812 1605 846 Alio
1624 812 1720 846 modo
1734 822 1813 857 pos-

254 875 336 901 sunt
357 866 576 901 considerari
597 875 772 912 quantum
795 867 838 900 ad
854 867 1056 908 materiam,
1072 867 1165 900 circa
1183 877 1291 912 quam
1307 873 1517 912 operantur:
1538 873 1573 899 et
1593 865 1695 899 sicin
1716 876 1814 911 prae-

254 920 345 954 senti
361 920 495 954 habent
515 920 766 965 operationem
789 920 884 954 circa
907 919 1066 966 aliquam
1085 920 1286 962 materiam,
1306 919 1400 953 circa
1415 930 1525 965 quam
1543 929 1618 952 non
1631 918 1813 952 habebunt

255 973 504 1018 operationem
525 973 560 1006 in
583 981 675 1006 statu
699 973 855 1018 gloriae:
879 982 913 1007 et
929 973 1129 1007 secundum
1143 973 1213 1007 hoc
1229 984 1303 1006 non
1318 972 1515 1006 manebunt
1528 972 1564 1005 in
1583 972 1707 1018 patria,
1722 972 1813 1006 sicut

252 1037 358 1072 supra
380 1026 422 1060 de
443 1026 630 1060 virtutibus
654 1025 892 1060 cardinalibus
915 1027 1052 1060 dictum
1074 1034 1127 1060 est
1148 1027 1196 1072 (q.
1219 1027 1272 1072 67.
1296 1030 1358 1059 art.
1386 1026 1440 1068 1.).

323 1079 383 1113 AD
404 1090 553 1114 PRrMUM
575 1090 661 1125 ergo
677 1079 882 1121 dicendum,
905 1080 1001 1126 quod
1025 1079 1223 1125 Gregorius
1245 1079 1404 1125 loquitur
1422 1079 1469 1112 ibi
1489 1078 1532 1112 de
1552 1078 1666 1120 donis,
1689 1089 1813 1112 secun-

253 1132 338 1165 dum
354 1133 449 1178 quod
472 1141 682 1178 competunt
696 1133 803 1167 statui
825 1133 1019 1178 praesenti:
1042 1133 1092 1167 sic
1116 1133 1213 1166 enirn
1228 1133 1332 1166 donis
1351 1132 1576 1178 protegimur
1598 1139 1723 1166 contra
1740 1139 1814 1165 ten-

251 1192 411 1219 tamenta
434 1185 634 1220 malorum:
662 1186 724 1220 sed
745 1186 781 1220 in
803 1194 895 1220 statu
919 1186 1056 1232 gloriae
1079 1186 1300 1220 cessantibus
1322 1184 1438 1227 malis,
1460 1197 1523 1231 per
1537 1185 1633 1219 dona
1661 1184 1813 1231 Spiritus

254 1238 378 1273 Sancti
399 1239 628 1285 perficiemur
649 1239 685 1273 in
705 1239 815 1273 bono.

326 1293 385 1326 AD
403 1303 608 1327 SECUNDUM
631 1292 837 1333 dicendum,
853 1292 949 1338 quod
973 1293 1172 1339 Gregorius
1190 1292 1227 1326 in
1248 1291 1399 1338 singulis
1421 1291 1524 1326 donis
1546 1292 1647 1337 ponit
1668 1290 1813 1337 aliquid,

252 1346 349 1392 quod
370 1346 496 1380 transit
518 1357 602 1379 cum
623 1354 715 1380 statu
742 1347 932 1392 praesenti,
955 1354 989 1380 et
1010 1345 1155 1392 aliquid,
1178 1346 1274 1392 quod
1297 1352 1485 1390 permanet
1505 1345 1541 1378 in
1562 1344 1699 1379 futuro:
1727 1344 1813 1378 dicit

253 1399 349 1433 enim
372 1399 448 1444 (loc.
477 1401 530 1434 cit.
554 1400 588 1433 in
616 1400 717 1444 arga),
748 1399 844 1445 quod
871 1399 1047 1445 sapientia
1074 1407 1233 1433 mentem
1261 1399 1303 1432 de
1327 1406 1559 1432 aeternorum
1585 1409 1658 1444 spe,
1686 1405 1721 1432 et
1742 1408 1814 1431 cer-

251 1452 401 1486 titudine
423 1451 555 1494 reficit3
578 1463 733 1498 quorum
767 1453 922 1486 duorum
949 1463 1029 1498 spes
1055 1452 1192 1494 transit,
1214 1452 1275 1486 sed
1304 1451 1480 1486 certitudo
1507 1459 1686 1486 remanet:
1709 1458 1744 1485 et
1769 1450 1812 1484 de

252 1505 436 1540 intellectu
458 1506 554 1547 dicit,
577 1506 671 1551 quod
692 1506 725 1539 in
746 1517 789 1540 eo
813 1506 909 1551 quod
925 1506 1044 1539 audita
1067 1513 1239 1551 penetrat,
1254 1504 1448 1539 reficiendo
1469 1515 1542 1546 cor,
1557 1504 1721 1538 tenebras
1737 1505 1812 1549 ejus

252 1558 422 1601 illustrat3
441 1570 595 1605 quorum
619 1559 756 1593 auditus
779 1559 915 1601 transit,
935 1559 1016 1605 quia
1038 1571 1102 1592 non
1121 1558 1246 1593 docebit
1265 1560 1319 1592 vir
1331 1559 1476 1604 fratrem
1495 1570 1599 1599 suum,
1626 1566 1664 1592 ut
1685 1557 1814 1592 dicitur

254 1613 411 1647 Hierem.
437 1623 501 1658 31„
523 1612 585 1646 sed
608 1612 798 1647 illustratio
826 1613 957 1646 mentis
985 1612 1155 1646 manebit.
1184 1612 1239 1646 De
1267 1611 1419 1646 consilio
1447 1620 1567 1645 autem
1596 1611 1692 1653 dicit,
1714 1611 1811 1656 quod

251 1666 418 1712 prohibet
439 1677 515 1700 esse
530 1666 782 1712 praecipitem3
798 1666 894 1711 quod
910 1674 962 1699 est
975 1665 1220 1699 necessarium
1235 1665 1271 1698 in
1292 1665 1488 1711 praesenti:
1506 1673 1540 1699 et
1558 1665 1700 1706 iterum,
1715 1664 1811 1710 quod

250 1719 387 1753 ratione
410 1719 573 1752 animum
594 1718 725 1764 replet;
748 1719 843 1764 quod
860 1726 913 1753 est
927 1718 1171 1752 necessarium
1194 1718 1303 1752 etiam
1319 1719 1354 1752 in
1376 1717 1507 1753 futuro.
1527 1718 1583 1752 De
1601 1717 1811 1752 fortitudine

250 1783 336 1806 vero
359 1772 454 1814 dicit,
478 1772 573 1818 quod
597 1772 745 1806 adversa
767 1783 840 1805 non
863 1772 1008 1813 metuit3
1036 1773 1132 1818 quod
1155 1779 1207 1806 est
1228 1772 1473 1806 necessarium
1498 1771 1534 1805 in
1556 1773 1755 1818 praesenti3
1778 1779 1812 1805 et

250 1825 379 1859 iterum
402 1825 497 1871 quod
521 1825 737 1859 confidentia
761 1825 860 1859 cibos
883 1825 1049 1871 apponit3
1077 1825 1173 1871 quod
1196 1833 1383 1871 permanet
1409 1825 1518 1859 etiam
1537 1826 1572 1859 in
1594 1824 1725 1860 futuro.
1753 1825 1809 1859 De

250 1879 399 1912 scientia
420 1890 506 1912 vero
526 1890 637 1912 unum
656 1886 795 1912 tantum
811 1879 923 1924 ponit,
942 1878 1079 1912 scilicet
1101 1879 1197 1924 quod
1212 1879 1438 1924 ignorantiae
1452 1878 1628 1924 jejunium
1647 1886 1811 1925 superat;

250 1932 345 1978 quod
368 1933 519 1978 pertinet
542 1933 584 1966 ad
604 1940 735 1966 statum
752 1940 996 1978 praesentem:
1020 1932 1081 1965 sed
1104 1931 1201 1978 quod
1225 1931 1338 1965 addit:
1354 1932 1393 1966 In
1411 1937 1524 1966 ventre
1542 1933 1671 1974 mentis,
1694 1939 1812 1978 potest

250 1985 446 2031 figuraliter
468 1986 618 2031 intelligi
640 1986 790 2032 repletio
819 1986 1049 2030 cognitionis,
1077 1997 1168 2031 quae
1191 1985 1344 2031 pertinet
1365 1985 1472 2019 etiarn
1497 1985 1540 2019 ad
1563 1993 1695 2020 statum
1722 1985 1811 2019 futu-

250 2051 340 2073 rum.
360 2040 415 2073 De
434 2040 565 2085 pietate
580 2051 666 2073 vero
690 2039 786 2082 dicit,
802 2039 898 2085 quod
919 2039 1037 2073 cordis
1051 2039 1189 2073 viscera
1205 2039 1474 2073 misericordiae
1497 2039 1664 2085 operibus
1681 2039 1810 2085 replet;

250 2093 346 2139 quod
369 2093 513 2138 quidem
541 2093 739 2127 secundum
766 2093 875 2127 verba
898 2093 1050 2137 pertinet
1075 2100 1215 2126 tantum
1238 2092 1281 2126 ad
1311 2100 1443 2126 statum
1474 2100 1721 2138 praesentem;
1748 2092 1810 2127 sed

249 2146 324 2192 ipse
347 2147 492 2180 intimus
523 2146 670 2180 affectus
693 2147 941 2193 proximorum
969 2158 1032 2192 per
1058 2147 1196 2180 viscera
1219 2146 1424 2191 designatus
1452 2146 1604 2192 pertinet
1630 2146 1738 2180 etiam
1767 2147 1810 2180 ad

250 2199 406 2234 futurum
429 2208 572 2242 statum,
602 2201 637 2233 in
661 2211 731 2246 quo
755 2201 866 2245 pietas
888 2211 962 2233 non
989 2199 1170 2234 exhibebit
1196 2199 1465 2234 misericordiae
1493 2210 1614 2245 opera,
1636 2199 1697 2233 sed
1729 2210 1811 2233 con-

250 2253 497 2299 gratulationis
533 2252 711 2287 affectum.
735 2254 789 2287 De
816 2254 946 2287 timore
972 2264 1058 2287 vero
1093 2253 1189 2293 dicit,
1218 2253 1312 2298 quod
1336 2253 1466 2298 premit
1496 2261 1668 2294 mentem,
1698 2264 1742 2287 ne
1765 2253 1809 2287 de

250 2307 493 2352 praesentibus
516 2307 714 2352 superbiat3
737 2307 833 2352 qnod
856 2307 1008 2352 pertinet
1030 2307 1073 2340 ad
1096 2314 1228 2340 statum
1250 2314 1497 2352 praesentem:
1521 2315 1556 2340 et
1577 2307 1673 2352 quod
1696 2306 1739 2340 de
1761 2305 1811 2340 fu-

248 2360 333 2393 turis
356 2360 435 2393 cibo
458 2360 531 2405 spei
548 2359 745 2398 consortat3
768 2360 863 2405 quod
879 2360 986 2394 etiam
1010 2360 1162 2405 pertinet
1177 2360 1219 2393 ad
1235 2368 1365 2394 statum
1381 2367 1619 2406 praesentem,
1635 2368 1808 2406 quantum

249 2413 291 2446 ad
315 2424 434 2459 spem;
457 2413 517 2446 sed
541 2421 657 2458 potest
679 2413 786 2446 etiam
811 2413 852 2446 ad
876 2421 1007 2447 statum
1025 2412 1180 2447 futurum
1198 2413 1387 2459 pertinere,
1409 2421 1584 2459 quantum
1607 2414 1649 2447 ad
1672 2412 1811 2447 confor-

246 2466 421 2500 tationem
445 2466 486 2500 de
509 2466 611 2500 rebus
634 2466 691 2499 hic
714 2467 874 2511 speratis,
897 2474 930 2500 et
949 2467 994 2499 ibi
1018 2466 1183 2500 obtentis.

320 2520 378 2554 AD
402 2530 571 2554 TliR'1‘1UM
594 2519 798 2559 dicendum,
814 2520 910 2565 quod
926 2520 1015 2553 ratio
1038 2519 1098 2553 illa
1122 2519 1282 2565 procedit
1297 2519 1340 2553 de
1355 2519 1459 2553 donis
1474 2527 1648 2565 quantum
1668 2520 1710 2553 ad
1734 2530 1806 2553 ma-

248 2573 395 2607 teriam:
420 2584 528 2618 opera
557 2573 654 2606 enim
687 2573 824 2606 activae
851 2573 944 2606 vitae
972 2584 1044 2606 non
1073 2581 1174 2606 erunt
1206 2573 1355 2606 materia
1386 2573 1579 2614 donorum,
1601 2573 1662 2607 sed
1685 2573 1808 2607 onmia

249 2626 431 2660 habebunt
446 2634 544 2660 actus
561 2637 644 2660 suos
660 2626 754 2660 circa
777 2638 830 2667 ea,
853 2638 942 2671 quae
966 2627 1144 2672 pertinent
1167 2626 1209 2660 ad
1231 2627 1342 2660 vitam
1365 2626 1699 2673 contemplativam,
1717 2637 1808 2672 quae

249 2688 301 2714 est
322 2680 393 2713 vita
412 2680 526 2714 beata.
