1907 3198
458 200 683 237 QUAESTIO
717 200 839 230 XVIII.
873 198 1121 230 ARTICULUS
1154 198 1227 228 VH.
1554 197 1629 240 153

52 285 284 330 subalternis;
308 296 396 332 ergo
419 285 570 332 species,
584 295 678 332 quae
700 292 754 319 est
775 295 817 319 ex
838 283 922 327 fine,
942 282 1149 318 continetur
1167 282 1231 317 sub
1251 280 1385 328 specie,
1403 291 1495 327 quae
1518 287 1572 314 est
1593 291 1636 314 ex

53 343 208 390 obJecto.

122 405 154 431 2.
176 395 415 430 PRAETEREA.
444 393 598 441 Semper
624 393 754 428 ultima
782 392 986 427 differentia
1013 391 1201 426 constituit
1231 389 1393 437 speciem
1424 387 1638 436 specialissi-

52 461 170 486 mam:
193 448 257 484 sed
279 447 495 490 differentia,
523 460 616 495 quae
644 455 697 482 est
724 459 767 482 cx
794 447 876 489 fine,
903 447 1047 481 videtur
1073 457 1152 480 esse
1178 444 1371 492 posterior,
1399 455 1509 491 quam
1539 441 1636 477 diffe-

50 505 176 546 rentia,
199 514 290 550 quae
314 511 367 537 est
386 514 427 536 ex
451 503 608 548 objecto,
636 502 720 548 quia
748 501 828 536 finis
856 501 966 536 habet
992 501 1172 535 rationem
1201 499 1339 541 ultimi,
1368 510 1455 545 ergo
1485 497 1636 544 species,

50 569 141 606 quae
163 565 217 592 est
235 568 278 592 ex
296 556 379 599 fine,
402 557 608 592 continetur
626 557 691 591 sub
711 556 846 603 specie,
867 567 959 603 quae
979 564 1034 590 est
1053 567 1095 590 ex
1116 555 1273 601 objecto,
1293 554 1386 588 sicut
1404 553 1543 599 species
1559 562 1635 598 spe-

51 611 259 648 cialissima.

124 677 153 713 3.
175 666 414 701 PRAETEREA.
441 665 592 706 Quanto
617 664 738 712 aliqua
761 664 965 700 differentia
985 672 1038 699 est
1057 664 1174 710 magis
1197 662 1374 705 formalis,
1394 669 1496 696 tanto
1519 661 1637 707 magis

51 729 105 757 est
124 719 309 768 specialis;
332 720 416 767 quia
439 719 642 754 differentia
670 727 905 767 comparatur
928 719 972 753 ad
995 730 1122 766 genus,
1145 727 1182 753 ut
1204 717 1324 752 forma
1353 717 1396 751 ad
1423 715 1635 750 materiam:

50 775 113 812 sed
134 775 286 822 species,
303 787 396 822 quae
419 783 474 810 est
495 786 538 809 ex
560 774 643 817 fine,
660 783 712 810 est
733 774 925 809 formalior
947 785 1000 817 ea,
1016 785 1109 821 quae
1133 782 1187 808 est
1209 784 1251 807 ex
1273 773 1431 818 objecto,
1447 779 1486 805 ut
1500 771 1637 804 dictum

51 838 105 866 est
123 830 207 876 (art.
223 831 369 878 praec.);
394 841 481 876 ergo
504 830 658 876 species,
682 841 774 876 quae
802 838 855 864 est
884 841 927 864 ex
953 828 1037 871 fine,
1061 828 1268 863 continetur
1293 827 1358 861 sub
1387 826 1521 873 specie,
1545 836 1636 871 quae

51 893 105 922 est
125 896 169 919 ex
189 884 347 931 objecto,
366 884 459 919 sicut
480 884 621 931 species
643 883 908 931 specialissima
931 884 994 918 sub
1019 894 1153 930 genere
1175 881 1398 917 subalterno,

123 938 199 974 SED
222 949 390 974 CONTRA.
415 938 621 985 Cujuslibet
642 939 786 985 generis
802 947 885 973 sunt
903 937 1166 973 determinatae
1185 935 1430 971 differentiae:
1454 935 1516 969 sed
1537 942 1637 969 actus

51 992 216 1040 ejusdem
239 993 374 1041 speciei
396 1004 438 1028 ex
460 1001 561 1040 parte
581 993 713 1040 objecti
732 1001 851 1040 potest
866 992 909 1027 ad
925 992 1086 1027 infinitos
1101 992 1191 1027 fines
1208 990 1387 1033 ordinari3
1402 998 1488 1037 puta
1501 989 1638 1024 furtum

52 1048 97 1083 ad
118 1048 259 1083 infinita
277 1048 386 1091 bona,
405 1047 464 1083 vel
483 1048 600 1091 mala3
624 1059 712 1095 ergo
732 1048 883 1095 species,
904 1059 996 1094 quae
1016 1054 1069 1082 est
1088 1058 1130 1082 ex
1149 1046 1232 1089 fine,
1251 1057 1327 1080 non
1347 1044 1554 1080 continetur
1571 1043 1636 1078 sub

52 1102 186 1150 specie,
209 1114 302 1150 quae
325 1110 379 1138 est
401 1114 443 1138 ex
465 1103 623 1149 objecto,
643 1102 736 1137 sicut
759 1103 823 1137 sub
848 1114 991 1149 genere.

121 1157 354 1192 RESPONDEO
383 1157 592 1200 dicendum,
612 1157 710 1204 quod
734 1157 920 1203 objectum
940 1156 1127 1191 exterioris
1147 1164 1248 1190 actus
1269 1155 1444 1203 dupliciter
1462 1161 1584 1202 potest
1602 1165 1639 1188 se

49 1210 184 1246 habere
200 1211 245 1246 ad
259 1211 371 1246 finem
392 1210 602 1246 voluntatis.
629 1212 701 1246 Uno
721 1211 830 1253 modo,
847 1212 938 1246 sicut
956 1223 1021 1258 per
1040 1222 1077 1245 se
1098 1210 1306 1245 ordinatum
1327 1209 1371 1244 ad
1389 1210 1527 1256 ipsum3
1547 1208 1641 1243 sicut

48 1265 142 1301 bene
163 1277 327 1313 pugnare
347 1277 412 1313 per
437 1277 475 1300 se
498 1265 685 1300 ordinatur
707 1265 752 1300 ad
774 1266 991 1300 victoriam:
1015 1265 1081 1300 alio
1105 1264 1201 1299 modo
1229 1276 1293 1311 per
1321 1264 1514 1305 accidens;
1543 1263 1635 1297 sicut

51 1321 216 1367 accipere
249 1332 328 1355 rem
361 1319 521 1355 alienam
551 1331 614 1367 per
645 1320 813 1355 accidens
851 1320 1038 1354 ordinatur
1071 1319 1114 1353 ad
1148 1319 1310 1353 dandum
1342 1318 1638 1364 eleemosynam:

50 1382 196 1422 oportet
217 1382 352 1418 autem,
371 1382 409 1410 ut
427 1374 677 1422 Philosophus
697 1375 784 1409 dicit
801 1374 838 1408 in
859 1385 890 1420 7.
910 1374 1074 1421 Metaph.
1095 1374 1176 1419 (tex.
1196 1374 1276 1420 43),
1298 1373 1397 1420 quod
1416 1371 1639 1407 differentiae

51 1429 253 1464 dividentes
276 1429 424 1476 aliquod
446 1441 574 1476 genus,
597 1437 632 1464 et
660 1429 923 1464 constituentes
953 1430 1115 1476 speciem
1142 1427 1238 1462 illius
1267 1427 1410 1474 generis
1426 1425 1501 1473 'per
1527 1437 1566 1460 se
1593 1425 1641 1459 di-

10 1529 14 1532 ,
50 1483 176 1518 vidant
196 1482 300 1518 illud:
324 1483 354 1518 si
377 1491 500 1518 autern
522 1495 586 1530 per
609 1483 790 1526 accidens,
813 1494 889 1517 non
908 1491 1006 1517 recte
1029 1482 1195 1529 procedit
1217 1481 1365 1517 divisio:
1388 1489 1486 1528 puta,
1509 1480 1539 1515 si
1561 1479 1640 1526 quis

52 1537 167 1573 dicat:
190 1537 421 1572 Animalium
443 1537 539 1572 aliud
561 1537 753 1580 rationale,
776 1537 873 1572 aliud
899 1536 1121 1580 irrationale,
1149 1544 1184 1571 et
1211 1535 1427 1570 animalium
1454 1534 1641 1569 irrationa-

50 1591 142 1627 lium
163 1591 262 1627 aliud
282 1591 432 1635 alatum,
456 1591 554 1627 aliud
575 1603 651 1627 non
675 1591 831 1627 alatum:
855 1592 981 1627 alatum
1006 1591 1116 1634 enim,
1145 1599 1180 1626 et
1206 1603 1273 1625 non
1299 1591 1425 1625 alatmn
1453 1601 1529 1624 non
1556 1597 1639 1623 sunt

50 1658 115 1694 per
136 1657 174 1681 se
195 1646 473 1682 determinativa
495 1648 584 1693 ejus,
607 1647 705 1694 quod
728 1655 783 1682 est
803 1646 1025 1681 irrationale.
1052 1646 1209 1693 Oportet
1237 1654 1360 1680 autem
1383 1645 1434 1679 sic
1458 1643 1637 1679 dividere:

51 1700 280 1736 Animalium
302 1701 398 1738 aliud
420 1701 558 1737 habens
581 1701 704 1748 pedes,
725 1701 823 1736 aliud
844 1713 921 1736 non
943 1701 1082 1736 habens
1100 1701 1222 1748 pedes,
1243 1709 1278 1735 et
1295 1700 1510 1734 habentium
1529 1698 1638 1745 pedes

52 1754 148 1790 aliud
168 1755 278 1791 habet
297 1756 400 1799 duos,
420 1755 517 1790 aliud
537 1763 705 1803 quatuor,
725 1755 824 1791 aliud
845 1755 981 1790 multos
998 1768 1005 1789 ;
1025 1755 1118 1790 haec
1139 1755 1238 1790 enim
1258 1766 1320 1801 per
1340 1766 1377 1789 se
1397 1754 1640 1789 determinant

49 1810 211 1858 priorem
233 1809 486 1845 differentiam.
511 1810 570 1845 Sic
593 1810 703 1857 igitur
725 1810 873 1857 quando
898 1811 1083 1857 objectum
1111 1821 1187 1844 non
1209 1818 1261 1844 est
1284 1810 1349 1856 per
1370 1820 1408 1843 se
1432 1808 1641 1843 ordinatum

51 1864 95 1899 ad
116 1864 239 1908 finem,
261 1863 465 1900 differentia
486 1864 669 1912 specifica,
692 1876 785 1911 quae
814 1872 866 1900 est
887 1877 930 1900 ex
953 1865 1110 1911 objecto,
1140 1876 1215 1898 non
1244 1872 1298 1898 est
1325 1875 1389 1910 per
1411 1875 1448 1898 se
1473 1862 1642 1897 determi-

2 1938 6 1940 ·
49 1919 171 1954 nativa
193 1920 281 1966 ejus,
303 1931 398 1966 quae
419 1928 472 1955 est
494 1931 538 1954 ex
558 1919 642 1962 fine,
669 1931 737 1954 nec
762 1931 780 1954 e
806 1931 1004 1954 converso:
1034 1919 1129 1954 unde
1156 1931 1228 1953 una
1255 1920 1407 1953 istarum
1435 1918 1640 1964 specierum

49 1985 124 2009 non
146 1982 201 2009 est
221 1974 285 2009 sub
309 1973 390 2017 alia,
412 1974 476 2009 sed
497 1982 584 2009 tunc
607 1982 708 2009 actus
731 1974 882 2009 moralis
906 1982 960 2009 est
982 1974 1047 2009 sub
1071 1974 1210 2008 duabus
1234 1973 1438 2020 speciebus,
1461 1972 1565 2019 quasi
1593 1971 1642 2005 di-

51 2028 226 2076 sparatis3
248 2028 344 2064 unde
365 2028 535 2072 dicimus,
557 2028 656 2076 quod
678 2028 740 2063 ille
762 2029 823 2075 qui
846 2028 994 2071 furatur,
1017 2036 1055 2063 ut
1078 2028 1306 2070 moechetur,
1331 2027 1531 2062 committit
1553 2027 1640 2061 duas

51 2082 208 2118 malitias
235 2084 273 2118 in
299 2095 373 2118 uno
396 2091 504 2119 actu:
531 2083 561 2118 si
586 2095 675 2118 vero
699 2083 886 2129 obJectum
909 2095 972 2130 per
999 2094 1037 2118 se
1066 2082 1253 2117 ordinetur
1276 2082 1320 2116 ad
1343 2081 1466 2124 finem,
1493 2092 1566 2115 una
1594 2080 1643 2114 di-

52 2145 192 2173 ctarum
213 2136 499 2173 differentiarum
526 2146 580 2173 est
607 2150 671 2185 per
697 2150 736 2173 se
764 2138 1043 2172 determinativa
1067 2137 1237 2180 alterius,
1266 2136 1362 2171 unde
1389 2148 1460 2170 una
1487 2136 1641 2170 istarum

52 2192 257 2239 specierum
276 2192 523 2227 continebitur
540 2193 606 2227 sub
627 2192 751 2228 altera.
769 2192 1091 2227 Considerandum
1107 2200 1229 2226 autem
1245 2199 1355 2226 restat
1370 2202 1462 2237 quae
1478 2191 1541 2225 sub
1558 2202 1639 2237 qua.

52 2246 111 2282 Ad
130 2247 232 2294 cujus
251 2247 472 2283 evidentiam
487 2249 603 2295 primo
625 2247 934 2282 considerandum
951 2255 1015 2289 est,
1031 2247 1130 2294 quod
1149 2254 1286 2293 quanto
1304 2245 1423 2293 aliqua
1439 2245 1640 2280 differentia

53 2301 207 2337 sumitur
233 2313 253 2336 a
274 2301 394 2337 forma
415 2302 533 2349 magis
555 2301 777 2349 particulari,
799 2309 903 2336 tanto
932 2302 1049 2348 magis
1070 2309 1123 2336 est
1145 2300 1339 2348 specifica:
1365 2300 1518 2343 secundo,
1542 2300 1639 2346 quod

53 2364 189 2403 quanto
211 2367 323 2404 agens
346 2364 400 2392 est
421 2356 539 2402 magis
562 2356 778 2399 universale,
801 2364 904 2391 tanto
925 2368 968 2390 ex
987 2368 1031 2391 eo
1055 2364 1109 2391 est
1126 2355 1247 2390 forma
1266 2356 1385 2402 magis
1405 2354 1639 2390 universalis:

54 2412 161 2454 tertio,
184 2411 283 2458 quod
305 2419 442 2458 quanto
465 2410 593 2458 aliquis
616 2410 696 2445 finis
720 2418 774 2446 est
795 2411 988 2457 posterior,
1010 2418 1113 2445 tanto
1136 2410 1333 2456 respondet
1356 2411 1477 2456 agenti
1500 2410 1642 2444 univer-

54 2464 198 2500 saliori:
225 2465 318 2500 sicut
343 2465 511 2507 victoria,
543 2476 637 2511 quae
665 2473 719 2500 est
745 2465 894 2500 ultimus
922 2465 1002 2500 finis
1034 2467 1224 2507 exercitus,
1249 2472 1301 2499 est
1324 2464 1404 2498 finis
1434 2464 1594 2498 intentus
1621 2475 1640 2498 a

54 2530 199 2555 summo
218 2519 328 2563 duce;
351 2519 532 2554 ordinatio
554 2527 676 2554 autem
690 2520 797 2565 hujus
813 2520 918 2562 aciei,
933 2520 992 2554 vel
1008 2519 1105 2554 illius
1121 2528 1175 2554 est
1188 2519 1268 2554 finis
1283 2519 1442 2553 intentus
1459 2518 1500 2552 ab
1517 2517 1639 2564 aliquo

54 2573 267 2609 inferiorum
286 2574 432 2609 ducum.
454 2573 498 2608 Et
516 2586 560 2609 ex
578 2574 654 2609 istis
677 2575 850 2621 sequitur,
871 2574 969 2621 quod
989 2574 1192 2609 differentia
1211 2573 1393 2621 specifica,
1414 2584 1506 2620 quae
1526 2581 1579 2607 est
1598 2584 1640 2607 ex

55 2626 137 2672 fine,
158 2636 212 2664 est
232 2628 350 2676 magis
373 2627 574 2675 generalis:
598 2636 632 2663 et
653 2628 867 2672 differentia,
890 2641 983 2676 quae
1006 2637 1061 2664 est
1083 2641 1126 2664 ex
1148 2629 1293 2675 objecto
1316 2640 1379 2675 per
1401 2639 1438 2662 se
1462 2628 1506 2661 ad
1528 2626 1640 2662 talem

56 2681 166 2718 finem
193 2683 374 2726 ordinato,
397 2692 450 2718 est
471 2682 643 2730 specifica
664 2691 833 2730 respectu
856 2684 955 2729 ejus:
984 2683 1154 2718 voluntas
1181 2685 1293 2726 enim,
1321 2684 1423 2728 cujus
1450 2682 1638 2729 proprium

56 2737 240 2784 objectum
270 2746 325 2773 est
353 2737 446 2780 finis,
472 2745 527 2773 est
556 2738 760 2773 universale
786 2738 968 2772 motivum
1000 2746 1165 2784 respectu
1198 2738 1366 2772 omnium
1394 2736 1639 2784 potentiarum

58 2791 212 2836 animae,
234 2804 389 2840 quarum
411 2793 557 2839 propria
579 2792 720 2838 objecta
743 2800 826 2827 sunt
848 2792 991 2838 objecta
1014 2791 1288 2839 particularium
1312 2800 1470 2826 actuum.

128 2845 188 2882 AD
202 2857 354 2882 PRIMUM
369 2858 457 2893 ergo
473 2846 682 2889 dicendum,
698 2847 795 2893 quod
816 2847 1019 2881 secundum
1039 2847 1278 2881 substantiam
1302 2858 1406 2881 suam
1426 2857 1500 2880 non
1520 2853 1639 2893 potest

59 2899 194 2948 aliquid
215 2912 293 2937 esse
315 2901 353 2936 in
375 2901 513 2936 duabus
535 2901 736 2948 speciebus,
759 2913 913 2948 quarum
937 2913 1008 2935 una
1031 2901 1093 2936 sub
1118 2901 1231 2936 altera
1252 2913 1327 2936 non
1352 2901 1553 2935 ordinetur:
1578 2899 1640 2935 sed

59 2954 261 2990 secundum
283 2966 337 2998 ea,
359 2966 452 3002 quae
475 2955 526 2991 rei
549 2955 758 2998 adveniunt,
781 2963 900 3002 potest
923 2955 1058 3003 aliquid
1081 2956 1145 2991 sub
1166 2956 1315 2991 diversis
1338 2956 1528 3003 speciebus
1557 2967 1640 2990 con-
