1955 3182
256 264 312 306 40
714 259 935 296 QUAESTIO
970 258 1029 288 ΙΙΙ.
1064 257 1308 288 ARTICULUS
1341 258 1369 287 I.

328 353 359 378 2.
382 343 619 378 PRAETEREA.
643 341 834 376 Beatitudo
857 348 909 374 est
930 351 1116 374 summum
1136 339 1290 373 bonurn:
1307 339 1368 373 sed
1391 349 1468 373 esse
1483 350 1668 373 summum
1685 338 1824 372 bonurn

258 397 428 432 convenit
446 397 547 431 Deo:
572 408 655 430 cum
678 407 764 440 ergo
787 406 862 428 non
889 394 959 428 sint
983 393 1087 440 plura
1113 404 1257 427 summa
1281 393 1390 435 bona,
1417 392 1568 435 videtur,
1596 391 1692 439 quod
1717 391 1826 426 beati-

256 451 343 486 tudo
367 452 411 485 sit
430 451 540 492 idem,
563 449 660 496 quod
682 449 793 482 Deus.

333 516 360 551 3.
383 505 621 538 PRAETEREA.
645 501 836 536 Beatitudo
860 508 912 535 est
940 500 1087 535 ultimus
1114 499 1205 542 finis,
1232 500 1269 534 in
1295 511 1404 546 quem
1429 498 1640 534 naturaliter
1664 499 1826 533 humana

257 558 425 592 voluntas
447 565 635 602 tamquam
666 556 703 589 in
730 555 840 589 finem
861 554 991 588 tendit:
1015 553 1077 588 sed
1104 554 1140 587 in
1161 553 1302 587 nullum
1326 552 1422 587 aliud
1447 552 1616 587 voluntas
1637 560 1826 599 tamquam

258 613 295 647 in
316 612 427 646 finem
453 611 600 645 tendere
628 610 743 651 debet,
770 609 838 643 nisi
860 609 896 642 in
921 608 1055 650 Deum,
1077 619 1139 653 quo
1166 608 1231 642 solo
1250 606 1435 653 fruendmn
1461 611 1514 648 est,
1537 614 1576 640 ut
1601 605 1826 652 Augustinus

259 667 344 700 dicit
360 665 431 710 (lib.
448 678 474 700 I.
491 664 527 699 da
544 665 663 699 Ducti:
683 664 804 698 Christ.
821 670 891 709 cap.
903 674 930 708 5.
947 666 975 696 et
987 662 1080 707 22.);
1097 672 1184 707 ergo
1207 660 1390 695 beatitudo
1413 668 1467 694 est
1478 660 1588 702 idem,
1603 660 1700 706 quod
1713 660 1826 694 Deus.

331 720 405 754 SED
428 729 594 753 CONTRA.
622 717 773 752 Nullum
799 715 936 750 factum
963 723 1016 749 est
1041 715 1260 748 increatum:
1290 714 1351 748 sed
1377 713 1561 748 beatitudo
1589 713 1749 748 hominis
1775 721 1829 748 est

260 773 392 820 aliquid
415 772 574 814 factum3
598 771 680 817 quia
703 770 904 804 secundum
925 768 1117 815 Augustin.
1145 779 1172 802 1.
1196 767 1239 802 de
1261 767 1439 802 Doctrina
1463 767 1671 801 Christiana
1689 767 1778 814 (cap.
1797 778 1824 813 3.

260 829 294 861 iaz
311 826 441 873 princ.)
458 839 466 860 :
487 826 558 860 Illis
580 826 673 859 rebus
691 823 875 870 fruendum
897 828 952 865 est,
973 834 1054 868 quae
1073 834 1130 856 nos
1148 823 1254 856 beatos
1264 822 1418 868 sacizmt;
1439 832 1526 867 ergo
1545 821 1730 856 beatitudo
1751 832 1827 855 non

261 888 314 915 est
335 879 468 926 aliquid
490 879 703 912 increatum.

331 933 560 967 RESPONDEO
583 931 789 972 dicendum,
812 930 921 976 quod,
940 929 1033 964 sicut
1047 941 1153 975 supra
1172 928 1308 962 dictum
1324 936 1377 962 est
1391 928 1438 974 (q.
1453 940 1481 963 Ι.
1497 933 1561 963 art.
1578 928 1609 964 8.
1625 932 1653 962 et
1670 940 1700 974 q.
1711 934 1826 975 praec.

260 993 324 1022 art.
349 988 408 1033 7),
432 986 511 1020 finis
534 985 663 1019 dicitur
684 984 870 1031 dupliciter.
906 984 977 1017 Uno
1005 982 1100 1016 modo
1127 983 1205 1028 ipsa
1231 993 1300 1024 res,
1328 993 1438 1028 quam
1466 982 1630 1028 cupimus
1658 981 1826 1028 adipisci:

260 1041 353 1075 sicut
374 1051 482 1073 avaro
503 1047 555 1073 est
576 1038 655 1072 finis
676 1037 839 1084 pecunia.
863 1037 941 1071 Alio
965 1036 1060 1070 modo
1078 1036 1156 1082 ipsa
1178 1035 1334 1082 adeptio,
1356 1035 1415 1070 vel
1435 1035 1628 1082 possessio,
1647 1046 1709 1070 seu
1730 1046 1827 1078 usus,

261 1102 321 1128 aut
339 1093 460 1127 fruitio
483 1094 558 1137 ejus
581 1092 642 1134 rei,
658 1102 749 1137 quae
765 1090 1004 1124 desideratur:
1024 1089 1117 1124 sicut
1134 1089 1163 1124 si
1182 1089 1331 1132 dicatur,
1347 1089 1443 1136 quod
1457 1089 1639 1135 possessio
1652 1089 1828 1136 pecuniae

261 1155 314 1182 est
335 1146 414 1180 finis
437 1146 545 1187 avari,
573 1153 607 1179 et
633 1144 702 1178 frui
724 1155 760 1178 re
779 1143 997 1189 voluptuosa
1024 1151 1078 1177 est
1102 1143 1182 1177 finis
1208 1143 1448 1189 intemperati.
1475 1144 1592 1178 Primo
1619 1154 1706 1190 ergo
1732 1142 1828 1178 modo

260 1200 408 1235 ultimus
429 1199 589 1233 hominis
612 1198 690 1232 finis
714 1206 767 1232 θεῖ
787 1198 927 1232 bonum
948 1197 1162 1240 increatum,
1190 1196 1328 1231 scilicet
1353 1197 1465 1239 Deus,
1488 1197 1549 1243 qui
1575 1196 1674 1232 solus
1695 1208 1760 1232 sua
1780 1197 1831 1231 in-

261 1254 359 1288 finita
385 1253 546 1287 bonitate
573 1260 692 1299 potest
717 1251 943 1286 voluntatem
970 1251 1131 1286 hominis
1158 1250 1315 1298 perfecte
1343 1250 1504 1297 implere.
1532 1251 1678 1286 Secundo
1706 1259 1829 1286 autem

262 1308 356 1342 modo
378 1307 525 1341 ultimus
547 1306 626 1340 finis
648 1306 808 1340 hominis
831 1314 884 1340 est
905 1313 1068 1340 creatum
1091 1304 1225 1351 aliquid
1247 1305 1283 1338 in
1304 1305 1383 1351 ipso
1411 1305 1586 1348 existen53
1614 1305 1712 1352 quod
1737 1304 1830 1340 nihil

262 1370 315 1396 θεῖ
337 1361 444 1403 aliud,
467 1372 575 1407 quam
599 1360 753 1406 adeptio,
776 1359 834 1394 vel
855 1359 977 1393 fruitio
1001 1359 1079 1393 finis
1102 1359 1230 1393 ultimi.
1254 1358 1412 1393 Ultimus
1436 1366 1557 1393 autem
1578 1358 1657 1394 finis
1678 1367 1831 1394 vocatur

261 1415 467 1449 beatitudo:
491 1414 519 1448 si
542 1425 629 1459 ergo
651 1414 835 1448 beatitudo
857 1413 1018 1447 hominis
1042 1413 1289 1447 consideretur
1317 1420 1493 1459 quantum
1520 1412 1564 1446 ad
1591 1424 1751 1456 causam,
1771 1413 1831 1448 vel

264 1470 458 1514 objectum,
481 1468 530 1502 sic
547 1476 599 1502 est
614 1467 747 1513 aliquid
762 1467 983 1509 increatun13
1007 1467 1035 1501 si
1058 1474 1179 1501 autem
1196 1466 1443 1501 consideretur
1461 1474 1637 1513 quantum
1652 1466 1696 1501 ad
1713 1467 1830 1514 ipsam

264 1523 456 1557 essentiam
475 1521 716 1563 beatitudinis,
739 1521 788 1555 sic
812 1529 865 1555 est
887 1520 1021 1567 aliquid
1043 1528 1216 1554 creatum.

335 1577 395 1610 AD
417 1586 566 1610 PRIMUM
594 1586 681 1620 ergo
705 1575 910 1616 dicendum,
926 1574 1023 1620 quod
1038 1575 1137 1608 Deus
1153 1582 1205 1608 est
1222 1573 1406 1608 beatitudo
1421 1585 1484 1621 per
1498 1573 1690 1609 essentiam
1706 1586 1828 1609 suam:

264 1641 338 1664 non
362 1630 458 1664 enim
481 1640 543 1675 per
566 1629 808 1675 adeptionem,
836 1636 897 1662 aut
922 1628 1238 1674 participationem
1265 1627 1415 1674 alicujus
1443 1627 1588 1662 alterius
1614 1627 1739 1663 beatus
1767 1637 1830 1671 est,

265 1684 324 1718 sed
348 1695 410 1730 per
432 1683 625 1717 essentiam
647 1693 760 1716 suam.
785 1682 962 1716 Homines
985 1690 1107 1715 autem
1129 1689 1211 1715 sunt
1231 1681 1336 1723 beati,
1359 1682 1451 1716 sicut
1471 1681 1602 1716 ibidem
1624 1681 1710 1717 dicit
1727 1682 1830 1717 Boet.

265 1748 327 1783 per
348 1736 686 1783 participationem3
709 1735 801 1769 sicut
823 1743 857 1769 et
884 1735 932 1769 dii
958 1746 1020 1782 per
1045 1735 1362 1781 participationem
1388 1735 1577 1769 dicuntur:
1604 1735 1682 1781 ipsa
1709 1744 1831 1770 autem

264 1790 489 1837 participatio
512 1789 752 1831 beatitudinis,
775 1789 975 1823 secundum
997 1800 1107 1835 quam
1128 1789 1242 1823 homo
1266 1788 1395 1823 dicitur
1415 1789 1553 1831 beatus,
1575 1787 1710 1835 aliquid
1737 1801 1832 1825 crea-

264 1852 341 1878 tum
364 1852 426 1878 est.

334 1897 394 1931 AD
416 1908 623 1932 SECUNDUM
645 1896 852 1939 dicendum,
874 1896 971 1942 quod
997 1896 1181 1931 beatitudo
1204 1896 1333 1931 dicitur
1359 1907 1438 1931 esse
1465 1908 1650 1932 summum
1671 1896 1832 1932 hominis

262 1951 410 1993 bonum,
433 1951 515 1997 quia
539 1958 591 1985 est
613 1950 768 1996 adeptio,
791 1950 848 1984 vel
869 1950 990 1984 fruitio
1013 1950 1148 1984 summi
1170 1950 1268 1985 boni.

334 2005 394 2039 AD
417 2016 588 2040 TERTmM
610 2005 814 2046 dicendum,
838 2005 934 2051 quod
956 2004 1140 2039 beatitudo
1163 2004 1292 2039 dicitur
1310 2003 1458 2039 ultimus
1476 2004 1568 2048 finis,
1586 2016 1650 2052 per
1666 2005 1831 2050 modum,

263 2070 335 2105 quo
359 2059 501 2105 adeptio
524 2058 603 2092 finis
625 2058 754 2092 dicitur
775 2058 865 2093 finis.

829 2176 1175 2221 ARTICULUS
1204 2177 1260 2219 Π.
1791 2189 1831 2223 18

645 2274 797 2304 UTRUM
824 2273 1081 2304 BEATITUDO
1112 2273 1178 2303 SIT
1207 2273 1442 2304 OPERATIO.

265 2349 310 2393 (1.
332 2350 419 2384 Dist.
439 2361 465 2384 I.
485 2361 514 2395 q.
536 2362 563 2384 Ι.
583 2354 647 2384 art.
669 2362 696 2384 Ι.
720 2354 749 2384 et
766 2361 794 2395 3.
817 2350 904 2384 Dist.
924 2361 976 2396 34.
998 2362 1027 2396 q.
1050 2362 1078 2385 1.
1101 2354 1164 2384 art.
1176 2361 1205 2396 5.
1229 2356 1318 2397 corp.
1340 2354 1369 2385 et
1382 2361 1410 2396 3.
1432 2349 1522 2385 Dist.
1543 2359 1601 2396 49.
1622 2360 1652 2395 q.
1674 2360 1702 2384 1.
1721 2353 1786 2384 art.
1800 2359 1831 2384 2.

399 2461 428 2491 et
450 2456 572 2501 Qnodl.
595 2457 626 2491 8.
649 2462 714 2491 art.
737 2468 787 2503 19.
812 2415 903 2503 coran
926 2409 1099 2492 eterintii.
1121 2409 1190 2492 Zeti.
1207 2415 1241 2492 ἰ.
1263 2462 1293 2492 et
1313 2468 1346 2502 4.
1374 2456 1455 2492 Met.
1473 2457 1542 2492 lect.
1559 2468 1591 2503 9.
1611 2456 1697 2502 fin).

336 2540 395 2575 AD
418 2550 625 2575 SECUNDUM
653 2540 703 2574 sic
726 2540 942 2587 proceditur.
965 2539 1128 2582 Videtur,
1150 2540 1247 2587 quod
1272 2540 1457 2575 beatitudo
1479 2551 1553 2575 non
1575 2540 1620 2575 sit
1645 2539 1832 2588 operatio:

266 2594 351 2628 dicit
370 2594 467 2628 enim
489 2594 617 2640 Apost.
641 2594 748 2628 Rom.
773 2593 822 2628 6.:
850 2595 991 2629 Habetis
1005 2595 1159 2640 frustmn
1180 2599 1323 2629 vestrum
1347 2595 1380 2628 in
1409 2595 1714 2641 sancltficationem,
1729 2594 1834 2641 finem

268 2660 343 2681 tero
364 2649 469 2682 <vilain
491 2653 656 2682 asternunt
675 2661 683 2682 :
707 2647 768 2681 sed
790 2648 862 2682 vita
877 2659 948 2681 non
967 2655 1019 2681 est
1041 2648 1215 2693 operatio,
1235 2648 1295 2682 sed
1316 2656 1368 2682 est
1382 2648 1501 2694 ipsum
1519 2658 1596 2683 esse
1615 2647 1833 2690 viventium3

266 2713 352 2745 ergo
372 2701 518 2735 uitimus
542 2701 632 2743 sinis,
652 2701 712 2747 qui
736 2709 787 2734 est
808 2701 1005 2743 beatitudo,
1024 2713 1096 2734 non
1121 2709 1173 2735 est
1195 2701 1369 2747 operatio.

339 2765 368 2787 2.
397 2755 633 2789 Pnalz'rlssul-:m
657 2755 757 2788 Boet.
781 2754 876 2788 dicit.
900 2755 934 2788 in
961 2766 988 2800 3.
1005 2754 1047 2788 de
1061 2754 1211 2788 Consol.
1233 2756 1347 2802 (prosa
1369 2767 1400 2790 2.
1420 2757 1479 2790 cir.
1490 2755 1622 2803 princ.)
1640 2755 1736 2802 quod
1754 2755 1835 2790 bea-

265 2808 378 2842 titudo
419 2817 470 2842 θεῖ
501 2817 612 2842 status
635 2809 800 2842 omnium
829 2809 1008 2842 bonorum
1032 2809 1290 2854 aggregatione
1325 2809 1519 2855 perfectus:
1542 2809 1603 2844 sed
1625 2817 1737 2844 status
1759 2820 1832 2844 non

266 2862 431 2895 nominat
449 2862 718 2907 operationem3
741 2873 828 2907 ergo
851 2862 1035 2895 beatitudo
1058 2873 1131 2895 non
1155 2870 1207 2896 est
1230 2863 1404 2908 operatio.

341 2926 367 2959 3.
391 2916 627 2949 luxit-riflum.
660 2915 851 2949 Beatitudo
879 2915 1058 2961 significat
1089 2915 1221 2961 aliquid
1245 2916 1278 2949 in
1302 2916 1407 2950 beato
1431 2916 1584 2950 existens
1612 2915 1674 2961 [al.
1696 2917 1729 2950 in
1749 2917 1832 2951 bono

267 2969 458 3013 1:.t11'.s·tcntf.‹j‚
482 2980 565 3002 cum
598 2969 641 3002 sit
668 2968 793 3003 ultima
822 2968 994 3015 perfectio
1017 2969 1200 3003 hominis:
1228 2969 1289 3004 sed
1312 2970 1475 3016 operatio
1498 2981 1571 3004 non
1593 2969 1774 3016 significat
1794 2978 1832 3005 ut
