1907 3198
503 211 725 248 QUAESTIO
758 213 936 244 LXXVIII.
971 215 1216 246 ARTICULUS
1249 216 1310 247 111.
1611 209 1694 263 569

130 298 203 326 est:
235 290 298 326 sed
323 292 504 328 maximus
530 294 683 330 difluxus
705 306 783 331 esse
809 296 961 339 videtur,
983 305 1021 332 ut
1042 297 1171 345 aliquis
1197 310 1240 334 ex
1263 308 1361 335 certa
1388 300 1526 336 malitia
1553 311 1696 348 peccet;

129 354 218 391 ergo
234 355 309 380 non
330 346 451 381 statim
474 358 493 381 a
514 348 705 396 principio,
727 350 787 385 sed
802 361 864 396 per
886 350 1039 386 multam
1062 353 1377 398 consuetudinem,
1401 366 1443 390 ex
1460 367 1532 402 qua
1553 356 1696 392 habitus

128 399 293 445 generari
313 407 443 446 potest,
465 400 593 448 aliquis
617 403 659 437 ad
682 403 753 438 hoc
776 404 920 439 devenit
941 413 979 440 ut
999 416 1042 440 ex
1064 414 1161 440 certa
1184 407 1321 442 malitia
1343 418 1479 455 peccet.

201 463 231 499 3.
250 451 486 489 PRAETEREA.
515 454 835 504 Quandocumque
862 457 990 505 aliquis
1019 470 1062 493 ex
1092 469 1189 494 certa
1220 461 1357 496 malitia
1385 471 1522 509 peccat,
1551 473 1695 511 oportet

126 505 224 554 quod
244 505 322 554 ipsa
339 507 507 543 voluntas
527 509 569 543 de
592 521 628 544 se
650 510 843 546 inclinetur
858 512 900 546 ad
917 511 1067 555 malum,
1089 514 1186 560 quod
1209 514 1326 561 el=git:
1351 516 1412 550 sed
1432 528 1474 551 ex
1492 526 1619 552 natura
1635 530 1696 565 po-

124 559 259 595 tentiae
278 571 354 596 non
375 561 568 597 inclinatur
588 563 704 599 homo
727 565 770 599 ad
797 564 947 607 malum,
966 566 1027 600 sed
1050 567 1166 614 magis
1189 568 1232 602 ad
1252 569 1410 613 bonum3
1429 581 1517 617 ergo
1539 581 1694 618 oportet,

124 611 156 648 si
175 612 277 661 eligit
297 614 448 658 malum,
474 616 570 663 quod
593 617 665 652 hoc
692 618 737 654 sit
762 630 804 654 ex
827 619 948 666 aliquo
975 622 1252 668 supervenienti,
1279 623 1377 670 quod
1404 633 1457 659 est
1478 626 1610 672 passio,
1636 626 1694 661 vel

123 665 283 702 habitus:
302 668 364 703 sed
386 669 532 716 quando
555 669 684 718 aliquis
705 681 833 719 peccat
855 685 896 708 ex
914 673 1095 720 passione,
1117 686 1191 710 non
1212 685 1340 722 peccat
1361 689 1403 712 ex
1426 687 1522 713 certa
1545 679 1694 724 malitia,

123 719 187 756 sed
208 731 251 756 ex
271 721 492 766 infirmitate,
511 732 548 759 ut
562 724 699 760 dictum
715 734 768 760 est
783 726 953 774 (‹].pracc.
969 733 1035 765 art.
1046 729 1093 775 3.)
1105 741 1118 770 ,·
1138 740 1226 775 ergo
1241 731 1548 780 quandocumque
1565 733 1693 781 aliquis

122 782 252 821 peccat
271 785 313 810 ex
335 784 433 812 certa
454 776 607 821 malitia,
628 787 774 826 oportet
793 781 890 827 quod
913 789 1040 828 peccet
1062 793 1105 817 ex
1126 782 1262 818 habitu.

194 827 271 864 SED
289 839 456 866 CONTRA.
484 830 587 866 Sicut
611 843 650 868 se
677 833 786 868 habet
812 834 954 870 habitus
976 835 1092 870 bonus
1115 836 1159 871 ad
1188 837 1408 874 electionem
1430 839 1536 876 boni:
1558 842 1606 876 ita
1632 841 1693 876 ha-

121 880 215 917 bitus
236 882 354 918 malus
369 883 413 918 ad
435 883 654 921 electionem
676 887 781 922 mali:
804 887 866 923 sed
885 888 1104 936 quandoque
1124 889 1253 938 aliquis
1274 903 1349 926 non
1370 892 1507 929 habens
1526 894 1690 930 habiturn

119 934 261 972 virtutis
281 935 383 984 eligit
399 937 447 981 id,
468 939 565 985 quod
581 948 634 974 est
647 941 786 976 bonum
804 942 1006 977 secundum
1024 943 1215 988 virtutem;
1237 956 1325 993 ergo
1344 946 1454 981 etiam
1472 948 1691 996 quandoque

121 987 250 1037 aliquis
269 1001 344 1026 non
365 990 504 1027 habens
517 992 682 1029 habitum
695 995 868 1030 vitiosum
890 1004 1010 1043 potest
1031 997 1164 1044 eligere
1181 998 1338 1043 malum;
1352 1001 1450 1048 quod
1469 1010 1523 1037 est
1537 1014 1580 1038 ex
1594 1011 1691 1038 certa

118 1041 258 1078 malitia
280 1055 443 1091 peccare.

188 1096 421 1134 Rssronmzo
442 1099 650 1143 dicendum,
669 1103 766 1149 quod
788 1102 958 1139 voluntas
981 1104 1084 1140 aliter
1105 1117 1143 1141 se
1168 1106 1279 1142 habet
1300 1108 1343 1143 ad
1359 1109 1510 1153 bonum,
1532 1118 1567 1145 et
1588 1110 1691 1147 aliter

118 1149 163 1185 ad
184 1150 341 1187 malum:
363 1163 405 1188 ex
422 1161 552 1189 natura
573 1155 670 1190 enim
694 1167 780 1191 suae
801 1158 985 1204 potentiae
1000 1158 1194 1194 inclinatur
1212 1161 1255 1195 ad
1270 1161 1408 1198 bonurn
1423 1164 1583 1207 rationis,
1598 1165 1691 1200 sicut

117 1204 162 1239 ad
182 1205 371 1252 proprium
391 1206 594 1253 obJectum;
616 1209 711 1244 unde
733 1218 768 1244 et
785 1221 896 1246 omne
911 1220 1103 1258 peccatum
1125 1214 1256 1249 dicitur
1270 1227 1348 1251 esse
1363 1225 1490 1252 contra
1509 1226 1688 1262 naturam,

115 1258 214 1306 quod
228 1269 317 1306 ergo
331 1261 367 1295 in
382 1260 528 1308 aliquod
544 1262 683 1297 malum
697 1263 866 1299 voluntas
881 1264 1050 1312 eligendo
1060 1267 1264 1311 inclinetur,
1277 1278 1420 1317 oportet
1431 1272 1527 1318 quod
1543 1272 1687 1308 aliunde

105 1312 321 1360 ·contingat:
343 1322 380 1350 et
395 1315 590 1363 quandoque
611 1316 757 1364 quidem
780 1319 960 1365 contingit
981 1331 1023 1354 ex
1045 1320 1186 1356 defectu
1214 1324 1381 1367 rationis;
1404 1325 1495 1361 sicut
1517 1338 1601 1361 curn
1629 1327 1689 1362 ali-

114 1364 195 1412 quis
220 1376 265 1402 ex
289 1366 496 1414 ignorantia
522 1377 666 1416 peccat:
693 1371 886 1419 quandoque
913 1382 1035 1408 autem
1057 1385 1099 1410 ex
1125 1376 1283 1423 impulsu
1306 1381 1484 1426 appetitus
1506 1381 1685 1416 sensitivi:

113 1418 208 1454 sicut
232 1430 318 1455 cum
339 1429 467 1467 peccat
492 1433 535 1457 ex
556 1423 744 1470 passione:
767 1426 830 1460 sed
848 1434 1018 1462 neutrum
1040 1428 1171 1464 horum
1195 1439 1249 1466 est
1270 1443 1312 1466 ex
1335 1441 1432 1468 certa
1454 1433 1593 1469 malitia
1607 1447 1687 1482 pec·

113 1482 215 1508 care:
236 1473 299 1508 sed
324 1481 410 1510 tunc
432 1474 553 1511 solum
575 1487 618 1511 ex
646 1485 743 1513 certa
772 1478 910 1514 malitia
932 1480 1060 1528 aliquis
1082 1491 1220 1529 peccat,
1242 1486 1388 1531 quando
1410 1487 1488 1534 ipsa
1514 1488 1682 1525 voluntas

111 1535 156 1562 ex
176 1526 296 1574 seipsa
316 1536 486 1564 movetur
506 1530 550 1564 ad
573 1530 725 1574 malurn,
747 1533 843 1580 quod
866 1542 985 1580 potest
1006 1536 1217 1583 contingere
1239 1538 1425 1586 dupliciter.

189 1580 263 1616 Uno
284 1581 432 1628 quidem
453 1582 548 1618 modo
570 1595 634 1631 per
654 1585 739 1628 hoc,
761 1587 857 1633 quod
873 1587 988 1623 homo
1002 1589 1112 1624 habet
1130 1590 1290 1638 aliquam
1304 1593 1581 1640 dispositionem
1601 1607 1679 1632 cor-

111 1641 255 1682 ruptam
274 1634 512 1672 inclinantem
534 1638 578 1672 ad
600 1638 760 1683 malum;
782 1640 830 1675 ita
852 1642 949 1688 quod
977 1643 1178 1679 secundum
1204 1644 1306 1680 illam
1332 1648 1609 1695 dispositionem
1637 1651 1681 1686 sit

109 1686 255 1724 homini
275 1689 378 1736 quasi
399 1691 632 1735 conveniens,
654 1701 689 1728 et
710 1693 828 1729 simile
852 1694 998 1742 aliquod
1027 1697 1186 1733 malum:
1215 1708 1250 1735 et
1276 1701 1312 1734 in
1340 1701 1411 1736 hoc
1438 1703 1577 1739 ratione
1599 1716 1683 1740 con-

108 1741 314 1778 venientiae
334 1743 449 1779 tendit
468 1744 638 1781 voluntas
660 1748 761 1794 quasi
783 1748 819 1782 in
837 1748 992 1786 bonurn:
1012 1751 1096 1797 quia
1117 1754 1405 1802 unumquodque
1423 1758 1624 1793 secundum
1642 1770 1680 1794 se

107 1795 222 1832 tendit
242 1796 279 1832 in
300 1796 348 1840 id,
369 1798 467 1845 quod
488 1799 556 1834 sibi
577 1807 630 1834 est
650 1801 896 1838 conveniens:
915 1803 996 1839 talis
1012 1813 1133 1840 autem
1155 1806 1346 1854 dispositio
1361 1819 1542 1858 corrupta,
1556 1812 1609 1847 vel
1626 1821 1679 1848 est

109 1848 238 1898 aliquis
258 1850 402 1886 habitus
424 1853 619 1900 acquisitus
641 1865 683 1889 ex
706 1856 980 1900 consuetudine,
1002 1869 1095 1905 quae
1116 1860 1266 1895 vertitur
1286 1862 1321 1896 in
1344 1871 1532 1907 naturam;
1553 1866 1606 1900 vel
1627 1878 1680 1901 est

107 1902 228 1951 aliqua
243 1905 514 1952 aegritudinalis
528 1906 703 1943 habitudo
719 1919 760 1943 ex
771 1918 871 1956 parte
887 1912 1070 1958 corporis;
1086 1913 1178 1948 sicut
1192 1913 1321 1961 aliquis
1337 1916 1474 1953 habens
1496 1919 1557 1964 [al.
1573 1920 1680 1966 aliqui

105 1956 253 2004 haband,
285 1958 463 2005 quasdam
493 1960 676 1996 naturales
708 1962 964 2000 inclinationes
995 1965 1039 2000 ad
1067 1966 1186 2014 aliqua
1211 1978 1360 2015 peccata
1387 1980 1534 2019 propter
1559 1984 1680 2008 corru-

105 2010 270 2058 ptionem
289 2019 439 2048 naturae
461 2013 496 2049 in
518 2015 597 2062 ipso
620 2014 684 2062 [al.
707 2017 741 2050 in
762 2018 865 2064 ipsisJ.
889 2019 968 2054 Alio
988 2019 1083 2055 modo
1103 2021 1293 2069 contingit,
1315 2025 1412 2070 quod
1432 2025 1601 2062 voluntas
1615 2039 1678 2074 per

104 2073 143 2100 se
162 2064 278 2100 tendit
302 2065 339 2101 in
366 2065 513 2114 aliquod
543 2068 682 2104 malum
712 2081 777 2116 per
806 2073 1049 2108 remotionem
1081 2074 1232 2121 alicujus
1264 2077 1505 2123 prohibentis;
1535 2089 1620 2127 puta
1647 2081 1676 2116 si

105 2118 236 2168 aliquis
255 2121 491 2168 prohibeatur
510 2134 674 2170 peccare,
696 2136 771 2160 non
797 2127 880 2173 quia
907 2137 1099 2174 peccatum
1122 2129 1154 2164 ei
1181 2132 1383 2166 secundum
1405 2144 1442 2168 se
1469 2134 1669 2181 displiceat,

104 2173 167 2209 sed
188 2182 336 2222 propter
355 2186 458 2223 spem
478 2177 574 2212 vitae
597 2186 776 2222 aeternae,
797 2179 856 2215 vel
877 2190 1024 2228 propter
1040 2183 1212 2218 timorem
1232 2185 1433 2232 gehennae,
1452 2196 1594 2223 remota
1612 2200 1674 2236 spe

103 2238 168 2276 per
187 2227 491 2277 desperationem,
516 2230 575 2266 vel
594 2232 727 2268 timore
748 2245 812 2281 per
833 2237 1182 2283 praesumptionem,
1209 2239 1380 2286 sequitur,
1402 2242 1500 2288 quod
1515 2253 1557 2277 ex
1576 2251 1673 2278 certa

102 2280 242 2318 malitia
262 2283 365 2330 quasi
385 2284 520 2332 absque
540 2284 666 2321 fraeno
693 2295 830 2333 peccet.
859 2288 919 2323 Sic
946 2290 1055 2337 igitur
1080 2299 1189 2338 patet,
1217 2293 1314 2339 quod
1341 2304 1546 2341 peccatum,
1573 2297 1671 2343 quod

102 2342 157 2371 est
173 2346 216 2371 ex
230 2344 328 2372 certa
341 2336 492 2381 malitia,
510 2349 654 2386 semper
670 2342 930 2388 praesupponit
943 2343 978 2377 in
997 2344 1148 2380 homine
1171 2345 1330 2393 aliquam
1352 2348 1672 2393 inordinationem,

101 2398 194 2437 quae
214 2397 338 2426 tamen
359 2402 433 2427 non
455 2403 599 2440 semper
625 2401 678 2429 est
704 2394 866 2431 habitus:
893 2397 987 2432 unde
1014 2409 1088 2433 non
1115 2407 1167 2434 est
1193 2402 1455 2445 necessarium,
1478 2403 1575 2450 quod
1599 2404 1672 2451 qui-

101 2452 259 2491 cumque
279 2453 407 2492 peccat
427 2456 469 2480 ex
492 2454 589 2481 certa
611 2446 762 2490 malitia,
783 2458 910 2496 peccet
931 2461 972 2485 ex
994 2451 1130 2487 habitu.

172 2496 234 2533 An
251 2507 400 2534 numm
422 2510 511 2546 ergo
532 2499 739 2543 dicendum,
753 2503 850 2549 quod
870 2505 1024 2551 operari,
1038 2505 1192 2553 qualiter
1216 2507 1369 2554 injustus
1396 2519 1577 2557 operatur,
1595 2523 1668 2546 non

99 2548 221 2592 solum
242 2559 296 2587 est
315 2553 458 2600 operari
479 2553 611 2600 injusta
638 2565 679 2590 ex
702 2564 799 2591 certa
826 2557 976 2601 malitia,
1003 2559 1064 2594 sed
1093 2560 1201 2595 etiarn
1229 2562 1500 2606 delectabiliter,
1528 2573 1563 2600 et
1591 2566 1668 2601 sine

99 2604 201 2652 gravi
221 2605 341 2641 renisu
360 2606 522 2650 rationis,
544 2608 641 2655 quod
663 2620 737 2644 non
759 2619 813 2645 est
833 2611 901 2646 nisi
923 2613 1012 2658 ejus,
1034 2614 1094 2660 qui
1117 2614 1225 2650 habet
1247 2616 1424 2652 habitum.

170 2657 232 2694 At>
253 2669 460 2696 SECUNDUM
484 2661 690 2706 dicendum,
712 2663 808 2710 quod
830 2675 904 2699 non
927 2666 1047 2701 statim
1076 2668 1118 2702 ad
1147 2669 1217 2703 hoc
1246 2670 1373 2717 aliquis
1401 2671 1542 2713 labitur,
1569 2673 1666 2719 quod

99 2720 143 2746 ex
162 2719 261 2748 certa
281 2713 421 2749 malitia
443 2723 587 2762 peccet:
610 2716 671 2751 sed
691 2719 993 2765 praesupponitur
1010 2719 1156 2768 aliquid,
1171 2723 1268 2769 quod
1288 2732 1410 2759 tamen
1431 2737 1503 2760 non
1524 2737 1667 2773 semper

99 2771 154 2800 eet
171 2763 328 2810 habitus,
350 2775 390 2802 ut
409 2767 547 2803 dictum
570 2777 623 2804 est
644 2770 697 2815 (ιή
719 2778 807 2818 corp.
829 2775 924 2818 art).

169 2818 231 2855 An
243 2829 417 2858 TERTIUM
428 2821 636 2866 dicendum,
650 2825 746 2871 quod
761 2825 860 2868 illud,
875 2838 938 2873 per
951 2828 1048 2875 quod
1065 2828 1232 2865 voluntas
1249 2830 1442 2867 inclinatur
1456 2833 1498 2868 ad
1515 2833 1665 2877 malum,

97 2880 174 2962 ιιιιῖνιι
203 2883 349 2975 semper
373 2875 518 2911 habitus
545 2885 610 2920 est,
635 2877 693 2913 vel
720 2879 852 2926 passio,
879 2881 940 2916 sed
968 2882 1139 2929 quiddam
1168 2883 1276 2926 aliud,
1304 2894 1341 2920 ut
1367 2886 1503 2922 dictum
1533 2896 1585 2923 est
1611 2890 1663 2934 (in

150 2930 190 2975 p.
209 2932 277 2964 art.
298 2954 307 2963 .
