1907 3198
546 178 769 214 QUAESTIO
803 177 874 207 LX.
908 176 1156 207 ARTICULUS
1192 177 1234 207 ΙΙ.
1599 173 1684 219 415

97 262 156 298 vel
178 261 274 297 male
293 260 448 296 afficitur
474 260 571 295 circa
597 259 830 305 hujusmodi3
858 266 893 293 et
920 266 1068 305 propter
1089 258 1161 292 hoc
1182 265 1325 304 oportet
1348 257 1445 304 quod
1473 258 1623 291 virtutes
1650 254 1687 290 in

98 316 230 352 talibus
257 316 328 351 sint
353 313 600 362 principaliter
627 313 723 348 circa
750 313 941 347 interiores
969 311 1194 354 affectiones,
1223 324 1315 358 quae
1344 312 1511 345 dicuntur
1540 310 1684 345 animae

98 370 305 418 passiones;
327 369 420 404 sicut
448 376 547 416 patet
577 367 620 402 de
641 367 894 414 temperantia,
921 366 1144 409 fortitudine,
1176 373 1210 401 et
1242 366 1321 400 aliis
1343 365 1567 411 hujusmodi.
1591 364 1689 399 Con-

98 424 205 471 tingit
227 432 361 466 autem,
384 422 482 470 quod
508 422 545 456 in
573 421 858 469 operationibus,
886 432 978 467 quae
1006 428 1089 455 sunt
1115 421 1158 454 ad
1187 419 1353 462 alterum,
1381 418 1689 466 praetermittatur

97 479 235 514 bonurn
263 477 404 512 virtutis
438 484 585 524 propter
610 475 857 510 inordinatam
889 475 1002 509 animi
1028 474 1255 521 passionem:
1284 482 1319 508 et
1345 482 1443 516 tunc,
1471 474 1688 520 inquantum

99 533 345 580 corrumpitur
380 530 691 566 commensuratio
727 529 915 564 exterioris
944 528 1180 576 operationis,
1215 536 1267 562 est
1295 528 1480 574 corruptio
1511 525 1687 573 justitiae:

99 588 316 634 inquantum
333 593 457 620 autem
476 584 720 631 corrumpitur
737 583 1050 618 commensuratio
1072 583 1287 617 interiorum
1302 583 1528 629 passionum,
1545 587 1598 615 est
1615 591 1691 615 cor-

99 640 220 688 ruptio
249 639 401 686 alicujus
429 638 574 673 alterius
601 638 762 672 virtutis:
792 637 884 672 sicut
911 649 995 671 cum
1022 645 1169 684 propter
1196 636 1287 670 iram
1316 635 1446 682 aliquis
1475 635 1585 669 alium
1615 645 1691 681 per—

99 694 199 737 cutit,
220 694 258 728 in
278 693 357 740 ipsa
378 692 612 740 percussione
631 691 790 726 indebita
806 691 1051 738 corrumpitur
1071 690 1225 737 justitia:
1243 690 1279 724 in
1301 689 1586 724 immoderantia
1600 699 1689 723 vero

98 749 172 783 irae
200 747 444 793 corrumpitur
470 745 732 780 mansuetudo:
762 754 797 780 et
823 746 920 780 idem
948 752 1045 792 patet
1072 745 1108 779 in
1136 743 1226 779 aliis.

171 802 216 837 Et
237 813 301 850 per
321 801 393 836 hoc
413 808 512 848 patet
534 800 724 846 responsio
746 810 797 834 AD
821 810 999 846 OBJECTA.
1015 799 1113 834 Nam
1128 800 1245 846 prima
1261 798 1353 832 ratio
1369 798 1535 845 procedit
1548 797 1592 832 de
1607 808 1690 844 ope-

99 856 253 899 ratione,
268 855 470 891 secundum
485 854 583 902 quod
606 863 659 889 est
681 853 830 888 effectus
846 854 998 888 virtutis.
1015 853 1121 888 Aliae
1136 852 1220 888 duae
1241 852 1401 887 rationes
1420 852 1624 899 procedunt
1646 863 1689 886 ex

97 911 182 953 hoc,
205 910 303 957 quod
324 909 369 944 ad
392 909 490 944 idem
513 916 736 943 concurrunt
758 908 936 955 operatio,
959 915 994 942 et
1015 907 1155 954 passio:
1179 907 1241 942 sed
1268 907 1305 941 in
1332 906 1551 953 quibusdam
1572 906 1686 940 virtus

100 973 154 1000 est
180 963 427 1012 principaliter
454 963 551 998 circa
579 962 845 1008 operationem,
872 962 908 996 in
931 961 1149 1008 quibusdam
1177 962 1272 996 circa
1299 961 1521 1008 passionem,
1548 959 1690 995 ratione

98 1018 284 1067 praedicta
307 1019 357 1064 (in
378 1017 500 1064 corp).

659 1141 1009 1187 ARTICULUS
1045 1142 1125 1185 111.
1621 1166 1686 1204 319

145 1253 300 1284 UTRUM
328 1252 459 1283 CIRCA
487 1252 794 1295 OPERATIONES
823 1251 890 1281 SIT
918 1251 1106 1281 TANTUM
1134 1252 1224 1281 UNA
1251 1252 1409 1282 VIRTUS
1439 1252 1646 1282 MORALIS.

174 1341 234 1375 AD
258 1350 431 1375 TERTmM
454 1340 504 1374 sic
528 1340 746 1387 proceditur.
770 1339 934 1382 Videtur,
958 1340 1055 1386 quod
1079 1340 1124 1374 sit
1145 1351 1216 1374 una
1236 1348 1379 1374 tantum
1402 1341 1515 1375 virtus
1538 1341 1690 1376 moralis

102 1395 199 1430 circa
221 1394 472 1441 operationes:
496 1394 675 1429 rectitudo
703 1394 803 1428 enim
825 1394 993 1428 omnium
1020 1394 1276 1441 operationum
1304 1395 1527 1430 exteriorum
1549 1396 1691 1430 videtur

103 1448 147 1483 ad
168 1448 344 1494 justitiam
370 1447 570 1495 pertinere:
593 1448 656 1483 sed
682 1448 817 1494 justitia
841 1456 894 1483 est
919 1460 991 1483 una
1017 1448 1150 1491 virtus;
1178 1459 1266 1494 ergo
1294 1459 1366 1482 una
1392 1448 1471 1483 sola
1498 1450 1610 1484 virtus
1638 1458 1691 1484 est

101 1503 197 1538 circa
219 1502 462 1549 operationes.

174 1567 206 1591 2.
229 1556 469 1592 PRAETEREA.
494 1556 740 1603 Operationes
763 1556 922 1591 maxime
945 1556 1152 1591 differentes
1175 1567 1253 1591 esse
1272 1556 1451 1601 videntur,
1473 1570 1566 1605 quae
1595 1558 1692 1593 ordi—

100 1618 233 1646 nantur
255 1610 299 1645 ad
320 1610 460 1645 bonum
480 1610 598 1653 unius,
622 1618 657 1645 et
678 1621 770 1658 quae
794 1610 1007 1645 ordinantur
1030 1611 1073 1644 ad
1094 1611 1234 1645 bonum
1257 1610 1518 1647 multitudinis:
1539 1613 1602 1648 sed
1623 1613 1691 1647 ista

102 1664 293 1700 diversitas
321 1675 397 1699 non
424 1664 644 1700 diversificat
669 1664 819 1699 virtutes
847 1663 1026 1700 morales:
1054 1665 1140 1699 dicit
1166 1665 1265 1699 enim
1287 1664 1425 1700 Philos.
1454 1666 1490 1700 in
1518 1678 1544 1711 ς.
1571 1665 1691 1701 Ethic.

102 1717 192 1765 (cap.
214 1731 243 1755 I.
266 1720 358 1753 circa
371 1718 453 1765 fin.)
475 1718 573 1765 quod
595 1719 730 1765 justitia
753 1718 893 1765 legalis,
914 1730 1006 1765 quae
1026 1718 1170 1753 ordinat
1191 1727 1292 1753 actus
1314 1719 1511 1754 hominum
1535 1721 1578 1754 ad
1595 1732 1693 1755 com-

102 1783 213 1807 mune
234 1772 387 1815 bonum,
409 1783 484 1807 non
507 1780 561 1807 est
583 1772 679 1807 aliud
703 1784 722 1807 a
745 1773 889 1815 virtute,
911 1784 1003 1819 quae
1027 1772 1170 1808 ordinat
1192 1780 1293 1807 actus
1315 1773 1477 1808 hominis
1505 1774 1549 1808 ad
1577 1787 1691 1809 unum

101 1833 256 1869 tantum,
290 1826 361 1861 nisi
387 1826 590 1861 secundum
618 1827 818 1870 rationem;
846 1838 934 1873 ergo
963 1827 1150 1861 diversitas
1179 1827 1437 1873 operationum
1464 1839 1539 1862 non
1567 1837 1693 1863 causat

102 1880 351 1915 diversitatem
372 1880 547 1915 virtutum
570 1880 779 1915 moralium.

178 1945 206 1980 3.
227 1934 467 1970 PRAETEREA.
487 1934 526 1969 Si
540 1943 623 1969 sunt
638 1934 801 1969 diversae
816 1934 965 1969 virtutes
980 1934 1139 1969 morales
1159 1935 1255 1970 circa
1271 1935 1431 1970 diversas
1447 1936 1692 1982 operationes,

103 1996 288 2036 oporteret
310 1988 408 2035 quod
431 1989 633 2024 secundum
656 1989 902 2023 diversitatem
919 1989 1174 2036 operationum
1198 1998 1292 2025 esset
1310 1990 1498 2025 diversitas
1517 1991 1692 2025 virtutum

102 2042 320 2078 moralium:
343 2043 405 2078 sed
428 2043 500 2077 hoc
522 2051 621 2090 patet
643 2054 720 2078 esse
744 2042 896 2078 falsum:
918 2054 1005 2077 nam
1029 2043 1072 2078 ad
1100 2044 1275 2090 justitiam
1303 2044 1458 2090 pertinet
1478 2045 1514 2079 in
1542 2045 1692 2080 diversis

103 2097 296 2145 generibus
310 2097 646 2132 commutationum
669 2097 925 2132 rectitudinem
940 2105 1111 2140 statuere,
1130 2106 1166 2133 et
1185 2098 1296 2133 etiarn
1315 2099 1351 2132 in
1367 2099 1692 2142 distributionibus,

103 2158 141 2186 ut
162 2159 262 2198 patet
283 2151 319 2185 in
346 2162 374 2197 ς.
398 2150 515 2186 Ethic.
538 2153 626 2199 (cap.
648 2164 679 2187 2.
703 2163 723 2186 a
745 2151 866 2198 med.).·
894 2163 968 2186 non
997 2163 1085 2198 ergo
1113 2152 1276 2187 diversae
1298 2152 1448 2188 virtutes
1476 2162 1559 2188 sunt
1580 2153 1694 2188 diver—

103 2216 226 2240 sarum
248 2205 517 2252 operationum.

177 2258 252 2294 SED
280 2270 437 2295 CONTRA
466 2267 530 2302 est,
558 2259 656 2306 quod
683 2259 814 2306 religio
842 2268 895 2295 est
921 2259 991 2295 alia
1018 2260 1131 2295 virtus
1159 2272 1177 2295 a
1205 2261 1350 2308 pietate,
1385 2273 1538 2308 quarum
1566 2269 1691 2296 tamen

103 2321 256 2360 utraque
278 2321 331 2348 est
349 2314 447 2348 circa
469 2314 703 2361 operationes
726 2314 914 2360 quasdam.

176 2367 410 2403 RESPon-:o
435 2368 645 2411 dicendum,
665 2368 763 2415 quod
786 2379 915 2403 omnes
934 2368 1083 2403 virtutes
1099 2368 1270 2411 morales,
1286 2381 1379 2416 quae
1398 2377 1481 2404 sunt
1495 2370 1590 2404 circa
1606 2382 1693 2417 ope-

103 2423 276 2464 rationes,
296 2423 520 2457 conveniunt
541 2422 578 2456 in
601 2422 760 2469 quadam
779 2422 941 2468 generali
959 2423 1100 2458 ratione
1123 2423 1294 2469 justitiae,
1316 2435 1409 2470 quae
1433 2424 1629 2458 attenditur
1642 2436 1694 2459 se-

105 2476 266 2512 cundum
294 2475 458 2511 debitum
485 2476 529 2510 ad
552 2476 728 2519 alterum;
756 2476 1025 2523 distinguuntur
1055 2485 1178 2512 autem
1200 2478 1402 2512 secundum
1426 2478 1585 2513 diversas
1616 2490 1694 2525 spe-

105 2529 216 2566 ciales
230 2531 406 2565 rationes.
423 2529 538 2576 Cujus
553 2531 645 2565 ratio
665 2538 729 2572 est,
745 2528 829 2577 fluia
843 2530 877 2565 in
892 2531 1165 2578 operationibus
1181 2532 1418 2567 exterioribus
1435 2533 1525 2567 ordo
1543 2533 1693 2567 rationis

105 2584 316 2627 instituitur,
338 2584 431 2619 sicut
453 2584 591 2619 dictum
614 2593 667 2619 est
690 2584 770 2629 (art.
790 2585 931 2632 praec),
958 2597 1032 2620 non
1055 2586 1258 2620 secundum
1281 2587 1556 2633 proportionem
1581 2587 1624 2621 ad
1648 2586 1695 2621 af-

104 2637 302 2674 fectionem
325 2638 500 2681 hominis,
523 2638 585 2673 sed
608 2639 810 2673 secundum
826 2640 942 2686 ipsam
963 2640 1259 2674 convenientiam
1280 2640 1331 2674 rei
1349 2641 1386 2674 in
1409 2641 1546 2687 seipsa3
1568 2652 1694 2675 sccun-

105 2692 193 2727 dum
216 2703 326 2739 quam
356 2692 652 2727 convenientiam
685 2692 860 2739 accipitur
889 2693 981 2728 ratio
1012 2693 1135 2736 debiti,
1166 2705 1207 2728 ex
1231 2705 1304 2741 quo
1341 2695 1571 2729 constituitur
1600 2695 1692 2729 ratio

104 2746 273 2793 justitiae.
294 2746 351 2781 Ad
371 2746 546 2793 justitiam
569 2747 667 2781 enim
690 2747 869 2793 pertinere
895 2747 1049 2790 videtur,
1073 2756 1111 2782 ut
1133 2748 1212 2794 quis
1240 2748 1402 2783 debitum
1430 2749 1574 2791 reddat3
1597 2749 1692 2784 unde

106 2811 236 2836 omnes
257 2800 470 2847 hujusmodi
487 2800 650 2843 virtutes,
673 2812 766 2847 quae
788 2809 872 2836 sunt
890 2801 985 2836 circa
1010 2802 1253 2848 operationes,
1276 2802 1411 2836 habent
1433 2802 1555 2849 aliquo
1579 2803 1692 2837 modo

105 2854 286 2889 rationem
308 2854 483 2900 justitiae;
502 2853 564 2889 sed
586 2854 747 2889 debitum
761 2866 835 2889 non
859 2864 912 2890 est
927 2856 1031 2890 unius
1046 2856 1196 2890 rationis
1212 2856 1247 2890 in
1264 2857 1454 2899 omnibus;
1476 2856 1579 2891 aliter
1593 2858 1691 2891 enim

106 2908 258 2944 debetur
280 2907 416 2956 aliquid
440 2908 594 2956 aequali,
617 2908 720 2943 aliter
742 2909 932 2955 superiori,
953 2909 1057 2944 aliter
1075 2910 1228 2953 minori3
1252 2919 1287 2945 et
1310 2910 1413 2945 aliter
1435 2923 1476 2945 ex
1496 2919 1617 2958 pacto,
1635 2912 1693 2946 vel
