1907 3198
523 223 748 260 QUAESTIO
781 223 855 253 xn.
889 223 1134 254 ARTICULUS
1168 223 1228 253 111.
1571 225 1645 253 111

88 311 118 342 et
137 318 184 353 17.
206 311 234 341 et
254 306 339 351 22.)‚
361 305 458 352 quod
480 316 554 341 non
583 314 702 352 potest
723 306 837 340 homo
859 304 969 340 simul
990 305 1175 340 intendere
1201 304 1335 346 Deum,
1357 312 1392 339 et
1413 304 1652 339 commodum

88 358 300 407 corporale;
321 370 409 405 ergo
431 359 507 406 pari
528 359 666 394 ratione
688 370 805 406 neque
824 358 943 406 aliqua
966 358 1035 393 alia
1057 358 1141 393 duo.

161 423 193 448 2.
206 412 442 448 Pmmznm.
458 412 614 448 Intentio
629 413 794 447 nominat
809 421 951 446 motum
965 411 1160 446 voluntatis
1180 411 1224 446 ad
1239 411 1452 446 terminum:
1470 411 1531 446 sed
1548 411 1652 445 unius

89 474 210 502 motus
232 477 306 501 non
327 474 478 513 possunt
500 477 576 500 esse
599 465 718 512 plures
740 466 884 500 termini
907 478 948 500 ex
971 477 1040 500 una
1063 474 1183 512 parte3
1206 476 1293 511 ergo
1315 465 1484 499 voluntas
1505 475 1578 499 non
1594 476 1655 512 po-

87 528 158 556 test
174 519 284 555 simul
305 519 419 554 multa
440 519 638 554 intendere.

162 584 191 620 3.
213 573 448 608 PRAETEREA.
472 573 627 608 Intentio
648 573 908 620 praesupponit
929 580 1050 607 actum
1072 572 1233 614 rationis,
1255 571 1330 607 sive
1349 571 1572 606 intellectus:
1591 570 1653 606 sed

87 637 163 663 non
184 627 362 674 contingit
379 626 488 661 simul
509 626 610 674 plura
633 626 846 673 intelligere,
868 626 1068 664 secundum
1090 625 1227 660 Philos.
1252 625 1328 670 (lib.
1346 637 1377 661 2.
1399 626 1511 672 Topic.
1530 632 1601 673 cap.
1619 637 1652 671 4.

87 682 123 716 in
141 680 299 716 declaras.
321 680 386 716 loci
403 682 463 727 33.)
475 693 488 721 ,·
520 691 609 727 ergo
642 680 752 716 etiam
770 691 887 726 neque
910 679 1089 725 contingit
1108 678 1218 714 simul
1237 679 1340 726 plura
1361 679 1558 714 intendere.

160 733 236 770 Sl-:D
257 744 425 770 CONTRA.
448 735 518 769 Ars
539 734 700 769 imitatur
721 743 906 769 naturam:
929 733 991 768 sed
1012 741 1140 768 natura
1163 744 1205 768 ex
1233 744 1306 767 uno
1334 733 1576 767 instrumento
1605 733 1655 767 in-

87 787 203 824 tendit
222 787 311 823 duas
333 787 524 830 utilitate53
546 788 638 822 sicut
658 787 781 834 lingua
804 787 990 822 ordinatur
1008 786 1051 821 ad
1071 795 1228 833 gustum,
1248 795 1283 822 et
1300 786 1344 821 ad
1363 786 1600 829 locutionem,
1616 795 1654 821 ut

87 841 220 877 dicitur
240 841 277 876 in
301 852 331 888 3.
352 841 397 876 de
419 842 555 876 Anima
576 842 628 887 (in
642 842 706 888 fin.
720 847 752 877 et
771 841 828 876 lib.
850 853 882 877 2.
904 846 967 876 tex.
989 841 1061 887 88.)
1073 853 1085 882 ,·
1116 851 1204 887 ergo
1234 841 1311 887 pari
1339 840 1479 874 ratione
1501 851 1569 882 ars,
1595 839 1654 874 vel

86 894 181 930 ratio
200 902 321 942 potest
340 894 449 930 simul
471 895 606 942 aliquid
627 906 740 930 unum
760 895 803 929 ad
825 894 917 930 duos
934 894 1023 930 fines
1044 894 1231 929 ordinare:
1259 902 1294 929 et
1315 894 1363 929 ita
1380 901 1499 940 potest
1525 893 1653 940 aliquis

87 947 198 984 simul
216 948 320 996 plura
340 948 537 984 intendere.

159 1001 390 1038 Rmounto
411 1002 618 1045 dicendum,
640 1002 737 1049 quod
760 1001 880 1049 aliqua
901 1002 974 1036 duo
996 1009 1147 1048 possunt
1170 1001 1285 1048 accipi
1306 1001 1496 1049 dupliciter,
1517 1000 1570 1035 vel
1595 1011 1654 1034 or—

91 1055 215 1091 dinata
236 1055 282 1091 ad
302 1055 473 1099 invicem,
499 1056 551 1091 vel
578 1056 622 1090 ad
652 1056 810 1091 invicem
837 1067 912 1090 non
939 1056 1114 1090 ordinata.
1138 1055 1181 1090 Et
1201 1055 1232 1090 si
1260 1055 1407 1102 quidem
1430 1055 1474 1089 ad
1495 1054 1652 1089 invicem

87 1107 222 1144 fuerint
248 1108 426 1151 ordinata,
446 1109 681 1144 manifestum
703 1118 757 1144 est
777 1120 819 1144 ex
840 1109 1047 1156 praemissis
1076 1110 1157 1154 (art.
1179 1121 1210 1145 2.
1232 1109 1301 1155 lmj.
1323 1109 1384 1156 q),
1415 1108 1512 1155 quod
1538 1108 1653 1142 homo

87 1168 210 1210 potest
228 1161 339 1197 simul
358 1161 473 1197 multa
493 1162 698 1197 intendere:
722 1170 775 1197 est
802 1162 900 1197 enim
929 1163 1082 1198 intentio
1104 1174 1178 1197 non
1200 1162 1321 1197 solum
1354 1162 1434 1197 finis
1460 1161 1590 1204 ultimi,
1617 1169 1655 1196 ut

86 1215 225 1251 dictum
245 1223 300 1251 est
317 1215 445 1261 (ibid),
461 1215 523 1250 sed
545 1216 656 1250 etiam
675 1215 755 1250 finis
769 1215 897 1251 medii:
919 1215 1028 1250 simul
1044 1224 1165 1251 autem
1180 1216 1332 1251 intendit
1346 1215 1474 1263 aliquis
1488 1223 1524 1250 et
1545 1215 1654 1250 finem

86 1268 308 1318 proximum,
321 1276 358 1304 et
369 1267 558 1312 ultimum3
579 1270 672 1304 sicut
693 1268 963 1304 confectionem
978 1269 1182 1304 medicinae
1200 1278 1235 1304 et
1252 1270 1456 1304 sanitatem.
1472 1269 1511 1304 Si
1533 1277 1654 1303 autem

86 1322 311 1370 accipiantur
330 1322 403 1358 duo
425 1322 470 1358 ad
488 1323 645 1358 invicem
659 1333 734 1358 non
755 1322 933 1365 ordinata,
954 1323 1005 1358 sic
1028 1323 1137 1358 etiarn
1160 1323 1270 1357 simul
1289 1323 1405 1358 homo
1419 1330 1539 1370 potest
1553 1321 1654 1369 plura

21 1399 24 1401 -
85 1375 282 1412 intendere.
305 1375 418 1418 Quod
439 1384 536 1423 patet
557 1388 600 1412 ex
614 1377 698 1420 hoc,
712 1376 810 1424 quod
828 1376 944 1411 homo
966 1388 1078 1411 unum
1095 1376 1195 1411 alteri
1211 1376 1409 1423 praeeligit,
1423 1377 1508 1423 quia
1523 1375 1653 1411 melius

87 1436 142 1466 est
162 1426 296 1466 altero':
317 1431 413 1466 inter
433 1429 522 1466 alias
543 1438 666 1466 autem
680 1430 921 1473 conditiones,
935 1430 1062 1477 quibus
1079 1430 1212 1477 aliquid
1226 1438 1280 1465 est
1294 1430 1423 1465 melius
1445 1429 1569 1473 altero,
1583 1441 1655 1464 una

85 1490 151 1527 est,
170 1483 270 1531 qnod
291 1483 336 1518 ad
357 1483 458 1531 plura
479 1483 589 1526 valet,
610 1484 706 1519 unde
728 1492 846 1530 potest
864 1483 998 1531 aliquid
1017 1483 1190 1531 praeeligi
1212 1483 1313 1519 alteri
1331 1495 1374 1518 ex
1391 1483 1475 1527 hoc,
1493 1483 1590 1530 quod
1609 1483 1653 1517 ad

86 1536 192 1584 plura
211 1536 326 1581 valet3
347 1546 384 1573 et
402 1539 455 1573 sic
477 1537 666 1573 manifeste
688 1538 804 1572 homo
826 1537 934 1572 simul
955 1537 1055 1584 plura
1073 1538 1236 1572 intendit.

156 1590 218 1627 AD
243 1600 394 1627 mmmu
419 1601 508 1638 ergo
528 1591 735 1634 dicendum,
764 1591 862 1638 quod
892 1592 1118 1638 Augustinus
1151 1591 1330 1637 intelligit,
1360 1591 1551 1626 hominem
1578 1601 1652 1625 non

85 1654 194 1693 posse
214 1644 324 1680 simul
342 1645 476 1688 Deum,
498 1651 534 1680 et
553 1645 795 1680 commodum
815 1645 1019 1692 temporale
1041 1646 1237 1689 intendere,
1258 1646 1350 1680 sicut
1370 1645 1519 1680 ultimos
1545 1644 1652 1686 fines;

86 1699 183 1746 quia,
202 1705 244 1734 ut
262 1708 370 1746 supra
390 1706 578 1734 ostensum
600 1707 654 1734 est
666 1699 713 1746 (q.
729 1711 756 1735 1.
774 1704 840 1734 art.
851 1710 880 1746 5.
879 1699 912 1745 )‚
927 1710 1002 1734 non
1025 1706 1176 1746 possunt
1197 1710 1276 1734 esse
1294 1698 1414 1746 plures
1432 1698 1519 1734 fines
1535 1697 1653 1733 ultimi

86 1751 192 1787 unius
211 1751 384 1788 hominis.

157 1805 220 1841 An
245 1815 454 1842 secunnuu
484 1806 691 1849 dicendum,
713 1806 811 1853 quod
832 1808 939 1842 unius
968 1814 1091 1842 motus
1113 1814 1265 1854 possunt
1286 1818 1328 1842 ex
1354 1818 1427 1842 una
1447 1814 1548 1853 parte
1574 1817 1654 1841 esse

84 1857 207 1907 plures
225 1859 384 1903 termini,
412 1861 442 1895 si
472 1871 565 1896 unus
588 1861 631 1895 ad
654 1860 765 1895 alium
787 1860 990 1895 ordinetur:
1013 1860 1075 1896 sed
1097 1861 1170 1896 duo
1188 1862 1332 1896 termini
1351 1861 1396 1896 ad
1413 1862 1570 1896 invicem
1579 1871 1654 1895 non

87 1912 244 1948 ordinati
263 1923 307 1948 ex
330 1923 404 1948 una
425 1921 525 1961 parte
547 1915 652 1949 unius
673 1922 795 1949 motus
817 1925 895 1949 esse
917 1925 992 1950 non
1012 1923 1182 1961 possunt:
1205 1915 1267 1950 sed
1288 1922 1412 1950 tamen
1428 1914 1655 1950 consideran·

86 1965 175 2001 dum
195 1973 262 2010 est,
281 1966 381 2014 quod
401 1966 448 2011 id,
469 1967 568 2015 quod
587 1978 663 2003 non
684 1976 738 2003 est
759 1979 871 2002 unum
894 1968 1096 2003 secundum
1110 1979 1200 2011 rem,
1215 1976 1334 2016 potest
1352 1968 1467 2016 accipi
1485 1975 1523 2002 ut
1540 1978 1653 2002 unum

86 2020 289 2056 secundum
308 2020 509 2057 rationem:
531 2021 684 2057 intentio
706 2030 828 2057 autem
850 2029 904 2057 est
924 2030 1046 2057 motus
1066 2021 1264 2057 voluntatis
1290 2022 1326 2056 in
1353 2022 1487 2069 aliquid
1513 2032 1655 2069 praeor-

88 2072 254 2109 dinatum
272 2072 311 2109 in
332 2074 484 2117 ratione,
505 2075 599 2110 sicut
619 2075 756 2111 dictum
779 2084 832 2110 est
853 2076 936 2119 (art.
959 2088 985 2111 1.
1013 2075 1082 2122 huj.
1109 2088 1139 2123 q.
1159 2075 1202 2111 ad
1219 2077 1288 2123 3.):
1311 2083 1346 2111 et
1370 2076 1453 2110 ideo
1480 2086 1534 2118 ea,
1560 2086 1652 2122 quae

84 2134 173 2162 sunt
190 2126 294 2175 plura
314 2128 515 2163 secundum
537 2139 626 2172 rem,
646 2137 797 2176 possunt
820 2129 935 2176 accipi
949 2137 987 2164 ut
1002 2140 1094 2164 unus
1107 2130 1283 2164 terminus
1305 2129 1525 2172 intentionis,
1547 2137 1654 2176 prout

85 2188 171 2216 sunt
189 2191 304 2216 unum
323 2182 526 2217 secundum
542 2183 740 2218 rationem:
762 2182 820 2218 vel
834 2183 918 2230 quia
941 2182 1059 2230 aliqua
1074 2183 1146 2218 duo
1169 2191 1390 2218 concurrunt
1410 2183 1454 2218 ad
1475 2183 1653 2230 integran-

86 2233 175 2270 dum
195 2234 332 2282 aliquid
352 2246 487 2279 unum;
508 2236 601 2272 sicut
615 2237 659 2272 ad
678 2238 869 2272 sanitatem
891 2245 1112 2272 concurrunt
1138 2237 1249 2280 calor,
1276 2244 1311 2272 et
1336 2237 1446 2284 frigus
1468 2248 1653 2272 commen-

85 2295 222 2324 tutata:
243 2288 303 2324 vel
320 2288 406 2336 quia
427 2289 547 2337 aliqua
568 2290 642 2326 duo
664 2290 728 2326 sub
751 2301 825 2325 uno
848 2291 1035 2326 communi
1057 2291 1299 2335 continentur,
1321 2292 1418 2338 quod
1442 2299 1559 2338 potest
1573 2302 1651 2326 esse

85 2341 284 2386 intentum;
297 2350 383 2391 puta
398 2344 588 2391 acquisitio
602 2344 688 2387 vini,
703 2352 737 2380 et
750 2345 858 2380 vestis
873 2345 1078 2380 continetur
1095 2345 1159 2380 sub
1178 2344 1292 2388 lucro,
1307 2346 1398 2380 sicut
1411 2345 1475 2380 sub
1491 2345 1650 2392 quodam

84 2398 294 2440 communi;
314 2397 410 2433 unde
431 2397 522 2433 nihil
543 2398 720 2446 prohibet,
734 2399 820 2446 quin
835 2398 906 2442 ille,
921 2399 981 2446 qui
995 2399 1148 2434 intendit
1166 2398 1319 2442 lucrum,
1337 2399 1447 2434 simul
1460 2399 1550 2434 haec
1578 2399 1651 2434 duo

84 2447 258 2486 intendat.

156 2503 218 2540 An
243 2513 416 2541 mrum
437 2505 646 2549 dicendum,
667 2507 777 2554 quod,
799 2506 892 2542 sicut
913 2507 948 2541 in
975 2517 1003 2542 1.
1019 2507 1157 2542 dictum
1179 2515 1232 2542 est
1252 2509 1298 2553 (q.
1325 2508 1373 2554 85.
1395 2512 1460 2542 art.
1479 2509 1543 2553 4),
1568 2518 1652 2542 con-

83 2555 192 2605 tingit
209 2557 319 2594 simul
339 2557 440 2606 plura
461 2558 674 2607 intelligere,
695 2560 910 2608 inquantum
933 2568 1015 2596 sunt
1036 2560 1158 2608 aliquo
1182 2561 1294 2596 modo
1316 2573 1440 2596 unum.
