1907 3182
248 191 332 234 300
675 192 897 227 QUAESTIO
930 193 1001 222 XL.
1034 191 1280 222 ARTICULUS
1313 192 1403 221 VIII.

319 273 393 308 SED
416 283 572 308 CONTRA
594 281 657 315 est,
680 273 776 319 quod
799 274 928 307 dicitur
954 284 980 306 1.
1006 273 1048 306 ad
1072 272 1158 306 Cor.
1182 284 1214 319 9.
1238 272 1334 318 quod
1356 274 1413 318 qui
1430 277 1518 314 arat,
1546 272 1633 306 debet
1655 283 1754 307 arare
1775 273 1809 306 in

248 332 300 373 spe
313 327 448 372 fructus
463 326 691 373 percipiendi:
711 334 746 360 et
767 326 895 360 eadem
917 326 1007 359 ratio
1031 333 1084 359 est
1105 326 1141 358 in
1164 325 1332 359 omnibus
1355 325 1443 360 aliis.

318 379 548 414 RESPONDEO
571 379 776 420 dicendum,
797 379 894 424 quod
914 385 980 424 spes
999 385 1061 425 per
1080 390 1110 412 se
1132 379 1236 420 habet,
1259 378 1344 424 quod
1365 379 1500 424 adjuvet
1521 379 1742 424 operation-em
1764 379 1817 422 in-

248 432 400 466 tendendo
423 434 545 478 ipsam;
569 440 604 466 et
624 433 696 465 hoc
724 443 766 465 ex
787 432 921 466 duobus.
946 432 1061 465 Primo
1083 432 1229 477 quidem
1253 443 1294 465 ex
1316 431 1455 465 ratione
1475 431 1529 465 sui
1550 431 1694 476 objecti,
1719 431 1816 477 quod

248 493 301 519 est
314 486 452 519 bonum
468 485 619 519 arduum
642 483 828 530 possibile:
849 484 1066 518 existimatio
1087 485 1185 518 enim
1205 484 1305 517 ardui
1325 485 1455 518 excitat
1473 484 1728 518 attentionem:
1751 484 1819 518 exi-

247 539 406 573 stimatio
433 550 519 573 vero
548 538 727 584 possibilis
753 549 827 571 non
854 537 1012 572 retardat
1038 546 1227 580 conatum3
1256 538 1349 571 unde
1376 538 1544 584 sequitur,
1572 537 1669 583 quod
1701 537 1818 571 homo

249 593 387 626 intense
415 600 583 637 operetur
608 599 753 637 propter
779 602 892 636 spem.
926 591 1074 625 Secundo
1101 602 1187 624 vero
1215 602 1257 624 ex
1284 591 1422 625 ratione
1456 591 1511 625 sui
1545 590 1704 632 effectus,
1737 601 1818 636 spes

249 646 357 688 enim,
380 654 418 680 ut
439 657 546 691 supra
569 645 706 678 dictum
729 653 781 678 est
802 645 850 690 (q.
869 657 920 691 32.
939 650 1005 680 art.
1021 646 1080 690 3.),
1101 652 1225 678 causat
1243 644 1536 686 delectationem,
1558 655 1650 690 quae
1673 644 1819 690 adjuvat

250 700 512 745 operationem,
548 706 585 731 ut
610 709 717 744 supra
745 698 882 732 dictum
909 707 961 732 est
989 698 1034 743 (q.
1059 710 1103 744 33.
1130 703 1195 732 art.
1222 699 1293 743 4.)‚·
1329 697 1425 731 unde
1451 709 1532 744 spes
1565 698 1817 744 operationem

250 753 404 798 adjuvat.

320 806 380 839 AD
407 815 556 839 PRIMUM
583 815 670 850 ergo
697 804 904 846 dicendum,
931 804 1029 850 quod
1057 815 1138 850 spes
1164 804 1311 849 respicit
1336 804 1474 837 bonum
1501 803 1818 849 consequendum;

250 859 422 892 securitas
445 867 564 892 autem
587 857 733 903 respicit
759 856 898 891 malum
919 857 1128 899 vitandum3
1151 857 1245 891 unde
1267 857 1442 896 securitas
1463 856 1582 902 magis
1601 856 1743 890 videtur
1760 868 1820 903 op-

250 912 336 957 poni
362 912 496 953 timori,
523 923 634 957 quam
661 911 705 944 ad
732 922 835 956 spem
862 911 1051 956 pertinere,
1075 919 1110 944 et
1130 918 1254 944 tamen
1276 910 1449 944 securitas
1469 921 1544 944 non
1566 903 1692 944 causat
1710 908 1822 956 negli—

250 965 422 1010 gentiam,
444 964 513 998 nisi
534 966 748 1010 inquantum
776 964 944 998 diminuit
969 964 1275 997 existimationem
1298 963 1411 1005 ardui,
1431 963 1469 997 in
1495 974 1568 1009 quo
1589 963 1699 997 etiam
1719 963 1821 996 dimi-

249 1018 369 1051 nuitur
394 1018 486 1052 ratio
513 1018 605 1064 spei:
633 1017 694 1051 illa
722 1017 831 1059 enim,
858 1017 894 1050 in
921 1017 1050 1062 quibus
1071 1017 1186 1050 homo
1208 1016 1350 1050 nullum
1376 1016 1680 1063 impedimentum
1705 1017 1820 1058 timet,

252 1071 354 1117 quasi
374 1072 448 1116 jam
469 1082 544 1104 non
566 1079 777 1117 reputantur
799 1070 920 1104 ardua.

321 1125 382 1159 AD
404 1135 612 1159 SECUNDUM
631 1124 837 1166 dicendum,
860 1124 957 1170 quod
976 1135 1057 1170 spes
1079 1135 1141 1170 per
1163 1135 1201 1158 se
1224 1132 1349 1158 causat
1366 1123 1660 1166 delectationem,
1678 1123 1741 1158 sed
1758 1134 1821 1169 per

252 1178 419 1212 accidens
442 1186 505 1220 est,
528 1187 567 1212 ut
589 1186 712 1212 causet
732 1177 924 1219 tristitiam,
948 1185 986 1211 ut
1007 1188 1113 1223 supra
1136 1177 1273 1211 dictum
1296 1185 1348 1211 est
1369 1177 1418 1223 (q.
1436 1189 1487 1223 32.
1510 1182 1574 1212 art.
1593 1189 1621 1224 3.
1643 1177 1686 1211 ad
1706 1178 1766 1220 2.).

321 1231 380 1265 AD
409 1242 581 1266 TERTHJM
608 1231 814 1272 dicendum,
841 1230 938 1276 quod
965 1230 1168 1276 desperatio
1195 1230 1232 1263 in
1257 1229 1354 1264 bello
1381 1230 1421 1264 fit
1446 1230 1650 1276 periculosa
1675 1238 1822 1276 propter

251 1283 410 1330 aliquam
437 1296 539 1330 spem
567 1284 792 1329 adjunctam:
821 1283 874 1317 illi
900 1284 1009 1325 enim,
1037 1284 1098 1329 qui
1123 1284 1316 1329 desperant
1341 1283 1384 1317 de
1411 1282 1508 1328 fuga,
1535 1283 1764 1318 debilitantur
1784 1283 1821 1316 in

250 1337 442 1383 fugiendo3
470 1337 532 1371 sed
558 1345 703 1383 sperant
728 1345 886 1371 mortem
913 1349 1015 1371 suam
1043 1337 1244 1371 vindicare:
1272 1345 1306 1371 et
1331 1337 1414 1371 ideo
1441 1348 1484 1370 ex
1509 1337 1578 1371 hac
1606 1348 1668 1383 spe
1703 1336 1820 1370 acrius

253 1399 434 1437 pugnant,
457 1391 551 1424 unde
572 1389 767 1437 periculosi
787 1390 951 1424 hostibus
976 1390 1075 1424 fiunt.

778 1711 1134 1772 QUAESTIO
1175 1711 1306 1758 XLI.

286 1838 349 1868 DE
374 1837 559 1868 TIMORE
587 1836 847 1868 SECUNDUM
875 1836 944 1873 SE,
976 1836 1026 1866 IN
1054 1834 1283 1875 QUATUOR
1310 1834 1573 1866 ARTICULOS
1601 1834 1777 1868 DIVISA.

323 1979 599 2025 Consequenter
615 1978 918 2013 considerandum
939 1986 992 2012 est
1004 1979 1118 2024 primo
1133 1977 1177 2011 de
1197 1978 1339 2019 timore,
1359 1985 1393 2011 ct
1409 1976 1584 2012 secundum
1600 1977 1644 2010 de
1660 1976 1822 2010 audacia.

322 2033 430 2067 Circa
452 2033 623 2067 timorem
646 2032 909 2066 consideranda
931 2040 1014 2065 sunt
1032 2037 1198 2077 quatuor:
1216 2033 1331 2078 primo
1351 2031 1394 2065 de
1413 2031 1493 2077 ipso
1511 2031 1663 2072 timore3
1685 2030 1823 2065 secundo

251 2087 294 2121 de
317 2087 460 2132 objecto
483 2087 577 2131 ejus;
603 2087 696 2120 tertio
720 2086 762 2119 de
783 2096 891 2119 causa
913 2085 1043 2131 ipsius,
1066 2089 1185 2130 quarto
1208 2084 1251 2118 de
1274 2083 1416 2120 effectu.

700 2175 800 2209 Circa
817 2176 970 2220 primum
991 2178 1198 2219 quaeruntur
1219 2179 1373 2220 quatuor.

325 2247 461 2281 Primo.
485 2246 617 2280 Utrum
639 2246 749 2280 timor
771 2246 815 2280 sit
837 2245 956 2291 passio
980 2246 1133 2279 animae.

327 2300 508 2335 Secundo.
534 2299 664 2333 Utrum
687 2300 732 2333 sit
753 2299 919 2345 specialis
942 2299 1072 2345 passio.

329 2353 466 2387 Tertio.
491 2353 622 2387 Utrum
644 2353 688 2386 sit
710 2352 837 2398 aliquis
859 2353 969 2386 timor
990 2352 1174 2386 naturalis.

325 2406 478 2447 Quarto.
501 2406 556 2440 De
578 2406 764 2452 speciebus
785 2406 936 2440 timoris.

830 2546 1177 2591 ARTICULUS
1203 2546 1244 2589 ⁴1.
1756 2567 1819 2602 231

630 2655 781 2684 UTRUM
815 2655 955 2684 TIMOR
989 2655 1055 2683 SIT
1090 2654 1240 2683 PASSIO
1275 2653 1454 2683 ANIMAE.

848 2742 952 2787 (Iusr.
973 2747 1036 2775 ιιιἸ.
1059 2754 1089 2776 2.
1110 2742 1231 2788 corp).

325 2832 383 2866 AD
407 2841 554 2866 ΡκιΜυΜ
582 2831 631 2864 sic
660 2829 876 2876 proceditur.
900 2829 1051 2864 Videtur
1078 2830 1174 2876 quod
1203 2831 1312 2864 timor
1338 2840 1411 2863 non
1438 2829 1483 2863 sit
1509 2828 1628 2875 passio
1656 2828 1822 2863 animae:

253 2885 339 2918 dicit
362 2885 458 2918 enim
482 2885 654 2918 Damasc.
679 2884 712 2917 in
734 2883 793 2917 lib.
823 2895 848 2928 3.
875 2884 989 2927 (Orth.
1015 2883 1087 2917 Fid.
1108 2890 1182 2929 cap.
1205 2884 1269 2928 23.)
1290 2883 1387 2929 quod
1406 2884 1507 2916 timor·
1527 2887 1569 2917 cs!
1589 2883 1697 2916 virtus
1716 2893 1824 2917 secun-
