1907 3182
250 154 337 209 284
651 168 869 203 QUAESTIO
901 168 1082 198 XXXVIII.
1115 168 1360 198 ARTICULUS
1394 169 1421 199 1.

323 247 553 282 RESPONDEO
580 247 786 290 dicendum,
809 249 918 295 quod,
946 249 1038 283 sicut
1060 260 1102 283 ex
1124 249 1315 294 praedictis
1337 257 1434 295 patet
1454 250 1500 295 (q.
1519 261 1563 296 33.
1585 254 1649 284 art.
1671 251 1730 296 1.),
1757 250 1814 284 de-

250 301 396 335 lectatio
420 309 472 335 est
494 302 672 347 quaedam
695 302 795 347 quies
818 302 994 348 appetitus
1013 303 1049 335 in
1070 303 1168 336 bono
1192 303 1439 337 convenienti:
1462 303 1603 337 tristitia
1622 311 1743 337 autem
1761 311 1814 338 est

251 366 292 388 ex
314 366 369 396 eo,
392 355 488 400 quod
511 363 687 401 repugnat
708 356 896 401 appetitui:
921 355 1014 389 unde
1037 355 1086 389 sic
1109 366 1146 389 se
1168 355 1277 389 habet
1299 355 1490 390 delectatio
1510 355 1553 389 ad
1575 356 1756 390 tristitiam
1774 356 1811 389 in

252 408 409 442 motibus
432 409 645 454 appetitivis‚
668 408 759 442 sicut
781 420 817 442 se
840 409 948 442 habet
969 409 1004 441 in
1028 409 1238 453 corporibus
1260 409 1360 454 quies
1380 409 1423 442 ad
1444 408 1707 454 fatigationem,
1722 420 1814 455 quae

252 461 381 495 accidit
404 473 444 495 ex
469 461 587 507 aliqua
608 462 908 495 transmutatione
930 461 1141 495 innaturali:
1165 473 1249 495 nam
1266 462 1389 508 etipsa
1410 463 1549 496 tristitia
1564 461 1812 507 fatigationem

251 515 458 560 quamdam⁷
483 526 543 548 seu
577 515 838 560 aegritudinem
860 515 1074 560 appetitivae
1100 515 1239 548 virtutis
1261 515 1448 561 importat;
1471 516 1563 549 sicut
1583 515 1690 561 igitur
1711 526 1814 561 quae-

251 568 336 602 libet
358 569 457 614 quies
481 568 641 614 corporis
675 567 875 602 remedium
899 567 1000 602 affert
1021 576 1147 602 contra
1176 568 1374 614 quamlibet
1394 568 1645 614 fatigationem
1667 579 1709 602 ex
1733 579 1816 614 qua-

253 635 407 669 cumque
431 634 539 657 causa
561 621 755 656 innaturali
782 623 1074 668 provenientem:
1103 622 1151 656 ita
1180 622 1359 668 quaelibet
1388 622 1579 656 delectatio
1614 622 1814 655 remedium

255 676 357 710 affert
379 677 422 710 ad
446 677 683 721 mitigandam
706 675 904 721 quamlibet
925 676 1117 717 tristitiam,
1141 687 1182 709 ex
1204 687 1435 722 quocumque
1456 675 1638 721 procedat.

322 730 382 764 AD
401 740 549 764 PRIMUM
569 740 656 774 ergo
680 729 886 768 dicendum,
909 729 1006 775 quod
1028 729 1112 763 licet
1132 740 1207 763 non
1231 729 1349 763 omnis
1371 728 1563 763 delectatio
1579 727 1814 763 contrarietur

253 783 355 817 omni
375 783 538 817 tristitiae
560 782 761 816 secundum
788 782 959 828 speciem,
987 782 1226 816 contrariatur
1251 790 1374 816 tamen
1400 782 1599 816 secundum
1627 792 1750 828 genus,
1777 788 1815 814 ut

253 848 359 882 supra
381 836 517 871 dictum
541 843 592 870 est
616 836 660 881 (q.
679 848 723 882 35.
743 841 808 870 art.
830 847 863 880 4.
883 836 925 870 ad
942 837 1006 881 2.);
1030 844 1064 869 et
1085 836 1167 869 ideo
1197 847 1238 869 ex
1268 843 1367 881 parte
1394 835 1640 881 dispositionis
1665 834 1814 880 subjecti

252 889 430 936 quaelibet
453 889 594 923 tristitia
615 900 678 935 per
699 889 898 935 quamlibet
920 889 1202 923 delectationem
1224 889 1382 935 mitigari
1403 896 1531 935 potest.

324 943 383 977 AD
398 953 605 977 SECUNDUM
625 942 830 984 dicendum,
853 943 949 988 quod
972 942 1231 977 delectationes
1254 942 1436 976 malorum
1454 953 1528 976 non
1547 949 1696 976 causant
1713 941 1816 975 tristi-

251 996 339 1030 tiam
361 997 397 1029 in
420 996 609 1042 praesenti,
632 996 693 1030 sed
715 996 750 1029 in
772 995 913 1038 futuro;
932 996 1146 1042 inquantum
1168 995 1306 1030 scilicet
1324 995 1412 1029 mali
1429 995 1616 1042 poenitent
1637 995 1680 1029 de
1698 994 1814 1036 malis,

253 1050 295 1083 de
317 1050 444 1095 quibus
465 1049 639 1084 laetitiam
658 1049 879 1084 habuerunt:
901 1057 936 1083 et
956 1049 1040 1083 huic
1063 1049 1225 1084 tristitiae
1244 1049 1451 1084 subvenitur
1468 1060 1531 1094 per
1549 1048 1747 1083 contrarias
1761 1047 1817 1082 de-

252 1102 476 1137 lectationes.

324 1157 384 1191 AD
413 1167 583 1191 TERTIUM
613 1157 819 1199 dicendum,
850 1157 947 1203 quod
977 1157 1123 1203 quando
1154 1165 1236 1191 sunt
1265 1157 1357 1191 duae
1391 1167 1521 1191 causae
1544 1156 1587 1191 ad
1615 1156 1816 1191 contrarios

254 1218 375 1244 motus
405 1210 630 1253 inclinantes,
661 1219 809 1256 utraque
839 1210 989 1244 alteram
1016 1210 1186 1256 impedit:
1218 1219 1251 1244 et
1279 1219 1403 1245 tamen
1432 1210 1494 1244 illa
1520 1209 1674 1244 finaliter
1694 1210 1816 1252 vincit,

252 1275 344 1310 quae
366 1263 493 1298 sortior
523 1272 586 1306 est,
617 1273 651 1298 et
681 1264 896 1298 diuturnior:
917 1265 953 1298 in
976 1276 1019 1298 eo
1043 1273 1176 1306 autern,
1204 1265 1264 1310 qui
1286 1265 1446 1298 tristatur
1473 1264 1516 1298 de
1538 1264 1606 1306 his,
1626 1264 1664 1298 in
1690 1264 1817 1310 quibus

252 1317 360 1352 simul
387 1330 469 1352 cum
493 1319 611 1352 amico
641 1327 798 1360 mortuo,
829 1318 887 1352 vel
922 1319 1066 1352 absente
1089 1317 1260 1352 delectari
1283 1318 1481 1359 consuevit,
1509 1318 1600 1351 duae
1623 1329 1752 1351 causae
1780 1317 1816 1350 in

254 1373 476 1406 contrarium
498 1373 708 1406 inducentes
730 1372 980 1406 inveniuntur:
1004 1383 1089 1405 nam
1112 1383 1222 1414 mors,
1241 1371 1299 1405 vel
1318 1371 1478 1406 absentia
1497 1371 1606 1404 amici
1619 1371 1817 1417 recogitata

253 1425 403 1459 inclinat
425 1426 468 1459 ad
491 1426 676 1468 dolorem3
698 1426 835 1459 bonum
854 1434 974 1459 autem
990 1437 1158 1471 praesens
1177 1425 1327 1459 inclinat
1345 1425 1388 1459 ad
1408 1424 1703 1459 delectationem:
1723 1425 1817 1458 unde

253 1487 444 1525 utrumque
467 1491 529 1525 per
551 1479 704 1514 alterum
727 1479 909 1513 minuitur.
934 1479 1006 1513 Sed
1027 1487 1149 1513 tamen
1172 1479 1255 1524 quia
1276 1478 1402 1513 fortius
1430 1486 1555 1513 movet
1575 1489 1699 1512 sensus
1721 1490 1819 1524 prae-

253 1533 374 1575 sentis,
397 1545 506 1579 quam
530 1533 708 1567 memoria
730 1533 924 1578 praeteriti,
947 1541 981 1566 et
1003 1544 1107 1566 amor
1121 1533 1176 1566 sui
1190 1533 1311 1578 ipsius,
1334 1544 1443 1579 quam
1459 1543 1562 1566 amor
1584 1531 1727 1566 alterius
1746 1532 1819 1566 diu-

255 1587 392 1620 turnius
416 1595 549 1628 manet,
572 1587 653 1620 inde
677 1595 740 1627 est,
757 1586 853 1632 quod
868 1586 1022 1620 finaliter
1037 1586 1229 1620 delectatio
1245 1586 1426 1620 tristitiam
1441 1585 1603 1632 expellit3
1625 1585 1719 1620 unde
1737 1593 1819 1631 post

253 1652 367 1686 pauca
390 1641 507 1675 subdit
529 1640 627 1674 idem
650 1641 744 1685 Aug.
769 1641 842 1683 (lib.
858 1652 891 1684 4.
907 1639 1004 1686 Cous.
1021 1646 1094 1687 cap.
1110 1641 1142 1675 8.
1158 1641 1190 1674 in
1203 1640 1325 1686 prin),
1340 1640 1437 1686 quod
1456 1639 1612 1686 pristinis
1628 1639 1818 1685 generibus

253 1693 535 1728 delectationum
559 1694 709 1728 cedebat
732 1693 836 1728 dolor
859 1694 946 1739 ejus.

817 1817 1160 1862 ARTICULUS
1196 1818 1251 1860 II.
1750 1839 1814 1875 215

390 1927 544 1956 UTRUM
570 1927 736 1966 DoLoR‚
764 1927 845 1955 VEL
875 1926 1097 1956 TRISTITIA
1120 1925 1367 1955 MITIGETUR
1389 1926 1468 1955 PER
1491 1925 1680 1956 FLETUM.

325 2015 384 2048 AD
401 2025 607 2049 SECUNDUM
623 2014 672 2048 sic
696 2014 913 2060 proceditur.
930 2013 1092 2056 Videtur,
1116 2013 1212 2059 quod
1235 2013 1337 2048 fletus
1364 2025 1437 2047 non
1460 2013 1601 2059 mitiget
1618 2013 1817 2048 tristitiam:

254 2067 373 2101 nullus
397 2068 493 2101 enim
516 2067 664 2101 effectus
687 2067 854 2101 diminuit
876 2079 979 2100 suam
1007 2079 1174 2102 causam:
1203 2067 1264 2101 sed
1292 2067 1406 2109 ssetus,
1433 2066 1492 2101 vel
1519 2067 1674 2112 gemitus
1695 2075 1748 2101 est
1774 2066 1820 2101 ef-

255 2121 368 2155 sectus
390 2121 572 2163 tristitiae3
594 2132 681 2166 ergo
704 2132 777 2154 non
800 2121 930 2155 minuit
951 2121 1142 2154 tristitiam.

327 2185 357 2208 2.
380 2175 616 2209 PRAETEREA.
646 2175 746 2208 Sicut
774 2174 888 2216 fletus,
915 2174 973 2208 vel
1000 2175 1156 2219 gemitus
1184 2182 1237 2208 est
1263 2173 1411 2208 effectus
1437 2173 1620 2208 tristitiae:
1652 2174 1700 2208 ita
1726 2174 1817 2208 risus

255 2236 309 2262 est
330 2227 478 2262 effectus
497 2227 674 2269 laetitiae3
697 2228 757 2262 sed
781 2228 871 2262 risus
893 2240 967 2262 non
990 2228 1120 2262 minuit
1140 2228 1332 2270 laetitiam;
1354 2239 1441 2273 ergo
1463 2227 1567 2262 fletus
1585 2239 1659 2262 non
1678 2228 1819 2274 mitigat

255 2283 446 2315 tristitiam.

330 2347 358 2381 3.
381 2335 619 2370 PRAETEREA.
639 2335 677 2368 ln
701 2335 783 2369 ssetu
807 2343 1096 2381 repraesentatur
1117 2332 1221 2369 nobis
1241 2334 1378 2369 malum
1399 2335 1633 2371 contristans:
1653 2337 1714 2370 sed
1733 2336 1820 2370 ima-

256 2389 393 2433 ginatio
417 2389 467 2422 rei
489 2389 732 2422 contristantis
752 2397 859 2433 auget
876 2389 1068 2431 tristitiam,
1084 2389 1176 2423 sicut
1189 2389 1401 2433 imaginatio
1417 2389 1466 2423 rei
1481 2389 1693 2424 delectantis
1712 2398 1818 2436 auget

256 2442 449 2483 laetitiam3
473 2453 559 2487 ergo
582 2442 733 2483 videtur,
756 2443 851 2487 quod
876 2442 979 2476 lletus
1001 2454 1074 2476 non
1098 2443 1238 2487 mitiget
1259 2442 1451 2478 tristitiam.

328 2496 402 2530 SED
425 2506 580 2530 CONTRA
604 2505 666 2536 est,
689 2496 785 2541 quod
809 2496 961 2539 August.
984 2497 1070 2530 dicit
1088 2496 1122 2529 in
1145 2506 1176 2538 4.
1202 2495 1308 2529 Conf.
1334 2496 1422 2542 (cap.
1441 2507 1474 2540 4.
1503 2497 1536 2530 ιή
1555 2497 1618 2542 fin.
1645 2501 1673 2530 ct
1700 2503 1760 2543 cap
1787 2507 1816 2542 7.

251 2556 377 2595 parum
399 2554 473 2583 unta
497 2549 606 2594 med),
627 2549 723 2594 quod
747 2550 891 2594 quaudo
914 2549 1060 2583 dolebat
1082 2550 1124 2583 de
1148 2558 1264 2583 morte
1288 2549 1406 2591 amici,
1430 2551 1463 2583 ιίι
1488 2550 1563 2584 solis
1583 2551 1766 2595 gemitibus,
1789 2555 1817 2585 et

256 2603 410 2648 lacrymis
432 2608 501 2637 em!
522 2604 550 2636 ci
569 2603 776 2647 nliqmmlula
805 2604 938 2647 requies.

326 2657 555 2691 RusPONmzo
583 2656 788 2696 dicendum,
811 2656 907 2701 quod
936 2657 1112 2701 lacrymula,
1142 2662 1169 2690 ct
1194 2657 1331 2699 gentitus
1358 2656 1558 2690 ›nilne-alitur
1585 2657 1739 2701 nlilt'gant
1760 2658 1819 2691 tri-

255 2712 402 2744 stitiam:
427 2718 460 2744 et
483 2710 552 2743 hoc
576 2710 698 2755 duplici
717 2709 864 2742 ratione.
896 2710 1008 2743 Primo
1039 2710 1196 2755 quidem,
1226 2710 1309 2755 quia
1336 2721 1445 2744 omne
1472 2709 1645 2743 nocivum
1668 2711 1816 2744 interius

256 2764 419 2798 clausum
437 2764 550 2808 magis
567 2763 710 2805 ailligit3
733 2763 814 2808 quia
832 2763 946 2807 magis
968 2763 1224 2808 multiplicatur
1238 2763 1391 2797 intensio
1411 2763 1553 2797 animae
1573 2763 1668 2796 circa
1684 2764 1815 2810 ipsum:

257 2818 317 2851 sed
329 2818 473 2863 quando
491 2818 533 2850 ad
551 2816 725 2851 exteriora
740 2815 1051 2857 diffunditur,tunc
1065 2817 1206 2850 animae
1224 2816 1380 2851 intensio
1397 2817 1439 2850 ad
1455 2817 1630 2850 exteriora
1647 2817 1820 2862 quodam-

257 2871 368 2905 modo
388 2871 632 2916 disgregatur:
662 2878 696 2904 et
722 2870 772 2903 sic
800 2869 947 2903 interior
974 2869 1078 2903 dolor
1107 2870 1296 2904 minuitur:
1326 2878 1361 2904 et
1387 2878 1531 2916 propter
1561 2870 1646 2912 hoc,
1673 2870 1817 2916 quando
