1907 3198
466 189 691 226 QUAESTIO
723 189 855 218 XXXV.
890 186 1136 218 ARTICULUS
1169 186 1227 215 vt.
1548 183 1628 226 271

57 274 188 323 petitur
209 273 415 314 delectatio,
437 283 547 318 quam
569 271 728 317 fugiatur
747 270 907 305 tristitia:
931 269 992 304 sed
1013 276 1135 302 motus
1157 266 1303 302 sensitiv
1308 277 1348 301 ae
1372 267 1482 312 partis
1512 273 1566 299 est
1592 265 1634 298 ab

59 327 237 370 exteriori,
260 327 362 374 quasi
396 338 415 360 a
445 326 552 361 rebus
582 301 630 360 ad
655 325 836 367 animam;
868 323 962 358 unde
985 322 1102 367 magis
1126 321 1286 362 sentitur,
1317 320 1415 366 quod
1439 327 1492 354 est
1519 319 1636 363 magis

59 381 302 418 contrarium:
325 389 360 415 et
381 380 431 414 sic
456 381 566 414 etiam
588 391 651 426 per
673 379 854 420 accidens,
885 378 1101 423 inquantum
1130 387 1165 410 5
1160 386 1256 409 nsus
1287 374 1478 420 requiritur
1505 372 1548 407 ad
1577 372 1637 406 de-

58 435 306 478 lectationem,
328 443 363 469 et
383 434 577 476 tristitiam,
601 434 718 479 magis
742 432 875 479 sugitur
897 431 1051 473 tristitia,
1075 442 1184 476 quam
1213 428 1408 463 delectatio
1437 435 1636 474 appetatur.

129 490 190 525 AD
217 499 390 524 TERTIUM
413 488 620 529 dicendum,
643 487 740 533 quod
763 486 864 521 fortis
886 497 961 520 non
983 484 1151 519 laudatur
1173 496 1215 518 ex
1238 494 1282 517 eo
1310 482 1407 529 quod
1435 481 1638 515 secundum

57 543 240 580 rationem
261 553 337 578 non
359 542 516 576 vincitur
539 553 557 575 a
580 541 720 583 dolore,
739 540 798 575 xel
812 548 955 574 trlstltl‘l
969 549 1212 585 quacumque
1228 537 1290 571 sed
1311 537 1352 570 ab
1368 548 1421 577 ea,
1441 546 1533 582 quae
1556 545 1641 568 con-

59 597 150 633 sistit
169 597 206 631 in
228 595 398 644 periculis
421 595 564 630 mortis:
589 606 681 642 quae
704 595 850 641 quidem
866 593 1008 628 tristitia
1025 592 1142 637 magis
1157 591 1303 637 fugitur,
1318 602 1430 637 quam
1450 597 1639 636 appetatur

59 651 253 687 delectatio
277 651 454 692 ciborum,
475 649 533 683 vel
555 660 810 691 v,enere0rum
837 648 933 682 circa
955 657 1065 693 quam
1089 654 1143 681 est
1163 645 1423 692 temperantia:
1447 644 1540 678 sicut
1565 643 1639 676 vita

58 706 176 753 magis
199 712 352 747 amatur,
374 715 484 751 quam
508 703 620 745 cibus,
638 703 699 738 vel
721 703 857 737 coitus:
881 701 943 736 sed
957 708 1180 746 temperatus
1195 700 1313 745 magis
1328 699 1495 733 laudatur
1509 709 1552 732 ex
1566 697 1638 731 hoc

59 759 158 806 quod
179 770 255 794 non
276 758 507 806 prosequitur
528 757 792 792 delectationes
813 764 943 798 tactus,
958 766 1069 802 quam
1084 766 1126 790 ex
1140 754 1213 789 hoc
1232 753 1330 801 quod
1345 764 1420 787 non
1435 752 1526 799 fugit
1535 751 1640 786 tristi-

58 813 126 849 tias
149 813 360 855 contrarias,
383 820 422 847 ut
442 819 541 859 patet
563 811 598 846 in
625 823 653 858 3.
676 811 758 846 Eth.
783 810 965 858 (cap.11..)

609 956 958 1002 ARTICULUS
993 955 1094 999 VII.
1544 1000 1547 1002 ,
1570 973 1639 1006 204

216 1065 371 1097 UTRUM
397 1065 551 1096 DOLOR
584 1065 806 1096 EXTERIOR
833 1066 900 1095 SIT
929 1065 1077 1107 MAJOR,
1106 1063 1234 1099 QUAM
1261 1062 1484 1093 INTERIOR.

587 1154 692 1201 (Insr.
719 1166 751 1201 q.
768 1165 819 1201 37.
846 1158 910 1188 art.
934 1165 962 1188 1.
989 1152 1032 1187 acl
1053 1153 1111 1200 3.).

132 1245 194 1282 AD
215 1255 411 1281 SEPTIMUM
437 1245 487 1280 sic
515 1245 734 1305 proceditur.
768 1244 934 1286 Videtur,
962 1243 1060 1304 quod
1087 1242 1195 1277 dolor
1221 1240 1387 1288 corporis
1415 1239 1572 1275 exterior
1599 1239 1644 1274 sit

0 1284 37 1378 ἐ
62 1301 192 1347 maior,
214 1311 326 1347 quarn
352 1299 460 1334 dolor
489 1299 609 1334 cordis
639 1299 806 1333 interior:
831 1298 938 1333 dolor
968 1298 1067 1332 enirn
1087 1297 1251 1343 corporis
1280 1295 1436 1330 exterior
1461 1294 1522 1340 [al.
1549 1293 1644 1328 dolor

36 1356 150 1391 enim
169 1355 328 1398 exterior,
343 1361 390 1389 et
399 1353 445 1388 al.
467 1353 563 1388 dolor
582 1355 671 1388 enim
692 1353 801 1388 cordis
826 1352 986 1398 exterior]
1021 1360 1190 1387 causatur
1212 1361 1255 1385 ex
1282 1361 1392 1384 causa
1419 1355 1644 1396 repugnante

15 1404 32 1430 ⁴³
61 1409 182 1445 bonae
204 1408 462 1444 consistentiae
484 1408 660 1455 corporis,
681 1407 718 1442 in
741 1419 814 1454 quo
836 1415 890 1442 est
909 1407 1000 1441 vita:
1021 1405 1128 1440 dolor
1149 1413 1272 1439 autem
1299 1403 1450 1438 interior
1475 1410 1645 1437 causatur

22 1491 27 1494 „
62 1474 106 1499 ex
120 1462 242 1510 aliqua
259 1463 523 1510 imaginatione
545 1462 653 1505 mali,
676 1473 761 1496 cum
784 1473 872 1508 ergo
886 1461 960 1495 vita
975 1461 1092 1507 magis
1107 1468 1260 1502 ametur,
1276 1470 1386 1506 quam
1401 1458 1644 1504 imaginatum

61 1517 214 1560 bonum,
234 1517 378 1552 videtur
407 1516 610 1563 secundum
639 1516 836 1563 praedicta,
864 1515 963 1562 quod
993 1514 1099 1549 dolor
1127 1513 1284 1549 exterior
1308 1513 1354 1548 sit
1376 1513 1506 1558 major,
1533 1522 1643 1558 quam

65 1571 172 1607 dolor
192 1571 353 1607 interior.

135 1636 167 1661 2.
194 1625 434 1662 PRAETEREA.
449 1625 521 1661 Res
541 1625 658 1686 magis
681 1633 818 1668 movet,
834 1636 945 1672 quam
967 1624 1018 1659 rei
1034 1623 1253 1659 similitudo:
1277 1622 1340 1658 sed
1364 1620 1470 1657 dolor
1488 1620 1645 1655 exterior

63 1680 231 1729 provenit
257 1691 300 1715 ex
320 1679 410 1715 reali
436 1680 696 1726 conjunctione
727 1679 879 1725 alicujus
913 1678 1104 1713 contrarii:
1141 1677 1246 1713 dolor
1275 1685 1399 1711 autem
1425 1675 1576 1710 interior
1603 1685 1645 1709 ex

63 1734 302 1771 similitudine
325 1734 499 1770 contrarii
521 1734 766 1781 apprehensa3
789 1744 878 1780 ergo
894 1733 1014 1779 major
1035 1741 1088 1767 est
1102 1732 1207 1767 dolor
1223 1731 1390 1773 exterior,
1409 1741 1517 1777 quam
1540 1728 1646 1764 dolor

45 1789 224 1826 interior.

138 1856 168 1892 3.
194 1844 434 1880 PRAETEREA.
462 1843 586 1879 Causa
619 1854 662 1878 ex
690 1842 822 1878 effectu
857 1842 1108 1889 cognoscitur:
1140 1842 1202 1877 sed
1233 1840 1340 1876 dolor
1361 1840 1517 1875 exterior
1538 1839 1648 1873 habet

45 1896 233 1934 fortiores
263 1897 433 1933 effectus:
462 1897 606 1932 facilius
643 1897 741 1932 enim
763 1897 880 1932 homo
902 1897 1059 1931 moritur
1088 1904 1236 1943 propter
1266 1894 1412 1930 dolores
1441 1893 1648 1935 exteriores,

45 1948 176 2005 squam
193 1960 344 2000 propter
365 1951 532 1987 dolorem
555 1952 788 1994 interiorem3
811 1963 900 1998 ergo
923 1951 1079 1986 exterior
1101 1950 1208 1985 dolor
1234 1957 1288 1985 est
1313 1950 1443 1996 major,
1470 1956 1505 1983 et
1531 1948 1648 1994 magis

47 2005 212 2054 ‘fugitur‚
235 2018 346 2054 quam
368 2005 476 2041 dolor
496 2006 657 2041 interior.

65 2099 70 2101 ,
133 2061 208 2097 SED
220 2071 377 2097 CONTRA
392 2069 456 2103 est,
468 2061 566 2108 quod
577 2061 708 2095 dicitur
718 2060 829 2095 Eccli.
841 2071 914 2106 25.:
929 2059 1158 2107 Omnisplaga
1170 2060 1306 2094 tristitia
1320 2058 1427 2094 cordis
1436 2063 1492 2101 est,
1504 2062 1532 2092 et
1543 2057 1650 2091 omnis

54 2115 200 2151 malitia
220 2116 369 2162 nequitia
390 2115 563 2157 mulieris;
588 2126 675 2162 ergo
698 2115 791 2149 sicut
812 2115 973 2161 nequitia
995 2114 1157 2149 mulieris
1180 2113 1268 2148 alias
1290 2113 1469 2160 nequitias
1492 2119 1648 2159 superat,

51 2177 107 2205 ut
126 2169 175 2205 ibi
195 2169 409 2213 intenditur,
432 2170 481 2204 ita
501 2169 645 2204 tristitia
669 2169 788 2204 cordis
811 2180 962 2204 omnem
985 2168 1132 2215 plagam
1156 2168 1372 2203 exteriorem
1401 2166 1552 2202 excedit.

48 2225 50 2232 '
140 2223 372 2260 Rnsponmso
389 2198 598 2266 dicendum,
621 2224 719 2271 quod
741 2223 848 2258 dolor
870 2223 1037 2266 exterior,
1058 2231 1093 2258 et
1107 2231 1258 2257 1nter10r
1271 2234 1307 2257 in
1331 2234 1394 2257 uno
1414 2221 1648 2263 conveniunt,

48 2285 106 2326 'et
124 2277 162 2313 in
182 2277 306 2314 duobus
327 2277 509 2313 differunt.
538 2277 775 2313 Conveniunt
806 2278 953 2324 quidem
982 2278 1018 2312 in
1048 2278 1120 2321 hoc,
1144 2277 1240 2324 quod
1269 2285 1419 2323 uterque
1448 2284 1502 2311 est
1527 2283 1649 2309 motus

53 2332 287 2380 ·.appetitivae
307 2332 462 2375 virtutis,
484 2340 523 2367 ut
545 2343 651 2379 supra
675 2332 813 2366 dictum
836 2340 890 2367 est
911 2332 992 2377 (art.
1013 2343 1043 2368 2.
1071 2332 1140 2378 huj.
1160 2331 1209 2378 q.)
1219 2342 1229 2364 .·
1253 2331 1315 2366 sed
1338 2330 1507 2365 differunt
1525 2341 1651 2364 secun-

51 2386 158 2429 dum
170 2386 232 2422 illa
245 2386 323 2430 duo,
339 2397 432 2434 quae
448 2386 492 2421 ad
505 2387 701 2428 tristitiam,
718 2394 752 2420 et
768 2385 1050 2421 delectationem
1065 2386 1306 2432 requiruntur,
1322 2385 1461 2419 scilicet
1473 2384 1647 2419 secundum

63 2450 232 2486 ⁷eausam,
255 2452 348 2488 quae
371 2448 426 2476 est
445 2441 596 2483 bonum,
619 2440 679 2475 vel
700 2440 839 2475 malum
863 2441 1113 2487 conjunctum,
1137 2449 1171 2475 et
1192 2440 1367 2475 secundum
1396 2439 1652 2486 apprehensio-

50 2501 173 2533 ¹mem:
195 2506 304 2531 causa
322 2495 421 2541 enim
443 2495 581 2530 doloris
604 2495 792 2530 exterioris
823 2503 877 2530 est
906 2494 1046 2529 malurn
1071 2496 1323 2541 conjunctum,
1346 2494 1444 2540 quod
1471 2501 1651 2539 repugnat

71 2548 234 2597 eorpori:
250 2560 359 2584 causa
373 2557 496 2584 autem
512 2549 693 2584 interioris
708 2548 845 2584 doloris
861 2558 915 2584 est
929 2549 1069 2584 malurn
1093 2551 1331 2596 conjunctum
1353 2549 1449 2595 quod
1473 2556 1651 2595 repugnat

72 2603 261 2651 appetitui:
282 2602 390 2639 dolor
407 2604 517 2638 etiam
541 2603 698 2638 exterior
712 2604 874 2650 sequitur
889 2604 1222 2651 apprehensionem
1241 2615 1380 2645 sensus,
1396 2611 1430 2637 et
1445 2602 1651 2649 specialiter

68 2662 204 2693 tactus:
226 2657 333 2693 dolor
354 2666 477 2693 autem
499 2658 650 2693 interior
667 2659 829 2705 sequitur
848 2659 1178 2706 apprehensionem
1200 2658 1423 2700 interiorem,
1446 2657 1503 2691 vel
1526 2657 1652 2703 imagi-

68 2710 230 2747 tationis
249 2711 400 2755 scilicet,
421 2711 480 2746 vel
503 2712 614 2747 etiam
638 2713 800 2747 rationis.
820 2713 860 2747 Si
882 2725 969 2759 ergo
993 2721 1226 2760 comparetur
1248 2724 1356 2747 causa
1379 2711 1560 2746 interioris
1587 2711 1651 2746 do-

63 2759 159 2800 bris
179 2765 223 2800 ad
245 2777 395 2802 causam
416 2766 616 2809 exterioris,
631 2778 699 2801 una
713 2777 778 2813 per
798 2778 836 2802 se
851 2767 1007 2813 pertinet
1021 2767 1065 2802 ad
1082 2767 1294 2814 appetitum,
1311 2767 1412 2811 cujus
1428 2773 1481 2800 est
1499 2773 1650 2812 uterque

69 2815 191 2862 blot,
211 2818 282 2855 alia
300 2831 389 2856 vero
412 2831 474 2867 per
497 2819 614 2856 aliud:
636 2831 723 2855 nam
745 2820 852 2855 dolor
873 2821 1025 2856 interior
1047 2829 1101 2856 est
1122 2832 1163 2856 ex
1179 2821 1263 2863 hoc,
1279 2821 1375 2867 quod
1393 2819 1528 2866 aliquid
1550 2831 1651 2881 repu-

69 2873 189 2922 'gunt
180 2873 249 2920 ipsi
269 2873 458 2922 appetitui:
482 2874 638 2909 exterior
659 2882 781 2910 autem
796 2874 902 2910 dolor
917 2888 958 2910 ex
975 2887 1031 2917 eo,
1049 2876 1145 2922 quod
1163 2883 1342 2922 repugnat
1364 2874 1550 2921 appetitui,
1566 2874 1650 2920 quia

69 2923 252 2980 “pugnat
272 2928 437 2976 corpori:
460 2939 606 2976 semper
627 2937 747 2964 autem
771 2930 869 2976 quod
891 2937 944 2965 cst
965 2941 1028 2976 per
1050 2941 1099 2972 se,
1122 2929 1219 2976 prius
1243 2937 1295 2964 est
1317 2940 1374 2971 eo,
1396 2928 1494 2976 quod
1517 2935 1570 2963 est
1589 2940 1651 2975 per
