1907 3198
477 211 700 249 Qum-:sno
734 212 945 243 Lxxxvm.
978 212 1225 244 AnrtcuLus
1256 213 1285 243 1.
1563 203 1646 257 629

76 305 224 342 semper
248 293 450 329 mortaliter
475 302 613 341 peccet,
639 305 725 328 cum
751 293 911 341 aliquem
939 302 1062 329 actum
1088 305 1162 329 non
1189 293 1296 329 refert
1324 294 1361 329 in
1393 294 1549 341 gloriam
1579 295 1650 330 Dei

77 347 283 384 actualiter:
305 347 447 383 veniale
473 356 596 383 autem
622 355 814 395 peccatum
842 360 916 383 non
943 348 1101 383 excludit
1126 348 1352 383 habitualem
1378 348 1649 383 ordinationem

50 417 54 425 ·
77 410 178 438 actus
198 402 352 437 humani
371 402 408 436 in
430 401 586 448 gloriam
604 402 687 444 Dei,
705 401 768 437 sed
789 401 910 436 solum
933 401 1132 436 actualem:
1155 403 1239 449 quia
1260 413 1335 436 non
1357 402 1515 437 excludit
1537 402 1651 437 chari-

75 463 201 499 tatem,
221 466 314 502 quae
335 455 566 490 habitualiter
587 455 731 490 ordinat
751 455 787 490 in
809 455 948 498 Deum;
971 455 1065 490 unde
1087 466 1162 490 non
1184 455 1356 502 sequitur,
1377 457 1474 502 quod
1501 455 1562 491 ille
1588 456 1651 503 qui

75 516 206 557 peccat
223 508 425 551 venialiter,
446 517 574 556 peccet
595 508 806 544 mortaliter.

148 562 210 598 AD
227 572 400 598 TERTIUM
414 562 622 604 dicendum,
636 563 734 609 quod
748 562 809 597 ille
823 562 884 609 qui
903 571 1031 608 peccat
1049 563 1249 606 venialiter,
1265 563 1430 599 inhaeret
1446 563 1545 598 bono
1563 571 1653 598 tem-

75 615 193 664 porali
212 626 287 650 non
309 623 348 651 ut
366 615 500 658 fruens,
526 616 611 662 quia
631 627 707 651 non
728 616 915 651 constituit
935 617 971 651 in
994 627 1039 652 eo
1061 616 1184 659 finem,
1206 617 1268 652 sed
1290 625 1329 652 ut
1350 625 1465 660 utens,
1493 616 1651 652 referens

75 669 114 705 in
132 669 256 705 Deum
276 680 352 704 non
373 677 468 711 actu,
490 669 553 704 sed
575 669 712 704 habitu.

147 723 210 758 An
230 733 420 763 QUARTUM
441 722 649 765 dicendum,
667 723 765 770 quod
787 723 926 758 bonum
953 724 1216 759 commutabile
1238 734 1312 758 non
1335 724 1510 771 accipitur
1528 732 1566 759 ut
1586 732 1653 759 ter-

77 776 198 812 minus
218 776 486 823 contrapositus
499 775 793 811 incommutabili
815 777 925 820 bono,
939 777 1009 812 nisi
1027 777 1174 824 quando
1193 778 1422 813 constituitur
1439 778 1477 813 in
1494 789 1540 813 eo
1559 777 1651 821 finis,

77 829 176 878 quod
196 830 295 866 enim
316 838 371 866 est
390 829 436 865 ad
456 829 580 872 finem,
601 841 675 865 non
697 830 808 865 habet
829 830 1011 866 rationem
1031 831 1189 866 termini.

643 971 991 1018 ARTICULUS
1029 973 1085 1016 11.
1582 983 1652 1033 469

137 1081 291 1112 UTRUM
317 1080 557 1112 PECCATUM
582 1081 805 1121 MORTALE,
831 1081 888 1112 ET
914 1081 1103 1112 VENIALE
1130 1081 1376 1112 DIFFERANT
1405 1081 1588 1112 GENERE.

352 1167 466 1216 (Supr.
489 1180 520 1216 q.
539 1180 591 1216 72.
614 1175 680 1204 art.
698 1181 728 1216 5.
750 1175 780 1205 et
801 1181 832 1205 2.
855 1170 944 1204 Dist.
963 1181 1018 1215 24.
1041 1182 1073 1216 q.
1091 1182 1119 1216 3.
1138 1175 1204 1204 art.
1227 1170 1259 1205 6.
1285 1169 1328 1204 ad
1349 1170 1382 1205 6.

218 1226 249 1257 el
261 1222 352 1258 Dist.
366 1233 424 1267 42·
437 1234 468 1269 q.
487 1235 514 1258 1.
536 1227 601 1257 art.
623 1234 656 1268 4.
677 1230 766 1270 corp.
785 1229 815 1258 et
835 1235 868 1268 4.
889 1223 978 1259 Dist.
1000 1223 1053 1258 16.
1075 1234 1106 1269 q.
1124 1235 1152 1269 3.
1175 1227 1239 1258 art.
1262 1234 1293 1258 2.
1316 1234 1346 1269 q.
1368 1234 1402 1267 4.
1424 1222 1508 1270 adj.

277 1280 308 1311 et
324 1276 409 1311 Mal.
427 1287 458 1322 q.
476 1288 504 1312 ι.
518 1281 585 1312 art.
607 1277 639 1312 8.
661 1283 750 1323 corp.
770 1282 800 1312 et
820 1288 850 1323 q.
870 1288 900 1323 7.
923 1282 988 1311 art.
1008 1289 1035 1312 l.
1053 1281 1085 1312 et
1102 1283 1210 1323 opusc.
1221 1288 1249 1323 3.
1264 1282 1338 1323 cap.
1357 1277 1460 1323 178).

148 1364 210 1400 AD
229 1375 439 1401 SECUNDUM
460 1365 511 1400 sic
533 1365 752 1412 proceditur.
767 1365 931 1408 Videtur,
946 1366 1044 1412 quod
1067 1374 1259 1412 peccatum
1280 1366 1435 1409 veniale,
1450 1375 1486 1402 et
1500 1367 1654 1402 mortale

75 1429 153 1455 non
177 1417 346 1454 differant
366 1429 520 1466 genere;
541 1418 682 1454 scilicet
701 1419 799 1466 quod
822 1419 968 1466 aliquod
991 1420 1036 1454 sit
1057 1428 1249 1466 peccatum
1273 1420 1427 1456 mortale
1450 1433 1492 1455 ex
1507 1433 1655 1467 genere,

77 1480 115 1508 et
133 1471 282 1519 aliquod
302 1471 446 1508 veniale
467 1483 511 1507 ex
531 1483 683 1519 genere:
706 1473 844 1507 bonurn
867 1473 977 1515 enim,
999 1481 1034 1508 et
1055 1472 1193 1508 malum
1225 1485 1267 1508 ex
1289 1485 1421 1519 genere
1449 1475 1484 1509 in
1516 1475 1655 1510 actibus

76 1525 248 1562 humanis
270 1525 445 1573 accipitur
466 1537 529 1573 per
547 1526 863 1573 comparationem
886 1526 931 1560 ad
953 1527 1156 1568 materiam,
1172 1527 1246 1570 siye
1267 1527 1311 1562 ad
1333 1528 1531 1573 objectum,
1546 1537 1584 1563 ut
1601 1539 1656 1563 su-

77 1590 142 1627 pta
167 1579 306 1614 dictum
332 1587 387 1615 est
411 1579 461 1626 (q.
483 1580 534 1616 18.
556 1584 622 1615 art.
643 1591 675 1615 2.
697 1585 726 1615 et
746 1580 818 1626 8.):
841 1581 903 1614 sed
930 1580 1132 1615 secundum
1159 1580 1348 1627 quodlibet
1373 1582 1570 1627 objectum,
1596 1582 1655 1617 vel

77 1632 269 1668 materiam
290 1633 470 1680 contingit
490 1644 642 1680 peccare
664 1633 877 1675 mortaliter,
899 1642 935 1668 et
955 1633 1164 1669 venialiter:
1186 1634 1375 1680 quodlibet
1395 1635 1494 1670 enim
1515 1636 1655 1670 bonum

77 1685 341 1722 commutabile
362 1694 483 1734 potest
499 1686 615 1722 homo
637 1687 788 1733 diligere
814 1686 873 1721 vel
894 1686 986 1722 infra
1007 1687 1141 1730 Deum,
1163 1689 1261 1734 quod
1284 1697 1338 1723 est
1359 1700 1511 1735 peccare
1536 1691 1657 1725 venia-

77 1738 171 1783 liter,
192 1739 252 1776 vel
272 1751 381 1788 supra
401 1740 536 1783 Deum,
559 1741 656 1787 quod
678 1750 732 1776 est
753 1752 905 1788 peccare
933 1741 1154 1785 mortaliter;
1175 1754 1264 1790 ergo
1285 1752 1480 1790 peccatum
1501 1745 1655 1787 veniale,

78 1801 116 1830 et
136 1792 293 1829 mortale
312 1804 388 1829 non
411 1793 581 1829 differunt
601 1805 746 1846 grenere.

149 1857 181 1883 2.
196 1847 435 1883 PRAETEREA.
455 1847 559 1883 Sicut
579 1848 717 1883 dictum
739 1856 793 1883 est
814 1859 923 1895 supra
944 1849 1028 1893 (art.
1045 1850 1190 1896 praec),
1212 1858 1405 1897 peccatum
1427 1851 1584 1887 mortale
1606 1852 1655 1886 di-

79 1900 184 1944 citur,
209 1900 308 1948 quod
334 1909 389 1936 est
413 1900 666 1948 irreparabile;
687 1909 879 1948 peccatum
908 1910 1030 1936 autem
1052 1903 1206 1946 veniale,
1233 1904 1330 1950 quod
1357 1913 1411 1939 est
1437 1905 1654 1951 reparabile:

77 1954 141 1991 sed
161 1965 241 1990 esse
261 1953 495 2001 irreparabile
517 1955 689 1990 convenit
714 1963 879 2002 peccatO,
901 1956 1000 2002 quod
1026 1955 1064 1991 fit
1086 1968 1128 1991 ex
1150 1957 1300 2000 malitia,
1327 1959 1425 2004 quod
1452 1959 1654 1994 secundum

77 2007 257 2056 quosdam
277 2007 525 2044 irremissibile
547 2008 694 2044 dicitur:
717 2020 797 2044 esse
818 2017 942 2043 autem
965 2010 1164 2056 reparabile
1183 2013 1355 2046 convenit
1376 2021 1542 2058 peccato,
1557 2013 1655 2060 quod
1716 2017 1720 2021 ”

76 2060 118 2097 fit
142 2072 206 2109 per
221 2060 482 2104 infirmitatem,
496 2061 556 2098 vel
569 2062 827 2109 ignorantiam,
842 2063 940 2109 quod
960 2064 1090 2099 dicitur
1107 2065 1340 2108 remissibile;
1355 2078 1444 2113 ergo
1463 2076 1655 2114 peccatum

78 2113 247 2158 mortale,
264 2123 302 2151 et
317 2114 460 2151 veniale
477 2114 658 2158 differunt,
677 2117 770 2151 sicut
789 2125 981 2163 peccatum
999 2119 1097 2164 quod
1117 2127 1170 2154 est
1185 2131 1227 2154 ex
1246 2120 1384 2155 malitia
1403 2124 1656 2165 commissum,

77 2168 137 2205 vel
157 2179 201 2204 ex
220 2167 442 2211 infirmitate,
472 2177 509 2204 et
536 2169 761 2216 ignorantia:
795 2170 857 2204 sed
883 2171 1084 2206 secundum
1112 2172 1183 2207 hoc
1211 2184 1284 2208 non
1313 2173 1482 2210 differunt
1507 2184 1656 2222 peccata

78 2233 224 2270 genere,
244 2222 308 2258 sed
329 2233 452 2266 causa,
473 2230 512 2258 ut
531 2234 640 2270 supra
661 2223 801 2258 dictum
823 2231 876 2258 est
899 2224 945 2271 (q.
965 2225 1022 2271 76.
1045 2236 1097 2272 77.
1118 2231 1149 2262 ct
1167 2227 1253 2272 78.)‚·
1277 2239 1366 2273 ergo
1389 2237 1581 2274 peccatum
1600 2241 1657 2265 ve-

77 2275 187 2319 niale,
207 2283 244 2311 et
263 2274 419 2311 mortale
439 2287 514 2311 non
536 2275 706 2312 differunt
729 2288 873 2322 genere.

79 2370 84 2376 ,
153 2340 184 2376 3.
204 2328 442 2365 ΡιυιετεκΕΑ.
465 2329 582 2377 Supra
605 2330 741 2365 dictum
763 2339 818 2365 est
835 2331 883 2376 (q.
903 2342 957 2377 74.
973 2336 1037 2366 art.
1049 2344 1077 2379 3.
1097 2333 1140 2367 ad
1155 2345 1183 2379 3.
1201 2339 1231 2368 et
1245 2339 1310 2370 art.
1326 2337 1409 2380 ια),
1429 2336 1527 2382 quod
1548 2337 1655 2372 subiti

78 2390 202 2419 motus
220 2389 298 2418 tam
311 2382 565 2426 sensualitatis,
579 2395 689 2430 quam
705 2384 854 2418 rationis
876 2393 960 2419 sunt
973 2393 1122 2431 peccata
1137 2387 1312 2422 venialia:
1333 2389 1396 2423 sed
1412 2390 1519 2425 subiti
1534 2399 1656 2426 motus

77 2435 312 2472 inveniuntur
331 2435 368 2471 in
388 2435 550 2483 quolibet
571 2437 709 2484 peccati
728 2448 880 2483 genere;
902 2449 991 2485 ergo
1005 2450 1079 2473 non
1094 2448 1177 2475 sunt
1191 2440 1311 2488 aliqua
1335 2451 1484 2488 peccata
1499 2444 1656 2479 venialia

79 2499 123 2525 ex
143 2499 289 2536 genere.

52 2551 53 2554 ’
150 2542 228 2579 San
248 2551 405 2579 coum
425 2550 491 2586 est,
511 2543 609 2590 quod
631 2543 824 2589 Augustin.
846 2544 882 2579 in
904 2555 1073 2581 sermone
1095 2546 1380 2594 de1Purgatorio
1402 2550 1479 2596 (qui
1491 2555 1535 2585 est
1548 2562 1600 2595 41.
1619 2551 1656 2587 de

77 2595 239 2642 Sanctis),
254 2604 447 2632 enumerat
458 2597 638 2644 quaedam
653 2608 787 2644 genera
801 2606 1037 2644 peccatorum
1052 2600 1262 2644 venialium,
1277 2611 1312 2637 et
1326 2604 1506 2649 quaedam
1521 2616 1654 2649 genera

79 2658 316 2698 peccatorum
336 2649 561 2686 mortalium.

151 2702 381 2740 Resrounno
395 2703 604 2747 dicendum,
618 2704 716 2751 quod
733 2712 924 2751 peccatum
939 2705 1079 2741 veniale
1099 2718 1119 2741 a
1133 2707 1239 2742 venia
1255 2708 1397 2744 dicitur.
1410 2709 1534 2746 Potest
1547 2711 1656 2757 igitur

80 2754 228 2805 aliquod
253 2764 446 2804 peccatum
471 2756 544 2792 dici
570 2756 735 2792 veniale:
757 2770 824 2793 uno
851 2758 959 2801 modo,
986 2760 1070 2806 quia
1097 2769 1151 2795 est
1172 2761 1317 2796 veniam
1340 2773 1598 2801 consecutum:
1620 2774 1656 2801 et

78 2807 134 2846 sic
158 2809 247 2845 dicit
265 2809 438 2846 Ambros.
458 2810 534 2856 (lib.
555 2810 592 2845 de:
619 2810 743 2846 Parad.
764 2818 836 2858 cap.
856 2824 907 2857 14.
929 2824 948 2846 a
972 2813 1085 2858 med),
1114 2814 1211 2860 quod
1241 2826 1351 2850 omne
1379 2826 1569 2862 peccatum
1592 2830 1655 2864 per

80 2862 344 2911 poenitentiam
362 2862 404 2899 fit
421 2862 580 2899 veniale:
607 2872 643 2899 et
663 2864 734 2899 hoc
761 2865 893 2900 dicitur
913 2866 1055 2902 veniale
1082 2878 1126 2901 cx
1147 2876 1298 2902 eventu:
1319 2869 1386 2904 alio
1407 2870 1502 2905 modo
1524 2872 1654 2907 dicitur

81 2915 236 2960 veniale,
256 2915 342 2964 quia
361 2926 437 2952 non
450 2916 560 2952 habet
580 2916 617 2952 in
634 2928 673 2953 se
696 2917 790 2953 unde
807 2918 954 2954 veniam
972 2929 1047 2954 non
1069 2929 1324 2967 consequatur,
1345 2923 1398 2958 vel
1415 2924 1586 2967 totaliter,
1600 2926 1654 2962 vel

224 2997 255 3029 8.
274 2997 398 3026 Tuom
418 2997 523 3026 snam·
548 2998 711 3036 Theologn'ea.
733 2999 798 3027 Vol.
820 2999 857 3029 11.
1477 3016 1506 3039 ⁴¹
