1875 3198
250 207 335 248 510
564 196 569 202 ’
650 206 872 242 QUAESTIO
906 206 1039 235 LXXII.
1073 206 1316 235 ARTICULUS
1350 206 1391 235 V.

247 287 314 321 Pro
337 298 489 321 mensura
507 287 614 321 delicti
639 289 703 322 erit
724 292 752 321 et
767 287 949 333 plagarum
971 286 1104 327 modus;
1125 297 1211 332 ergo
1235 285 1387 328 veniale,
1407 294 1442 320 et
1459 286 1611 320 mortale
1632 297 1706 320 non
1727 294 1810 321 sunt

248 340 353 373 unius
375 340 528 385 generis,
551 351 617 374 nec
641 340 846 381 dicendum,
870 339 966 385 quod
988 339 1058 373 sint
1079 339 1183 373 unius
1211 339 1346 384 speciei
1377 339 1436 384 [al.
1466 351 1522 374 nec
1541 339 1618 373 dum
1639 338 1724 386 quod
1743 340 1808 374 sint

249 394 346 427 nnius
365 394 492 439 speciei,
516 401 550 426 et
572 393 615 426 al.
636 393 751 427 nedum
775 393 871 426 unius
890 392 1032 438 speciei}

320 456 351 479 2.
374 446 609 480 PRAETEREA.
635 445 828 486 Quaedam
850 453 999 491 peccata
1026 452 1108 479 sunt
1134 444 1302 478 mortalia
1330 456 1371 479 ex
1398 455 1551 491 genere3
1578 445 1670 480 sicut
1695 445 1811 479 homi-

250 498 397 541 cidium,
420 507 454 533 et
476 498 707 533 adulterium:
732 498 911 543 quaedam
932 509 1018 531 vero
1043 509 1084 532 ex
1106 509 1171 531 suo
1193 509 1326 543 genere
1353 506 1435 532 sunt
1460 506 1608 544 peccata
1633 498 1808 540 venialia3

249 552 341 586 sicut
361 553 511 586 verbum
533 552 703 593 otiosum,
726 559 760 585 et
781 551 870 586 risus
893 551 1110 598 superfluus;
1133 562 1220 597 ergo
1236 559 1426 597 peccatum
1439 551 1592 594 veniale,
1607 559 1642 586 et
1656 551 1810 586 mortale

249 606 368 651 specie
390 605 569 639 differunt.

324 670 351 704 3.
374 658 610 693 PRAETEREA.
639 657 741 691 Sicut
758 669 795 692 se
814 658 923 691 habet
944 666 1043 691 actus
1066 658 1247 691 virtuosus
1270 657 1312 691 ad
1336 658 1549 703 praemium,
1570 658 1620 692 ita
1645 669 1682 692 se
1703 658 1813 692 habet

248 719 441 758 peccatum
463 711 507 744 ad
528 722 709 757 poenam:
732 710 794 745 sed
816 711 1020 756 praemium
1042 718 1095 744 est
1115 710 1194 744 finis
1215 711 1366 744 virtuosi
1388 719 1510 753 actus;
1533 722 1620 757 ergo
1643 721 1678 745 et
1694 722 1812 757 poena

249 772 302 798 est
323 764 402 798 finis
424 764 582 810 peccati:
605 764 667 798 sed
689 771 838 809 peccata
860 764 1126 809 distinguuntur
1140 763 1259 808 specie
1281 764 1480 797 secundum
1502 764 1602 806 fines,
1623 772 1663 798 ut
1676 764 1812 798 dictum

248 825 301 852 est
320 817 400 861 (art.
423 829 449 852 r.
472 817 541 863 lmj.
564 829 593 862 q.
616 816 658 851 ad
676 816 742 861 l.),·
767 828 853 862 ergo
877 817 987 851 etiam
1009 816 1276 862 distinguuntur
1297 817 1416 863 specie
1443 817 1644 851 secundum
1669 825 1811 851 reatum

250 882 401 917 poenae.

320 924 394 958 SED
418 934 583 958 CONTRA.
606 923 657 957 Ea
679 934 770 969 quae
794 923 1016 957 constituunt
1037 923 1207 969 speciem,
1230 931 1311 957 sunt
1331 923 1462 969 priora,
1481 923 1574 958 sicut
1591 922 1812 958 differentiae

249 977 459 1024 specificae:
483 978 544 1012 sed
567 988 686 1023 poena
708 978 867 1023 sequitur
889 976 1046 1023 culpam,
1068 977 1160 1011 sicut
1178 976 1325 1011 effectus
1348 978 1442 1023 ejus;
1465 988 1553 1023 ergo
1572 984 1721 1023 peccata
1738 987 1813 1010 non

248 1030 415 1065 differunt
437 1031 555 1077 specie
578 1030 779 1065 secundum
800 1038 939 1064 reatum
962 1042 1112 1076 poenae.

319 1083 549 1118 Rfispoumzo
566 1084 772 1126 dicendum,
788 1083 884 1129 quod
900 1094 1027 1117 eorum
1046 1094 1137 1129 quae
1156 1083 1275 1129 specie
1290 1083 1469 1126 differunt,
1483 1083 1601 1131 duplex
1615 1083 1814 1118 differentia

248 1137 439 1171 invenitur.
466 1139 539 1172 Una
562 1137 720 1183 quidem,
740 1148 830 1183 quae
854 1137 1038 1171 constituit
1065 1137 1310 1171 diversitatem
1337 1137 1558 1183 specierum:
1587 1145 1623 1171 et
1647 1136 1727 1171 talis
1754 1135 1816 1170 dif-

248 1191 396 1225 ferentia
413 1202 612 1237 numquam
634 1190 814 1224 invenitur
832 1190 900 1224 nisi
921 1190 957 1224 in
980 1190 1166 1236 speciebus
1189 1190 1358 1225 diversis:
1377 1190 1470 1225 sicut
1488 1191 1660 1232 rationale,
1677 1197 1711 1224 et
1728 1191 1816 1224 irra-

249 1244 390 1285 tionala;
415 1245 612 1286 animatum,
630 1251 663 1278 et
679 1245 912 1277 inanimatum.
932 1243 1012 1278 Alia
1028 1251 1149 1277 autem
1168 1242 1368 1278 differentia
1383 1251 1435 1278 est
1458 1254 1682 1289 consequens
1704 1243 1816 1277 diver-

249 1297 391 1331 sitatem
414 1297 565 1343 speciei:
590 1305 624 1331 et
645 1296 725 1331 talis
748 1296 947 1330 differentia
969 1296 1034 1330 etsi
1056 1297 1092 1330 in
1114 1296 1291 1342 aliquibus
1311 1305 1554 1343 consequatur
1570 1296 1815 1331 diversitatem

249 1351 393 1396 speciei,
416 1352 451 1384 in
475 1350 551 1384 aliis
573 1358 696 1384 tamen
715 1358 834 1396 potest
854 1350 1008 1383 inveniri
1030 1350 1066 1383 in
1088 1350 1215 1384 eadem
1237 1350 1356 1396 specie
1376 1350 1437 1395 [al.
1452 1355 1528 1385 sunt
1548 1350 1658 1385 eadem
1678 1349 1813 1396 specie}

249 1404 340 1438 sicut
351 1404 475 1445 album,
489 1413 521 1438 et
536 1405 668 1449 nigrum
685 1412 956 1449 consequuntur
970 1403 1212 1437 diversitatem
1228 1403 1360 1449 speciei
1375 1404 1486 1446 corvi,
1501 1411 1536 1438 et
1554 1404 1676 1450 cycni;
1691 1411 1814 1437 tamen

247 1459 428 1492 invenitur
449 1458 659 1503 hujusmodi
682 1456 880 1491 differentia
903 1457 938 1490 in
961 1457 1088 1491 eadem
1106 1457 1266 1490 hominis
1281 1458 1411 1503 specie.
1426 1457 1632 1491 Dicendum
1648 1465 1701 1490 est
1715 1467 1815 1502 ergo,

250 1512 345 1557 quod
369 1511 567 1545 differentia
581 1510 744 1552 venialis,
759 1519 793 1544 et
812 1510 975 1544 mortalis
989 1510 1140 1556 peccati,
1158 1509 1216 1544 vel
1240 1521 1490 1556 quaecumque
1513 1509 1583 1544 alia
1602 1508 1814 1551 differentia,

249 1576 340 1611 quae
363 1565 515 1598 sumitur
533 1576 642 1611 penes
664 1572 816 1605 reatum,
843 1575 917 1597 non
944 1571 1062 1610 potest
1089 1574 1166 1597 esse
1195 1562 1395 1598 differentia
1422 1564 1646 1598 constituens
1673 1563 1816 1597 diversi-

247 1626 360 1652 tatem
382 1618 534 1664 speciei:
557 1629 757 1663 numquam
781 1617 878 1650 enim
896 1617 943 1659 id,
965 1617 1061 1662 quod
1085 1625 1137 1650 est
1158 1628 1221 1663 per
1243 1616 1421 1659 accidens,
1437 1617 1622 1651 constituit
1635 1616 1813 1663 speciem:

217 1708 219 1710 ,
248 1672 283 1705 id
307 1680 439 1713 autem,
459 1671 555 1716 quod
579 1679 630 1704 est
659 1678 800 1716 praeter
831 1669 1070 1704 intentionem
1097 1669 1246 1715 agentis,
1275 1678 1327 1704 est
1353 1681 1416 1716 per
1444 1670 1623 1712 accidens,
1652 1678 1690 1704 ut
1718 1677 1816 1716 patet

248 1725 283 1758 in
307 1735 337 1758 2.
361 1725 505 1770 Physic.
527 1724 579 1768 (ax
601 1729 661 1758 tax.
681 1723 774 1770 50.).·
798 1722 1030 1757 manifestum
1053 1731 1106 1757 est
1128 1731 1248 1756 autem
1272 1723 1368 1768 quod
1387 1734 1505 1770 poena
1527 1730 1580 1757 est
1600 1730 1742 1769 praeter
1766 1722 1815 1756 in-

247 1778 448 1812 tentionem
470 1777 670 1823 peccantis:
692 1777 785 1810 unde
807 1788 869 1823 per
891 1776 1058 1810 accidens
1081 1787 1117 1810 se
1139 1776 1248 1810 habet
1266 1776 1309 1810 ad
1324 1784 1516 1822 peccatum
1535 1787 1577 1810 ex
1591 1783 1690 1823 parte
1704 1775 1815 1822 ipsius

248 1831 442 1877 peccantis.
467 1830 667 1865 Ordinatur
688 1838 810 1864 tamen
834 1830 876 1863 ad
899 1838 1090 1875 peccatum
1114 1829 1154 1863 ab
1179 1829 1358 1871 exteriori,
1380 1829 1519 1864 scilicet
1540 1840 1582 1864 ex
1607 1829 1741 1875 justitia
1767 1829 1816 1874 ju-

249 1884 411 1925 dicantis,
430 1884 490 1930 qui
509 1884 709 1918 secundum
733 1883 892 1917 diversas
915 1883 1142 1917 conditiones
1165 1890 1400 1929 peccatorum
1423 1883 1582 1917 diversas
1603 1893 1740 1929 poenas
1767 1882 1816 1916 in-

249 1938 356 1983 fligit3
381 1938 474 1971 unde
496 1937 689 1983 differentia,
714 1948 795 1983 quae
813 1942 857 1971 cst
877 1949 916 1970 ex
937 1941 1029 1971 reatu
1046 1941 1186 1982 poenae,
1207 1941 1309 1982 potest
1327 1937 1477 1983 consequi
1498 1936 1663 1971 diversam
1676 1937 1814 1983 speciem

246 1996 478 2038 peccatorzmm
502 2001 576 2024 non
599 1999 719 2024 autem
744 1990 928 2024 constituit
950 1991 1193 2024 diversitatem
1217 1989 1360 2035 speciei.

318 2043 530 2078 Differentia
553 2052 673 2078 autem
696 2043 834 2090 peccati
863 2042 1025 2084 venialis,
1057 2051 1091 2077 et
1120 2042 1284 2077 mortalis
1314 2043 1548 2089 consequitur
1569 2042 1815 2077 diversitatem

247 2097 535 2139 inordinationis,
555 2108 646 2143 quae
668 2096 828 2142 complet
851 2097 1029 2130 rationem
1051 2096 1202 2142 peccati.
1224 2096 1359 2143 Duplex
1383 2096 1480 2130 enim
1503 2104 1556 2130 est
1577 2096 1814 2130 inordinatio:

248 2163 314 2184 nna
337 2162 399 2196 per
420 2151 703 2184 subtractionem
726 2150 891 2196 principii
913 2149 1066 2184 ordinis:
1091 2149 1172 2191 alia,
1197 2160 1265 2195 qua
1288 2150 1396 2183 etiam
1412 2149 1550 2184 salvato
1569 2149 1746 2196 principio
1763 2160 1817 2183 or-

249 2204 351 2245 dinis,
375 2203 412 2237 fit
434 2204 652 2237 inordinatio
676 2203 770 2237 circa
801 2214 854 2245 ea,
886 2215 976 2249 quae
1007 2211 1089 2237 sunt
1118 2210 1199 2249 post
1222 2203 1456 2249 principium:
1487 2203 1580 2237 sicut
1600 2203 1635 2236 in
1663 2213 1815 2248 corpore

249 2256 414 2291 animalis
436 2257 653 2302 quandoque
677 2257 823 2302 quidem
845 2256 1064 2290 inordinatio
1089 2256 1353 2302 complexionis
1375 2256 1539 2303 procedit
1563 2267 1675 2302 usque
1695 2256 1737 2290 ad
1760 2255 1816 2290 de-

247 2311 482 2345 structionem
505 2310 670 2356 principii
693 2310 830 2352 vitalis3
853 2318 887 2344 et
908 2310 999 2344 haec
1023 2318 1075 2344 est
1097 2321 1214 2344 mors:
1238 2310 1457 2356 quandoque
1479 2321 1578 2352 vero,
1600 2309 1702 2344 salvo
1725 2309 1816 2355 prin-

249 2364 342 2409 cipio
358 2364 462 2405 vitae,
478 2363 515 2397 sit
530 2364 755 2397 deordinatio
772 2363 949 2410 quaedam
973 2364 1007 2397 in
1023 2363 1256 2405 humoribus;
1279 2372 1313 2398 et
1330 2371 1414 2398 tunc
1434 2372 1486 2398 est
1505 2363 1704 2410 aegritudo.
1719 2363 1816 2397 Prin-

248 2417 381 2463 cipium
405 2424 524 2450 autem
547 2416 656 2450 totius
679 2417 814 2450 ordinis
836 2417 870 2450 in
894 2416 1092 2450 moralibus
1114 2425 1167 2451 est
1185 2416 1264 2450 finis
1286 2416 1445 2458 ultimus,
1462 2417 1521 2463 qui
1536 2418 1584 2451 ita
1601 2428 1637 2451 se
1657 2417 1765 2451 habet
1779 2417 1815 2450 in

248 2470 452 2516 operativis‚
463 2470 553 2503 sicut
565 2469 780 2515 principium
794 2470 1115 2504 indemonstrabile
1126 2470 1160 2503 in
1173 2469 1460 2516 speculativis,ut
1471 2470 1599 2504 dicitur
1609 2470 1644 2504 in
1658 2469 1814 2515 7.Ethic.

249 2524 336 2570 (cup.
357 2524 387 2558 S.
411 2522 626 2566 ci1·‹·.n1ad.):
651 2523 744 2557 unde
767 2523 911 2568 quando
935 2524 1054 2557 anima
1078 2523 1310 2557 deordinatur
1329 2535 1391 2570 per
1417 2533 1605 2570 peccatum
1633 2534 1744 2570 usque
1771 2522 1815 2556 ad

248 2577 477 2611 aversionem
500 2576 542 2609 ab
566 2575 693 2610 ultimo
718 2575 798 2617 fine,
822 2576 959 2610 scilicet
981 2577 1074 2618 Deo,
1098 2577 1154 2610 cui
1178 2577 1298 2610 unitur
1319 2588 1381 2623 per
1403 2577 1629 2618 charitatem,
1656 2584 1740 2610 tunc
1763 2584 1816 2610 est

247 2639 437 2677 peccatum
461 2629 630 2664 mortale:
654 2630 799 2675 quando
822 2641 908 2664 vero
933 2630 969 2664 tit
988 2630 1216 2664 deordinatio
1236 2630 1322 2664 citra
1343 2630 1570 2664 aversionem
1587 2641 1605 2664 a
1621 2630 1714 2671 Deo,
1729 2637 1813 2663 tunc

247 2693 300 2718 est
320 2691 510 2730 peccatum
533 2682 690 2717 veniale:
715 2683 805 2717 sicut
824 2684 920 2717 enim
945 2684 979 2716 in
1004 2684 1214 2730 corporibus
1237 2684 1465 2718 deordinatio
1488 2683 1626 2725 mortis,
1650 2694 1742 2730 quae
1762 2691 1815 2717 est

248 2749 309 2784 per
331 2737 572 2771 remotionem
596 2736 759 2782 principii
788 2737 893 2777 vitae,
917 2745 969 2770 est
992 2737 1228 2783 irreparabilis
1257 2737 1458 2772 secundum
1479 2746 1663 2778 naturam;
1686 2736 1816 2770 inordi-

246 2791 344 2824 natio
367 2798 486 2824 autem
511 2790 742 2835 aegritudinis
762 2790 915 2835 reparari
939 2798 1055 2836 potest
1077 2799 1222 2837 propter
1244 2791 1290 2832 id,
1305 2790 1401 2837 quod
1424 2790 1583 2824 salvatur
1597 2789 1813 2836 principium

247 2844 358 2884 vitae3
379 2843 542 2877 similiter
564 2851 617 2877 est
640 2843 674 2876 in
698 2843 766 2884 his,
781 2854 872 2888 quae
892 2843 1070 2888 pertinent
1086 2844 1128 2877 ad
1145 2844 1322 2879 animam:
1345 2855 1430 2877 nam
1446 2843 1480 2878 in
1495 2842 1738 2890 speculativis,
1753 2841 1814 2888 qui

248 2905 340 2931 errat
362 2897 456 2930 circa
479 2896 664 2942 principia,
687 2895 982 2942 impersuasibilis
1005 2905 1075 2937 est;
1104 2897 1162 2943 qui
1187 2905 1306 2931 autem
1331 2904 1424 2931 errat
1444 2896 1591 2931 salvatis
1616 2895 1813 2943 principiis,
