1875 3198
170 177 256 232 876
599 188 822 223 Qun-:sno
857 188 975 217 cxiv.
1007 187 1255 217 ARTICULUS
1289 187 1318 216 1.

170 271 270 313 mini,
291 282 366 305 non
389 278 510 305 autem
531 271 633 305 Deo:
654 270 783 304 dicitur
805 270 902 304 enim
919 269 986 315 Job
1013 280 1086 315 35.:
1117 270 1153 304 Si
1175 271 1260 315 juste
1285 270 1400 315 egeris,
1429 269 1508 315 quid
1533 269 1671 304 donabis
1698 270 1740 312 ei,

170 330 228 360 aut
254 325 332 370 quid
357 324 393 359 da
414 336 517 358 manu
540 330 595 358 tna
617 325 780 370 accipiet?
800 323 898 369 Ergo
919 324 1035 357 homo
1055 334 1128 357 11011
1152 331 1271 369 potest
1293 322 1427 369 aliquid
1450 334 1470 357 a
1490 322 1572 357 Deo
1599 322 1742 358 mereri.

244 389 273 424 3.
289 378 525 412 PRAETERffl.
551 377 785 423 Quicumque
808 376 902 423 apud
924 376 1084 422 aliquem
1107 376 1241 422 aliquid
1269 384 1438 418 meretur,
1453 375 1639 410 constituit
1658 387 1742 410 eum

169 431 237 466 sibi
267 431 484 465 debitorem:
514 430 675 464 debitum
706 430 803 464 enim
831 438 894 472 est,
921 437 960 464 ut
983 429 1111 475 aliquis
1138 429 1293 463 merenti
1313 430 1521 464 mercedem
1549 429 1742 475 rependat:

170 484 233 518 sed
247 484 347 518 Deu)
361 484 449 518 nulli
474 492 527 518 est
548 483 708 525 debitor;
731 483 825 517 unde
848 483 978 516 dicitur
998 482 1106 517 Rom.
1134 493 1206 516 11.:
1223 483 1417 529 Quisprior
1434 482 1519 517 dedit
1545 484 1587 524 ei,
1602 487 1631 517 et
1651 483 1744 517 retri-

171 539 357 572 lineum-ai?
379 537 476 583 Ergo
498 536 619 571 nullus
642 548 661 570 a
675 537 757 570 Deo
779 544 899 582 potest
921 536 1056 582 aliquid
1078 536 1220 570 mereri.

244 591 318 625 SED
341 601 418 625 CON
424 601 497 625 1111
521 598 584 632 est,
607 589 704 636 quod
728 590 856 623 dicitur
873 589 943 634 Jer.
969 600 1042 633 31.:
1064 590 1125 624 Est
1150 601 1271 624 merces
1296 591 1387 636 operi
1406 594 1484 624 tuo:
1512 589 1575 623 sed
1600 600 1743 623 merces

171 645 311 687 dicitur,
334 644 431 690 quod
454 644 583 677 merito
607 643 785 685 redditur3
805 654 892 689 ergo
918 642 1070 684 videtur,
1087 643 1184 689 quod
1198 643 1314 677 homo
1330 642 1444 689 possit
1461 654 1480 676 a
1498 642 1580 676 Deo
1600 642 1742 676 mereri.

241 698 471 740 Rrspommao
499 697 706 738 dicendum,
738 697 835 742 quod
866 697 1033 738 meztmn
1063 704 1098 730 et
1128 708 1247 731 memes
1269 696 1314 730 ad
1340 697 1438 730 idem
1459 683 1680 731 referuntur:
1707 696 1743 730 id

170 752 267 786 6111111
289 763 408 786 murac
402 751 571 792 dicitur,
594 750 691 796 quod
714 750 822 783 alicui
851 759 1151 810 recompensatur
1172 761 1237 795 pro
1269 750 1505 784 retributione
1528 749 1659 796 operis,
1685 748 1744 783 vel

170 805 315 847 laboris,
339 806 439 851 quasi
462 803 648 850 quoddam
675 804 830 850 pretium
852 804 986 850 ipsius;
1008 804 1103 837 unde
1135 804 1228 838 sicut
1249 804 1399 838 reddere
1424 805 1561 849 justum
1586 803 1744 849 pretium

170 870 235 904 pro
251 869 287 892 re
304 866 453 904 accepta
472 857 514 891 ab
539 857 660 903 aliquo
677 866 730 891 est
744 865 844 891 actus
859 857 1029 903 justitiae,
1044 857 1093 891 ita
1108 857 1219 891 etiam
1237 868 1518 904 recompensare
1536 857 1745 891 mercedem

171 912 302 958 operis,
324 911 383 945 vel
405 911 550 953 laboris,
573 919 626 944 est
648 919 747 945 actus
769 911 945 956 justitiae:
968 911 1102 956 justitia
1126 919 1248 945 autem
1267 910 1464 956 aequalitas
1479 910 1661 957 quaedam
1677 917 1742 952 est,

171 974 210 999 ut
230 973 328 1011 patet
348 976 412 1011 per
433 964 649 1010 Philosoph.
672 966 707 998 in
734 975 762 1009 ς.
786 964 946 998 Ethicor.
972 964 1061 1011 (cap.
1075 965 1149 1010 4.);
1166 972 1201 998 et
1215 964 1297 998 ideo
1312 963 1524 1010 simpliciter
1542 963 1744 1010 estjustitia

170 1019 262 1053 inter
286 1030 360 1059 eos,
383 1029 539 1064 quorum
570 1026 622 1052 est
651 1018 863 1064 simpliciter
894 1017 1110 1064 aequalitas:
1135 1029 1264 1051 eorum
1293 1029 1393 1059 vero,
1415 1028 1572 1063 quorum
1592 1028 1668 1051 non
1691 1024 1744 1051 est

169 1072 382 1118 simpliciter
404 1071 614 1118 aequalitas,
636 1083 710 1105 non
730 1080 784 1106 est
805 1071 1015 1117 simpliciter
1037 1071 1184 1117 justitia,
1199 1071 1260 1105 sed
1277 1071 1423 1117 quidam
1440 1071 1598 1116 justitiae
1613 1070 1745 1104 modus

170 1134 290 1172 potest
311 1137 407 1159 esse:
432 1125 524 1159 sicut
546 1125 675 1158 dicitur
697 1125 883 1171 quoddam
900 1127 955 1170 jus
969 1130 1162 1171 paternum,
1187 1125 1261 1159 sive
1283 1124 1544 1167 dominativum,
1567 1131 1605 1158 ut
1626 1124 1663 1158 in
1687 1134 1746 1158 eo-

172 1180 255 1213 dem
277 1178 369 1213 libro
394 1179 483 1225 (cap.
507 1179 556 1223 6.)
579 1178 827 1224 Philosophus
856 1178 953 1213 dicit.
981 1178 1025 1212 Et
1051 1187 1198 1224 propter
1219 1178 1291 1212 1106
1313 1178 1350 1212 111
1375 1178 1445 1220 1113,
1471 1178 1507 1211 111
1534 1177 1663 1224 quibus
1691 1185 1746 1212 est

171 1232 384 1278 simpliciter
405 1234 552 1278 justum,
576 1240 629 1266 est
651 1232 761 1266 etiam
784 1231 997 1278 simpliciter
1018 1232 1110 1266 ratio
1133 1232 1263 1274 meriti,
1286 1239 1321 1266 et
1342 1231 1538 1266 mercedis:
1556 1231 1593 1265 in
1615 1231 1745 1277 quibus

171 1294 291 1319 autem
314 1294 368 1320 est
389 1285 590 1319 secundum
612 1285 696 1331 quid
719 1286 866 1331 justum,
890 1293 925 1319 et
943 1297 1017 1319 non
1040 1284 1263 1331 simpliciter,
1285 1285 1321 1318 in
1342 1285 1398 1319 his
1425 1285 1536 1319 etiam
1561 1296 1637 1319 non
1663 1284 1745 1319 sim-

169 1339 310 1386 pliciter
332 1347 385 1373 est
406 1339 497 1373 ratio
521 1339 651 1381 meriti,
674 1339 735 1373 sed
758 1339 959 1373 secundum
982 1339 1079 1385 quid,
1099 1341 1315 1385 inquantum
1337 1338 1496 1373 salvatur
1517 1338 1566 1372 ibi
1586 1338 1744 1384 justitiae

170 1393 280 1426 ratio:
304 1393 353 1426 sic
377 1393 475 1426 enim
498 1400 532 1426 et
553 1391 647 1426 filius
670 1400 829 1426 meretur
852 1392 985 1439 aliquid
1009 1404 1028 1426 a
1050 1401 1162 1438 patre,
1198 1400 1233 1426 et
1254 1403 1378 1426 servus
1401 1403 1421 1425 a
1443 1392 1607 1426 domino.
1634 1391 1748 1425 Mani-

170 1445 303 1480 festum
326 1454 380 1480 est
402 1454 535 1487 autem,
558 1446 655 1492 quod
677 1446 770 1479 inter
796 1446 930 1487 Deum,
961 1454 995 1480 et
1021 1446 1213 1480 hominem
1240 1454 1294 1480 est
1319 1446 1480 1479 maxima
1505 1444 1746 1491 inaequalitas

172 1499 225 1544 (in
247 1499 429 1533 infinitum
457 1499 555 1533 enim
584 1499 733 1543 distant)
765 1507 799 1534 et
822 1508 940 1533 totum
964 1499 1061 1545 quod
1084 1507 1136 1533 est
1157 1499 1319 1533 hominis
1345 1499 1496 1541 bonum,
1520 1507 1574 1533 est
1597 1510 1616 1532 a
1642 1499 1742 1541 De03

170 1552 264 1586 unde
286 1564 360 1586 non
383 1561 500 1599 potest
522 1553 681 1587 hominis
705 1553 748 1586 ad
768 1553 890 1587 Deum
913 1564 990 1587 esse
1012 1553 1146 1598 justitia
1169 1552 1371 1586 secundum
1391 1552 1596 1586 absolutam
1614 1563 1746 1599 aequa-

169 1605 320 1649 litatem,
342 1607 405 1641 sed
427 1607 628 1640 secundum
647 1607 924 1653 proportionem
946 1606 1164 1653 quamdam3
1181 1606 1399 1652 inquantum
1426 1605 1565 1640 scilicet
1594 1613 1746 1652 uterque

171 1668 340 1706 operatur
362 1660 563 1694 secundum
586 1660 738 1694 modum
761 1671 886 1694 suum:
910 1660 1041 1694 modus
1062 1668 1195 1702 autem,
1218 1667 1252 1694 et
1273 1671 1445 1694 mensura
1470 1659 1655 1693 humanae
1681 1659 1748 1693 vir-

169 1713 254 1748 tutis
275 1713 437 1747 hominis
460 1722 513 1747 est
535 1725 554 1747 a
575 1713 677 1748 Deo:
702 1722 737 1747 et
758 1714 840 1747 ideo
863 1714 1035 1747 meritum
1058 1713 1218 1748 hominis
1242 1714 1335 1760 apud
1354 1714 1478 1748 Deum
1497 1724 1576 1748 esse
1593 1725 1669 1748 non
1687 1724 1750 1760 po-

170 1774 248 1808 test,
270 1767 339 1800 nisi
359 1768 559 1801 secundum
578 1767 956 1813 praesuppositionem
979 1767 1121 1801 divinae
1141 1767 1400 1810 ordinationis3
1422 1767 1472 1801 ita
1490 1766 1686 1801 scilicet-ut
1710 1766 1747 1801 id

169 1821 286 1854 homo
310 1829 554 1866 consequatur
576 1832 595 1854 a
616 1821 698 1854 Deo
721 1832 785 1867 per
807 1832 911 1854 suam
934 1821 1199 1867 operationem,
1222 1821 1324 1867 quasi
1344 1820 1568 1862 mercedem,
1587 1821 1631 1855 ad
1650 1820 1748 1867 quod

169 1874 270 1908 Deus
295 1874 327 1907 ei
348 1876 520 1908 virtutem
547 1874 720 1920 operandi
748 1874 949 1920 deputavit:
977 1875 1070 1909 sicut
1096 1874 1207 1909 etiam
1233 1885 1289 1908 res
1315 1874 1499 1909 naturales
1522 1874 1595 1908 hoc
1624 1884 1750 1909 conse-

171 1936 329 1974 quuntur
350 1939 413 1974 per
434 1928 600 1974 proprios
624 1935 757 1969 motus,
781 1936 815 1962 et
837 1928 1080 1974 operationes,
1103 1929 1147 1962 ad
1170 1928 1266 1974 quod
1291 1939 1311 1962 a
1332 1928 1414 1962 Deo
1437 1936 1520 1962 sunt
1541 1928 1747 1963 ordinatae:

172 1980 378 2015 differenter
398 1989 543 2015 tamen:
565 1981 648 2027 quia
671 1989 835 2015 creatura
858 1982 1045 2016 rationalis
1067 1982 1225 2028 seipsam
1252 1990 1378 2016 movet
1404 1982 1448 2016 ad
1475 1981 1659 2028 agendum
1686 1993 1750 2028 per

170 2034 326 2068 liberum
349 2035 555 2068 arbitrium:
584 2035 679 2069 unde
706 2045 771 2068 sua
798 2036 893 2070 actio
920 2036 1030 2070 habet
1051 2036 1232 2070 rationem
1253 2035 1392 2070 meriti:
1420 2035 1518 2082 quod
1539 2047 1615 2070 non
1636 2043 1691 2070 est
1710 2035 1747 2069 in

171 2087 250 2122 aliis
273 2088 457 2122 creaturis.

241 2143 300 2176 AD
323 2152 474 2176 PRmmt
505 2153 592 2188 ergo
618 2142 826 2185 dicendum,
858 2143 955 2189 quod
982 2143 1110 2185 homo,
1141 2143 1357 2202 inquantum
1387 2144 1532 2189 propria
1557 2142 1747 2177 voluntate

169 2194 256 2229 facit
278 2195 365 2228 illud
388 2195 485 2241 quod
508 2195 625 2237 debet,
650 2204 828 2238 meretur3
851 2196 1013 2243 alioquin
1037 2205 1138 2231 actus
1159 2196 1328 2242 justitiae,
1351 2207 1423 2242 quo
1446 2196 1526 2243 quis
1546 2195 1665 2230 reddit
1693 2195 1751 2230 de-

169 2249 296 2291 bitum,
317 2260 390 2283 non
415 2257 508 2283 esset
531 2250 752 2300 meritorius.

242 2303 302 2336 AD
322 2313 529 2337 SECUNDUM
549 2303 756 2345 dicendum,
780 2304 876 2349 quod
899 2304 1000 2339 Deus
1023 2316 1065 2339 ex
1087 2305 1191 2339 bonis
1210 2304 1343 2339 nostris
1361 2315 1437 2339 non
1459 2305 1600 2351 quaerit
1620 2303 1750 2339 utilita-

169 2364 256 2397 tem,
279 2356 340 2390 sed
359 2355 528 2401 gloriam,
551 2356 642 2391 idest
665 2356 999 2393 manifestationem
1027 2370 1114 2393 suae
1140 2358 1324 2400 bonitatis,
1351 2358 1448 2404 quod
1467 2358 1578 2392 etiam
1605 2369 1650 2393 ex
1676 2357 1749 2392 suis

171 2410 338 2456 operibus
361 2410 518 2456 quaerit:
547 2422 590 2444 ex
616 2410 686 2444 1106
717 2418 839 2444 autem
862 2411 958 2457 quod
988 2424 1071 2446 eum
1099 2412 1266 2454 colimus,
1293 2411 1385 2446 nihil
1412 2411 1446 2446 ei
1473 2412 1659 2454 accrescit,
1686 2411 1748 2446 sed

170 2464 292 2505 nobis;
313 2472 347 2498 et
368 2464 451 2498 ideo
475 2474 659 2498 meremur
678 2463 813 2510 aliquid
834 2476 852 2498 a
875 2465 969 2507 Deo,
992 2477 1066 2499 non
1086 2466 1188 2512 quasi
1207 2478 1250 2501 ex
1269 2465 1400 2500 nostris
1423 2465 1593 2512 operibus
1614 2465 1749 2512 aliquid

171 2517 205 2550 ei
223 2525 420 2559 accrescat,
443 2517 505 2551 sed
524 2517 740 2564 inquantum
763 2526 909 2564 propter
931 2520 1036 2564 ejus
1031 2519 1187 2565 gloriam
1209 2530 1416 2566 operamur.

246 2571 306 2604 AD
335 2581 507 2606 TERTIUM
531 2571 738 2613 dicendum,
761 2572 858 2617 quod
881 2573 964 2618 quia
988 2574 1082 2607 actio
1105 2582 1229 2608 nostra
1250 2584 1324 2608 non
1346 2573 1457 2608 habet
1477 2573 1657 2609 rationem
1679 2584 1751 2608 me·

176 2624 245 2665 riti,
269 2624 337 2658 11131
361 2636 403 2658 ex
430 2625 769 2671 praesuppositione
797 2625 940 2659 divinae
967 2627 1071 2660 ordin
1076 2628 1218 2670 ttionis,
1245 2638 1319 2661 non
1346 2627 1507 2673 sequitur
1533 2627 1630 2673 quod
1652 2627 1752 2662 Deus

173 2676 350 2711 efficiatur
373 2678 584 2724 simpliciter
607 2678 748 2712 debitor
769 2679 886 2721 nobis,
909 2679 970 2713 sed
993 2680 1059 2715 sibi
1082 2681 1168 2727 ipsi3
1196 2681 1412 2727 inquantum
1439 2681 1600 2716 debiturn
1627 2689 1692 2724 est,
1713 2689 1752 2716 ut

171 2742 237 2765 sua
260 2731 441 2766 ordinatio
462 2731 667 2778 impleatur.
