1907 3182
242 141 327 195 316
662 152 884 187 QUAESTIO
918 152 1034 181 XLIV.
1068 152 1312 182 ARTICULUS
1346 152 1390 181 ΙΙ.

231 234 341 279 facit:
365 233 458 279 quia,
481 241 518 267 ut
539 232 735 270 Philos..in
755 245 782 279 3.
798 233 915 267 Ethic.
932 233 1017 267 dicit
1033 232 1120 279 (cap.
1134 234 1192 279 3.),
1209 233 1423 267 consiliamur
1437 232 1473 267 da
1486 234 1624 278 magnis,
1641 234 1677 267 in
1690 233 1806 279 quibus

240 289 333 332 quasi
354 288 444 321 nobis
466 289 541 333 ipsis
563 287 793 321 discradinms:
817 298 858 320 ea
881 295 1014 327 autem,
1037 297 1128 332 quae
1150 287 1321 319 timorem
1336 286 1525 327 incutiunt,
1540 297 1614 319 non
1629 294 1712 320 sunt
1724 286 1805 320 sim-

239 340 379 386 pliciter
397 339 504 381 mala,
527 341 587 374 sed
604 341 737 373 habent
753 340 950 385 quamdam
966 339 1255 384 magnitudinem
1268 351 1275 381 3
1289 347 1367 373 tum
1383 350 1424 373 ex
1439 350 1482 373 eo
1499 339 1595 385 quod
1611 339 1806 385 apprehen-

239 393 381 435 duntur,
404 402 442 427 ut
464 404 554 439 quae
577 393 768 427 difficiliter
790 392 915 438 repelli
938 401 1106 438 possunt;
1128 400 1207 426 tum
1229 392 1338 426 etiam
1365 393 1449 438 quia
1477 393 1805 438 apprehenduntur,

239 455 277 480 ut
298 446 341 480 de
364 458 474 492 prope
498 447 695 488 existentia,
718 447 809 479 sicut
830 447 903 491 jam
927 446 1064 479 dictum
1092 453 1144 479 est
1170 446 1218 491 (q.
1244 457 1299 489 42.
1327 450 1389 479 art.
1417 447 1464 491 2.)
1476 458 1488 486 ‚·
1517 446 1611 479 unde
1636 445 1804 479 homines

241 500 398 533 maxime
421 500 456 533 in
479 500 668 533 timoribus
690 507 868 545 quaerunt
890 499 1085 533 consiliari.
1108 499 1187 533 Alio
1210 499 1305 533 modo
1333 499 1462 533 dicitur
1490 499 1617 545 aliquis
1644 498 1808 533 consilia·

238 554 330 587 tivus
354 565 373 586 a
393 553 563 588 facultate
582 554 673 587 bene
697 553 929 588 consiliandi:
952 559 982 588 et
1006 555 1051 588 sic
1079 566 1135 588 nec
1163 555 1274 596 timor,
1302 565 1356 588 nec
1384 554 1498 599 aliqua
1519 555 1630 600 passio
1657 552 1808 588 consilia-

239 608 322 641 tivos
335 607 444 652 facit:
468 607 550 652 quia
572 607 715 640 homini
737 606 867 641 affecto
887 607 1088 641 secundum
1111 606 1271 653 aliquam
1289 608 1494 653 passionem
1515 608 1655 642 videtur
1673 606 1806 652 aliquid

238 659 296 694 vel
317 661 445 705 majus,
466 659 524 693 vel
543 660 673 701 minus,
689 671 798 706 quam
814 661 858 694 sit
872 661 1073 694 secundum
1088 661 1140 694 rei
1152 661 1342 694 veritatem
1356 672 1363 694 :
1383 661 1475 695 sicut
1489 661 1627 695 amanti
1638 661 1807 694 videntur

239 724 292 755 ea,
315 724 406 759 quae
429 721 526 747 amat
548 713 722 755 meliora3
746 721 781 748 et
802 714 945 748 timenti
968 725 1022 756 ea,
1045 725 1137 760 quae
1158 714 1273 756 timet,
1296 714 1532 757 terribiliora3
1555 722 1591 749 et
1611 714 1661 748 sic
1684 725 1726 748 ex
1752 714 1809 747 de-

237 765 334 800 fectu
357 767 579 800 rectitudinis
600 767 724 811 judicii
745 767 927 813 quaelibet
949 767 1082 813 passio,
1105 775 1281 814 quantum
1305 775 1358 802 est
1380 767 1423 802 de
1449 779 1499 810 se,
1525 767 1676 814 impedit
1699 766 1808 801 facul-

237 827 349 854 tatem
371 820 461 854 bene
484 819 710 854 consiliandi.

308 873 351 907 Et
369 884 431 919 per
452 874 524 907 hoc
547 881 645 919 patet
666 874 854 919 responsio
876 885 926 908 AD
948 885 1109 909 PRIMUM.

309 927 369 960 AD
384 937 590 961 SECUNDUM
606 927 812 969 dicendum,
827 928 924 973 quod
939 937 1074 974 quanto
1091 927 1210 974 aliqua
1224 928 1344 974 passio
1360 936 1414 963 est
1426 927 1564 970 fortior,
1574 935 1676 962 tanto
1690 926 1808 972 magis

237 979 351 1013 homo
373 980 574 1014 secundum
596 981 712 1026 ipsam
727 980 876 1015 affectus
891 982 1103 1027 impeditur3
1127 990 1161 1015 et
1175 982 1270 1024 ideo,
1287 982 1432 1028 quando
1447 982 1557 1015 timor
1574 980 1681 1015 fuerit
1693 980 1807 1021 fortis,

237 1032 313 1066 vult
331 1033 477 1078 quidem
492 1034 606 1067 homo
623 1033 818 1076 consiliari,
833 1035 896 1068 sed
913 1035 1003 1068 adeo
1020 1035 1246 1080 perturbatur
1261 1035 1297 1068 in
1314 1036 1387 1069 suis
1403 1035 1695 1081 cogitationibUS,
1710 1034 1807 1080 quod

237 1086 430 1120 consilium
453 1087 660 1121 adinvenire
682 1099 755 1121 non
771 1096 908 1133 potest:
925 1089 953 1122 si
969 1096 1090 1122 autem
1112 1088 1157 1122 sit
1177 1099 1307 1134 parvus
1321 1089 1443 1130 timor,
1458 1088 1519 1134 qui
1539 1087 1808 1122 solicitudinem

238 1139 453 1174 consiliandi
473 1140 631 1182 inducat,
650 1152 716 1174 nec
745 1141 901 1175 multum
928 1142 1108 1175 rationem
1136 1142 1337 1184 conturbet,
1364 1150 1484 1188 potest
1509 1141 1619 1176 etiam
1645 1140 1808 1175 conferre

239 1193 282 1226 ad
303 1192 513 1227 facultatem
534 1194 625 1228 bene
648 1194 863 1228 consiliandi
884 1195 1023 1229 ratione
1045 1195 1284 1229 solicitudinis
1308 1196 1573 1242 consequentis.

309 1247 370 1281 AD
397 1257 570 1282 TERTIUM
603 1247 810 1290 dicendum,
841 1249 938 1294 quod
969 1249 1079 1283 etiam
1108 1260 1188 1295 spes
1219 1249 1305 1284 facit
1338 1249 1607 1292 consiliativos;
1641 1248 1737 1295 quia,
1771 1256 1810 1282 ut

237 1300 273 1334 in
290 1310 320 1334 2.
337 1300 486 1335 Rhetor.
506 1300 643 1335 Philos.
659 1301 745 1335 dicit
759 1302 850 1348 (cap.
863 1314 891 1348 5.
907 1307 980 1337 ante
994 1302 1109 1348 med),
1125 1302 1245 1336 nullus
1261 1303 1471 1337 consiliatur
1483 1303 1526 1337 de
1540 1303 1608 1345 his,
1623 1302 1666 1336 de
1681 1301 1809 1348 quibus

238 1354 421 1401 desperat;
443 1355 535 1390 sicut
555 1367 623 1389 nec
646 1355 688 1389 de
710 1356 1006 1402 impossibilibus,
1028 1364 1067 1390 ut
1087 1356 1216 1390 dicitur
1236 1357 1273 1390 in
1299 1368 1326 1403 3.
1349 1357 1466 1391 Ethic.
1489 1357 1581 1404 (cap.
1598 1358 1666 1403 3.).·
1688 1356 1800 1390 timor

237 1416 361 1442 tamen
387 1408 472 1443 facit
499 1409 615 1455 magis
643 1409 903 1452 consiliativos‚
931 1421 1040 1456 quarn
1068 1421 1165 1456 spes:
1194 1410 1277 1456 quia
1304 1421 1385 1456 spes
1413 1418 1466 1444 est
1491 1410 1534 1444 de
1560 1410 1671 1452 bono,
1698 1418 1805 1456 prout

235 1473 428 1508 possumus
449 1463 569 1509 ipsum
592 1464 784 1509 consequi:
806 1464 917 1498 timor
939 1472 1061 1498 autem
1087 1464 1131 1498 de
1158 1463 1269 1505 malo,
1292 1472 1399 1510 prout
1419 1464 1478 1498 vix
1503 1463 1630 1510 repelli
1656 1471 1798 1510 potest3

233 1524 268 1550 et
287 1516 336 1550 ita
358 1517 473 1562 magis
488 1516 632 1562 respicit
645 1517 825 1551 rationem
840 1516 993 1551 difficilis
1007 1517 1128 1559 timor,
1143 1528 1253 1562 quarn
1268 1528 1366 1564 spes:
1390 1518 1427 1551 in
1442 1516 1647 1551 difficilibus
1662 1525 1797 1558 autem,

235 1569 393 1604 maxime
415 1570 451 1603 in
473 1570 599 1616 quibus
627 1570 732 1605 nobis
757 1582 832 1605 non
860 1571 1089 1614 confidimus,
1117 1571 1364 1614 consiliamur,
1392 1572 1485 1606 sicut
1511 1572 1647 1606 dictum
1675 1579 1728 1606 est
1751 1570 1801 1615 (in

237 1630 326 1670 corp.
350 1625 444 1670 art).

794 1766 1142 1812 ARTICULUS
1178 1768 1256 1811 ΠΙ.
1737 1789 1801 1824 245

623 1875 778 1905 UTRUM
806 1876 946 1926 TIMOR
974 1876 1136 1906 FACIAT
1164 1876 1417 1906 TREMOREM.

556 1963 669 2010 (Sztpr.
704 1969 766 1998 art.
801 1977 828 1999 I.
864 1964 906 1998 ad
943 1977 970 1999 2.
996 1966 1059 2011 fin.
1093 1969 1121 1999 ct
1154 1965 1205 1999 Ps.
1240 1976 1289 2010 17.
1324 1976 1406 1999 com..
1441 1965 1499 2010 7.).

307 2052 366 2086 AD
383 2062 553 2086 TERT1UM
568 2054 618 2086 sic
634 2053 850 2098 proceditur.
870 2053 1032 2095 Videtur,
1052 2053 1149 2099 quod
1167 2062 1305 2088 tremor
1318 2065 1392 2087 non
1407 2054 1452 2087 sit
1470 2051 1619 2087 effectus
1638 2052 1796 2087 timoris:

235 2113 373 2139 tremor
395 2106 491 2140 enim
515 2117 556 2139 ex
583 2105 716 2151 frigore
745 2107 893 2142 accidit:
920 2108 1086 2141 videmus
1114 2107 1212 2141 enim
1239 2106 1466 2152 infrigidatos
1493 2114 1666 2140 tremere:
1689 2106 1800 2140 timor

237 2167 356 2192 autem
380 2170 453 2192 non
475 2159 615 2193 videtur
637 2171 785 2194 causare
807 2160 930 2206 frigus,
953 2161 1015 2194 sed
1038 2161 1156 2207 magis
1176 2160 1336 2195 calorem
1353 2161 1616 2194 desiccantem:
1640 2161 1741 2206 cujus
1759 2160 1803 2194 si-

237 2224 348 2257 gnum
372 2220 434 2253 est,
457 2213 553 2258 quod
576 2213 744 2247 timentes
773 2214 907 2256 sitiunt,
935 2223 970 2248 et
996 2215 1188 2260 praecipue
1215 2215 1251 2248 in
1278 2214 1447 2248 maximis
1473 2213 1682 2256 timoribus;
1710 2213 1803 2248 sicut

236 2275 333 2312 patet
355 2266 388 2299 in
410 2266 490 2307 illis,
514 2267 573 2312 qui
596 2267 639 2300 ad
662 2276 819 2301 mortem
842 2268 1040 2310 ducuntur3
1063 2279 1150 2313 ergo
1173 2268 1284 2302 timor
1304 2279 1378 2302 non
1402 2275 1526 2301 causat
1546 2276 1755 2302 tremorem.

309 2330 339 2353 2.
359 2320 594 2354 PRAETEREA.
612 2320 767 2355 Emissio
784 2321 1072 2367 superfluitatum
1087 2333 1128 2355 ex
1141 2321 1262 2355 calore
1278 2321 1427 2355 accidit:
1445 2321 1540 2355 unde
1550 2329 1589 2355 ut
1603 2320 1799 2367 plurimum

236 2373 438 2407 medicinae
460 2373 635 2408 laxativae
658 2383 740 2408 sunt
766 2374 923 2409 calidae:
951 2375 1012 2409 sed
1040 2375 1252 2420 hujusmodi
1275 2375 1488 2409 emissiones
1515 2373 1802 2420 superfluitatum

237 2439 280 2461 ex
301 2427 432 2461 timore
454 2426 658 2472 frequenter
681 2429 915 2474 contingunt3
939 2440 1026 2474 ergo
1041 2429 1152 2463 timor
1167 2429 1306 2462 videtur
1329 2439 1477 2462 causare
1499 2427 1676 2462 calorem:
1697 2436 1732 2462 et
1753 2428 1803 2462 sic

236 2492 309 2514 non
333 2489 456 2514 causat
478 2489 687 2515 tremorem.

310 2546 337 2580 3.
360 2535 596 2569 PRAETEREA.
620 2535 658 2567 In
681 2535 811 2569 timore
835 2535 934 2569 calor
957 2536 999 2569 ab
1023 2536 1259 2570 exterioribus
1282 2535 1324 2569 ad
1347 2535 1519 2570 interiora
1541 2543 1750 2570 revocatur:
1771 2535 1800 2569 si

236 2588 344 2633 igitur
366 2596 511 2634 propter
532 2589 741 2633 hujusmodi
766 2589 1040 2623 revocationem
1064 2589 1195 2623 caloris
1218 2590 1253 2623 in
1276 2589 1513 2623 exterioribus
1534 2589 1649 2623 homo
1670 2588 1802 2630 tremit,

236 2642 375 2675 videtur
386 2641 561 2684 similiter,
578 2643 672 2687 quod
687 2642 720 2675 in
731 2643 898 2676 omnibus
910 2643 1147 2677 exterioribus
1163 2643 1335 2677 membris
1352 2643 1498 2677 deberet
1512 2643 1652 2676 causari
1666 2650 1803 2677 tremor

238 2708 278 2729 ex
300 2696 449 2730 timore:
472 2696 543 2729 hoc
572 2704 692 2729 autem
720 2708 792 2729 non
821 2696 977 2738 vidctur3
1005 2708 1079 2731 non
1107 2708 1194 2742 ergo
1221 2705 1358 2730 tremor
1385 2696 1548 2743 corporis
1575 2704 1628 2731 est
1653 2695 1802 2730 effectus

237 2757 388 2783 timons.
1656 2772 1660 2776 ι

310 2803 384 2837 5121)
407 2813 561 2837 CONTRA
589 2811 652 2845 est,
679 2803 776 2849 quod
806 2803 948 2837 Tullius
972 2804 1057 2838 dicit
1084 2804 1119 2837 in
1147 2814 1179 2846 4.
1207 2804 1250 2838 dc
1280 2803 1429 2838 Tuscul.
1459 2803 1548 2844 QQ.
1577 2803 1754 2850 (aliquant.
1781 2815 1800 2838 a

233 2858 373 2902 princ),
395 2857 491 2902 quod
514 2857 684 2891 timorem
708 2857 867 2903 sequitur
889 2865 1036 2899 tremor,
1059 2866 1094 2892 et
1116 2857 1244 2904 pallor,
1267 2866 1301 2892 et
1323 2858 1485 2892 dentium
1507 2858 1686 2904 strepitus.
