1907 3198
458 185 682 221 QUAESTIO
716 185 851 215 XXVII.
885 185 1134 216 ARTICULUS
1167 185 1228 215 111.
1564 187 1645 230 213

76 278 110 306 et
131 271 166 304 in
189 267 345 315 quadam
369 266 605 302 inclinatione
628 266 728 310 illud,
751 266 849 314 quod
873 266 968 302 aliud
991 267 1101 302 habet
1122 267 1158 301 in
1182 275 1283 302 actu:
1307 267 1401 302 sicut
1421 268 1451 303 si
1473 268 1651 311 dicamus,

75 323 172 371 quod
195 333 326 369 corpus
349 333 458 368 grave
481 323 636 356 existens
659 329 758 355 extra
779 333 887 356 suum
906 321 1031 356 locum
1050 321 1161 356 habet
1180 321 1457 357 similitudinem
1473 334 1557 357 cum
1577 334 1654 357 cor-

75 388 162 425 pore
184 376 286 423 gravi
307 377 343 410 in
365 387 432 410 suo
454 374 538 410 loco
562 375 749 410 existenti:
776 375 835 409 vel
861 375 972 410 etiam
1000 375 1201 427 secundum
1230 376 1327 422 quod
1354 377 1517 423 potentia
1543 377 1653 411 habet

74 429 348 466 similitudinem
371 429 415 463 ad
438 437 560 463 actum
583 429 720 476 ipsum:
744 441 831 463 nam
846 430 882 464 in
896 429 974 476 ipsa
987 430 1151 476 potentia
1166 430 1443 476 quodammodo
1463 439 1516 465 est
1531 439 1652 474 actus;

73 485 210 532 primus
226 495 315 530 ergo
335 483 582 518 similitudinis
597 483 730 518 modus
747 491 872 518 causat
887 495 1054 518 amorem
1074 484 1268 527 amicitiae,
1283 496 1347 519 seu
1362 485 1652 520 benevolentiae.

73 539 124 574 Ex
145 538 217 573 hoc
241 538 338 572 enim
361 537 458 584 quod
487 537 598 584 aliqui
625 538 697 572 duo
725 545 808 572 sunt
834 537 982 580 similes,
1011 538 1113 584 quasi
1140 538 1316 573 habentes
1342 550 1454 573 unam
1481 539 1652 582 formam,

73 600 156 628 sunt
185 592 462 639 quodammodo
490 603 604 626 unum
632 593 667 626 in
693 591 813 626 forma
840 591 926 626 illa:
954 592 1047 626 sicut
1074 593 1145 627 duo
1173 592 1344 627 homines
1371 601 1454 628 sunt
1476 605 1590 628 unum
1616 594 1653 628 in

73 647 192 695 specie
214 646 463 688 humanitatis,
487 654 522 681 et
544 646 615 680 duo
640 646 709 680 albi
732 646 768 680 in
792 645 981 689 albedine3
1003 654 1037 681 et
1058 646 1141 681 ideo
1166 646 1315 681 affectus
1343 647 1449 682 unius
1476 648 1591 682 tendit
1616 648 1653 682 in

73 700 239 743 alterum,
257 699 351 734 sicut
368 699 404 734 in
423 711 536 734 unum
556 699 634 742 sibi,
649 708 684 734 et
705 699 782 734 vult
804 701 836 734 ei
857 700 1010 743 bonum,
1032 701 1124 735 sicut
1140 708 1175 735 et
1189 701 1265 735 sibi.
1290 700 1363 735 Sed
1378 701 1559 736 secundus
1578 713 1655 736 mo-

72 754 138 790 dus
159 753 403 789 similitudinis
433 761 559 788 causat
586 765 753 788 amorem
782 754 1115 801 concupiscentiae,
1142 754 1200 789 vel
1227 755 1427 790 amicitiam
1455 755 1562 799 utilis,
1589 767 1653 791 seu

73 807 295 843 delectabilis
311 820 318 842 :
341 809 425 854 quia
447 809 643 854 unicuique
660 808 826 843 existenti
845 808 880 842 in
900 809 1073 855 potentia,
1088 811 1304 855 inquantum
1319 809 1542 856 hujusmodi,
1561 810 1654 845 inest

73 863 251 911 appetitus
272 862 328 897 sui
350 870 463 904 actus,
487 869 520 897 et
542 862 579 896 in
603 863 678 908 ejus
701 863 964 898 consecutione
988 862 1199 905 delectatur,
1223 863 1251 897 si
1274 863 1319 898 sit
1340 864 1512 907 sentiens,
1536 873 1570 899 et
1597 876 1655 899 co-

72 928 264 964 gnoscens.
287 916 439 951 Dictum
463 924 515 950 est
538 924 661 951 autem
684 927 792 963 supra
814 917 862 963 (q.
879 918 935 953 26.
955 922 1019 952 art.
1038 919 1103 962 4),
1127 917 1225 964 quod
1247 918 1282 951 in
1298 930 1411 953 amore
1426 920 1655 966 concupiscen-

73 973 137 1007 tiae
159 982 286 1005 amans
308 970 454 1017 proprie
477 978 577 1005 amat
598 971 771 1017 seipsum,
796 982 878 1005 cum
902 971 978 1005 vult
1000 971 1089 1006 illud
1112 972 1262 1014 bonum,
1286 972 1383 1018 quod
1408 973 1653 1020 concupiscit:

72 1025 190 1071 magis
213 1033 334 1059 autem
357 1024 604 1071 unusquisque
627 1025 789 1071 seipsum
811 1033 920 1067 amat,
944 1037 1054 1072 quam
1077 1025 1209 1060 alium:
1233 1026 1317 1072 quia
1339 1026 1406 1061 sibi
1428 1039 1520 1062 unus
1543 1035 1597 1062 est
1617 1027 1654 1061 in

71 1079 283 1122 substantia,
306 1078 409 1113 alteri
430 1090 517 1113 vero
540 1079 576 1113 in
598 1079 835 1113 similitudine
857 1080 1010 1125 alicujus
1033 1080 1192 1114 formae:
1217 1087 1250 1114 et
1272 1080 1366 1123 ideo,
1382 1081 1412 1116 si
1431 1093 1472 1116 ex
1492 1093 1535 1116 eo
1556 1082 1654 1128 quod

73 1141 126 1169 est
145 1133 213 1168 sibi
235 1132 363 1168 similis
385 1133 422 1167 in
444 1133 721 1180 participatione
744 1133 897 1176 formae,
921 1134 1138 1180 impediatur
1160 1135 1316 1181 ipsemet
1344 1147 1363 1169 a
1391 1136 1652 1171 consecutione

70 1188 169 1231 boni,
192 1187 289 1235 quod
312 1195 421 1229 amat,
450 1186 603 1222 efficitur
625 1189 657 1222 ei
680 1187 849 1230 odiosus,
871 1199 945 1222 non
969 1188 1186 1234 inquantum
1203 1189 1412 1232 estsimilis,
1428 1190 1490 1224 sed
1506 1192 1655 1237 inquan-

70 1251 150 1278 tum
165 1249 218 1277 est
227 1241 363 1289 proprii
376 1241 463 1276 boni
481 1241 726 1288 impeditivus.
750 1241 794 1275 Et
809 1251 956 1288 propter
967 1242 1037 1276 hoc
1055 1242 1157 1288 figuli
1173 1243 1399 1278 corrixantur
1414 1244 1458 1278 ad
1476 1244 1654 1288 invice1n3

73 1298 157 1344 quia
178 1307 217 1331 se
238 1297 396 1330 invicem
418 1295 623 1342 impediunt
645 1297 680 1330 in
695 1296 842 1342 proprio
859 1295 979 1338 lucro;
997 1304 1031 1331 et
1047 1298 1131 1331 inter
1151 1299 1305 1344 superbos
1319 1303 1395 1333 sunt
1407 1300 1546 1344 jurgz'a;
1571 1300 1655 1346 quia

71 1361 109 1386 se
130 1350 289 1385 invicem
315 1349 521 1396 impediunt
541 1349 577 1384 in
599 1350 745 1396 propria
767 1349 993 1393 excellentia,
1017 1362 1126 1397 quam
1155 1351 1432 1398 concupiscunt.

143 1404 188 1440 Et
207 1416 270 1452 per
290 1404 363 1439 hoc
384 1412 483 1451 patet
505 1404 693 1451 responsio
716 1415 766 1438 AD
793 1415 955 1439 PRIMUM.

143 1459 204 1494 AD
233 1469 442 1494 SECUNDUM
461 1458 668 1500 dicendum,
689 1458 786 1505 quod
805 1458 842 1492 in
861 1458 932 1493 hoc
957 1458 1067 1493 etiam
1086 1460 1184 1505 quod
1204 1459 1332 1506 aliquis
1350 1459 1387 1494 in
1406 1459 1521 1495 altero
1545 1469 1653 1504 amat,

72 1513 169 1562 quod
190 1513 227 1548 in
249 1525 287 1548 se
308 1524 382 1547 non
402 1520 512 1554 amat,
527 1512 709 1547 invenitur
726 1512 866 1547 bonum
883 1512 943 1557 [al.
964 1513 1066 1558 ratio]
1092 1513 1338 1549 similitudinis
1357 1515 1559 1549 secundum
1577 1527 1657 1562 pro-

71 1566 398 1615 portionalitatem3
425 1578 511 1601 nam
537 1566 630 1601 sicut
656 1577 694 1602 se
721 1566 832 1601 habet
859 1566 950 1601 alius
978 1567 1021 1601 ad
1048 1567 1133 1610 hoc,
1161 1568 1259 1614 quod
1286 1568 1322 1602 in
1350 1580 1394 1603 eo
1426 1578 1579 1612 amatur,
1606 1570 1655 1604 ita

70 1621 147 1668 ipse
169 1632 207 1656 se
227 1620 338 1655 habet
365 1620 409 1655 ad
435 1620 520 1663 hoc,
547 1620 644 1666 quod
672 1621 708 1655 in
735 1632 773 1655 se
801 1628 916 1655 amat:
945 1629 1031 1667 puta
1053 1621 1083 1655 si
1105 1622 1222 1657 bonus
1246 1630 1373 1657 cantor
1393 1622 1533 1658 bonum
1557 1632 1656 1660 amet

71 1675 298 1722 scriptorem,
325 1674 520 1709 attenditur
545 1674 594 1708 ibi
620 1673 820 1709 similitudo
847 1675 1107 1721 proportionis,
1134 1677 1334 1710 secundum
1372 1677 1469 1723 quod
1503 1686 1654 1725 uterque

71 1729 192 1772 habet,
215 1729 312 1776 quod
335 1729 507 1764 convenit
528 1728 562 1763 ei
583 1729 786 1763 secundum
808 1741 911 1764 suam
935 1737 1060 1764 artem.

142 1783 204 1819 AD
226 1793 400 1819 TERTIUM
421 1782 629 1826 dicendum,
655 1782 753 1830 quod
772 1782 844 1825 ille,
864 1783 924 1830 qui
943 1791 1042 1818 amat
1059 1783 1143 1827 hoc,
1162 1796 1235 1830 quo
1258 1784 1406 1831 indiget,
1428 1785 1538 1821 habet
1559 1786 1656 1822 simi-

70 1837 260 1873 litudinem
287 1837 331 1872 ad
353 1837 400 1880 id,
423 1837 520 1884 quod
543 1845 652 1879 amat,
674 1837 767 1872 sicut
788 1837 886 1884 quod
909 1845 962 1872 est
987 1839 1149 1885 potentia
1164 1839 1208 1873 ad
1227 1846 1361 1882 actum,
1383 1847 1423 1874 ut
1441 1840 1579 1876 dictum
1602 1849 1655 1877 est

70 1893 122 1939 (in
143 1898 232 1939 corp.
259 1892 354 1938 art).

142 1946 203 1982 AD
222 1956 412 1986 QUARTUM
433 1945 641 1988 dicendum,
656 1945 752 1992 quod
772 1945 974 1981 secundum
993 1946 1162 1981 eamdem
1178 1947 1455 1984 similitudinem
1470 1950 1654 1996 potentiae

72 2000 116 2036 ad
144 2008 267 2036 actum
293 1999 366 2043 ille,
394 2000 455 2047 qui
480 2011 556 2035 non
581 2008 635 2035 est
655 1999 825 2043 liberalis,
848 2008 947 2035 amat
968 2012 1065 2043 eum,
1088 2001 1149 2048 qui
1176 2009 1229 2036 est
1254 2001 1412 2038 liberalis
1439 2005 1655 2051 inquantum

73 2062 238 2103 expectat
260 2054 302 2090 ab
326 2065 371 2089 eo
395 2053 540 2101 aliquid,
563 2054 661 2101 quod
683 2054 883 2097 desiderat3
911 2063 945 2089 et
972 2055 1102 2089 eadem
1129 2055 1220 2090 ratio
1249 2064 1303 2091 est
1329 2056 1372 2091 de
1398 2067 1655 2104 perseverante

71 2109 109 2144 in
128 2109 288 2144 amicitia
308 2109 351 2143 ad
366 2120 464 2151 eum,
483 2108 545 2155 qui
563 2120 638 2143 non
657 2117 883 2156 perseverat3
905 2109 1096 2156 utrobique
1116 2110 1214 2144 enim
1232 2110 1374 2146 videtur
1394 2124 1472 2147 esse
1495 2113 1656 2148 amicitia

73 2173 219 2212 propter
240 2164 445 2199 utilitatem.
472 2164 542 2199 Vel
570 2165 777 2207 dicendum,
805 2165 902 2211 quod
929 2164 1015 2200 licet
1040 2177 1115 2200 non
1143 2178 1271 2201 omnes
1298 2167 1469 2202 homines
1497 2167 1656 2202 habeant

73 2219 284 2266 hujusmodi
304 2219 453 2254 virtutes
472 2219 676 2254 secundum
698 2219 863 2253 habitum
886 2219 1123 2266 completum,
1146 2220 1282 2256 habent
1301 2229 1425 2257 tamen
1448 2233 1507 2256 eas
1531 2234 1657 2257 secun-

73 2273 162 2308 dum
182 2273 363 2321 quaedam
385 2273 576 2308 seminalia
598 2273 747 2307 rationis
772 2272 856 2318 [vcl,
878 2274 1081 2308 secundum
1100 2274 1323 2318 Nicolaium,
1345 2276 1507 2322 quaedam
1528 2278 1655 2311 semina

74 2328 244 2374 rationis],
263 2327 464 2363 secundum
484 2339 576 2374 quae
596 2327 657 2374 qui
674 2339 748 2361 non
768 2327 877 2362 habet
893 2327 1076 2371 virtutem,
1095 2328 1213 2375 diligit
1229 2329 1446 2373 virtuosum,
1464 2338 1654 2378 tamquam

74 2393 159 2418 suae
180 2382 335 2417 naturali
356 2381 488 2417 rationi
510 2381 752 2417 conformem.

633 2543 980 2589 ARTICULUS
1011 2545 1087 2589 IV.
1590 2570 1653 2606 157

145 2657 299 2689 UTRUM
330 2658 498 2696 ALIQUA
525 2659 627 2689 ALIA
659 2659 908 2692 PASSIONUM
939 2661 1105 2692 ANIMAE
1139 2662 1206 2693 SIT
1241 2663 1383 2693 CAUSA
1415 2664 1592 2696 AMORIS.

146 2751 207 2788 AD
218 2763 407 2794 QUARTUM
419 2754 470 2789 sic
481 2754 866 2801 proceditur.Videtur,
878 2757 974 2803 quod
986 2757 1106 2805 aliqua
1118 2758 1188 2792 alia
1199 2759 1318 2805 passio
1330 2759 1444 2806 possit
1455 2771 1533 2795 esse
1544 2772 1653 2796 causa

77 2806 230 2850 amoris;
251 2807 338 2843 dicit
360 2808 459 2843 enim
481 2809 618 2844 Philos.
642 2809 678 2843 in
700 2810 732 2844 8.
760 2809 840 2845 Eth.
866 2809 952 2858 (cap.
971 2813 1028 2859 3.),
1053 2813 1150 2859 quod
1179 2812 1289 2860 aliqui
1317 2822 1485 2849 amantur
1506 2824 1654 2862 propter

77 2857 376 2896 delectationem:
396 2863 458 2898 sed
477 2862 672 2900 delectatio
691 2872 745 2899 est
763 2865 883 2912 passio
902 2867 1102 2913 quaedam3
1122 2879 1210 2914 ergo
1230 2867 1349 2915 aliqua
1369 2868 1440 2903 alia
1458 2870 1579 2916 passio
1600 2878 1654 2906 est

78 2923 186 2950 causa
213 2926 359 2951 amoris.

219 2997 249 3029 S.
269 2998 392 3028 Tamus
413 2999 519 3027 Summa
545 3000 707 3038 Theologica.
730 3001 796 3032 Vol.
821 3002 857 3032 11.
1473 3015 1500 3040 15
