1875 3198
184 200 270 255 568
559 209 777 245 QUAESTIO
810 208 988 239 LXXVIII.
1023 207 1266 238 ARTICULUS
1298 208 1342 237 ΙΙ.

249 293 477 327 RESPONm-:o
499 291 704 332 dicendum,
726 290 822 336 quod
844 301 918 324 non
933 298 986 324 est
1005 290 1103 324 idem
1116 300 1267 335 peccare
1292 289 1487 323 habentem
1504 288 1680 332 habitum,
1702 298 1738 324 et

179 357 329 393 peccare
347 357 388 380 ex
408 345 550 379 habitu:
567 345 618 378 uti
639 344 736 378 enim
750 343 874 377 habitu
888 355 963 377 non
978 352 1031 377 est
1045 342 1302 384 necessarium,
1313 342 1376 377 sed
1390 342 1552 388 subjacet
1561 342 1740 378 voluntati

178 399 362 441 habentis3
385 398 479 432 unde
502 406 537 432 et
554 397 696 431 habitus
715 396 880 430 definitur
899 407 986 438 esse,
1006 407 1068 441 quo
1091 397 1162 441 quis
1182 397 1300 438 utitur,
1321 407 1395 430 cum
1412 395 1557 431 voluerit
1574 404 1613 430 ut
1633 407 1740 442 supra

178 452 342 486 habitum
358 459 410 485 est
425 451 471 496 (q.
486 463 537 496 50.
554 455 618 485 art.
640 451 706 496 1.),·
723 458 757 483 et
772 449 853 483 ideo
873 449 965 483 sicut
978 456 1095 495 potest
1114 448 1334 494 contingere,
1350 448 1446 494 quod
1461 447 1589 494 aliquis
1602 449 1739 483 habens

177 505 342 539 habiturn
367 504 536 538 vitiosum
565 510 777 549 prorumpat
802 502 838 535 in
861 510 981 536 actum
1002 501 1160 543 virtutis;
1183 513 1226 535 eo
1252 501 1348 547 quod
1370 501 1460 535 ratio
1482 512 1557 536 non
1582 501 1741 536 totaliter

181 558 422 604 corrumpitur
443 569 505 603 per
527 556 665 590 malum
686 556 862 598 habiturn,
888 556 950 590 sed
978 555 1111 601 aliquid
1134 556 1209 600 ejus
1234 555 1417 600 integrum
1443 562 1577 597 manet,
1604 567 1647 590 ex
1667 567 1739 601 quo

179 612 355 659 provenit,
378 611 473 657 quod
495 618 666 656 peccator
685 609 804 655 aliqua
819 617 987 655 operatur
1003 609 1045 642 de
1061 619 1192 654 genere
1209 608 1409 642 bonorum:
1431 608 1481 642 ita
1499 608 1608 642 etiam
1622 616 1742 654 potest

179 666 400 711 contingere,
423 664 519 710 quod
542 663 671 709 aliquis
694 663 829 696 habens
857 662 1021 696 habitum
1052 662 1225 696 vitiosum
1253 661 1435 695 interdum
1463 672 1538 695 non
1557 672 1600 695 ex
1616 661 1740 695 habitu

181 726 358 765 operetur,
381 718 442 751 sed
465 728 506 751 ex
527 717 695 762 passione
725 716 932 760 insurgente
961 714 1020 749 vel
1050 715 1160 749 etiam
1182 725 1223 748 ex
1247 714 1463 760 ignorantia.
1491 714 1563 749 Sed
1585 715 1742 761 quando-

181 783 335 818 cumque
354 771 462 804 utitur
483 770 607 803 habitu
630 769 772 810 vitioso,
794 779 941 803 necesse
965 777 1017 802 est
1038 768 1134 814 quod
1157 778 1199 802 ex
1218 775 1313 802 certa
1335 767 1473 802 malitia
1494 776 1637 814 peccet:
1657 768 1740 814 quia

182 825 374 870 unicuique
395 823 542 857 habenti
562 823 728 856 habitum
750 830 802 856 est
828 833 890 868 per
916 833 953 856 se
980 821 1152 867 diligibile
1176 820 1237 866 [al.
1259 821 1415 866 eligibile]
1441 821 1489 863 id,
1516 821 1612 867 quod
1631 829 1684 856 est
1709 822 1742 855 ei

182 878 401 913 conveniens
423 876 622 911 secundum
644 876 830 922 proprium
852 875 1035 917 habitum;
1062 875 1144 920 quia
1172 875 1221 908 sic
1243 874 1282 908 fit
1303 875 1335 909 ei
1361 874 1635 920 quodammodo
1659 886 1742 909 con-

183 931 357 973 naturale,
379 930 579 964 secundum
601 929 697 975 quod
721 928 917 971 consuedo,
940 936 974 962 et
994 928 1136 962 habitus
1157 928 1306 962 vertitur
1326 928 1362 961 in
1383 936 1569 962 naturam:
1591 928 1663 963 hoc
1685 939 1743 962 au-

181 994 266 1027 tem,
294 984 390 1030 quod
418 992 470 1017 est
497 982 604 1016 alicui
631 983 850 1016 conveniens
872 981 1071 1015 secundum
1098 981 1262 1015 habitum
1287 981 1471 1023 vitiosum,
1499 989 1552 1016 est
1576 981 1623 1024 id,
1645 982 1742 1027 quod

181 1038 337 1073 excludit
356 1038 494 1072 bonum
516 1036 715 1082 spirituale3
742 1048 785 1070 ex
806 1047 877 1082 quo
900 1036 1070 1082 sequitur,
1093 1035 1189 1081 quod
1210 1036 1325 1069 homo
1353 1035 1464 1080 eligat
1485 1035 1624 1070 malum
1645 1036 1743 1082 spiri-

181 1091 289 1134 tuale,
311 1099 349 1125 ut
375 1091 591 1136 adipiscatur
611 1090 761 1131 bonum,
783 1089 879 1135 quod
907 1097 959 1123 est
980 1089 1012 1123 ei
1039 1089 1238 1123 secundum
1259 1089 1424 1123 habitum
1450 1090 1686 1125 conveniens:
1709 1098 1744 1125 et

180 1147 251 1179 hoc
267 1153 370 1180 estex
386 1152 481 1178 certa
497 1143 633 1177 malitia
648 1154 819 1189 peccare3
834 1143 928 1177 unde
941 1142 1174 1178 manifestum
1189 1151 1253 1185 est,
1268 1142 1365 1189 quod
1379 1143 1599 1190 quicumque
1616 1152 1744 1190 peccat

183 1212 224 1233 ex
246 1199 381 1240 habitu,
403 1205 529 1243 peccat
552 1208 593 1231 ex
616 1205 712 1231 certa
734 1196 882 1230 malitia.

253 1252 312 1286 AD
335 1261 483 1286 PRIMUM
502 1261 588 1295 ergo
611 1250 817 1291 dicendum,
841 1250 937 1295 quod
956 1258 1105 1295 peccata
1125 1249 1282 1284 venialia
1302 1261 1378 1284 non
1399 1249 1592 1285 excludunt
1604 1251 1743 1285 bonum

182 1304 364 1352 spirituale
387 1305 482 1350 quod
506 1312 558 1338 est
579 1303 693 1349 gratia
715 1303 795 1345 Dei,
817 1303 875 1337 vel
897 1303 1069 1345 charitas;
1092 1303 1186 1337 unde
1207 1315 1281 1337 non
1304 1303 1471 1337 dicuntur
1492 1302 1589 1338 mala
1610 1303 1743 1350 simpli-

184 1359 282 1400 citer,
309 1358 370 1392 sed
393 1357 592 1392 secundum
614 1356 717 1402 quid:
745 1364 779 1390 et
805 1365 949 1402 propter
970 1357 1040 1391 hoc
1063 1368 1128 1390 nec
1151 1357 1294 1390 habitus
1315 1356 1478 1402 ipsorum
1500 1366 1651 1403 possunt
1671 1357 1743 1391 dici

182 1411 392 1458 simpliciter
414 1410 512 1452 mali,
534 1410 595 1444 sed
617 1409 737 1444 solum
759 1410 958 1444 secundum
981 1410 1076 1455 quid.

255 1466 315 1499 AD
338 1475 543 1499 SECUNDUM
565 1463 770 1504 dicendum,
798 1463 894 1509 quod
917 1471 1028 1505 actus,
1056 1463 1116 1509 qui
1142 1463 1352 1509 procedunt,
1380 1474 1421 1497 ex
1447 1463 1638 1506 habitibus,
1661 1472 1743 1498 sunt

183 1518 317 1553 similes
344 1517 545 1552 secundum
571 1516 729 1562 speciem
752 1517 899 1558 actibus,
927 1528 969 1550 ex
996 1517 1122 1562 quibus
1144 1517 1286 1550 habitus
1313 1525 1546 1562 generantur:
1575 1516 1743 1552 differunt

183 1581 305 1606 tamen
329 1572 370 1605 ab
394 1571 455 1613 eis,
477 1571 568 1604 sicut
589 1569 786 1616 perfectum
810 1570 851 1602 ab
874 1569 1105 1616 imperfecto:
1129 1578 1163 1604 et
1183 1569 1263 1604 talis
1290 1578 1343 1604 est
1369 1569 1567 1604 differentia
1590 1570 1743 1616 peccati,

185 1626 280 1672 quod
304 1625 541 1659 committitur
563 1635 604 1657 ex
627 1631 722 1657 certa
742 1622 890 1665 malitia,
909 1623 952 1657 ad
971 1631 1174 1669 peccatum,
1189 1623 1285 1670 quod
1308 1623 1546 1658 committitur
1563 1635 1605 1658 ex
1624 1623 1743 1670 aliqua

185 1679 363 1726 passione.

253 1733 313 1767 AD
333 1742 503 1766 TERTIUM
526 1730 730 1772 dicendum,
746 1729 842 1776 quod
865 1729 924 1764 illc
946 1730 1007 1776 qui
1025 1738 1151 1776 peccat
1169 1742 1211 1764 ex
1232 1730 1368 1772 habitu,
1387 1741 1530 1776 semper
1548 1730 1680 1777 gaudet
1697 1730 1741 1764 de

182 1787 265 1828 hoc,
287 1785 384 1832 quod
406 1796 449 1819 ex
469 1784 591 1818 habitu
621 1791 799 1830 operatur,
822 1784 993 1829 quamdiu
1012 1783 1135 1817 habitu
1150 1784 1276 1818 utitur:
1299 1784 1361 1818 sed
1379 1784 1462 1830 quia
1480 1792 1599 1830 potest
1618 1784 1742 1818 habitu

182 1851 255 1874 non
270 1839 331 1881 uti,
353 1839 415 1873 sed
434 1849 496 1885 per
512 1837 701 1879 rationem,
720 1848 811 1882 quae
830 1848 904 1871 non
924 1845 976 1871 est
996 1837 1154 1871 totaliter
1169 1845 1348 1883 corrupta,
1366 1837 1501 1884 aliquid
1519 1837 1615 1872 aliud
1634 1837 1743 1872 medi-

181 1893 258 1935 tari,
274 1900 391 1938 potest
405 1891 627 1936 contingere,
643 1890 739 1936 quod
754 1901 828 1924 non
845 1898 947 1924 utens
962 1890 1085 1925 habitu
1100 1890 1221 1924 doleat
1235 1890 1278 1924 de
1293 1891 1376 1933 hoc,
1392 1891 1489 1937 quod
1504 1902 1566 1938 per
1580 1891 1743 1925 habitum

183 1946 383 1981 commisit:
400 1945 613 1992 plerumque
631 1952 756 1978 tamen
777 1943 866 1978 tales
885 1943 944 1989 [al.
967 1949 995 1979 et
1012 1946 1056 1979 sic
1071 1945 1264 1991 plerumque
1285 1945 1377 1990 tales]
1400 1945 1586 1991 poenitent
1607 1944 1650 1979 de
1665 1955 1744 1991 pec-

184 2008 277 2042 cato,
298 2011 371 2034 non
393 1999 476 2045 quia
495 2010 537 2032 ex
558 2006 748 2044 peccatum
771 1998 970 2032 secundum
991 2009 1029 2032 se
1051 1997 1256 2044 displiceat;
1278 1998 1340 2032 sed
1358 2006 1505 2045 propter
1525 1997 1672 2044 aliquod
1693 1998 1745 2032 in-

184 2053 433 2095 commodum,
456 2052 551 2099 quod
574 2064 615 2086 ex
638 2059 787 2098 peccato
809 2051 1004 2086 incurrunt.

734 2211 1078 2256 ARTICULUS
1114 2211 1192 2254 III.
1675 2233 1740 2270 425

186 2334 337 2364 UTRUM
365 2332 476 2372 ILLE,
506 2332 581 2368 QUI
605 2331 774 2361 PECCAT
803 2330 858 2359 EX
886 2330 1027 2361 CERTA
1059 2330 1255 2370 MALITIA,
1282 2330 1451 2361 PECCET
1478 2330 1535 2360 EX
1561 2330 1739 2361 HABITU.

650 2429 764 2476 (Supr.
784 2435 848 2464 art.
871 2441 901 2465 2.
921 2435 950 2465 ct
973 2431 1067 2465 Rom.
1089 2442 1116 2465 ι.
1139 2430 1206 2465 lect.
1225 2431 1283 2476 3.).

257 2535 316 2569 Ar)
344 2543 514 2568 TERTmM
541 2531 590 2566 sic
619 2531 835 2577 proceditur.
864 2531 1026 2573 Videtur,
1053 2531 1149 2578 quod
1180 2531 1398 2578 quicumque
1424 2540 1551 2578 peccat
1579 2543 1621 2567 cx
1647 2540 1743 2567 certa

188 2587 335 2629 malitia,
356 2594 482 2633 peccet
496 2597 537 2620 cx
552 2585 694 2619 habitu:
715 2584 800 2618 dicit
821 2585 917 2618 enim
932 2585 1067 2619 Philos.
1084 2585 1118 2618 in
1139 2596 1167 2630 5.
1187 2585 1302 2619 Ethic.
1318 2586 1406 2631 (cap.
1425 2597 1458 2631 9.
1477 2597 1497 2620 a
1515 2585 1627 2631 med),
1646 2586 1743 2632 quod

187 2653 259 2675 non
282 2649 335 2675 est
356 2639 543 2685 cujuslibet
566 2639 693 2683 injusta
715 2637 844 2679 facere,
867 2638 1182 2684 qualitcrinjustus
1210 2637 1305 2680 facit,
1332 2638 1469 2673 scilicet
1490 2650 1532 2673 ex
1554 2638 1743 2680 electione,

187 2695 247 2729 sed
275 2693 393 2728 solum
416 2692 578 2727 habentis
599 2692 778 2725 habitum:
803 2691 862 2725 scd
883 2703 1031 2737 peccare
1054 2703 1094 2725 cx
1114 2700 1210 2726 certa
1229 2691 1364 2726 malitia
1380 2699 1433 2726 est
1446 2702 1597 2738 peccare
1618 2703 1661 2726 cx
1675 2691 1744 2727 ele-

188 2748 307 2782 ctione
330 2746 427 2787 mali,
444 2754 480 2780 ut
494 2746 628 2779 dictum
652 2753 703 2779 cst
725 2745 805 2790 (art.
828 2757 854 2780 1.
871 2745 937 2789 huj.
961 2745 1029 2790 q.)‚·
1054 2756 1140 2790 crgo
1160 2756 1309 2791 peccare
1331 2756 1373 2780 ex
1396 2753 1492 2780 certa
1514 2744 1650 2780 malitia
1668 2756 1741 2779 non

189 2809 241 2835 est
257 2800 322 2834 nisi
345 2799 508 2833 habentis
530 2799 704 2833 habitum.

261 2864 290 2887 2.
314 2853 546 2888 l‘uixisrfflunx.
572 2852 750 2896 Origenes
772 2851 857 2885 dicit
872 2851 905 2885 in
929 2863 952 2885 1.
976 2852 1154 2885 Perisse-11.
1171 2853 1258 2898 (cup.
1277 2864 1302 2897 3.
1326 2852 1464 2898 infin),
1483 2851 1581 2898 quod
1601 2863 1674 2886 non
1697 2852 1739 2885 ad

190 2908 343 2942 subitum
367 2907 444 2952 quis
466 2914 669 2946 evacuatur,
694 2914 751 2939 aut
771 2904 900 2945 delicit,
919 2905 978 2939 scd
1004 2905 1174 2951 paulatim
1194 2917 1256 2951 per
1278 2914 1394 2952 partes
1415 2905 1571 2940 defluere
1593 2915 1739 2940 necesse
