1907 3198
444 198 666 235 QUAESTIO
700 197 910 229 Lxxxvm.
941 197 1186 230 ARTICULUS
1221 197 1278 227 VI.
1566 186 1648 241 635

647 391 996 437 ARTICULUS
1022 391 1101 435 v1.
1583 413 1650 449 473

264 499 419 530 UTRUM
444 499 683 530 PECCATUM
710 500 919 530 MORTALE
947 499 1100 530 Posstr
1134 499 1244 530 FIERl
1271 499 1476 530 VENIALE.

460 598 562 643 (Mal.
583 610 614 646 q.
637 610 666 646 7.
687 604 754 635 art.
776 610 808 634 2.
830 598 873 633 ad
893 600 944 635 18.
964 604 994 635 et
1015 603 1081 634 art.
1099 610 1128 645 3.
1149 597 1194 633 ad
1214 598 1275 645 9.).

156 705 218 741 ΑΒ
238 715 392 741 sexum
413 705 463 741 sic
486 706 704 753 proceditur.
731 705 894 748 Videtur,
917 706 1014 753 quod
1037 714 1228 753 peccatum
1255 704 1410 740 mortale
1438 705 1552 752 possit
1578 704 1655 740 fieri

85 757 242 794 veniale:
271 758 470 806 aequaliter
490 760 587 794 enirn
609 759 716 794 distat
742 768 933 806 peccatum
960 760 1101 795 veniale
1124 771 1143 794 a
1166 759 1332 802 mortale,
1354 767 1389 794 et
1410 770 1429 794 e
1452 759 1653 794 contrario:

85 812 149 848 sed
174 819 367 859 peccatum
392 812 534 848 veniale
560 812 599 848 fit
624 813 791 855 mortale,
818 821 856 848 ut
881 813 1019 848 dictum
1041 822 1094 848 est
1119 814 1201 859 (art.
1228 825 1261 858 4.
1287 818 1316 848 el
1336 825 1365 860 5.
1387 814 1535 861 praec.),·
1566 823 1656 858 ergo

84 865 195 902 etiam
216 873 409 913 peccatum
430 865 584 901 mortale
606 874 724 913 potest
745 866 822 901 fieri
842 866 995 901 veniale.

155 928 188 954 2.
206 918 444 955 PRAETEREA.
462 919 831 962 Peccatumveniale,
853 928 888 956 et
910 919 1065 955 mortale
1083 928 1268 967 ponuntur
1285 919 1427 955 differre
1452 919 1652 955 secundum

82 971 169 1016 hoc,
197 972 296 1020 quod
321 984 478 1020 peccans
505 972 707 1008 mortaliter
732 972 848 1020 diligit
874 982 1078 1008 creaturam
1105 973 1297 1020 plusquam
1325 973 1466 1016 Deum;
1497 984 1657 1020 peccans

83 1025 416 1062 autem‘venialiter
432 1025 548 1073 diligit
562 1035 767 1062 creaturam
787 1026 879 1062 infra
900 1027 1041 1062 Deum:
1061 1027 1240 1073 contingit
1253 1035 1387 1069 autem,
1406 1027 1504 1074 quod
1523 1026 1652 1074 aliquis

83 1078 319 1115 committens
339 1079 387 1122 id,
407 1080 506 1127 quod
527 1088 583 1116 est
602 1091 646 1115 ex
663 1091 796 1127 genere
818 1091 884 1115 suo
907 1088 1098 1127 peccatum
1113 1080 1280 1122 mortale,
1302 1080 1429 1126 diligat
1450 1089 1654 1115 creaturam

82 1131 175 1168 infra
194 1132 337 1177 Deum;
354 1141 441 1181 puta
461 1133 491 1169 si
508 1133 638 1181 aliquis
659 1134 825 1168 nesciens
846 1132 1126 1169 fornicationem
1145 1133 1350 1181 simplicem
1369 1145 1447 1169 esse
1462 1142 1654 1180 peccatum

83 1185 252 1229 mortale,
271 1194 309 1222 et
327 1187 549 1222 contrariam
570 1187 694 1222 divino
715 1187 845 1229 amori,
866 1186 1081 1230 fomIcetur;
1103 1187 1152 1222 ita
1172 1195 1295 1222 tamen
1315 1187 1412 1234 quod
1435 1196 1582 1234 propter
1603 1187 1657 1222 di-

82 1240 209 1275 vinum
235 1250 401 1275 amorem
427 1249 571 1287 paratus
603 1248 697 1276 esset
725 1239 1010 1276 fornicationem
1041 1241 1338 1287 praetermittere,
1360 1240 1390 1275 si
1411 1241 1518 1276 sciret
1547 1240 1655 1275 forni-

83 1292 203 1329 cando
224 1304 263 1329 se
283 1301 411 1329 contra
428 1294 592 1329 divinum
610 1305 776 1329 amorem
791 1305 917 1340 agere;
935 1305 1025 1341 ergo
1040 1294 1204 1341 peccabit
1218 1293 1422 1329 venialiter:
1446 1302 1481 1329 et
1502 1294 1551 1329 sic
1575 1305 1655 1342 pec-

84 1354 208 1382 catum
227 1346 384 1382 mortale
403 1355 524 1394 potest
543 1346 685 1382 veniale
706 1346 794 1382 fieri.

158 1411 189 1447 3.
208 1399 447 1437 Pus-ram
467 1400 571 1436 Sicut
591 1401 728 1436 dictum
751 1409 805 1436 est
826 1401 908 1446 (art.
930 1408 1044 1448 praec.
1071 1412 1143 1447 arg.
1162 1401 1222 1447 3.),
1239 1400 1319 1448 plus
1334 1399 1453 1436 differt
1473 1401 1612 1435 bonum
1635 1412 1655 1435 a

84 1452 198 1497 malo,
225 1464 335 1501 quam
362 1452 505 1489 veniale
526 1465 547 1489 a
568 1453 731 1489 mortali:
754 1454 816 1489 sed
844 1463 957 1497 actus,
979 1456 1039 1501 qui
1066 1463 1120 1489 est
1145 1454 1190 1489 de
1216 1465 1253 1490 se
1281 1454 1411 1496 malus,
1433 1463 1553 1501 potest
1578 1454 1654 1489 fieri

82 1506 213 1550 bonus,
231 1507 327 1543 sicut
342 1507 588 1542 homicidium
609 1515 728 1555 potest
749 1507 826 1542 fieri
847 1516 949 1543 actus
970 1508 1144 1553 justitiae3
1166 1508 1259 1542 sicut
1276 1516 1375 1555 patet
1396 1509 1431 1543 in
1449 1508 1580 1554 judice,
1595 1508 1656 1555 qui

83 1560 219 1597 occidit
236 1559 438 1605 latronem3
464 1572 553 1608 ergo
579 1561 696 1596 multo
718 1562 836 1608 magis
858 1570 1048 1608 peccatum
1075 1561 1230 1596 mortale
1252 1569 1372 1608 potest
1396 1560 1473 1596 fieri
1499 1561 1652 1596 veniale.

155 1613 233 1650 SED
259 1624 416 1651 coum
437 1622 503 1657 est,
523 1615 622 1662 quod
644 1623 831 1650 aeternum
854 1627 1055 1662 numquam
1091 1623 1211 1662 potest
1239 1615 1316 1650 fieri
1341 1614 1566 1662 temporale:
1593 1616 1654 1650 sed

82 1676 275 1716 peccatum
296 1667 451 1704 mortale
473 1677 632 1704 meretur
653 1680 812 1716 poenam
835 1678 1034 1711 aeternam,
1055 1677 1247 1716 peccatum
1267 1678 1389 1704 autem
1407 1668 1549 1704 veniale
1567 1677 1657 1704 tem-

82 1721 250 1770 poralem
269 1733 450 1770 poenam;
471 1733 560 1769 ergo
582 1731 774 1770 peccatum
796 1722 951 1757 mortale
972 1734 1174 1769 numquam
1197 1730 1315 1769 potest
1336 1722 1412 1757 fieri
1435 1722 1588 1757 veniale.

155 1774 387 1812 Restm-tneo
408 1775 616 1818 dicendum,
631 1776 728 1823 quod
743 1776 897 1818 veniale,
913 1784 946 1811 et
962 1776 1117 1811 mortale
1133 1775 1313 1818 differunt,
1336 1777 1428 1811 sicut
1443 1775 1656 1823 perfectum,

85 1836 122 1866 et
141 1829 394 1878 imperfectum
415 1829 452 1864 in
474 1841 607 1876 genere
629 1831 781 1877 peccati,
803 1839 841 1865 ut
862 1830 1001 1865 dictum
1024 1839 1077 1865 est
1098 1831 1182 1875 (art.
1203 1843 1227 1866 1.
1249 1830 1316 1876 huj.
1333 1842 1362 1876 q.
1382 1830 1424 1864 ad
1443 1830 1489 1875 1.)
1501 1843 1511 1865 .·
1527 1831 1657 1877 imper-

83 1881 220 1919 fectum
243 1891 365 1919 autem
386 1894 451 1931 per
471 1883 631 1930 aliquam
654 1883 877 1918 additionem
900 1891 1019 1930 potest
1040 1883 1084 1918 ad
1107 1883 1368 1930 perfectionem
1390 1884 1534 1926 venire;
1561 1883 1656 1919 unde

83 1944 121 1972 et
138 1936 281 1973 veniale
302 1948 367 1984 per
387 1936 459 1972 hoc
489 1937 586 1984 quod
616 1937 759 1972 additur
786 1938 819 1972 ei
849 1936 1062 1972 deformitas
1090 1937 1274 1983 pertinens
1303 1937 1347 1972 ad
1378 1948 1492 1984 genus
1513 1937 1654 1985 peccati

84 1989 262 2034 mortalis,
282 1988 437 2026 efficitur
457 1989 631 2026 mortale:
653 1991 746 2025 sicut
769 2002 851 2026 cum
875 1990 1003 2037 aliquis
1026 1990 1112 2025 dicit
1133 1991 1283 2025 verbum
1304 1991 1476 2032 otiosum,
1499 1999 1536 2025 ut
1550 1990 1657 2025 sorni-

84 2051 203 2080 cetur:
226 2043 288 2079 sed
311 2043 359 2086 id,
379 2043 478 2091 quod
504 2052 558 2079 est
576 2042 791 2091 perfectum,
813 2055 887 2079 non
909 2052 1029 2091 potest
1050 2043 1126 2079 fieri
1148 2043 1401 2091 imperfectum
1424 2055 1486 2091 per
1507 2045 1657 2079 additio-

83 2107 191 2140 nem;
211 2105 248 2132 et
268 2095 352 2132 ideo
374 2105 566 2144 peccatum
588 2097 744 2132 mortale
765 2109 840 2132 non
863 2097 899 2132 fit
921 2097 1063 2132 veniale
1082 2109 1145 2144 per
1159 2098 1244 2140 hoc,
1262 2099 1359 2144 quod
1384 2098 1525 2132 additur
1545 2098 1577 2132 ei
1597 2097 1657 2132 ali-

82 2161 155 2198 qua
175 2148 388 2186 deformitas
415 2150 599 2198 pertinens
629 2151 672 2185 ad
702 2162 816 2197 genus
846 2151 984 2198 peccati
1014 2150 1185 2186 venialis:
1213 2163 1286 2186 non
1315 2151 1413 2186 enim
1441 2151 1654 2186 diminuitur

82 2211 277 2252 peccatum
297 2204 388 2250 ejus,
409 2204 471 2251 qui
492 2203 702 2247 fomicatur‚
717 2213 755 2240 ut
769 2204 866 2239 dicat
886 2205 1037 2239 verbum
1057 2205 1239 2246 otiosum;
1262 2205 1323 2240 sed
1347 2205 1464 2251 magis
1486 2217 1658 2252 aggrava·

82 2264 141 2293 tur
160 2265 307 2305 propter
331 2256 601 2294 deformitatem
623 2258 843 2304 adjunctam.
874 2258 1000 2293 Potest
1028 2266 1151 2293 tamen
1178 2259 1225 2301 id,
1254 2259 1351 2306 quod
1379 2267 1433 2294 est
1459 2271 1501 2294 ex
1523 2270 1656 2305 genere

83 2309 253 2354 mortale,
272 2321 352 2347 esse
372 2310 515 2347 veniale
536 2320 685 2359 propter
710 2311 1005 2359 imperfectiones
1032 2320 1151 2354 actus;
1179 2312 1263 2359 quia
1289 2324 1363 2347 non
1390 2311 1549 2359 perfecte
1577 2324 1655 2359 per·

81 2363 190 2412 tingit
209 2363 256 2400 ad
275 2363 457 2400 rationem
477 2373 580 2401 actus
600 2364 762 2407 moralis,
785 2376 869 2400 cum
890 2376 965 2400 non
983 2365 1028 2400 sit
1049 2365 1281 2407 deliberatus,
1303 2366 1364 2401 sed
1387 2366 1536 2407 subitus,
1556 2375 1594 2400 ut
1612 2377 1653 2401 ex

81 2417 188 2455 dicti³
204 2426 303 2465 patet
314 2419 397 2464 (are.
417 2429 450 2455 a.
476 2418 546 2465 huj.
568 2421 639 2466 q.),·
663 2427 698 2454 et
720 2419 791 2454 hoc
815 2418 853 2454 fit
878 2431 943 2466 per
968 2420 1253 2454 subtractionem
1281 2420 1490 2467 quamdam,
1517 2419 1655 2455 scilicet

82 2470 302 2507 deliberatae
323 2471 492 2507 rationis:
514 2480 551 2507 et
563 2472 648 2519 quia
663 2483 681 2506 a
705 2472 844 2508 ratione
859 2472 1056 2508 deliberata
1072 2473 1180 2508 habet
1194 2474 1355 2520 speciem
1370 2473 1520 2508 moralis
1542 2482 1654 2515 actus,

81 2523 168 2561 inde
188 2532 243 2561 eet
261 2524 361 2573 quod
381 2536 446 2572 per
466 2524 578 2561 talem
599 2525 885 2561 subtractionem
908 2525 1060 2561 solvitur
1081 2527 1231 2573 species.

154 2578 217 2615 AD
235 2588 386 2615 Panum
407 2589 497 2626 ergo
518 2579 725 2622 dicendum,
746 2580 843 2627 quod
865 2579 1007 2615 veniale
1037 2579 1157 2615 differt
1178 2591 1198 2614 a
1228 2580 1385 2622 mortali,
1408 2581 1500 2615 sicut
1526 2581 1656 2627 imper-

81 2629 220 2669 fectum
239 2642 262 2668 a
281 2631 455 2680 perfecto,
475 2640 515 2668 ut
534 2644 623 2680 puer
645 2644 665 2667 a
685 2633 784 2668 viro:
807 2632 845 2668 fit
866 2642 988 2669 autem
1011 2645 1055 2669 ex
1076 2645 1189 2681 puero
1210 2634 1276 2676 vir,
1296 2635 1356 2669 sed
1379 2646 1452 2669 non
1477 2633 1655 2669 converti·

82 2692 157 2730 ειη
177 2685 274 2722 unde
295 2685 388 2722 ratio
408 2696 483 2721 non
505 2687 616 2732 cogit.

154 2738 217 2775 An
240 2749 449 2776 sncuuoun
474 2739 682 2782 dicendum,
707 2740 804 2787 quod
838 2740 868 2775 si
895 2740 941 2776 sit
968 2740 1050 2775 talis
1081 2741 1299 2787 ignorantia,
1333 2752 1424 2787 quae
1459 2750 1650 2787 peccatum

83 2791 240 2830 omnino
259 2801 420 2835 excuset,
438 2793 534 2829 sicut
553 2801 608 2829 est
628 2792 765 2836 furiosi,
786 2792 844 2828 vel
866 2794 1032 2835 amentis,
1053 2802 1138 2829 tunc
1162 2805 1203 2829 ex
1225 2794 1287 2829 tali
1315 2794 1519 2840 ignorantia
1547 2794 1654 2830 forni-

83 2844 269 2883 cationem
288 2845 524 2882 committens
541 2857 609 2882 nec
627 2846 827 2889 venialiter,
847 2858 915 2882 nec
937 2847 1140 2883 mortaliter
1162 2856 1307 2895 peccat:
1330 2848 1358 2882 si
1380 2859 1468 2883 vero
1490 2848 1535 2883 sit
1554 2849 1655 2894 igno-

83 2898 200 2936 mtia
218 2908 294 2936 non
314 2899 546 2942 invincibilis,
566 2908 651 2935 tunc
675 2899 880 2947 ignorantia
903 2900 980 2947 ipsa
999 2909 1056 2936 est
1077 2910 1280 2948 peccatum,
1302 2910 1338 2937 et
1364 2902 1526 2937 continet
1552 2903 1587 2937 in
1614 2913 1653 2938 se
