1907 3214
0 1498 11 1711 ᾖ*
0 1346 9 1485 vr-v--
0 1288 3 1327 -
0 1145 5 1275 -ν-*ὴ*
0 936 10 1130 ἣ-ῇὟ
0 540 11 921 ῂ*“-Ἲ-τ-“*ν-

530 177 666 207 INDEX
697 177 856 209 PRIMAE
889 177 1121 209 SECUNDAE
1152 179 1318 210 PARTIS.
1660 182 1706 212 11

146 267 171 293 3.
193 258 290 285 Utrum
301 259 388 284 virtus
397 258 511 285 moralis
522 259 612 294 possit
626 266 688 285 esse
701 268 763 285 cum
777 260 900 288 tristitia.

143 309 170 332 4.
192 299 290 326 Utrum
310 301 402 326 omnis
421 301 508 327 virtus
533 301 646 327 moralis
674 302 711 327 sit
739 301 812 327 circa
840 309 901 337 pas-

233 349 338 368 Sloues.

145 390 170 416 ς.
190 382 290 410 Utrum
308 383 399 419 aliqua
417 384 505 410 virtus
523 383 637 410 moralis
649 384 740 418 possit
759 391 821 410 esse
840 384 900 410 sine

231 432 372 460 passione.

381 506 575 538 QUAESTIO
594 507 655 533 LX.

165 563 207 592 De
223 563 383 593 dis-tinctione
401 565 524 591 virtutum
543 565 680 592 moralium
700 565 733 591 ab
753 565 871 592 imit-em.

142 632 168 651 ι.
188 623 289 652 Utrum
306 626 345 651 sit
362 634 418 651 una
435 632 542 651 tantum
561 626 647 652 virtus
667 625 791 651 moralis.

140 673 167 692 a.
187 665 287 692 Utrum
305 667 421 693 virtutes
441 666 570 699 morales,
585 675 654 702 quac
668 673 733 692 sunt
747 668 820 693 circa
833 675 898 702 ope-

227 708 362 741 rationes,
382 709 588 744 distinguantur
613 708 647 734 ab
666 709 714 742 iis,
738 717 809 744 quae
833 716 898 735 sunt

229 749 302 776 circa
319 751 478 786 passiones.

141 798 167 825 3.
187 789 286 817 Utrum
305 792 378 817 circa
396 792 574 827 operationes
594 792 631 818 sit
649 801 704 818 una
722 799 828 818 tantum
846 792 898 818 vir-

227 839 273 859 tus
291 833 418 860 moralis.
476 850 482 855 ·

138 881 166 907 4.
186 873 286 901 Utrmn
304 875 378 901 circa
395 875 517 902 diversas
536 876 682 911 passiones
700 876 757 902 sint
772 876 897 902 diversae

226 916 345 942 virtutes
362 916 492 942 morales.

140 964 166 991 5.
185 955 284 984 Utrum
302 957 419 984 virtutes
437 957 558 984 morales
573 958 779 994 distinguantur
798 967 897 985 secun-

228 999 294 1026 dum
306 999 414 1026 diversa
432 1000 542 1035 objecta
561 1001 735 1036 passionum.

369 1082 564 1114 QUAESTIO
584 1082 662 1110 LXI.

321 1140 365 1168 De
379 1141 517 1167 vimi-‘bu
533 1142 716 1169 cardinalibus.

139 1208 164 1228 ι.
183 1185 283 1229 Utrum
301 1201 420 1228 virtutes
438 1200 558 1228 morales
571 1201 689 1228 debeant
703 1202 758 1228 dici
772 1203 896 1229 cardina-

206 1241 259 1274 les,
278 1240 323 1269 vel
342 1242 517 1278 principales.

136 1292 163 1311 a.
183 1283 226 1311 De
245 1292 361 1310 nmero
380 1293 485 1316 earum,
505 1291 596 1311 utrum
624 1285 732 1311 scilicet
752 1286 807 1311 sint
836 1292 895 1311 tan·

225 1332 284 1352 tum
303 1333 432 1361 quatuor,
453 1326 576 1352 scilicet:
605 1327 751 1362 prudentia
775 1328 894 1362 justitia,

224 1368 417 1403 temperantia,
437 1374 467 1394 et
483 1366 631 1395 fortitudo.
662 1379 664 1381 ·

137 1417 163 1443 3.
182 1408 363 1436 Utrumaliae
381 1410 498 1436 virtutes
512 1411 603 1446 magis
615 1410 735 1437 debeant
753 1411 808 1437 dici
822 1411 895 1446 priu-

225 1450 340 1486 cipsses,
359 1459 442 1486 quam
461 1452 541 1478 istae.

134 1500 163 1526 4.
182 1491 282 1519 Um
304 1499 424 1528 quattuor
446 1493 564 1519 virtutes
589 1493 743 1533 cardinales
768 1493 897 1520 diffetant

224 1533 259 1560 ab
278 1534 409 1561 invicem.

136 1581 162 1609 5.
182 1573 282 1602 Utrum
299 1576 417 1602 virtutes
437 1576 591 1602 cardinales
610 1577 811 1603 convenienter
823 1577 895 1603 divi-

224 1616 324 1644 dantur
340 1618 371 1644 in
396 1619 514 1644 virtutes
538 1618 679 1654 politicas,
708 1619 895 1654 purgatorias,

223 1659 333 1695 purgati
351 1660 448 1692 animi,
468 1666 497 1685 et
515 1659 689 1696 exemplaris.

360 1742 555 1774 QUAESTIO
573 1743 666 1770 LXII.

328 1801 370 1828 De
386 1802 522 1829 virtutibus
541 1801 694 1840 theologicis.

137 1875 161 1894 1.
181 1866 280 1894 Utrum
299 1868 356 1894 sint
374 1867 482 1904 aliquae
501 1869 617 1894 virtutes
636 1868 826 1904 theologicae.

135 1916 162 1935 2.
180 1907 280 1935 Utrum
296 1909 414 1935 virtutes
432 1909 613 1946 theologicae
633 1910 840 1946 distinguantur
859 1910 893 1937 ab

222 1949 470 1983 intellectualibus,
490 1958 519 1977 et
536 1950 699 1978 moralibus.

135 1998 160 2025 3.
181 1990 271 2024 Quot,
289 1997 320 2018 et
336 2000 406 2027 qnae
424 1993 481 2019 siut
498 1993 659 2028 hujusmodi
678 1994 806 2020 virtutes.

133 2040 161 2065 4.
180 2031 224 2059 De
235 2033 333 2059 ordine
346 2042 452 2066 earum,
462 2040 555 2061 utrum
568 2034 678 2061 scilicet
690 2035 758 2062 fides
771 2036 809 2062 sit
818 2036 895 2071 prior

223 2082 288 2110 spe;
307 2081 336 2102 et
354 2083 418 2111 spes
436 2076 473 2102 sit
491 2077 567 2112 prior
585 2077 730 2103 charitate.

312 2163 548 2195 QUAESTIO
576 2164 714 2192 LXIII.

371 2222 413 2250 De
432 2232 508 2250 causa
523 2224 657 2250 tinnitum.

135 2294 160 2313 t.
181 2285 279 2314 Utrum
296 2287 384 2314 virtus
404 2288 443 2315 sit
461 2289 492 2315 in
510 2289 592 2315 nobis
611 2297 628 2314 a
648 2295 755 2316 natura.

133 2336 160 2355 2.
181 2327 282 2356 Utrum
298 2328 392 2366 aliqua
409 2330 496 2356 virtus
516 2337 645 2357 causetur
663 2332 692 2357 in
705 2331 788 2358 nobis
806 2339 840 2358 ex
851 2340 894 2358 as-

221 2371 368 2397 suetudine
387 2379 515 2407 operum.

134 2419 160 2446 3.
180 2410 279 2439 Utrum
297 2411 407 2449 aliquae
421 2413 672 2441 rut-esmorales
690 2414 749 2440 sint
768 2415 798 2441 in
810 2415 893 2442 nobit

221 2461 271 2489 per
287 2452 471 2482 infusionem.

132 2503 160 2528 4.
179 2493 280 2522 Utrum
289 2495 389 2528 virtus,
399 2504 481 2531 quam
493 2496 662 2532 acquirimus
672 2505 704 2523 ex
714 2498 892 2524 assuetudine

222 2544 348 2572 oper-um,
368 2537 405 2563 sit
423 2537 546 2572 ejusdem
571 2539 675 2574 speciei
702 2547 764 2565 cum
790 2540 892 2566 virtute

302 2665 561 2699 QUAESTIO
588 2668 728 2696 LXIV.

366 2725 407 2752 De
423 2726 509 2755 maio
526 2728 660 2755 virt-tum

135 2801 160 2821 ι.
179 2793 279 2822 Utrum
297 2796 416 2823 virtutes
434 2797 555 2824 morales
574 2799 631 2825 sint
650 2799 680 2825 in
698 2799 804 2827 medio.

133 2843 162 2864 2-
178 2835 279 2864 Utmm
303 2837 425 2865 medium
444 2839 554 2866 virtutis
575 2840 689 2868 moralis
716 2842 752 2867 sit
772 2841 892 2868 medium

221 2878 273 2912 rei,
291 2878 336 2906 vel
355 2880 485 2907 tationis.

956 268 982 294 3.
1002 259 1100 286 Utrum
1126 261 1242 286 virtutes
1267 260 1470 287 intellectuales
1500 263 1656 290 consistant
1682 264 1712 290 in

1042 302 1148 328 medio.

953 351 981 376 4.
1001 342 1100 369 Utrum
1128 344 1245 370 virtutes
1282 343 1459 380 theologicae
1492 346 1648 372 consistant
1681 348 1711 373 in

951 1261 963 1288 3

948 1345 965 1369 4

951 1427 962 1453 5

1042 385 1147 411 medio.

1183 467 1378 499 QUAESTIO
1397 469 1485 496 LXV.

1150 526 1189 553 De
1208 528 1360 555 connexion
1378 529 1512 555 virtum.

972 607 978 612 .
1001 586 1099 613 Utrum
1118 587 1235 613 virtutes
1254 587 1374 614 morales
1394 589 1450 613 sint
1462 588 1629 615 adinvicem
1644 597 1711 616 con-

1042 636 1137 654 nexae.

971 689 978 695 .
1000 668 1098 696 Utrum
1130 671 1246 696 virtutes
1274 670 1395 696 morales
1420 672 1531 708 possint
1560 679 1621 698 esse
1650 673 1711 698 sine

1041 711 1184 737 charitate.

971 772 978 778 .
1000 751 1098 778 Utrum
1119 753 1238 779 charitas
1258 753 1348 788 possit
1365 761 1426 779 esse
1445 755 1505 780 sine
1524 755 1575 782 eis.

971 814 977 820 .
999 793 1098 820 Utrum
1117 794 1197 827 fides,
1222 801 1252 820 et
1275 803 1338 830 spes
1356 796 1466 830 possint
1486 804 1548 822 esse
1567 797 1627 822 sine
1648 796 1711 822 cba-

1039 837 1131 862 ritate.

970 897 977 903 .
998 876 1097 903 Utrum
1111 878 1232 904 charitas
1250 879 1340 914 possit
1359 886 1420 904 esse
1434 880 1495 905 sine
1513 880 1564 912 eis,
1583 879 1708 906 scilicet:

1039 919 1105 952 fide,
1125 925 1154 946 et
1173 928 1232 955 spe.

1173 1002 1369 1034 QUAESTIO
1390 1003 1490 1031 LXVI.

1147 1062 1187 1089 De
1206 1063 1362 1099 aequalitate
1381 1065 1512 1090 tinumm.

970 1149 976 1155 .
999 1128 1098 1155 Utrum
1117 1130 1205 1155 virtus
1224 1131 1315 1165 possit
1334 1138 1395 1156 esse
1415 1131 1512 1165 major,
1533 1130 1577 1157 vel
1596 1131 1698 1157 minor.

970 1191 975 1196 .
998 1169 1096 1197 Utrum
1117 1179 1215 1197 omnes
1234 1172 1351 1198 virtutes
1370 1171 1451 1198 simul
1473 1172 1501 1198 iu
1526 1173 1625 1198 eodem
1655 1173 1710 1198 exi-

1040 1218 1145 1238 stentes
1166 1213 1223 1238 sint
1241 1213 1380 1248 aequales.

969 1274 975 1279 .
994 1253 1039 1279 De
1058 1254 1266 1289 comparatione
1285 1255 1419 1281 virtutum
1442 1255 1588 1282 moralium
1608 1256 1642 1281 ad
1668 1257 1709 1282 in-

1038 1295 1224 1321 tellectuales.

968 1356 975 1362 .
997 1336 1038 1362 De
1059 1338 1267 1372 comparatione
1296 1338 1428 1364 virtutum
1448 1339 1595 1365 moralium
1614 1340 1648 1365 ad
1669 1340 1710 1365 in-

1020 1378 1120 1404 vicem.

967 1440 974 1446 .
995 1419 1037 1445 De
1051 1421 1261 1455 comparatione
1273 1421 1406 1447 virtutum
1425 1421 1656 1448 intellectualium
1677 1423 1710 1447 ad

1038 1470 1170 1488 invicem.

949 1502 976 1529 6.
996 1501 1039 1529 De
1058 1503 1267 1538 comparatione
1279 1504 1413 1530 virtutum
1430 1504 1654 1540 theologicarum
1673 1506 1707 1531 ad

951 1761 961 1780 1

948 1844 963 1863 2

949 1886 961 1912 3

947 1929 965 1954 4

950 1970 962 1996 5

948 2004 974 2030 6.

949 2263 963 2281 Ν

946 2512 963 2573 οοκΙ
946 2346 973 2489 yma-*w

1039 1545 1170 1571 invicem.

1165 1628 1360 1659 QUAESTIO
1378 1629 1494 1656 LXVII.

1029 1687 1070 1714 De
1088 1687 1221 1715 duratione
1239 1689 1362 1714 virtutum
1378 1694 1435 1725 post
1454 1689 1518 1715 banc
1535 1690 1628 1716 vitam.

967 1773 974 1780 .
995 1752 1095 1780 Utrum
1114 1754 1231 1780 virtutes
1249 1753 1370 1780 morales
1397 1761 1527 1780 maneant
1546 1762 1611 1790 post
1638 1755 1710 1782 hanc

1035 1796 1132 1821 vitam.

967 1856 974 1862 .
994 1835 1093 1862 Utrum
1112 1837 1229 1863 virtutes
1249 1837 1454 1864 intellectuales
1468 1845 1608 1864 maneant.

967 1898 974 1904 .
995 1877 1094 1904 Utrum
1115 1878 1184 1904 fides
1202 1886 1323 1904 maneat.

968 1941 975 1946 .
996 1919 1096 1946 Utrum
1115 1928 1256 1946 remaneat
1276 1929 1350 1956 spes.

968 1982 974 1988 .
996 1961 1095 1988 Utrum
1115 1962 1219 1997 aliquid
1241 1962 1316 1994 fidei,
1336 1962 1380 1988 vel
1401 1963 1459 1998 spei
1478 1969 1629 1989 remaneat.

995 2002 1095 2030 Utrum
1115 2010 1255 2030 remaneat
1275 2003 1404 2030 charitas.

1155 2088 1350 2120 QUAESTIO
1371 2088 1503 2115 LXVIII.

1259 2147 1299 2174 De
1318 2147 1400 2174 donis.

968 2233 975 2240 .
996 2212 1096 2240 Utrum
1117 2213 1191 2240 dona
1209 2212 1337 2240 differant
1356 2223 1372 2239 a
1391 2214 1548 2240 virtutibus.

967 2274 976 2282 .
995 2254 1039 2282 De
1057 2256 1225 2282 necessitate
1239 2255 1387 2288 donorum,
1403 2263 1494 2282 utrum
1508 2255 1617 2281 scilicet
1636 2255 1710 2281 dona

1037 2297 1195 2323 necessaria
1214 2297 1270 2322 siut
1289 2297 1397 2323 homini
1416 2297 1452 2323 ad
1470 2297 1599 2323 salutem.

967 2357 975 2364 .
996 2337 1095 2365 Utrum
1114 2339 1188 2365 dona
1207 2339 1264 2364 sint
1283 2338 1405 2366 babitus.

968 2400 974 2405 .
996 2379 1087 2412 Quae,
1108 2387 1136 2406 et
1156 2387 1224 2415 quot
1244 2381 1309 2406 sint.

966 2441 976 2448 .
996 2421 1095 2448 Utrum
1115 2423 1189 2449 dona
1208 2424 1264 2449 sint
1285 2431 1422 2450 connexa.

995 2462 1093 2490 Utrum
1113 2471 1244 2490 maneant
1263 2465 1292 2491 in
1311 2465 1408 2500 patria.

967 2524 974 2531 .
994 2504 1036 2531 De
1058 2507 1266 2541 comparatione
1285 2514 1382 2532 eorum
1402 2506 1436 2532 ad
1455 2507 1586 2533 invicem.

967 2567 974 2573 .
994 2546 1036 2573 De
1057 2549 1264 2583 comparatione
1284 2557 1381 2575 eorum
1401 2549 1434 2575 ad
1453 2550 1580 2575 virtutes.

1168 2630 1364 2662 QUAESTIO
1384 2631 1488 2658 Lxlx.

1199 2689 1239 2717 De
1258 2690 1464 2717 beatitudinibus.

967 2774 975 2782 .
995 2753 1094 2782 Utrum
1114 2755 1301 2782 beatitudines
1313 2765 1329 2782 a
1342 2756 1435 2788 donis,
1455 2763 1482 2782 et
1502 2756 1650 2784 virtutibus
1664 2757 1704 2784 di-

1036 2803 1224 2838 stinguantur.

966 2863 973 2870 .
995 2842 1093 2870 Utrum
1122 2846 1244 2880 praemia
1272 2845 1474 2872 beatitudinum
1497 2846 1654 2882 pertineant
1675 2847 1709 2872 ad

1037 2886 1108 2913 hanc
1128 2888 1224 2913 vitam.
