<?xml version="1.0" encoding="UTF-8"?>
<!DOCTYPE html PUBLIC "-//W3C//DTD XHTML 1.0 Transitional//EN"
    "http://www.w3.org/TR/xhtml1/DTD/xhtml1-transitional.dtd">
<html xmlns="http://www.w3.org/1999/xhtml" xml:lang="en" lang="en">
 <head>
  <title>
</title>
<meta http-equiv="Content-Type" content="text/html;charset=utf-8" />
  <meta name='ocr-system' content='tesseract 3.04.00' />
  <meta name='ocr-capabilities' content='ocr_page ocr_carea ocr_par ocr_line ocrx_word'/>
</head>
<body>
  <div class='ocr_page' id='page_1' title='image "./divithomaeaquina02thomuoft_0056.png"; bbox 0 0 1955 3182; ppageno 0'>
   <div class='ocr_carea' id='block_1_1' title="bbox 287 186 1396 232">
    <p class='ocr_par' dir='ltr' id='par_1_1' title="bbox 287 186 1396 232">
     <span class='ocr_line' id='line_1_1' title="bbox 287 186 1396 232; baseline -0.003 -13"><span class='ocrx_word' id='word_1_1' title='bbox 287 190 338 232; x_wconf 70' lang='lat'>52</span> <span class='ocrx_word' id='word_1_2' title='bbox 724 186 946 223; x_wconf 89' lang='lat' dir='ltr'><strong>QUAESTIO</strong></span> <span class='ocrx_word' id='word_1_3' title='bbox 979 186 1036 217; x_wconf 89' lang='lat' dir='ltr'>IV.</span> <span class='ocrx_word' id='word_1_4' title='bbox 1071 186 1316 217; x_wconf 89' lang='lat' dir='ltr'><strong>ARTICULUS</strong></span> <span class='ocrx_word' id='word_1_5' title='bbox 1352 186 1396 216; x_wconf 93' lang='lat'>11.</span> 
     </span>
    </p>
   </div>
   <div class='ocr_carea' id='block_1_2' title="bbox 282 267 1861 2194">
    <p class='ocr_par' dir='ltr' id='par_1_2' title="bbox 282 267 1853 424">
     <span class='ocr_line' id='line_1_2' title="bbox 284 267 1848 315; baseline -0.002 -9"><span class='ocrx_word' id='word_1_6' title='bbox 284 270 481 306; x_wconf 85' lang='lat' dir='ltr'>rationibus</span> <span class='ocrx_word' id='word_1_7' title='bbox 502 269 713 305; x_wconf 85' lang='lat' dir='ltr'>necessariis</span> <span class='ocrx_word' id='word_1_8' title='bbox 733 269 777 304; x_wconf 86' lang='lat' dir='ltr'>ad</span> <span class='ocrx_word' id='word_1_9' title='bbox 800 268 1116 304; x_wconf 89' lang='lat' dir='ltr'>conservationem</span> <span class='ocrx_word' id='word_1_10' title='bbox 1137 268 1324 311; x_wconf 80' lang='lat' dir='ltr'>individui,</span> <span class='ocrx_word' id='word_1_11' title='bbox 1347 276 1382 303; x_wconf 92' lang='lat' dir='ltr'>et</span> <span class='ocrx_word' id='word_1_12' title='bbox 1407 267 1541 315; x_wconf 91' lang='lat' dir='ltr'>speciei</span> <span class='ocrx_word' id='word_1_13' title='bbox 1567 267 1848 304; x_wconf 81' lang='lat' dir='ltr'>delectationem</span> 
     </span>
     <span class='ocr_line' id='line_1_3' title="bbox 284 321 1853 371; baseline -0.001 -12"><span class='ocrx_word' id='word_1_14' title='bbox 284 325 461 371; x_wconf 88' lang='lat' dir='ltr'>apposuit,</span> <span class='ocrx_word' id='word_1_15' title='bbox 483 332 522 358; x_wconf 89' lang='lat' dir='ltr'>ut</span> <span class='ocrx_word' id='word_1_16' title='bbox 542 323 753 369; x_wconf 85' lang='lat' dir='ltr'>hujusmodi</span> <span class='ocrx_word' id='word_1_17' title='bbox 774 322 1004 369; x_wconf 80' lang='lat' dir='ltr'>operationes</span> <span class='ocrx_word' id='word_1_18' title='bbox 1027 322 1069 356; x_wconf 89' lang='lat' dir='ltr'>ab</span> <span class='ocrx_word' id='word_1_19' title='bbox 1090 322 1304 356; x_wconf 80' lang='lat' dir='ltr'>animalibus</span> <span class='ocrx_word' id='word_1_20' title='bbox 1322 333 1397 356; x_wconf 91' lang='lat' dir='ltr'>non</span> <span class='ocrx_word' id='word_1_21' title='bbox 1416 321 1664 368; x_wconf 87' lang='lat' dir='ltr'>negligantur;</span> <span class='ocrx_word' id='word_1_22' title='bbox 1685 333 1771 368; x_wconf 88' lang='lat' dir='ltr'>ergo</span> <span class='ocrx_word' id='word_1_23' title='bbox 1795 323 1853 357; x_wconf 90' lang='lat' dir='ltr'>de-</span> 
     </span>
     <span class='ocr_line' id='line_1_4' title="bbox 282 375 1819 424; baseline -0.002 -11"><span class='ocrx_word' id='word_1_24' title='bbox 282 378 428 413; x_wconf 85' lang='lat' dir='ltr'>lectatio</span> <span class='ocrx_word' id='word_1_25' title='bbox 448 386 501 412; x_wconf 92' lang='lat' dir='ltr'>est</span> <span class='ocrx_word' id='word_1_26' title='bbox 518 378 639 424; x_wconf 91' lang='lat' dir='ltr'>potior</span> <span class='ocrx_word' id='word_1_27' title='bbox 659 377 695 411; x_wconf 90' lang='lat' dir='ltr'>in</span> <span class='ocrx_word' id='word_1_28' title='bbox 716 376 949 418; x_wconf 85' lang='lat' dir='ltr'>beatitudine,</span> <span class='ocrx_word' id='word_1_29' title='bbox 972 387 1081 422; x_wconf 85' lang='lat' dir='ltr'>quam</span> <span class='ocrx_word' id='word_1_30' title='bbox 1104 376 1266 422; x_wconf 85' lang='lat' dir='ltr'>operatio</span> <span class='ocrx_word' id='word_1_31' title='bbox 1289 375 1504 417; x_wconf 81' lang='lat' dir='ltr'>intellectus,</span> <span class='ocrx_word' id='word_1_32' title='bbox 1528 387 1619 421; x_wconf 89' lang='lat' dir='ltr'>quae</span> <span class='ocrx_word' id='word_1_33' title='bbox 1641 383 1695 410; x_wconf 89' lang='lat' dir='ltr'>est</span> <span class='ocrx_word' id='word_1_34' title='bbox 1715 375 1819 410; x_wconf 87' lang='lat' dir='ltr'>visio.</span> 
     </span>
    </p>

    <p class='ocr_par' dir='ltr' id='par_1_3' title="bbox 283 428 1854 582">
     <span class='ocr_line' id='line_1_5' title="bbox 357 428 1854 478; baseline -0.002 -12"><span class='ocrx_word' id='word_1_35' title='bbox 357 444 386 478; x_wconf 81' lang='lat'>3.</span> <span class='ocrx_word' id='word_1_36' title='bbox 409 432 645 466; x_wconf 74' lang='lat' dir='ltr'>PRAETEREA.</span> <span class='ocrx_word' id='word_1_37' title='bbox 667 430 770 464; x_wconf 85' lang='lat' dir='ltr'>Visio</span> <span class='ocrx_word' id='word_1_38' title='bbox 792 429 987 476; x_wconf 78' lang='lat' dir='ltr'>respondet</span> <span class='ocrx_word' id='word_1_39' title='bbox 1007 429 1109 471; x_wconf 88' lang='lat' dir='ltr'>fidei;</span> <span class='ocrx_word' id='word_1_40' title='bbox 1142 429 1335 464; x_wconf 85' lang='lat' dir='ltr'>delectatio</span> <span class='ocrx_word' id='word_1_41' title='bbox 1367 437 1500 471; x_wconf 90' lang='lat' dir='ltr'>autem,</span> <span class='ocrx_word' id='word_1_42' title='bbox 1528 429 1602 463; x_wconf 89' lang='lat' dir='ltr'>sive</span> <span class='ocrx_word' id='word_1_43' title='bbox 1627 428 1749 463; x_wconf 88' lang='lat' dir='ltr'>fruitio</span> <span class='ocrx_word' id='word_1_44' title='bbox 1772 429 1854 463; x_wconf 90' lang='lat' dir='ltr'>cha-</span> 
     </span>
     <span class='ocr_line' id='line_1_6' title="bbox 283 482 1852 529; baseline -0.001 -10"><span class='ocrx_word' id='word_1_45' title='bbox 283 485 398 520; x_wconf 83' lang='lat' dir='ltr'>ritati:</span> <span class='ocrx_word' id='word_1_46' title='bbox 426 485 488 519; x_wconf 88' lang='lat' dir='ltr'>sed</span> <span class='ocrx_word' id='word_1_47' title='bbox 510 485 655 519; x_wconf 74' lang='lat' dir='ltr'>charitas</span> <span class='ocrx_word' id='word_1_48' title='bbox 673 489 717 518; x_wconf 79' lang='lat' dir='ltr'>cst</span> <span class='ocrx_word' id='word_1_49' title='bbox 747 486 859 529; x_wconf 84' lang='lat' dir='ltr'>major</span> <span class='ocrx_word' id='word_1_50' title='bbox 881 483 956 529; x_wconf 68' lang='lat' dir='ltr'>fida,</span> <span class='ocrx_word' id='word_1_51' title='bbox 987 491 1026 517; x_wconf 91' lang='lat' dir='ltr'>ut</span> <span class='ocrx_word' id='word_1_52' title='bbox 1060 483 1145 517; x_wconf 90' lang='lat' dir='ltr'>dicit</span> <span class='ocrx_word' id='word_1_53' title='bbox 1166 482 1334 529; x_wconf 90' lang='lat' dir='ltr'>Apostol.</span> <span class='ocrx_word' id='word_1_54' title='bbox 1360 493 1387 516; x_wconf 90' lang='lat'>1.</span> <span class='ocrx_word' id='word_1_55' title='bbox 1411 482 1454 516; x_wconf 88' lang='lat' dir='ltr'>ad</span> <span class='ocrx_word' id='word_1_56' title='bbox 1475 482 1641 517; x_wconf 88' lang='lat' dir='ltr'>Corinth.</span> <span class='ocrx_word' id='word_1_57' title='bbox 1668 494 1738 529; x_wconf 78' lang='lat'>13.:</span> <span class='ocrx_word' id='word_1_58' title='bbox 1765 493 1852 529; x_wconf 90' lang='lat' dir='ltr'>ergo</span> 
     </span>
     <span class='ocr_line' id='line_1_7' title="bbox 283 536 1099 582; baseline -0.004 -9"><span class='ocrx_word' id='word_1_59' title='bbox 283 538 475 574; x_wconf 80' lang='lat' dir='ltr'>delectatio</span> <span class='ocrx_word' id='word_1_60' title='bbox 497 539 571 572; x_wconf 79' lang='lat' dir='ltr'>sive</span> <span class='ocrx_word' id='word_1_61' title='bbox 590 537 711 571; x_wconf 84' lang='lat' dir='ltr'>fruitio</span> <span class='ocrx_word' id='word_1_62' title='bbox 734 545 787 571; x_wconf 88' lang='lat' dir='ltr'>est</span> <span class='ocrx_word' id='word_1_63' title='bbox 806 537 927 582; x_wconf 89' lang='lat' dir='ltr'>potior</span> <span class='ocrx_word' id='word_1_64' title='bbox 948 536 1099 570; x_wconf 82' lang='lat' dir='ltr'>visione.</span> 
     </span>
    </p>

    <p class='ocr_par' dir='ltr' id='par_1_4' title="bbox 283 589 1852 692">
     <span class='ocr_line' id='line_1_8' title="bbox 356 589 1852 636; baseline -0.003 -9"><span class='ocrx_word' id='word_1_65' title='bbox 356 592 430 627; x_wconf 83' lang='lat' dir='ltr'>SED</span> <span class='ocrx_word' id='word_1_66' title='bbox 454 602 619 626; x_wconf 78' lang='lat' dir='ltr'>CONTRA.</span> <span class='ocrx_word' id='word_1_67' title='bbox 643 591 765 625; x_wconf 86' lang='lat' dir='ltr'>Causa</span> <span class='ocrx_word' id='word_1_68' title='bbox 792 598 845 624; x_wconf 89' lang='lat' dir='ltr'>est</span> <span class='ocrx_word' id='word_1_69' title='bbox 870 590 990 636; x_wconf 90' lang='lat' dir='ltr'>potior</span> <span class='ocrx_word' id='word_1_70' title='bbox 1017 589 1165 624; x_wconf 82' lang='lat' dir='ltr'>effectu:</span> <span class='ocrx_word' id='word_1_71' title='bbox 1189 590 1250 624; x_wconf 91' lang='lat' dir='ltr'>sed</span> <span class='ocrx_word' id='word_1_72' title='bbox 1269 590 1360 624; x_wconf 84' lang='lat' dir='ltr'>visio</span> <span class='ocrx_word' id='word_1_73' title='bbox 1384 598 1437 624; x_wconf 90' lang='lat' dir='ltr'>est</span> <span class='ocrx_word' id='word_1_74' title='bbox 1456 600 1564 624; x_wconf 86' lang='lat' dir='ltr'>causa</span> <span class='ocrx_word' id='word_1_75' title='bbox 1582 589 1852 632; x_wconf 85' lang='lat' dir='ltr'>delectationis;</span> 
     </span>
     <span class='ocr_line' id='line_1_9' title="bbox 283 643 1066 692; baseline -0.004 -12"><span class='ocrx_word' id='word_1_76' title='bbox 283 656 370 692; x_wconf 88' lang='lat' dir='ltr'>ergo</span> <span class='ocrx_word' id='word_1_77' title='bbox 391 645 483 679; x_wconf 89' lang='lat' dir='ltr'>visio</span> <span class='ocrx_word' id='word_1_78' title='bbox 506 653 559 679; x_wconf 90' lang='lat' dir='ltr'>est</span> <span class='ocrx_word' id='word_1_79' title='bbox 578 644 708 691; x_wconf 89' lang='lat' dir='ltr'>potior,</span> <span class='ocrx_word' id='word_1_80' title='bbox 731 655 840 690; x_wconf 88' lang='lat' dir='ltr'>quam</span> <span class='ocrx_word' id='word_1_81' title='bbox 863 643 1066 678; x_wconf 82' lang='lat' dir='ltr'>delectatio.</span> 
     </span>
    </p>

    <p class='ocr_par' dir='ltr' id='par_1_5' title="bbox 284 696 1857 1282">
     <span class='ocr_line' id='line_1_10' title="bbox 353 696 1853 743; baseline -0.001 -10"><span class='ocrx_word' id='word_1_82' title='bbox 353 699 583 733; x_wconf 76' lang='lat' dir='ltr'>RESPONDEO</span> <span class='ocrx_word' id='word_1_83' title='bbox 618 697 823 739; x_wconf 91' lang='lat' dir='ltr'>dicendum,</span> <span class='ocrx_word' id='word_1_84' title='bbox 858 698 955 743; x_wconf 92' lang='lat' dir='ltr'>quod</span> <span class='ocrx_word' id='word_1_85' title='bbox 981 697 1088 731; x_wconf 89' lang='lat' dir='ltr'>istam</span> <span class='ocrx_word' id='word_1_86' title='bbox 1116 697 1368 743; x_wconf 89' lang='lat' dir='ltr'>quaestionem</span> <span class='ocrx_word' id='word_1_87' title='bbox 1402 705 1526 732; x_wconf 88' lang='lat' dir='ltr'>movet</span> <span class='ocrx_word' id='word_1_88' title='bbox 1559 696 1697 731; x_wconf 91' lang='lat' dir='ltr'>Philos.</span> <span class='ocrx_word' id='word_1_89' title='bbox 1729 697 1766 731; x_wconf 90' lang='lat' dir='ltr'>in</span> <span class='ocrx_word' id='word_1_90' title='bbox 1801 707 1853 732; x_wconf 91' lang='lat'>10.</span> 
     </span>
     <span class='ocr_line' id='line_1_11' title="bbox 284 750 1856 799; baseline -0.001 -13"><span class='ocrx_word' id='word_1_91' title='bbox 284 752 443 786; x_wconf 89' lang='lat' dir='ltr'>Ethicor.</span> <span class='ocrx_word' id='word_1_92' title='bbox 467 753 554 799; x_wconf 75' lang='lat' dir='ltr'>(cap.</span> <span class='ocrx_word' id='word_1_93' title='bbox 577 763 610 796; x_wconf 83' lang='lat'>4.</span> <span class='ocrx_word' id='word_1_94' title='bbox 633 753 668 785; x_wconf 75' lang='lat' dir='ltr'>ia</span> <span class='ocrx_word' id='word_1_95' title='bbox 688 752 760 795; x_wconf 77' lang='lat' dir='ltr'>fin.)</span> <span class='ocrx_word' id='word_1_96' title='bbox 782 759 816 785; x_wconf 90' lang='lat' dir='ltr'>et</span> <span class='ocrx_word' id='word_1_97' title='bbox 835 762 915 785; x_wconf 87' lang='lat' dir='ltr'>eam</span> <span class='ocrx_word' id='word_1_98' title='bbox 931 750 1129 785; x_wconf 87' lang='lat' dir='ltr'>insolutam</span> <span class='ocrx_word' id='word_1_99' title='bbox 1144 751 1300 785; x_wconf 86' lang='lat' dir='ltr'>dimittit.</span> <span class='ocrx_word' id='word_1_100' title='bbox 1325 750 1397 785; x_wconf 86' lang='lat' dir='ltr'>Sed</span> <span class='ocrx_word' id='word_1_101' title='bbox 1417 751 1446 785; x_wconf 88' lang='lat' dir='ltr'>si</span> <span class='ocrx_word' id='word_1_102' title='bbox 1465 751 1542 797; x_wconf 86' lang='lat' dir='ltr'>quis</span> <span class='ocrx_word' id='word_1_103' title='bbox 1562 750 1753 797; x_wconf 86' lang='lat' dir='ltr'>diligenter</span> <span class='ocrx_word' id='word_1_104' title='bbox 1772 762 1856 785; x_wconf 91' lang='lat' dir='ltr'>con-</span> 
     </span>
     <span class='ocr_line' id='line_1_12' title="bbox 284 805 1856 851; baseline -0.001 -10"><span class='ocrx_word' id='word_1_105' title='bbox 284 807 426 848; x_wconf 87' lang='lat' dir='ltr'>sideret,</span> <span class='ocrx_word' id='word_1_106' title='bbox 448 818 490 840; x_wconf 86' lang='lat' dir='ltr'>ex</span> <span class='ocrx_word' id='word_1_107' title='bbox 511 805 725 840; x_wconf 83' lang='lat' dir='ltr'>necessitate</span> <span class='ocrx_word' id='word_1_108' title='bbox 748 813 902 851; x_wconf 88' lang='lat' dir='ltr'>oportet,</span> <span class='ocrx_word' id='word_1_109' title='bbox 918 805 1014 851; x_wconf 92' lang='lat' dir='ltr'>quod</span> <span class='ocrx_word' id='word_1_110' title='bbox 1033 806 1178 851; x_wconf 72' lang='lat' dir='ltr'>operatio</span> <span class='ocrx_word' id='word_1_111' title='bbox 1202 805 1388 846; x_wconf 64' lang='lat' dir='ltr'>intellectas,</span> <span class='ocrx_word' id='word_1_112' title='bbox 1413 816 1495 850; x_wconf 74' lang='lat' dir='ltr'>quae</span> <span class='ocrx_word' id='word_1_113' title='bbox 1512 809 1554 839; x_wconf 76' lang='lat' dir='ltr'>est</span> <span class='ocrx_word' id='word_1_114' title='bbox 1570 806 1668 848; x_wconf 77' lang='lat' dir='ltr'>visin,</span> <span class='ocrx_word' id='word_1_115' title='bbox 1688 806 1856 851; x_wconf 78' lang='lat' dir='ltr'>sicpotior</span> 
     </span>
     <span class='ocr_line' id='line_1_13' title="bbox 285 857 1855 904; baseline -0.002 -9"><span class='ocrx_word' id='word_1_116' title='bbox 285 860 514 895; x_wconf 66' lang='lat' dir='ltr'>delectatione:</span> <span class='ocrx_word' id='word_1_117' title='bbox 534 859 727 893; x_wconf 82' lang='lat' dir='ltr'>delectatio</span> <span class='ocrx_word' id='word_1_118' title='bbox 747 859 844 892; x_wconf 90' lang='lat' dir='ltr'>enim</span> <span class='ocrx_word' id='word_1_119' title='bbox 867 859 1032 893; x_wconf 85' lang='lat' dir='ltr'>consistit</span> <span class='ocrx_word' id='word_1_120' title='bbox 1050 859 1085 892; x_wconf 91' lang='lat' dir='ltr'>in</span> <span class='ocrx_word' id='word_1_121' title='bbox 1105 858 1261 904; x_wconf 89' lang='lat' dir='ltr'>quadam</span> <span class='ocrx_word' id='word_1_122' title='bbox 1277 858 1498 903; x_wconf 86' lang='lat' dir='ltr'>quietatione</span> <span class='ocrx_word' id='word_1_123' title='bbox 1519 857 1735 893; x_wconf 84' lang='lat' dir='ltr'>voluntatis:</span> <span class='ocrx_word' id='word_1_124' title='bbox 1758 858 1855 904; x_wconf 92' lang='lat' dir='ltr'>quod</span> 
     </span>
     <span class='ocr_line' id='line_1_14' title="bbox 286 911 1855 959; baseline -0.001 -11"><span class='ocrx_word' id='word_1_125' title='bbox 286 922 407 948; x_wconf 88' lang='lat' dir='ltr'>autem</span> <span class='ocrx_word' id='word_1_126' title='bbox 428 912 597 947; x_wconf 89' lang='lat' dir='ltr'>voluntas</span> <span class='ocrx_word' id='word_1_127' title='bbox 619 913 655 946; x_wconf 92' lang='lat' dir='ltr'>in</span> <span class='ocrx_word' id='word_1_128' title='bbox 678 912 798 959; x_wconf 90' lang='lat' dir='ltr'>aliquo</span> <span class='ocrx_word' id='word_1_129' title='bbox 822 912 1010 958; x_wconf 86' lang='lat' dir='ltr'>quietetur,</span> <span class='ocrx_word' id='word_1_130' title='bbox 1032 923 1107 945; x_wconf 89' lang='lat' dir='ltr'>non</span> <span class='ocrx_word' id='word_1_131' title='bbox 1135 919 1188 946; x_wconf 88' lang='lat' dir='ltr'>est</span> <span class='ocrx_word' id='word_1_132' title='bbox 1213 911 1282 945; x_wconf 89' lang='lat' dir='ltr'>nisi</span> <span class='ocrx_word' id='word_1_133' title='bbox 1307 919 1454 957; x_wconf 89' lang='lat' dir='ltr'>propter</span> <span class='ocrx_word' id='word_1_134' title='bbox 1477 911 1678 946; x_wconf 85' lang='lat' dir='ltr'>bonitatem</span> <span class='ocrx_word' id='word_1_135' title='bbox 1705 913 1791 958; x_wconf 86' lang='lat' dir='ltr'>ejus,</span> <span class='ocrx_word' id='word_1_136' title='bbox 1818 912 1855 946; x_wconf 91' lang='lat' dir='ltr'>in</span> 
     </span>
     <span class='ocr_line' id='line_1_15' title="bbox 286 964 1856 1014; baseline -0.001 -13"><span class='ocrx_word' id='word_1_137' title='bbox 286 979 358 1014; x_wconf 90' lang='lat' dir='ltr'>quo</span> <span class='ocrx_word' id='word_1_138' title='bbox 383 967 580 1014; x_wconf 81' lang='lat' dir='ltr'>quietatur3</span> <span class='ocrx_word' id='word_1_139' title='bbox 603 967 633 1000; x_wconf 91' lang='lat' dir='ltr'>si</span> <span class='ocrx_word' id='word_1_140' title='bbox 654 977 740 1012; x_wconf 85' lang='lat' dir='ltr'>ergo</span> <span class='ocrx_word' id='word_1_141' title='bbox 767 966 936 1000; x_wconf 88' lang='lat' dir='ltr'>voluntas</span> <span class='ocrx_word' id='word_1_142' title='bbox 963 965 1142 1011; x_wconf 86' lang='lat' dir='ltr'>quietatur</span> <span class='ocrx_word' id='word_1_143' title='bbox 1168 965 1205 998; x_wconf 92' lang='lat' dir='ltr'>in</span> <span class='ocrx_word' id='word_1_144' title='bbox 1232 964 1351 1011; x_wconf 89' lang='lat' dir='ltr'>aliqua</span> <span class='ocrx_word' id='word_1_145' title='bbox 1379 965 1601 1011; x_wconf 84' lang='lat' dir='ltr'>operatione,</span> <span class='ocrx_word' id='word_1_146' title='bbox 1628 976 1670 1000; x_wconf 84' lang='lat' dir='ltr'>ex</span> <span class='ocrx_word' id='word_1_147' title='bbox 1694 965 1856 1000; x_wconf 87' lang='lat' dir='ltr'>bonitate</span> 
     </span>
     <span class='ocr_line' id='line_1_16' title="bbox 286 1018 1857 1068; baseline -0.001 -13"><span class='ocrx_word' id='word_1_148' title='bbox 286 1021 507 1068; x_wconf 85' lang='lat' dir='ltr'>operationis</span> <span class='ocrx_word' id='word_1_149' title='bbox 520 1020 684 1067; x_wconf 88' lang='lat' dir='ltr'>procedit</span> <span class='ocrx_word' id='word_1_150' title='bbox 702 1020 875 1066; x_wconf 86' lang='lat' dir='ltr'>quietatio</span> <span class='ocrx_word' id='word_1_151' title='bbox 894 1019 1101 1054; x_wconf 88' lang='lat' dir='ltr'>voluntatis.</span> <span class='ocrx_word' id='word_1_152' title='bbox 1116 1019 1194 1053; x_wconf 90' lang='lat' dir='ltr'>Nec</span> <span class='ocrx_word' id='word_1_153' title='bbox 1212 1018 1381 1053; x_wconf 89' lang='lat' dir='ltr'>voluntas</span> <span class='ocrx_word' id='word_1_154' title='bbox 1401 1019 1539 1065; x_wconf 89' lang='lat' dir='ltr'>quaerit</span> <span class='ocrx_word' id='word_1_155' title='bbox 1554 1019 1692 1053; x_wconf 88' lang='lat' dir='ltr'>bonum</span> <span class='ocrx_word' id='word_1_156' title='bbox 1710 1027 1857 1066; x_wconf 89' lang='lat' dir='ltr'>propter</span> 
     </span>
     <span class='ocr_line' id='line_1_17' title="bbox 286 1072 1856 1121; baseline -0.001 -13"><span class='ocrx_word' id='word_1_157' title='bbox 286 1075 566 1121; x_wconf 87' lang='lat' dir='ltr'>quietationem:</span> <span class='ocrx_word' id='word_1_158' title='bbox 602 1073 652 1108; x_wconf 89' lang='lat' dir='ltr'>sic</span> <span class='ocrx_word' id='word_1_159' title='bbox 688 1073 785 1107; x_wconf 90' lang='lat' dir='ltr'>enim</span> <span class='ocrx_word' id='word_1_160' title='bbox 813 1073 888 1119; x_wconf 88' lang='lat' dir='ltr'>ipse</span> <span class='ocrx_word' id='word_1_161' title='bbox 917 1081 1016 1107; x_wconf 87' lang='lat' dir='ltr'>actus</span> <span class='ocrx_word' id='word_1_162' title='bbox 1042 1072 1238 1107; x_wconf 89' lang='lat' dir='ltr'>voluntatis</span> <span class='ocrx_word' id='word_1_163' title='bbox 1272 1081 1366 1107; x_wconf 89' lang='lat' dir='ltr'>esset</span> <span class='ocrx_word' id='word_1_164' title='bbox 1395 1072 1494 1116; x_wconf 87' lang='lat' dir='ltr'>finis;</span> <span class='ocrx_word' id='word_1_165' title='bbox 1524 1072 1622 1119; x_wconf 92' lang='lat' dir='ltr'>quod</span> <span class='ocrx_word' id='word_1_166' title='bbox 1652 1083 1706 1108; x_wconf 87' lang='lat' dir='ltr'>est</span> <span class='ocrx_word' id='word_1_167' title='bbox 1730 1081 1856 1108; x_wconf 89' lang='lat' dir='ltr'>contra</span> 
     </span>
     <span class='ocr_line' id='line_1_18' title="bbox 285 1126 1856 1175; baseline 0 -13"><span class='ocrx_word' id='word_1_168' title='bbox 285 1128 483 1175; x_wconf 85' lang='lat' dir='ltr'>praemissa</span> <span class='ocrx_word' id='word_1_169' title='bbox 507 1127 551 1173; x_wconf 80' lang='lat' dir='ltr'>(q.</span> <span class='ocrx_word' id='word_1_170' title='bbox 574 1140 601 1162; x_wconf 85' lang='lat'>1.</span> <span class='ocrx_word' id='word_1_171' title='bbox 621 1132 685 1162; x_wconf 82' lang='lat' dir='ltr'>art.</span> <span class='ocrx_word' id='word_1_172' title='bbox 705 1140 732 1162; x_wconf 85' lang='lat'>1.</span> <span class='ocrx_word' id='word_1_173' title='bbox 753 1126 795 1161; x_wconf 83' lang='lat' dir='ltr'>ad</span> <span class='ocrx_word' id='word_1_174' title='bbox 812 1127 861 1172; x_wconf 91' lang='lat'>2.)</span> <span class='ocrx_word' id='word_1_175' title='bbox 875 1140 885 1162; x_wconf 91' lang='grc'>.·</span> <span class='ocrx_word' id='word_1_176' title='bbox 908 1127 971 1161; x_wconf 90' lang='lat' dir='ltr'>sed</span> <span class='ocrx_word' id='word_1_177' title='bbox 993 1127 1074 1161; x_wconf 91' lang='lat' dir='ltr'>ideo</span> <span class='ocrx_word' id='word_1_178' title='bbox 1095 1127 1244 1172; x_wconf 88' lang='lat' dir='ltr'>quaerit,</span> <span class='ocrx_word' id='word_1_179' title='bbox 1261 1126 1358 1173; x_wconf 91' lang='lat' dir='ltr'>quod</span> <span class='ocrx_word' id='word_1_180' title='bbox 1377 1127 1554 1173; x_wconf 88' lang='lat' dir='ltr'>quietetur</span> <span class='ocrx_word' id='word_1_181' title='bbox 1575 1127 1612 1160; x_wconf 92' lang='lat' dir='ltr'>in</span> <span class='ocrx_word' id='word_1_182' title='bbox 1633 1127 1856 1173; x_wconf 86' lang='lat' dir='ltr'>operatione,</span> 
     </span>
     <span class='ocr_line' id='line_1_19' title="bbox 286 1180 1857 1228; baseline -0.001 -13"><span class='ocrx_word' id='word_1_183' title='bbox 286 1182 370 1228; x_wconf 85' lang='lat' dir='ltr'>quia</span> <span class='ocrx_word' id='word_1_184' title='bbox 392 1181 555 1228; x_wconf 87' lang='lat' dir='ltr'>operatio</span> <span class='ocrx_word' id='word_1_185' title='bbox 575 1189 628 1215; x_wconf 89' lang='lat' dir='ltr'>est</span> <span class='ocrx_word' id='word_1_186' title='bbox 641 1181 780 1215; x_wconf 89' lang='lat' dir='ltr'>bonum</span> <span class='ocrx_word' id='word_1_187' title='bbox 795 1181 889 1227; x_wconf 79' lang='lat' dir='ltr'>ejus3</span> <span class='ocrx_word' id='word_1_188' title='bbox 905 1180 1000 1215; x_wconf 90' lang='lat' dir='ltr'>unde</span> <span class='ocrx_word' id='word_1_189' title='bbox 1020 1180 1252 1214; x_wconf 88' lang='lat' dir='ltr'>manifestum</span> <span class='ocrx_word' id='word_1_190' title='bbox 1271 1188 1334 1222; x_wconf 89' lang='lat' dir='ltr'>est,</span> <span class='ocrx_word' id='word_1_191' title='bbox 1354 1180 1451 1226; x_wconf 92' lang='lat' dir='ltr'>quod</span> <span class='ocrx_word' id='word_1_192' title='bbox 1469 1180 1702 1227; x_wconf 89' lang='lat' dir='ltr'>principalius</span> <span class='ocrx_word' id='word_1_193' title='bbox 1718 1181 1857 1215; x_wconf 89' lang='lat' dir='ltr'>bonum</span> 
     </span>
     <span class='ocr_line' id='line_1_20' title="bbox 286 1233 1844 1282; baseline -0.001 -12"><span class='ocrx_word' id='word_1_194' title='bbox 286 1244 339 1270; x_wconf 88' lang='lat' dir='ltr'>est</span> <span class='ocrx_word' id='word_1_195' title='bbox 352 1235 429 1282; x_wconf 90' lang='lat' dir='ltr'>ipsa</span> <span class='ocrx_word' id='word_1_196' title='bbox 445 1235 621 1281; x_wconf 85' lang='lat' dir='ltr'>operatio,</span> <span class='ocrx_word' id='word_1_197' title='bbox 635 1235 672 1268; x_wconf 90' lang='lat' dir='ltr'>in</span> <span class='ocrx_word' id='word_1_198' title='bbox 691 1246 760 1281; x_wconf 89' lang='lat' dir='ltr'>qua</span> <span class='ocrx_word' id='word_1_199' title='bbox 780 1235 960 1281; x_wconf 88' lang='lat' dir='ltr'>quietatur</span> <span class='ocrx_word' id='word_1_200' title='bbox 977 1234 1156 1276; x_wconf 82' lang='lat' dir='ltr'>voluntas,</span> <span class='ocrx_word' id='word_1_201' title='bbox 1171 1246 1280 1280; x_wconf 91' lang='lat' dir='ltr'>quam</span> <span class='ocrx_word' id='word_1_202' title='bbox 1297 1234 1469 1280; x_wconf 88' lang='lat' dir='ltr'>quietatio</span> <span class='ocrx_word' id='word_1_203' title='bbox 1484 1233 1681 1269; x_wconf 90' lang='lat' dir='ltr'>voluntatis</span> <span class='ocrx_word' id='word_1_204' title='bbox 1699 1235 1736 1268; x_wconf 88' lang='lat' dir='ltr'>in</span> <span class='ocrx_word' id='word_1_205' title='bbox 1753 1235 1844 1281; x_wconf 90' lang='lat' dir='ltr'>ipso.</span> 
     </span>
    </p>

    <p class='ocr_par' dir='ltr' id='par_1_6' title="bbox 285 1287 1858 1495">
     <span class='ocr_line' id='line_1_21' title="bbox 356 1287 1857 1334; baseline -0.001 -11"><span class='ocrx_word' id='word_1_206' title='bbox 356 1289 416 1323; x_wconf 87' lang='lat' dir='ltr'>AD</span> <span class='ocrx_word' id='word_1_207' title='bbox 438 1299 587 1323; x_wconf 77' lang='lat' dir='ltr'><strong>PRIMUM</strong></span> <span class='ocrx_word' id='word_1_208' title='bbox 615 1299 702 1333; x_wconf 81' lang='lat' dir='ltr'>ergo</span> <span class='ocrx_word' id='word_1_209' title='bbox 733 1288 939 1330; x_wconf 87' lang='lat' dir='ltr'>dicendum,</span> <span class='ocrx_word' id='word_1_210' title='bbox 971 1287 1080 1334; x_wconf 86' lang='lat' dir='ltr'>quod,</span> <span class='ocrx_word' id='word_1_211' title='bbox 1111 1288 1204 1322; x_wconf 89' lang='lat' dir='ltr'>sicut</span> <span class='ocrx_word' id='word_1_212' title='bbox 1231 1287 1479 1334; x_wconf 83' lang='lat' dir='ltr'>Philosophus</span> <span class='ocrx_word' id='word_1_213' title='bbox 1506 1287 1641 1322; x_wconf 88' lang='lat' dir='ltr'>ibidem</span> <span class='ocrx_word' id='word_1_214' title='bbox 1667 1287 1754 1322; x_wconf 92' lang='lat' dir='ltr'>dicit</span> <span class='ocrx_word' id='word_1_215' title='bbox 1778 1288 1857 1333; x_wconf 79' lang='lat' dir='ltr'>(loc.</span> 
     </span>
     <span class='ocr_line' id='line_1_22' title="bbox 286 1341 1858 1388; baseline 0 -12"><span class='ocrx_word' id='word_1_216' title='bbox 286 1343 378 1377; x_wconf 80' lang='lat' dir='ltr'>citat.</span> <span class='ocrx_word' id='word_1_217' title='bbox 403 1343 437 1376; x_wconf 78' lang='lat' dir='ltr'>in</span> <span class='ocrx_word' id='word_1_218' title='bbox 460 1343 562 1388; x_wconf 68' lang='lat' dir='ltr'>arg),</span> <span class='ocrx_word' id='word_1_219' title='bbox 587 1342 754 1376; x_wconf 73' lang='lat' dir='ltr'>delectatio</span> <span class='ocrx_word' id='word_1_220' title='bbox 771 1342 903 1388; x_wconf 62' lang='lat' dir='ltr'>parfisit</span> <span class='ocrx_word' id='word_1_221' title='bbox 925 1343 1159 1388; x_wconf 72' lang='lat' dir='ltr'>operationem,</span> <span class='ocrx_word' id='word_1_222' title='bbox 1182 1342 1264 1375; x_wconf 78' lang='lat' dir='ltr'>sicut</span> <span class='ocrx_word' id='word_1_223' title='bbox 1285 1341 1380 1375; x_wconf 66' lang='lat' dir='ltr'>decor</span> <span class='ocrx_word' id='word_1_224' title='bbox 1403 1343 1622 1388; x_wconf 71' lang='lat' dir='ltr'>juventutem,</span> <span class='ocrx_word' id='word_1_225' title='bbox 1645 1341 1707 1388; x_wconf 91' lang='lat' dir='ltr'>qui</span> <span class='ocrx_word' id='word_1_226' title='bbox 1735 1349 1789 1376; x_wconf 88' lang='lat' dir='ltr'>est</span> <span class='ocrx_word' id='word_1_227' title='bbox 1814 1341 1858 1376; x_wconf 87' lang='lat' dir='ltr'>ad</span> 
     </span>
     <span class='ocr_line' id='line_1_23' title="bbox 286 1394 1858 1442; baseline 0 -12"><span class='ocrx_word' id='word_1_228' title='bbox 286 1397 512 1442; x_wconf 76' lang='lat' dir='ltr'>juventutem</span> <span class='ocrx_word' id='word_1_229' title='bbox 535 1407 780 1442; x_wconf 87' lang='lat' dir='ltr'>consequens:</span> <span class='ocrx_word' id='word_1_230' title='bbox 801 1395 895 1430; x_wconf 90' lang='lat' dir='ltr'>unde</span> <span class='ocrx_word' id='word_1_231' title='bbox 916 1395 1108 1429; x_wconf 80' lang='lat' dir='ltr'>delectatio</span> <span class='ocrx_word' id='word_1_232' title='bbox 1132 1403 1185 1429; x_wconf 91' lang='lat' dir='ltr'>est</span> <span class='ocrx_word' id='word_1_233' title='bbox 1205 1394 1386 1441; x_wconf 80' lang='lat' dir='ltr'>quaedam</span> <span class='ocrx_word' id='word_1_234' title='bbox 1407 1394 1581 1441; x_wconf 87' lang='lat' dir='ltr'>perfectio</span> <span class='ocrx_word' id='word_1_235' title='bbox 1605 1395 1858 1430; x_wconf 85' lang='lat' dir='ltr'>concomitans</span> 
     </span>
     <span class='ocr_line' id='line_1_24' title="bbox 285 1448 1856 1495; baseline 0 -12"><span class='ocrx_word' id='word_1_236' title='bbox 285 1449 477 1491; x_wconf 85' lang='lat' dir='ltr'>visionem,</span> <span class='ocrx_word' id='word_1_237' title='bbox 499 1461 573 1483; x_wconf 90' lang='lat' dir='ltr'>non</span> <span class='ocrx_word' id='word_1_238' title='bbox 596 1449 687 1483; x_wconf 88' lang='lat' dir='ltr'>sicut</span> <span class='ocrx_word' id='word_1_239' title='bbox 708 1448 882 1495; x_wconf 86' lang='lat' dir='ltr'>perfectio</span> <span class='ocrx_word' id='word_1_240' title='bbox 905 1448 1040 1483; x_wconf 86' lang='lat' dir='ltr'>faciens</span> <span class='ocrx_word' id='word_1_241' title='bbox 1062 1449 1242 1483; x_wconf 88' lang='lat' dir='ltr'>visionem</span> <span class='ocrx_word' id='word_1_242' title='bbox 1263 1448 1299 1482; x_wconf 94' lang='lat' dir='ltr'>in</span> <span class='ocrx_word' id='word_1_243' title='bbox 1321 1460 1385 1482; x_wconf 88' lang='lat' dir='ltr'>sua</span> <span class='ocrx_word' id='word_1_244' title='bbox 1407 1448 1526 1495; x_wconf 89' lang='lat' dir='ltr'>specie</span> <span class='ocrx_word' id='word_1_245' title='bbox 1548 1448 1746 1495; x_wconf 89' lang='lat' dir='ltr'>perfectam</span> <span class='ocrx_word' id='word_1_246' title='bbox 1768 1459 1856 1483; x_wconf 89' lang='lat' dir='ltr'>esse.</span> 
     </span>
    </p>

    <p class='ocr_par' dir='ltr' id='par_1_7' title="bbox 284 1502 1861 1978">
     <span class='ocr_line' id='line_1_25' title="bbox 359 1502 1860 1549; baseline -0.001 -11"><span class='ocrx_word' id='word_1_247' title='bbox 359 1503 418 1538; x_wconf 88' lang='lat' dir='ltr'>AD</span> <span class='ocrx_word' id='word_1_248' title='bbox 439 1514 646 1538; x_wconf 72' lang='lat' dir='ltr'><strong>SECUNDUM</strong></span> <span class='ocrx_word' id='word_1_249' title='bbox 669 1503 876 1545; x_wconf 84' lang='lat' dir='ltr'>dicendum,</span> <span class='ocrx_word' id='word_1_250' title='bbox 896 1503 992 1549; x_wconf 91' lang='lat' dir='ltr'>quod</span> <span class='ocrx_word' id='word_1_251' title='bbox 1013 1502 1252 1549; x_wconf 87' lang='lat' dir='ltr'>apprehensio</span> <span class='ocrx_word' id='word_1_252' title='bbox 1268 1502 1438 1536; x_wconf 90' lang='lat' dir='ltr'>sensitiva</span> <span class='ocrx_word' id='word_1_253' title='bbox 1451 1513 1526 1536; x_wconf 90' lang='lat' dir='ltr'>non</span> <span class='ocrx_word' id='word_1_254' title='bbox 1543 1502 1685 1548; x_wconf 89' lang='lat' dir='ltr'>attingit</span> <span class='ocrx_word' id='word_1_255' title='bbox 1699 1502 1742 1536; x_wconf 89' lang='lat' dir='ltr'>ad</span> <span class='ocrx_word' id='word_1_256' title='bbox 1761 1514 1860 1536; x_wconf 91' lang='lat' dir='ltr'>com-</span> 
     </span>
     <span class='ocr_line' id='line_1_26' title="bbox 287 1556 1860 1602; baseline 0.001 -12"><span class='ocrx_word' id='word_1_257' title='bbox 287 1568 438 1591; x_wconf 88' lang='lat' dir='ltr'>munem</span> <span class='ocrx_word' id='word_1_258' title='bbox 461 1557 642 1591; x_wconf 87' lang='lat' dir='ltr'>rationem</span> <span class='ocrx_word' id='word_1_259' title='bbox 663 1556 761 1599; x_wconf 90' lang='lat' dir='ltr'>boni,</span> <span class='ocrx_word' id='word_1_260' title='bbox 784 1556 845 1591; x_wconf 89' lang='lat' dir='ltr'>sed</span> <span class='ocrx_word' id='word_1_261' title='bbox 869 1556 912 1590; x_wconf 85' lang='lat' dir='ltr'>ad</span> <span class='ocrx_word' id='word_1_262' title='bbox 936 1556 1082 1602; x_wconf 85' lang='lat' dir='ltr'>aliquod</span> <span class='ocrx_word' id='word_1_263' title='bbox 1108 1556 1247 1590; x_wconf 86' lang='lat' dir='ltr'>bonum</span> <span class='ocrx_word' id='word_1_264' title='bbox 1274 1556 1502 1602; x_wconf 87' lang='lat' dir='ltr'>particulare,</span> <span class='ocrx_word' id='word_1_265' title='bbox 1521 1556 1618 1602; x_wconf 90' lang='lat' dir='ltr'>quod</span> <span class='ocrx_word' id='word_1_266' title='bbox 1637 1564 1691 1591; x_wconf 90' lang='lat' dir='ltr'>est</span> <span class='ocrx_word' id='word_1_267' title='bbox 1707 1556 1860 1591; x_wconf 89' lang='lat' dir='ltr'>delecta-</span> 
     </span>
     <span class='ocr_line' id='line_1_27' title="bbox 286 1609 1858 1657; baseline 0.001 -13"><span class='ocrx_word' id='word_1_268' title='bbox 286 1610 375 1653; x_wconf 87' lang='lat' dir='ltr'>bile;</span> <span class='ocrx_word' id='word_1_269' title='bbox 391 1619 426 1645; x_wconf 91' lang='lat' dir='ltr'>et</span> <span class='ocrx_word' id='word_1_270' title='bbox 440 1611 520 1644; x_wconf 91' lang='lat' dir='ltr'>ideo</span> <span class='ocrx_word' id='word_1_271' title='bbox 537 1611 737 1644; x_wconf 88' lang='lat' dir='ltr'>secundum</span> <span class='ocrx_word' id='word_1_272' title='bbox 749 1610 945 1657; x_wconf 84' lang='lat' dir='ltr'>appetitum</span> <span class='ocrx_word' id='word_1_273' title='bbox 957 1610 1181 1652; x_wconf 87' lang='lat' dir='ltr'>sensitivum‚</span> <span class='ocrx_word' id='word_1_274' title='bbox 1194 1609 1253 1656; x_wconf 88' lang='lat' dir='ltr'>qui</span> <span class='ocrx_word' id='word_1_275' title='bbox 1269 1617 1322 1644; x_wconf 89' lang='lat' dir='ltr'>est</span> <span class='ocrx_word' id='word_1_276' title='bbox 1335 1609 1371 1643; x_wconf 91' lang='lat' dir='ltr'>in</span> <span class='ocrx_word' id='word_1_277' title='bbox 1386 1609 1613 1653; x_wconf 86' lang='lat' dir='ltr'>animalibus,</span> <span class='ocrx_word' id='word_1_278' title='bbox 1629 1610 1858 1656; x_wconf 83' lang='lat' dir='ltr'>operationes</span> 
     </span>
     <span class='ocr_line' id='line_1_28' title="bbox 286 1663 1859 1710; baseline -0.001 -12"><span class='ocrx_word' id='word_1_279' title='bbox 286 1673 506 1710; x_wconf 87' lang='lat' dir='ltr'>quaeruntur</span> <span class='ocrx_word' id='word_1_280' title='bbox 531 1672 677 1710; x_wconf 88' lang='lat' dir='ltr'>propter</span> <span class='ocrx_word' id='word_1_281' title='bbox 706 1664 1006 1698; x_wconf 85' lang='lat' dir='ltr'>delectationem:</span> <span class='ocrx_word' id='word_1_282' title='bbox 1029 1663 1091 1698; x_wconf 90' lang='lat' dir='ltr'>sed</span> <span class='ocrx_word' id='word_1_283' title='bbox 1121 1663 1326 1697; x_wconf 87' lang='lat' dir='ltr'>intellectus</span> <span class='ocrx_word' id='word_1_284' title='bbox 1354 1663 1591 1710; x_wconf 87' lang='lat' dir='ltr'>apprehendit</span> <span class='ocrx_word' id='word_1_285' title='bbox 1617 1663 1859 1698; x_wconf 87' lang='lat' dir='ltr'>universalem</span> 
     </span>
     <span class='ocr_line' id='line_1_29' title="bbox 285 1717 1858 1764; baseline 0.001 -13"><span class='ocrx_word' id='word_1_286' title='bbox 285 1718 464 1752; x_wconf 81' lang='lat' dir='ltr'>rationem</span> <span class='ocrx_word' id='word_1_287' title='bbox 485 1718 583 1760; x_wconf 91' lang='lat' dir='ltr'>boni,</span> <span class='ocrx_word' id='word_1_288' title='bbox 606 1718 648 1751; x_wconf 87' lang='lat' dir='ltr'>ad</span> <span class='ocrx_word' id='word_1_289' title='bbox 673 1718 773 1762; x_wconf 80' lang='lat' dir='ltr'>cujus</span> <span class='ocrx_word' id='word_1_290' title='bbox 789 1718 1089 1752; x_wconf 88' lang='lat' dir='ltr'>consecutionem</span> <span class='ocrx_word' id='word_1_291' title='bbox 1104 1717 1264 1763; x_wconf 83' lang='lat' dir='ltr'>sequitur</span> <span class='ocrx_word' id='word_1_292' title='bbox 1282 1717 1492 1751; x_wconf 86' lang='lat' dir='ltr'>delectatio:</span> <span class='ocrx_word' id='word_1_293' title='bbox 1513 1717 1608 1751; x_wconf 91' lang='lat' dir='ltr'>unde</span> <span class='ocrx_word' id='word_1_294' title='bbox 1626 1717 1858 1764; x_wconf 89' lang='lat' dir='ltr'>principalius</span> 
     </span>
     <span class='ocr_line' id='line_1_30' title="bbox 284 1770 1858 1817; baseline 0.001 -12"><span class='ocrx_word' id='word_1_295' title='bbox 284 1771 438 1806; x_wconf 86' lang='lat' dir='ltr'>intendit</span> <span class='ocrx_word' id='word_1_296' title='bbox 458 1772 607 1813; x_wconf 90' lang='lat' dir='ltr'>bonum,</span> <span class='ocrx_word' id='word_1_297' title='bbox 635 1782 745 1817; x_wconf 88' lang='lat' dir='ltr'>quam</span> <span class='ocrx_word' id='word_1_298' title='bbox 773 1771 1065 1805; x_wconf 88' lang='lat' dir='ltr'>delectationem.</span> <span class='ocrx_word' id='word_1_299' title='bbox 1089 1770 1133 1805; x_wconf 86' lang='lat' dir='ltr'>Et</span> <span class='ocrx_word' id='word_1_300' title='bbox 1155 1770 1237 1804; x_wconf 90' lang='lat' dir='ltr'>inde</span> <span class='ocrx_word' id='word_1_301' title='bbox 1264 1779 1328 1813; x_wconf 87' lang='lat' dir='ltr'>est,</span> <span class='ocrx_word' id='word_1_302' title='bbox 1356 1771 1453 1817; x_wconf 88' lang='lat' dir='ltr'>quod</span> <span class='ocrx_word' id='word_1_303' title='bbox 1480 1771 1622 1805; x_wconf 87' lang='lat' dir='ltr'>divinus</span> <span class='ocrx_word' id='word_1_304' title='bbox 1645 1771 1858 1814; x_wconf 89' lang='lat' dir='ltr'>intellectus,</span> 
     </span>
     <span class='ocr_line' id='line_1_31' title="bbox 285 1824 1859 1871; baseline 0 -12"><span class='ocrx_word' id='word_1_305' title='bbox 285 1826 346 1871; x_wconf 87' lang='lat' dir='ltr'>qui</span> <span class='ocrx_word' id='word_1_306' title='bbox 368 1833 420 1859; x_wconf 89' lang='lat' dir='ltr'>est</span> <span class='ocrx_word' id='word_1_307' title='bbox 450 1825 632 1859; x_wconf 84' lang='lat' dir='ltr'>institutor</span> <span class='ocrx_word' id='word_1_308' title='bbox 658 1833 818 1867; x_wconf 84' lang='lat' dir='ltr'>naturae,</span> <span class='ocrx_word' id='word_1_309' title='bbox 847 1825 1106 1859; x_wconf 85' lang='lat' dir='ltr'>delectationes</span> <span class='ocrx_word' id='word_1_310' title='bbox 1135 1825 1301 1871; x_wconf 89' lang='lat' dir='ltr'>apposuit</span> <span class='ocrx_word' id='word_1_311' title='bbox 1330 1833 1475 1871; x_wconf 87' lang='lat' dir='ltr'>propter</span> <span class='ocrx_word' id='word_1_312' title='bbox 1505 1824 1754 1871; x_wconf 85' lang='lat' dir='ltr'>operationes:</span> <span class='ocrx_word' id='word_1_313' title='bbox 1784 1836 1859 1859; x_wconf 91' lang='lat' dir='ltr'>non</span> 
     </span>
     <span class='ocr_line' id='line_1_32' title="bbox 286 1878 1861 1926; baseline 0.001 -14"><span class='ocrx_word' id='word_1_314' title='bbox 286 1887 338 1913; x_wconf 89' lang='lat' dir='ltr'>est</span> <span class='ocrx_word' id='word_1_315' title='bbox 360 1887 479 1912; x_wconf 86' lang='lat' dir='ltr'>autem</span> <span class='ocrx_word' id='word_1_316' title='bbox 503 1878 636 1925; x_wconf 86' lang='lat' dir='ltr'>aliquid</span> <span class='ocrx_word' id='word_1_317' title='bbox 660 1879 926 1913; x_wconf 82' lang='lat' dir='ltr'>aestimandum</span> <span class='ocrx_word' id='word_1_318' title='bbox 948 1878 1160 1924; x_wconf 89' lang='lat' dir='ltr'>simpliciter</span> <span class='ocrx_word' id='word_1_319' title='bbox 1186 1878 1387 1912; x_wconf 85' lang='lat' dir='ltr'>secundum</span> <span class='ocrx_word' id='word_1_320' title='bbox 1415 1878 1582 1913; x_wconf 90' lang='lat' dir='ltr'>ordinem</span> <span class='ocrx_word' id='word_1_321' title='bbox 1613 1879 1774 1913; x_wconf 88' lang='lat' dir='ltr'>sensitivi</span> <span class='ocrx_word' id='word_1_322' title='bbox 1803 1890 1861 1926; x_wconf 85' lang='lat' dir='ltr'>ap-</span> 
     </span>
     <span class='ocr_line' id='line_1_33' title="bbox 286 1931 1511 1978; baseline 0 -12"><span class='ocrx_word' id='word_1_323' title='bbox 286 1932 428 1978; x_wconf 89' lang='lat' dir='ltr'>petitus,</span> <span class='ocrx_word' id='word_1_324' title='bbox 450 1932 513 1966; x_wconf 89' lang='lat' dir='ltr'>sed</span> <span class='ocrx_word' id='word_1_325' title='bbox 536 1932 653 1978; x_wconf 82' lang='lat' dir='ltr'>magis</span> <span class='ocrx_word' id='word_1_326' title='bbox 676 1933 878 1966; x_wconf 89' lang='lat' dir='ltr'>secundum</span> <span class='ocrx_word' id='word_1_327' title='bbox 900 1932 1066 1966; x_wconf 86' lang='lat' dir='ltr'>ordinem</span> <span class='ocrx_word' id='word_1_328' title='bbox 1089 1932 1267 1978; x_wconf 86' lang='lat' dir='ltr'>appetitus</span> <span class='ocrx_word' id='word_1_329' title='bbox 1288 1931 1511 1967; x_wconf 88' lang='lat' dir='ltr'>intellectivi.</span> 
     </span>
    </p>

    <p class='ocr_par' dir='ltr' id='par_1_8' title="bbox 286 1985 1860 2194">
     <span class='ocr_line' id='line_1_34' title="bbox 357 1985 1860 2033; baseline 0.001 -13"><span class='ocrx_word' id='word_1_330' title='bbox 357 1986 417 2020; x_wconf 88' lang='lat' dir='ltr'>AD</span> <span class='ocrx_word' id='word_1_331' title='bbox 434 1996 605 2021; x_wconf 74' lang='lat' dir='ltr'>TERTIUM</span> <span class='ocrx_word' id='word_1_332' title='bbox 621 1986 827 2028; x_wconf 88' lang='lat' dir='ltr'>dicendum,</span> <span class='ocrx_word' id='word_1_333' title='bbox 843 1986 939 2032; x_wconf 91' lang='lat' dir='ltr'>quod</span> <span class='ocrx_word' id='word_1_334' title='bbox 956 1986 1112 2020; x_wconf 79' lang='lat' dir='ltr'>charitas</span> <span class='ocrx_word' id='word_1_335' title='bbox 1126 1997 1200 2019; x_wconf 89' lang='lat' dir='ltr'>non</span> <span class='ocrx_word' id='word_1_336' title='bbox 1216 1986 1355 2032; x_wconf 88' lang='lat' dir='ltr'>quaerit</span> <span class='ocrx_word' id='word_1_337' title='bbox 1367 1986 1507 2020; x_wconf 88' lang='lat' dir='ltr'>bonum</span> <span class='ocrx_word' id='word_1_338' title='bbox 1522 1985 1693 2021; x_wconf 88' lang='lat' dir='ltr'>dilectum</span> <span class='ocrx_word' id='word_1_339' title='bbox 1712 1994 1860 2033; x_wconf 91' lang='lat' dir='ltr'>propter</span> 
     </span>
     <span class='ocr_line' id='line_1_35' title="bbox 286 2039 1858 2086; baseline 0.001 -13"><span class='ocrx_word' id='word_1_340' title='bbox 286 2039 586 2082; x_wconf 76' lang='lat' dir='ltr'>delectationem3</span> <span class='ocrx_word' id='word_1_341' title='bbox 609 2040 670 2074; x_wconf 90' lang='lat' dir='ltr'>sed</span> <span class='ocrx_word' id='word_1_342' title='bbox 697 2040 768 2074; x_wconf 91' lang='lat' dir='ltr'>hoc</span> <span class='ocrx_word' id='word_1_343' title='bbox 789 2048 841 2074; x_wconf 89' lang='lat' dir='ltr'>est</span> <span class='ocrx_word' id='word_1_344' title='bbox 856 2040 888 2074; x_wconf 92' lang='lat' dir='ltr'>ei</span> <span class='ocrx_word' id='word_1_345' title='bbox 904 2051 1142 2086; x_wconf 87' lang='lat' dir='ltr'>consequens,</span> <span class='ocrx_word' id='word_1_346' title='bbox 1161 2047 1199 2073; x_wconf 89' lang='lat' dir='ltr'>ut</span> <span class='ocrx_word' id='word_1_347' title='bbox 1217 2039 1415 2074; x_wconf 87' lang='lat' dir='ltr'>delectetur</span> <span class='ocrx_word' id='word_1_348' title='bbox 1428 2040 1464 2073; x_wconf 92' lang='lat' dir='ltr'>in</span> <span class='ocrx_word' id='word_1_349' title='bbox 1481 2040 1580 2074; x_wconf 92' lang='lat' dir='ltr'>bono</span> <span class='ocrx_word' id='word_1_350' title='bbox 1599 2039 1743 2086; x_wconf 83' lang='lat' dir='ltr'>adepto,</span> <span class='ocrx_word' id='word_1_351' title='bbox 1762 2040 1858 2086; x_wconf 92' lang='lat' dir='ltr'>quod</span> 
     </span>
     <span class='ocr_line' id='line_1_36' title="bbox 287 2093 1858 2141; baseline 0.001 -15"><span class='ocrx_word' id='word_1_352' title='bbox 287 2101 402 2127; x_wconf 77' lang='lat' dir='ltr'>amat:</span> <span class='ocrx_word' id='word_1_353' title='bbox 427 2101 461 2127; x_wconf 89' lang='lat' dir='ltr'>et</span> <span class='ocrx_word' id='word_1_354' title='bbox 482 2094 531 2127; x_wconf 91' lang='lat' dir='ltr'>sic</span> <span class='ocrx_word' id='word_1_355' title='bbox 555 2093 747 2127; x_wconf 86' lang='lat' dir='ltr'>delectatio</span> <span class='ocrx_word' id='word_1_356' title='bbox 770 2105 845 2128; x_wconf 87' lang='lat' dir='ltr'>non</span> <span class='ocrx_word' id='word_1_357' title='bbox 868 2093 1062 2140; x_wconf 87' lang='lat' dir='ltr'>respondet</span> <span class='ocrx_word' id='word_1_358' title='bbox 1083 2093 1116 2127; x_wconf 92' lang='lat' dir='ltr'>ei</span> <span class='ocrx_word' id='word_1_359' title='bbox 1137 2101 1175 2127; x_wconf 88' lang='lat' dir='ltr'>ut</span> <span class='ocrx_word' id='word_1_360' title='bbox 1196 2093 1288 2136; x_wconf 87' lang='lat' dir='ltr'>finis,</span> <span class='ocrx_word' id='word_1_361' title='bbox 1311 2094 1373 2129; x_wconf 90' lang='lat' dir='ltr'>sed</span> <span class='ocrx_word' id='word_1_362' title='bbox 1395 2094 1512 2140; x_wconf 89' lang='lat' dir='ltr'>magis</span> <span class='ocrx_word' id='word_1_363' title='bbox 1533 2093 1638 2137; x_wconf 91' lang='lat' dir='ltr'>visio,</span> <span class='ocrx_word' id='word_1_364' title='bbox 1663 2105 1727 2141; x_wconf 87' lang='lat' dir='ltr'>per</span> <span class='ocrx_word' id='word_1_365' title='bbox 1748 2105 1858 2141; x_wconf 90' lang='lat' dir='ltr'>quam</span> 
     </span>
     <span class='ocr_line' id='line_1_37' title="bbox 287 2146 824 2194; baseline 0.002 -14"><span class='ocrx_word' id='word_1_366' title='bbox 287 2147 404 2193; x_wconf 90' lang='lat' dir='ltr'>primo</span> <span class='ocrx_word' id='word_1_367' title='bbox 427 2146 507 2181; x_wconf 89' lang='lat' dir='ltr'>finis</span> <span class='ocrx_word' id='word_1_368' title='bbox 529 2147 567 2182; x_wconf 84' lang='lat' dir='ltr'>fit</span> <span class='ocrx_word' id='word_1_369' title='bbox 589 2147 622 2181; x_wconf 87' lang='lat' dir='ltr'>ei</span> <span class='ocrx_word' id='word_1_370' title='bbox 642 2159 824 2194; x_wconf 86' lang='lat' dir='ltr'>praesens.</span> 
     </span>
    </p>
   </div>
   <div class='ocr_carea' id='block_1_3' title="bbox 366 2288 1853 2533">
    <p class='ocr_par' dir='ltr' id='par_1_9' title="bbox 366 2288 1853 2533">
     <span class='ocr_line' id='line_1_38' title="bbox 842 2288 1853 2349; baseline 0.006 -18"><span class='ocrx_word' id='word_1_371' title='bbox 842 2288 1190 2333; x_wconf 89' lang='lat' dir='ltr'><strong>ARTICULUS</strong></span> <span class='ocrx_word' id='word_1_372' title='bbox 1218 2290 1297 2332; x_wconf 91' lang='grc' dir='ltr'>ΠΙ.</span> <span class='ocrx_word' id='word_1_373' title='bbox 1811 2313 1853 2349; x_wconf 89' lang='lat'>27</span> 
     </span>
     <span class='ocr_line' id='line_1_39' title="bbox 424 2397 1714 2433; baseline 0.002 -7"><span class='ocrx_word' id='word_1_374' title='bbox 424 2397 578 2427; x_wconf 88' lang='lat' dir='ltr'>UTRUM</span> <span class='ocrx_word' id='word_1_375' title='bbox 605 2397 664 2426; x_wconf 93' lang='lat' dir='ltr'>AD</span> <span class='ocrx_word' id='word_1_376' title='bbox 693 2397 1027 2428; x_wconf 84' lang='lat' dir='ltr'><strong>BEATITUDINEM</strong></span> <span class='ocrx_word' id='word_1_377' title='bbox 1055 2398 1336 2433; x_wconf 85' lang='lat' dir='ltr'><strong>REQUIRATUR</strong></span> <span class='ocrx_word' id='word_1_378' title='bbox 1364 2398 1714 2429; x_wconf 85' lang='lat' dir='ltr'>COMPREHENSIO.</span> 
     </span>
     <span class='ocr_line' id='line_1_40' title="bbox 366 2486 1782 2533; baseline 0 -12"><span class='ocrx_word' id='word_1_379' title='bbox 366 2486 410 2531; x_wconf 84' lang='lat' dir='ltr'>(I.</span> <span class='ocrx_word' id='word_1_380' title='bbox 438 2486 524 2520; x_wconf 68' lang='lat' dir='ltr'>Dist.</span> <span class='ocrx_word' id='word_1_381' title='bbox 552 2498 579 2520; x_wconf 83' lang='lat' dir='ltr'>I.</span> <span class='ocrx_word' id='word_1_382' title='bbox 607 2498 636 2531; x_wconf 79' lang='lat' dir='ltr'>q.</span> <span class='ocrx_word' id='word_1_383' title='bbox 664 2498 691 2520; x_wconf 83' lang='lat'>1.</span> <span class='ocrx_word' id='word_1_384' title='bbox 719 2491 784 2520; x_wconf 87' lang='lat' dir='ltr'>art.</span> <span class='ocrx_word' id='word_1_385' title='bbox 811 2498 838 2521; x_wconf 85' lang='lat'>1.</span> <span class='ocrx_word' id='word_1_386' title='bbox 865 2492 954 2532; x_wconf 61' lang='lat' dir='ltr'>conj).</span> <span class='ocrx_word' id='word_1_387' title='bbox 981 2491 1009 2520; x_wconf 71' lang='lat' dir='ltr'>ct</span> <span class='ocrx_word' id='word_1_388' title='bbox 1035 2497 1067 2530; x_wconf 76' lang='lat'>4.</span> <span class='ocrx_word' id='word_1_389' title='bbox 1095 2486 1182 2520; x_wconf 78' lang='lat' dir='ltr'>Dist.</span> <span class='ocrx_word' id='word_1_390' title='bbox 1205 2497 1262 2532; x_wconf 82' lang='lat'>49.</span> <span class='ocrx_word' id='word_1_391' title='bbox 1290 2498 1319 2532; x_wconf 84' lang='lat' dir='ltr'>q.</span> <span class='ocrx_word' id='word_1_392' title='bbox 1347 2498 1380 2530; x_wconf 81' lang='lat'>4.</span> <span class='ocrx_word' id='word_1_393' title='bbox 1406 2491 1471 2521; x_wconf 88' lang='lat' dir='ltr'>art.</span> <span class='ocrx_word' id='word_1_394' title='bbox 1494 2497 1523 2532; x_wconf 85' lang='lat'>5.</span> <span class='ocrx_word' id='word_1_395' title='bbox 1551 2497 1581 2532; x_wconf 86' lang='lat' dir='ltr'>q.</span> <span class='ocrx_word' id='word_1_396' title='bbox 1608 2498 1636 2521; x_wconf 82' lang='lat'>1.</span> <span class='ocrx_word' id='word_1_397' title='bbox 1664 2487 1782 2533; x_wconf 71' lang='lat' dir='ltr'>corp).</span> 
     </span>
    </p>
   </div>
   <div class='ocr_carea' id='block_1_4' title="bbox 286 2574 1859 2944">
    <p class='ocr_par' dir='ltr' id='par_1_10' title="bbox 286 2574 1859 2838">
     <span class='ocr_line' id='line_1_41' title="bbox 359 2574 1859 2621; baseline 0 -12"><span class='ocrx_word' id='word_1_398' title='bbox 359 2575 418 2609; x_wconf 73' lang='lat' dir='ltr'>AD</span> <span class='ocrx_word' id='word_1_399' title='bbox 442 2585 613 2609; x_wconf 69' lang='lat' dir='ltr'>TERTIUM</span> <span class='ocrx_word' id='word_1_400' title='bbox 632 2575 681 2609; x_wconf 86' lang='lat' dir='ltr'>sic</span> <span class='ocrx_word' id='word_1_401' title='bbox 702 2574 919 2621; x_wconf 82' lang='lat' dir='ltr'>proceditur.</span> <span class='ocrx_word' id='word_1_402' title='bbox 936 2574 1098 2617; x_wconf 73' lang='lat' dir='ltr'>Videtur,</span> <span class='ocrx_word' id='word_1_403' title='bbox 1118 2574 1214 2621; x_wconf 87' lang='lat' dir='ltr'>quod</span> <span class='ocrx_word' id='word_1_404' title='bbox 1234 2575 1276 2608; x_wconf 81' lang='lat' dir='ltr'>ad</span> <span class='ocrx_word' id='word_1_405' title='bbox 1291 2575 1551 2609; x_wconf 75' lang='lat' dir='ltr'>beatitudinem</span> <span class='ocrx_word' id='word_1_406' title='bbox 1565 2585 1639 2609; x_wconf 89' lang='lat' dir='ltr'>non</span> <span class='ocrx_word' id='word_1_407' title='bbox 1658 2575 1859 2621; x_wconf 85' lang='lat' dir='ltr'>requiratur</span> 
     </span>
     <span class='ocr_line' id='line_1_42' title="bbox 287 2628 1857 2676; baseline 0.001 -14"><span class='ocrx_word' id='word_1_408' title='bbox 287 2629 586 2675; x_wconf 80' lang='lat' dir='ltr'>comprehensio:</span> <span class='ocrx_word' id='word_1_409' title='bbox 607 2628 693 2662; x_wconf 87' lang='lat' dir='ltr'>dicit</span> <span class='ocrx_word' id='word_1_410' title='bbox 712 2629 808 2662; x_wconf 83' lang='lat' dir='ltr'>enim</span> <span class='ocrx_word' id='word_1_411' title='bbox 826 2629 978 2673; x_wconf 75' lang='lat' dir='ltr'>August.</span> <span class='ocrx_word' id='word_1_412' title='bbox 1000 2629 1042 2662; x_wconf 78' lang='lat' dir='ltr'>ad</span> <span class='ocrx_word' id='word_1_413' title='bbox 1062 2628 1256 2662; x_wconf 71' lang='lat' dir='ltr'>Paulinum</span> <span class='ocrx_word' id='word_1_414' title='bbox 1276 2629 1319 2663; x_wconf 86' lang='lat' dir='ltr'>de</span> <span class='ocrx_word' id='word_1_415' title='bbox 1338 2629 1506 2663; x_wconf 69' lang='lat' dir='ltr'>Videndo</span> <span class='ocrx_word' id='word_1_416' title='bbox 1526 2629 1648 2663; x_wconf 87' lang='lat' dir='ltr'>Deum</span> <span class='ocrx_word' id='word_1_417' title='bbox 1673 2629 1857 2676; x_wconf 51' lang='lat' dir='ltr'>(apinam.</span> 
     </span>
     <span class='ocr_line' id='line_1_43' title="bbox 286 2682 1856 2729; baseline 0 -13"><span class='ocrx_word' id='word_1_418' title='bbox 286 2689 358 2729; x_wconf 71' lang='lat' dir='ltr'>cap.</span> <span class='ocrx_word' id='word_1_419' title='bbox 380 2696 410 2729; x_wconf 80' lang='lat'>9.</span> <span class='ocrx_word' id='word_1_420' title='bbox 428 2683 550 2729; x_wconf 72' lang='lat' dir='ltr'>implic.</span> <span class='ocrx_word' id='word_1_421' title='bbox 565 2682 616 2717; x_wconf 68' lang='lat' dir='ltr'>sud</span> <span class='ocrx_word' id='word_1_422' title='bbox 634 2690 756 2729; x_wconf 61' lang='lat' dir='ltr'>expres.</span> <span class='ocrx_word' id='word_1_423' title='bbox 775 2695 870 2716; x_wconf 63' lang='lat' dir='ltr'>serm.</span> <span class='ocrx_word' id='word_1_424' title='bbox 888 2684 938 2729; x_wconf 72' lang='lat'>38.</span> <span class='ocrx_word' id='word_1_425' title='bbox 953 2682 988 2716; x_wconf 65' lang='lat' dir='ltr'>dc</span> <span class='ocrx_word' id='word_1_426' title='bbox 1016 2683 1110 2719; x_wconf 57' lang='lat' dir='ltr'>l&#39;ttrlv.</span> <span class='ocrx_word' id='word_1_427' title='bbox 1132 2684 1231 2716; x_wconf 85' lang='lat' dir='ltr'>Dom.</span> <span class='ocrx_word' id='word_1_428' title='bbox 1252 2689 1323 2728; x_wconf 77' lang='lat' dir='ltr'>cap.</span> <span class='ocrx_word' id='word_1_429' title='bbox 1339 2683 1403 2727; x_wconf 80' lang='lat'>3.):</span> <span class='ocrx_word' id='word_1_430' title='bbox 1423 2683 1593 2729; x_wconf 60' lang='lat' dir='ltr'>Attingam</span> <span class='ocrx_word' id='word_1_431' title='bbox 1611 2687 1714 2717; x_wconf 70' lang='lat' dir='ltr'>mente</span> <span class='ocrx_word' id='word_1_432' title='bbox 1733 2683 1856 2726; x_wconf 64' lang='lat' dir='ltr'>Deum,</span> 
     </span>
     <span class='ocr_line' id='line_1_44' title="bbox 288 2737 1858 2783; baseline 0 -13"><span class='ocrx_word' id='word_1_433' title='bbox 288 2748 407 2781; x_wconf 60' lang='lat' dir='ltr'>inagna</span> <span class='ocrx_word' id='word_1_434' title='bbox 430 2742 471 2771; x_wconf 65' lang='lat' dir='ltr'>ast</span> <span class='ocrx_word' id='word_1_435' title='bbox 494 2737 677 2777; x_wconf 48' lang='lat' dir='ltr'>lautitiam,-</span> <span class='ocrx_word' id='word_1_436' title='bbox 701 2737 967 2783; x_wconf 51' lang='lat' dir='ltr'>comp›wlnnderte</span> <span class='ocrx_word' id='word_1_437' title='bbox 989 2742 1095 2770; x_wconf 51' lang='lat' dir='ltr'>‹mir-m</span> <span class='ocrx_word' id='word_1_438' title='bbox 1118 2742 1160 2770; x_wconf 62' lang='grc' dir='ltr'><em>Μ</em></span> <span class='ocrx_word' id='word_1_439' title='bbox 1183 2737 1398 2782; x_wconf 60' lang='lat' dir='ltr'>inzpossslvz&#39;la;</span> <span class='ocrx_word' id='word_1_440' title='bbox 1420 2748 1507 2783; x_wconf 82' lang='lat' dir='ltr'>ergo</span> <span class='ocrx_word' id='word_1_441' title='bbox 1526 2738 1602 2771; x_wconf 90' lang='lat' dir='ltr'>sine</span> <span class='ocrx_word' id='word_1_442' title='bbox 1622 2737 1858 2783; x_wconf 90' lang='lat' dir='ltr'>comprehen-</span> 
     </span>
     <span class='ocr_line' id='line_1_45' title="bbox 287 2790 743 2838; baseline 0 -14"><span class='ocrx_word' id='word_1_443' title='bbox 287 2791 388 2824; x_wconf 81' lang='lat' dir='ltr'>sione</span> <span class='ocrx_word' id='word_1_444' title='bbox 411 2799 463 2824; x_wconf 84' lang='lat' dir='ltr'>est</span> <span class='ocrx_word' id='word_1_445' title='bbox 485 2790 681 2824; x_wconf 73' lang='lat' dir='ltr'>beatitudo.</span> <span class='ocrx_word' id='word_1_446' title='bbox 740 2834 743 2838; x_wconf 33' lang='grc' dir='ltr'><strong><em>Ι</em></strong></span> 
     </span>
    </p>

    <p class='ocr_par' dir='ltr' id='par_1_11' title="bbox 287 2843 1855 2944">
     <span class='ocr_line' id='line_1_46' title="bbox 359 2843 1855 2890; baseline 0 -12"><span class='ocrx_word' id='word_1_447' title='bbox 359 2854 388 2877; x_wconf 85' lang='lat'>2.</span> <span class='ocrx_word' id='word_1_448' title='bbox 412 2844 648 2878; x_wconf 38' lang='lat' dir='ltr'>Palm-rnna.</span> <span class='ocrx_word' id='word_1_449' title='bbox 673 2844 862 2878; x_wconf 84' lang='lat' dir='ltr'>Beatitudo</span> <span class='ocrx_word' id='word_1_450' title='bbox 895 2852 946 2878; x_wconf 86' lang='lat' dir='ltr'>est</span> <span class='ocrx_word' id='word_1_451' title='bbox 976 2843 1149 2890; x_wconf 84' lang='lat' dir='ltr'>perfectio</span> <span class='ocrx_word' id='word_1_452' title='bbox 1178 2844 1338 2878; x_wconf 86' lang='lat' dir='ltr'>hominis</span> <span class='ocrx_word' id='word_1_453' title='bbox 1369 2844 1570 2878; x_wconf 82' lang='lat' dir='ltr'>secundum</span> <span class='ocrx_word' id='word_1_454' title='bbox 1596 2843 1855 2879; x_wconf 74' lang='lat' dir='ltr'>intellectivam</span> 
     </span>
     <span class='ocr_line' id='line_1_47' title="bbox 287 2897 1855 2944; baseline 0.001 -13"><span class='ocrx_word' id='word_1_455' title='bbox 287 2905 437 2943; x_wconf 86' lang='lat' dir='ltr'>partem,</span> <span class='ocrx_word' id='word_1_456' title='bbox 460 2898 494 2931; x_wconf 86' lang='lat' dir='ltr'>in</span> <span class='ocrx_word' id='word_1_457' title='bbox 517 2909 586 2943; x_wconf 84' lang='lat' dir='ltr'>qua</span> <span class='ocrx_word' id='word_1_458' title='bbox 608 2909 681 2932; x_wconf 89' lang='lat' dir='ltr'>non</span> <span class='ocrx_word' id='word_1_459' title='bbox 704 2906 786 2932; x_wconf 88' lang='lat' dir='ltr'>sunt</span> <span class='ocrx_word' id='word_1_460' title='bbox 807 2897 897 2932; x_wconf 81' lang='lat' dir='ltr'>aliae</span> <span class='ocrx_word' id='word_1_461' title='bbox 919 2898 1114 2944; x_wconf 84' lang='lat' dir='ltr'>potentiae,</span> <span class='ocrx_word' id='word_1_462' title='bbox 1137 2909 1246 2944; x_wconf 83' lang='lat' dir='ltr'>quam</span> <span class='ocrx_word' id='word_1_463' title='bbox 1268 2897 1484 2940; x_wconf 84' lang='lat' dir='ltr'>intellectus,</span> <span class='ocrx_word' id='word_1_464' title='bbox 1507 2906 1541 2932; x_wconf 89' lang='lat' dir='ltr'>ct</span> <span class='ocrx_word' id='word_1_465' title='bbox 1561 2897 1742 2941; x_wconf 85' lang='lat' dir='ltr'>voluntas,</span> <span class='ocrx_word' id='word_1_466' title='bbox 1765 2906 1802 2933; x_wconf 91' lang='lat' dir='ltr'>ut</span> <span class='ocrx_word' id='word_1_467' title='bbox 1819 2899 1855 2933; x_wconf 90' lang='lat' dir='ltr'>in</span> 
     </span>
    </p>
   </div>
  </div>
 </body>
</html>
