1907 3198
500 192 725 228 QUAESTIO
759 191 876 222 XLVI.
910 191 1160 222 ARTICULUS
1194 191 1239 221 11.
1578 192 1660 236 325

77 275 136 311 vel
155 275 324 310 inhaeret
343 274 454 316 bono,
476 274 535 309 vel
553 273 686 321 refugit
703 273 864 317 malum3
887 281 922 309 et
942 273 1033 308 tales
1055 281 1178 308 motus
1199 282 1283 308 sunt
1300 274 1511 317 desiderium,
1533 283 1569 309 et
1581 282 1663 322 spes,

77 329 260 371 delectatio,
296 337 332 363 et
353 330 501 371 tristitia,
525 337 561 364 et
582 328 653 363 alia
679 328 903 375 hujusmodi.
930 328 1000 363 Per
1021 328 1177 362 modurn
1200 336 1322 363 autem
1351 328 1545 376 complexi,
1572 329 1666 364 sicut

78 395 164 419 cum
185 383 364 431 appetitus
385 382 498 418 fertur
518 383 554 417 in
577 384 649 418 hoc
672 383 770 430 quod
799 382 947 429 aliquod
973 382 1126 424 bonum,
1148 382 1207 416 vel
1227 381 1369 416 malum
1396 383 1492 425 insit,
1517 382 1578 418 vel
1604 383 1665 418 fiat

78 439 175 474 circa
196 437 364 480 alterum,
385 438 438 473 vel
458 437 642 472 tendendo
665 438 702 472 in
726 438 810 480 hoc,
841 437 893 472 vel
914 436 1130 483 refugiendo
1161 436 1204 471 ab
1235 436 1326 471 hoc:
1358 437 1452 472 sicut
1473 437 1664 472 manifeste

77 500 176 541 patet
195 492 232 527 in
253 504 380 534 amore,
404 500 439 526 et
461 492 555 527 odio:
579 503 747 527 amamus
763 492 862 526 enirn
885 490 1057 538 aliquem,
1072 491 1290 537 inquantum
1303 490 1476 526 volumus
1499 491 1533 526 ei
1546 491 1665 526 inesse

79 546 227 593 aliquod
248 546 405 582 bonum:
421 546 567 581 odimus
587 554 710 581 autern
727 545 898 593 aliquem,
913 546 1130 592 inquantum
1146 544 1320 580 volumus
1336 546 1368 580 ei
1383 545 1500 580 inesse
1516 545 1664 593 aliquod

77 600 229 636 malum.

149 655 195 690 Et
220 654 388 691 similiter
413 663 468 691 est
492 656 529 690 in
556 655 629 698 ira3
657 655 880 702 quicumque
910 655 1009 690 enim
1037 654 1218 697 irascitur,
1245 654 1387 701 quaerit
1414 654 1593 689 vindicari
1622 654 1666 688 de

79 709 214 757 aliquo,
236 717 272 745 et
292 709 344 745 sic
366 718 489 745 motus
515 710 590 745 irae
616 709 732 744 tendit
757 710 795 744 in
822 709 914 744 duo:
941 708 1082 744 scilicet
1106 709 1143 743 in
1169 709 1289 755 ipsam
1314 708 1527 751 vindictam,
1555 720 1665 755 quam

79 763 226 812 appetit,
248 771 284 799 et
301 762 432 811 sperat,
455 764 549 799 sicut
570 764 757 811 quoddam
784 764 948 807 bonum;
970 764 1066 798 unde
1089 772 1124 799 et
1146 763 1190 798 de
1211 763 1289 810 ipsa
1311 762 1530 798 delectatur:
1552 763 1668 798 tendit

79 819 191 854 etiam
210 819 249 853 in
270 818 388 862 illum,
410 820 454 854 de
477 831 550 866 quo
574 820 718 866 quaeris
740 819 954 861 vindictam,
982 819 1076 853 sicut
1097 819 1132 853 in
1161 818 1400 860 contrarium,
1423 826 1458 853 et
1478 818 1666 860 nocivum,

79 873 177 921 quod
200 873 355 921 pertinet
373 874 418 909 ad
440 874 622 909 rationem
638 874 738 909 mali.
761 874 824 909 Est
846 882 968 908 autem
983 874 1102 921 duplex
1117 872 1320 908 differentia
1336 872 1554 908 attendenda
1570 873 1666 908 circa

78 928 151 963 hoc
173 928 248 963 irae
271 927 315 963 ad
337 928 476 971 odium,
504 936 539 963 et
566 928 610 963 ad
638 939 822 963 amorem:
851 940 1006 976 quarum
1027 929 1143 975 prima
1165 935 1229 970 est,
1252 927 1350 974 quod
1377 927 1429 961 ira
1451 939 1596 974 semper
1617 938 1668 962 re-

79 982 185 1030 spicit
204 982 268 1017 duo
291 982 452 1029 objecta:
469 994 567 1017 amor
584 994 684 1025 vero,
708 991 743 1018 et
757 983 870 1018 odium
892 983 1112 1030 quandoque
1134 983 1334 1029 respiciunt
1347 993 1462 1016 unum
1481 982 1666 1028 objectum

78 1044 238 1080 tantum3
259 1036 354 1072 sicut
375 1048 460 1071 curn
482 1037 613 1072 dicitur
635 1037 765 1084 aliquis
793 1049 917 1071 amare
943 1037 1082 1079 vinum,
1111 1036 1170 1071 vel
1193 1036 1328 1083 aliquid
1355 1036 1579 1082 hujusmodi,
1607 1045 1668 1071 aut

79 1091 188 1126 etiam
213 1090 333 1126 odire:
355 1091 498 1126 secunda
525 1099 589 1133 est,
612 1091 697 1138 quia
724 1099 919 1138 utrumque
947 1092 1145 1137 objectum,
1173 1090 1269 1137 quod
1298 1090 1445 1137 respicit
1471 1102 1588 1133 amor,
1615 1099 1669 1125 est

78 1145 237 1180 bonum:
259 1144 337 1180 vult
358 1146 457 1180 enim
480 1157 608 1180 amans
630 1145 770 1180 bonum
802 1144 924 1188 alicui,
946 1154 1136 1192 tamquam
1159 1145 1226 1180 sibi
1249 1145 1494 1181 convenienti.
1517 1145 1668 1180 Utrum-

27 1195 30 1200 ’
79 1210 150 1247 que
171 1210 260 1234 vero
275 1211 417 1243 eorum,
440 1211 533 1247 quae
552 1200 700 1247 respicit
721 1200 860 1243 odium,
875 1200 986 1235 habet
1000 1200 1181 1235 rationem
1197 1199 1303 1234 mali:
1326 1199 1405 1234 vult
1425 1200 1524 1234 enim
1540 1200 1668 1234 odiens

78 1253 222 1288 malum
238 1253 358 1297 alicui,
372 1263 563 1302 tamquam
579 1254 725 1289 cuidam
740 1254 1034 1290 inconvenienti:
1048 1254 1111 1289 sed
1125 1254 1178 1288 ira
1193 1254 1340 1301 respicit
1353 1265 1467 1288 unum
1483 1254 1666 1300 objectum

48 1351 51 1354 Α
78 1308 282 1343 secundum
299 1309 481 1344 rationem
495 1308 594 1351 boni,
617 1308 757 1343 scilicet
769 1308 982 1351 vindictam,
999 1319 1110 1355 quam
1125 1308 1272 1355 appetit,
1295 1316 1331 1343 et
1345 1308 1443 1342 aliud
1464 1308 1667 1343 secundum

78 1362 260 1397 rationem
282 1362 382 1406 mali,
404 1362 545 1398 scilicet
565 1363 758 1398 hominem
776 1363 964 1405 nocivum,
979 1363 1023 1397 de
1045 1374 1118 1409 quo
1140 1362 1218 1397 vult
1238 1362 1434 1405 vindicari3
1456 1371 1491 1397 et
1511 1363 1595 1398 ideo
1615 1371 1669 1398 est

79 1416 200 1464 passio
221 1416 501 1464 quodammodo
524 1417 731 1464 composita
752 1428 795 1451 ex
818 1417 1010 1452 contrariis
1031 1416 1272 1464 passionibus.

151 1470 196 1506 Et
215 1482 281 1518 per
300 1471 373 1506 hoc
394 1479 494 1519 patet
514 1471 705 1519 responsio
727 1482 778 1506 AD
801 1481 980 1518 ossJEcTA.

641 1615 992 1661 ARTICULUS
1020 1615 1102 1660 111.
1597 1637 1664 1675 253

460 1724 616 1755 UTRUM
643 1725 716 1756 IRA
742 1725 810 1755 SIT
838 1726 884 1756 IN
911 1724 1284 1756 CONCUPISCIBILI.
1326 1707 1333 1712 a

310 1814 398 1860 (2-2.
421 1826 451 1861 q.
474 1814 543 1862 163.
565 1819 632 1850 art.
651 1827 679 1862 3.
702 1822 792 1863 corp.
815 1821 846 1851 et
862 1828 891 1863 3.
915 1816 1002 1851 Dist.
1026 1815 1082 1851 26.
1106 1827 1135 1862 q.
1158 1827 1186 1850 1.
1209 1819 1238 1850 et
1259 1826 1290 1850 2.
1314 1813 1432 1861 corp).

152 1904 214 1940 AD
236 1914 410 1940 TERTltJM
432 1904 483 1940 sic
505 1904 726 1951 proceditur.
748 1904 913 1947 Videtur,
936 1905 1035 1952 quod
1056 1905 1109 1940 ira
1131 1905 1177 1940 sit
1201 1905 1238 1939 in
1261 1903 1558 1951 concupiscibili:
1582 1902 1670 1938 dicit

80 1958 178 1993 enim
209 1957 354 1994 Tullius
382 1959 420 1993 in
447 1969 480 2002 4.
503 1959 548 1994 de
576 1958 727 1994 Tuscul.
757 1959 847 2001 QQ.
870 1960 1052 2006 (aliquant.
1082 1971 1102 1994 a
1126 1959 1256 2006 princ.)
1284 1959 1383 2005 quod
1411 1959 1466 1993 ira
1492 1963 1535 1993 est
1564 1957 1666 1993 libido

80 2013 262 2060 quaedam:
284 2013 347 2048 sed
369 2012 482 2048 libido
505 2021 560 2048 est
580 2014 617 2048 in
640 2014 941 2060 concupiscibili;
965 2025 1053 2060 ergo
1077 2022 1113 2049 et
1134 2014 1197 2048 ira.

152 2077 184 2103 2.
207 2067 447 2103 PRAETEREA.
469 2068 627 2114 August.
650 2068 738 2103 dicit
758 2069 795 2103 in
818 2068 960 2115 Regula
982 2069 1081 2115 quod
1104 2070 1158 2103 ira
1181 2069 1294 2103 crescit
1316 2069 1350 2102 in
1367 2067 1502 2109 odium;
1526 2075 1561 2102 et
1583 2065 1671 2101 Tul-

81 2121 150 2157 lius
171 2121 258 2157 dicit
277 2122 315 2156 in
337 2122 470 2157 eodem
491 2121 551 2157 lib.
575 2123 757 2168 (aliquant.
781 2134 801 2157 a
822 2124 950 2169 princ.)
975 2123 1072 2169 quod
1097 2123 1209 2157 odium
1232 2128 1275 2158 est
1296 2124 1350 2157 ira
1377 2124 1582 2157 inveterata:
1606 2122 1666 2156 sed

82 2176 208 2212 odium
227 2184 281 2212 est
300 2177 338 2210 in
360 2176 649 2224 concupiscibili,
671 2177 766 2211 sicut
788 2188 912 2219 amor;
935 2188 1024 2223 ergo
1046 2177 1099 2211 ira
1122 2185 1176 2211 est
1197 2177 1233 2211 in
1257 2175 1548 2223 concupiscibili.

156 2243 186 2279 3.
207 2231 448 2268 PRAETEREA.
475 2232 650 2267 Damasc.
680 2232 755 2275 (lib.
778 2243 809 2267 2.
835 2232 934 2267 Orth.
956 2231 1033 2267 Fid.
1067 2238 1140 2278 cap.
1167 2231 1238 2275 16.)
1267 2239 1302 2266 et
1331 2230 1442 2277 Greg.
1469 2231 1577 2277 Nyss.
1602 2229 1668 2274 (sea

82 2286 211 2323 Nemes.
230 2287 287 2322 lib.
309 2286 347 2322 de
364 2287 446 2323 Nat.
465 2287 570 2322 Hom.
591 2298 631 2321 ex
653 2293 724 2333 cap.
748 2286 817 2331 21.)
846 2286 982 2328 dicunt,
1009 2286 1107 2333 quod
1135 2288 1189 2320 ira
1212 2287 1426 2332 componitur
1452 2297 1490 2319 ex
1518 2285 1668 2327 tristitia,

82 2345 112 2376 ct
129 2341 309 2377 desiderio:
333 2341 396 2376 sed
418 2349 613 2388 utrumque
635 2341 771 2375 horum
794 2348 848 2376 est
876 2340 912 2374 in
936 2340 1234 2388 concupiscibili;
1262 2351 1350 2386 ergo
1373 2340 1426 2373 ira
1452 2347 1507 2374 est
1527 2339 1563 2373 in
1587 2350 1671 2374 con-

83 2395 294 2443 cupiscibili.

153 2449 228 2485 SED
251 2460 420 2486 CONTRA.
442 2449 508 2484 Vis
530 2448 826 2496 concupiscibilis
849 2457 903 2484 est
924 2448 995 2483 alia
1018 2449 1060 2483 ab
1089 2448 1274 2483 irascibili.
1303 2448 1342 2483 Si
1364 2448 1474 2494 igitur
1496 2447 1549 2482 ira
1576 2456 1671 2482 esset

82 2502 119 2538 in
141 2503 428 2551 concupiscibili,
446 2515 521 2538 non
544 2503 844 2538 denominaretur
866 2503 907 2537 ab
932 2515 974 2538 ea
989 2503 1043 2537 vis
1061 2502 1263 2538 irascibilis.

153 2557 386 2594 RESPONDEO
414 2557 623 2599 dicendum,
651 2557 761 2603 quod,
783 2557 877 2592 sicut
898 2569 1006 2604 supra
1033 2557 1172 2592 dictum
1200 2565 1253 2592 est
1275 2558 1320 2603 (q.
1344 2568 1392 2603 23.
1420 2561 1484 2590 art.
1512 2556 1570 2601 1.),
1594 2567 1671 2602 pas-

82 2611 203 2647 siones
224 2611 414 2647 irascibilis
436 2612 473 2646 in
491 2612 563 2646 hoc
587 2610 757 2646 differunt
779 2623 798 2646 a
821 2612 1051 2658 passionibus
1074 2610 1383 2658 concupiscibilis,
1406 2610 1503 2657 quod
1527 2610 1668 2655 objecta

83 2667 294 2713 passionum
317 2665 612 2712 concupiscibilis
638 2673 722 2700 sunt
747 2666 898 2708 bonum,
925 2674 960 2700 et
986 2662 1131 2700 malum'
1156 2665 1337 2700 absolute:
1369 2665 1511 2709 objecta
1547 2672 1668 2698 autem

83 2720 294 2767 passionum
315 2720 506 2755 irascibilis
529 2727 612 2754 sunt
632 2720 783 2761 bonum,
807 2728 841 2754 et
862 2720 1002 2754 malum
1026 2731 1111 2754 cum
1135 2720 1294 2766 quadam
1317 2718 1534 2760 elevatione,
1563 2726 1598 2752 et
1619 2730 1671 2752 ar-

85 2773 240 2809 duitate:
264 2775 403 2810 dictum
421 2783 475 2809 est
490 2782 612 2808 autem
630 2774 711 2818 (art.
730 2776 876 2821 praec),
893 2775 991 2821 quod
1011 2774 1063 2808 ira
1082 2774 1228 2820 respicit
1242 2774 1305 2807 duo
1325 2773 1487 2817 objecta:
1509 2772 1669 2807 scilicet:

83 2828 280 2871 vindictam,
300 2840 411 2876 quam
434 2828 588 2875 appetit3
612 2836 647 2862 et
667 2841 740 2863 cum
760 2828 804 2863 de
823 2840 895 2875 quo
910 2829 1110 2863 vindictam
1126 2829 1277 2875 quaerit,
1301 2836 1335 2862 et
1357 2828 1452 2861 circa
1475 2835 1669 2873 utrumque

86 2882 282 2928 quamdam
305 2883 522 2918 arduitatem
543 2883 596 2916 ira
618 2883 783 2929 requirit:
807 2894 882 2917 non
905 2883 1003 2918 enim
1027 2883 1181 2929 insurgit
1204 2890 1326 2916 motus
1348 2882 1434 2923 irae,
1456 2881 1526 2915 nisi
1547 2880 1668 2928 aliqua

87 2937 337 2984 magnitudine
370 2937 466 2971 circa
501 2944 694 2983 utrumque
730 2937 916 2980 existente,
950 2948 1204 2984 quaecumque
1237 2936 1335 2970 enim
1368 2934 1460 2970 nihil
1486 2943 1580 2978 sunt,
1608 2943 1669 2970 aut

232 3020 260 3048 S.
281 3020 404 3048 Tamus
425 3021 531 3048 Summa
557 3019 720 3056 Theologica.
743 3020 808 3047 Vol.
831 3020 869 3048 11.
1488 3027 1521 3046 22
