1907 3198
495 203 719 239 QUAESTIO
754 203 854 233 LVII.
888 202 1136 232 ARTICULUS
1169 202 1212 231 Il.
1560 203 1640 246 393

142 298 170 333 3.
193 286 432 322 PRAETEREA.
460 285 584 321 Virtus
607 284 861 321 intellectualis
883 284 1024 327 dicitur,
1047 295 1138 331 quae
1161 291 1215 318 est
1237 283 1273 318 in
1295 283 1375 330 ipso
1395 282 1563 318 rationali
1585 295 1648 331 per

63 341 286 377 essentiam:
315 341 377 376 sed
406 340 497 375 ratio
527 341 637 375 etiam
667 339 889 386 speculativa
920 339 1013 374 sicut
1040 338 1276 373 ratiocinatur
1307 337 1560 384 syllogizando
1591 337 1649 372 de-

65 395 315 438 monstrative,
330 395 379 430 ita
395 395 505 430 etiam
522 395 758 429 ratiocinatur
773 393 1025 441 syllogizando
1041 392 1249 427 dialectice:
1274 403 1361 438 ergo
1378 392 1470 427 sicut
1484 391 1647 432 scientia,

66 460 159 496 quae
181 457 349 484 causatur
371 460 413 484 ex
436 448 654 496 syllogismo
679 448 978 490 demonstrativo,
1000 448 1147 494 ponitur
1165 446 1277 481 virtus
1295 445 1552 481 intellectualis
1571 457 1647 493 spe-

65 502 233 546 culativa,
254 503 305 538 ita
326 503 437 538 etiam
461 511 495 538 et
518 503 654 549 opinio.

136 556 212 593 SED
240 567 397 593 CONTRA
420 564 483 599 est,
507 557 604 604 quod
628 557 764 591 Philos.
788 555 820 591 6.
843 555 960 590 Ethic.
983 557 1071 603 (cap.
1092 567 1119 602 3.
1143 555 1175 590 6.
1199 560 1227 590 et
1249 555 1295 602 7.)
1320 553 1422 601 ponit
1440 554 1506 589 has
1525 553 1646 589 solum

64 615 128 647 tres
147 611 297 647 virtutes
318 610 584 646 intellectuales
612 610 865 658 speculativas,
885 609 1040 645 scilicet:
1062 611 1274 657 sapientiam,
1290 609 1475 652 scientiam,
1500 616 1534 643 et
1557 609 1647 643 intel-

63 665 192 701 lectum.

134 719 366 756 RESPONDEO
390 719 599 762 dicendum,
622 719 732 766 quod,
755 720 845 753 sicut
873 730 979 766 supra
1007 718 1144 753 dictum
1172 725 1225 752 est
1253 717 1334 762 (art.
1358 718 1504 764 priten),
1532 717 1646 752 virtus

60 772 318 809 intellectualis
340 773 564 821 speculativa
587 782 651 815 est,
674 785 737 820 per
760 785 870 820 quam
893 772 1096 807 intellectus
1123 771 1367 819 speculativus
1395 771 1578 819 perficitur
1601 771 1645 806 ad

62 827 370 863 considerandum
391 839 543 863 verum:
575 828 646 862 hoc
678 827 776 862 enim
804 835 856 862 est
886 827 1024 862 bonum
1053 838 1144 874 opus
1172 827 1259 872 ejus.
1287 825 1426 861 Verum
1450 834 1570 860 autem
1594 833 1647 860 est

5 880 11 889 “
60 881 237 929 dupliciter
259 881 544 917 considerabile:
569 894 633 916 uno
650 881 744 916 modo
760 881 852 916 sicut
866 893 929 928 per
944 892 981 916 se
997 890 1144 916 notum:
1168 881 1234 915 alio
1250 880 1344 915 modo
1360 880 1452 915 sicut
1470 891 1533 926 per
1548 879 1644 914 aliud

60 943 202 980 notum,
224 930 322 984 qu‘od
345 944 470 971 autem
493 944 546 971 est
567 947 630 983 per
652 947 690 970 se
712 943 854 978 notum,
879 947 916 970 se
939 935 1049 970 habet
1070 944 1109 970 ut
1130 934 1362 982 principium,
1390 942 1423 970 et
1451 935 1646 981 percipitur

60 989 184 1026 statim
206 990 249 1025 ab
271 989 472 1033 intellectu,
495 998 530 1025 et
552 990 635 1025 ideo
655 990 798 1024 habitus
822 989 1011 1037 perficiens
1031 989 1257 1024 intellectum
1278 990 1320 1023 ad
1340 989 1552 1035 hujusmodi
1570 988 1647 1023 veri

61 1043 396 1080 considerationem
426 1052 580 1079 vocatur
613 1043 830 1086 intellectus,
853 1044 915 1090 qui
945 1052 998 1078 est
1028 1043 1171 1078 habitus
1201 1043 1475 1090 principiorum.
1506 1042 1646 1078 Verum

61 1106 196 1142 autem,
210 1099 308 1146 quod
330 1106 384 1134 est
405 1109 469 1146 per
492 1097 588 1133 aliud
611 1106 752 1140 notum,
768 1109 844 1132 non
867 1098 989 1132 statim
1008 1098 1204 1145 percipitur
1223 1097 1264 1132 ab
1285 1097 1482 1140 intellectu,
1504 1096 1565 1132 sed
1586 1109 1648 1144 per

59 1153 333 1200 inquisitionem
354 1153 528 1195 rationis;
551 1160 586 1187 et
607 1164 644 1187 se
667 1152 777 1186 habet
799 1152 835 1186 in
858 1153 1001 1187 ratione
1023 1152 1180 1186 termini.
1214 1151 1326 1193 Quod
1354 1152 1502 1198 quidem
1525 1160 1646 1198 potest

60 1218 139 1242 esse
161 1206 370 1254 dupliciter:
390 1218 455 1241 uno
477 1206 586 1248 modo,
611 1214 649 1240 ut
670 1206 715 1241 sit
738 1205 911 1240 ultimum
934 1206 969 1240 in
992 1205 1114 1252 aliquo
1138 1217 1291 1252 genere:
1320 1206 1386 1240 alio
1409 1206 1517 1248 modo,
1541 1214 1579 1240 ut
1600 1206 1644 1240 sit

61 1259 232 1296 ultimum
253 1268 420 1308 respectu
438 1260 549 1295 totius
569 1260 790 1307 cognitionis
817 1260 1020 1302 humanae3
1040 1268 1074 1294 et
1089 1259 1172 1306 quia
1187 1271 1241 1302 ea,
1257 1271 1349 1306 quae
1365 1268 1447 1294 sunt
1466 1260 1645 1306 posterius

0 1324 7 1326 ·
61 1322 149 1350 nota
160 1315 291 1362 quoad
311 1325 392 1358 nos,
414 1323 498 1349 sunt
518 1314 651 1361 priora,
674 1322 708 1348 et
730 1314 848 1360 magis
870 1322 958 1348 nota
980 1314 1184 1348 secundum
1205 1322 1386 1356 naturam,
1406 1322 1444 1348 ut
1462 1314 1592 1349 dicitur
1610 1314 1646 1348 in

60 1368 180 1416 primo
201 1368 348 1416 Physic.
371 1369 451 1414 (tex.
474 1380 507 1405 2.
528 1373 566 1404 et.
586 1369 647 1415 3.);
675 1368 758 1402 ideo
782 1368 828 1410 id,
852 1368 949 1414 quod
978 1376 1032 1402 est
1058 1367 1228 1402 ultimum
1255 1376 1422 1415 respectu
1449 1369 1560 1403 totius
1589 1379 1647 1402 co-

60 1422 234 1470 gnitionis
256 1422 451 1465 humanae,
475 1430 529 1457 est
550 1422 597 1465 id,
620 1422 717 1469 quod
741 1430 795 1456 est
816 1423 987 1469 primum,
1008 1430 1043 1456 et
1061 1422 1219 1456 maxime
1239 1422 1501 1468 cognoscibile,
1522 1434 1647 1457 secun-

60 1476 148 1512 dum
169 1484 349 1511 naturam.
376 1475 422 1511 Et
448 1476 544 1510 circa
571 1476 784 1522 hujusmodi
811 1483 864 1511 est
890 1476 1079 1523 sapientia,
1101 1487 1193 1522 quae
1217 1476 1424 1511 considerat
1451 1476 1646 1511 altissimas

60 1541 200 1574 causas,
221 1538 260 1565 ut
280 1530 411 1565 dicitur
432 1530 468 1566 in
495 1541 522 1565 1.
547 1530 707 1577 Metaph.
728 1531 821 1578 (cap.
844 1543 872 1566 Ι.
894 1535 924 1565 et
950 1530 1023 1575 2.);
1044 1530 1140 1564 unde
1160 1530 1422 1565 convenienter
1443 1531 1591 1576 judicat,
1612 1539 1646 1565 et

59 1584 204 1620 ordinat
216 1584 261 1619 de
276 1584 466 1619 omnibus:
491 1584 574 1632 quia
589 1584 767 1630 judicium
782 1583 998 1631 perfectum,
1015 1593 1050 1619 et
1064 1584 1268 1619 universale
1284 1584 1410 1619 haberi
1424 1596 1498 1619 non
1514 1592 1645 1632 potest,

59 1638 128 1674 nisi
148 1649 212 1686 per
233 1637 498 1674 resolutionem
521 1638 565 1673 ad
588 1638 723 1685 primas
740 1648 889 1682 causas;
913 1638 956 1672 ad
976 1638 1011 1672 id
1025 1649 1124 1681 vero,
1140 1638 1238 1685 quod
1255 1646 1308 1673 est
1323 1638 1494 1673 ultimum
1509 1639 1544 1673 in
1560 1639 1645 1681 hoc,

58 1691 118 1728 vel
137 1692 175 1727 in
195 1691 260 1728 illo
292 1703 426 1740 genere
453 1692 774 1740 cognoscibiliurn,
802 1692 941 1740 perficit
968 1692 1197 1727 intellectum
1225 1692 1395 1728 scientia:
1424 1701 1457 1727 et
1484 1693 1567 1728 ideo
1596 1705 1647 1728 se-

59 1746 220 1782 cundum
233 1747 375 1782 diversa
390 1758 524 1794 genera
539 1746 722 1782 scibilium
737 1756 820 1783 sunt
833 1747 965 1782 diversi
979 1747 1123 1782 habitus
1141 1747 1377 1782 scientiarum
1390 1760 1397 1790 3
1418 1759 1502 1782 cum
1522 1756 1645 1783 tamen

59 1800 235 1849 sapientia
256 1811 331 1836 non
353 1801 400 1836 sit
420 1801 490 1836 nisi
513 1813 596 1836 una.

130 1854 192 1890 AD
202 1865 353 1891 PR1MUM
364 1866 452 1902 ergo
464 1854 673 1898 dicendum,
685 1855 782 1902 quod
799 1855 976 1902 sapientia
992 1863 1044 1897 est
1059 1855 1240 1902 quaedam
1256 1855 1418 1898 scientia,
1430 1856 1647 1902 inquantum

11 1919 13 1927 ’
58 1908 170 1945 habet
188 1909 236 1952 id,
259 1909 357 1956 quod
379 1917 434 1944 est
456 1920 655 1945 commune
677 1910 848 1945 omnibus
871 1910 1043 1952 scientiis,
1067 1918 1105 1944 ut
1124 1909 1264 1945 scilicet
1286 1922 1328 1945 ex
1352 1910 1537 1957 principiis
1561 1921 1647 1944 con-

59 1962 242 1999 clusiones
264 1963 510 1999 demonstret:
534 1963 596 1999 sed
618 1964 702 2011 quia
725 1964 834 1999 habet
857 1964 992 2011 aliquid
1014 1964 1203 2011 proprium
1223 1975 1329 2010 supra
1350 1963 1438 1999 alias
1461 1964 1642 2007 scientias,

58 2017 277 2065 inquantum
306 2017 447 2053 scilicet
468 2018 512 2053 de
535 2018 705 2053 omnibus
733 2018 880 2064 judicat,
904 2026 938 2053 et
968 2029 1042 2053 non
1073 2017 1195 2052 solum
1221 2026 1398 2065 quantum
1429 2018 1472 2052 ad
1502 2018 1648 2053 conclu-

12 2078 22 2090 '·
60 2071 195 2115 siones,
210 2071 272 2107 sed
288 2072 398 2107 etiam
414 2079 591 2120 quantum
607 2073 650 2107 ad
666 2072 784 2120 prima
798 2072 990 2120 principia3
1004 2072 1086 2107 ideo
1101 2073 1212 2107 habet
1226 2073 1406 2107 rationem
1421 2072 1647 2120 perfectioris

35 2125 212 2174 3virtutis,
234 2137 346 2173 quam
368 2126 530 2162 scientia.

20 2174 34 2216 3-
130 2179 192 2216 AD
213 2190 423 2216 SECUNDUM
445 2180 652 2224 dicendum,
673 2180 770 2228 quod
790 2181 936 2228 quando
957 2181 1048 2215 ratio
1068 2181 1201 2227 objecti
1215 2181 1280 2215 sub
1297 2192 1371 2216 uno
1392 2190 1474 2216 actu
1491 2180 1644 2216 refertur

17 2220 107 2276 {ad
127 2234 342 2282 potentiam,
374 2234 434 2270 vel
462 2235 640 2277 habitum,
674 2243 759 2270 tunc
790 2246 865 2270 non
897 2235 1166 2282 distinguuntur
1192 2235 1348 2278 habitus,
1375 2235 1433 2270 vel
1461 2236 1645 2283 potentiae

34 2297 172 2336 ‹⁴-penes
193 2288 372 2324 rationem
395 2289 540 2336 objecti,
563 2297 598 2324 et
619 2289 804 2335 objectum
833 2289 1043 2324 materiale:
1072 2289 1164 2324 sicut
1187 2289 1230 2324 ad
1251 2289 1419 2324 eamdem
1444 2290 1647 2337 potentiam

54 2341 216 2378 *visivam
237 2343 390 2391 pertinet
410 2343 532 2378 videre
556 2343 733 2387 colorem,
761 2352 796 2378 et
822 2343 960 2388 lumen,
983 2344 1080 2391 quod
1103 2353 1157 2379 est
1182 2344 1274 2379 ratio
1296 2344 1443 2379 videndi
1471 2345 1648 2387 colorem,

16 2399 19 2403 '
63 2402 99 2432 et
118 2396 229 2432 simul
250 2408 335 2432 curn
356 2398 436 2445 ipso
463 2398 615 2433 videtur.
642 2398 825 2445 Principia
852 2410 939 2433 vero
963 2398 1286 2433 demonstrationis
1309 2406 1459 2446 possunt
1482 2411 1647 2434 seorsum

26 2446 29 2450 ’
63 2450 298 2495 considerari,
329 2451 463 2499 absque
493 2451 565 2487 hoc
601 2451 698 2499 quod
733 2452 1011 2488 considerentur
1042 2452 1320 2488 conclusiones:
1357 2462 1510 2500 possunt
1537 2454 1646 2488 etiam

29 2466 286 2562 {considerari
308 2505 419 2540 simul
441 2517 525 2540 cum
548 2505 857 2550 conclusionibus,
880 2515 988 2554 prout
1008 2507 1184 2555 principia
1207 2507 1243 2542 in
1263 2507 1520 2542 conclusiones
1543 2508 1651 2542 dedu-

24 2548 210 2623 }ffiuntur:
233 2559 465 2595 considerare
485 2572 572 2607 ergo
595 2560 667 2595 hoc
691 2561 853 2596 secundo
881 2561 994 2596 modo
1018 2562 1193 2609 principia
1215 2562 1370 2609 pertinet
1393 2563 1436 2596 ati
1459 2562 1649 2597 scientiam

20 2622 156 2660 .=quae
190 2613 398 2649 considerat
424 2614 848 2658 etiam·conclusi0nes;
883 2615 944 2650 sed
979 2616 1210 2651 considerare
1246 2616 1421 2663 principia
1449 2617 1649 2651 secundum

48 2665 194 2718 '3ipsa,
223 2668 379 2715 pertinet
409 2668 452 2703 ad
483 2668 731 2711 intellectum;
754 2669 848 2704 unde
867 2670 896 2704 si
919 2670 998 2717 quis
1021 2678 1118 2705 recte
1141 2671 1358 2712 consideret,
1382 2672 1470 2705 istae
1492 2679 1563 2705 tres
1585 2671 1652 2705 vir-

54 2726 85 2762 ⁴,ss-
104 2726 158 2756 tes
182 2732 258 2756 non
285 2733 328 2757 ex
355 2733 473 2770 aequo
504 2722 749 2769 distiguuntur
781 2723 822 2758 ab
851 2723 1022 2767 invicem,
1045 2724 1106 2759 sed
1130 2725 1256 2759 ordine
1277 2725 1458 2771 quotlam3
1482 2725 1575 2759 sicut
1597 2737 1652 2760 ac-

41 2787 50 2796 ·
74 2771 152 2808 ε’νιίἰτ
171 2773 209 2809 in
226 2775 312 2811 totis
333 2775 605 2824 potentialibus,
620 2788 776 2823 quorum
793 2789 863 2812 una
880 2789 961 2824 pars
984 2787 1037 2813 est
1059 2777 1252 2825 perfectior
1269 2778 1379 2813 altera
1393 2791 1400 2820 ;
1416 2779 1508 2813 sicut
1530 2779 1651 2814 anima

57 2827 96 2874 '1
106 2826 252 2864 tionalis
275 2837 329 2865 est
349 2829 556 2877 perfectior,
579 2842 689 2878 quam
710 2831 901 2874 sensibilis,
925 2841 959 2867 et
981 2832 1172 2875 sensibilis,
1195 2844 1304 2879 quam
1327 2832 1557 2878 vegetabili53
1579 2833 1651 2868 hoc

58 2891 62 2897 “
116 2881 125 2890 “
188 2883 302 2920 modo
320 2885 473 2921 scientia
495 2885 676 2933 dependet
694 2886 736 2920 ab
756 2885 954 2929 intellectu,
973 2887 1066 2921 sicut
1085 2898 1104 2920 a
1119 2886 1384 2934 principaliori:
1406 2895 1440 2922 ct
1459 2894 1652 2934 utrumque

41 2935 245 2984 &ependet
267 2949 287 2974 a
307 2939 496 2987 sapientia,
518 2939 610 2975 sicut
633 2951 651 2974 a
670 2940 990 2988 principalissimo‚
1013 2952 1105 2988 quac
1128 2941 1192 2976 sub
1215 2952 1252 2976 sc·
1276 2940 1438 2976 continet
1461 2949 1495 2976 et
1516 2941 1654 2977 intelle-
