1907 3198
490 197 714 234 QUAEsno
748 197 911 227 Lxxvn.
944 195 1192 226 Aru-[cutus
1226 195 1287 225 111.
1592 195 1674 237 559

99 281 311 325 infirmitates
331 281 521 323 dicuntur3
543 291 632 326 ergo
655 287 861 326 peccatum,
882 278 981 326 quod
1004 286 1058 313 est
1079 288 1121 312 ex
1143 277 1325 324 passione,
1344 276 1450 311 debet
1471 276 1543 310 dici
1565 287 1606 310 ex
1629 276 1677 310 in·

99 334 294 371 firmitate.-

170 387 403 424 Responono
424 387 632 428 dicendum,
655 386 752 433 quod
775 397 884 420 causa
906 385 1048 432 peccati
1075 384 1219 432 propria
1242 392 1296 418 est
1322 395 1364 418 ex
1390 391 1491 430 parte
1519 383 1676 425 animae,

98 442 137 477 in
157 452 229 489 qua
250 440 497 489 principaliter
522 449 576 475 est
597 448 809 487 peccatum:
832 448 952 486 potest
973 447 1096 474 autem
1122 438 1193 472 dici
1216 437 1406 472 infirmitas
1427 437 1464 471 in
1483 437 1606 471 anima
1633 437 1676 471 ad

99 494 375 531 similitudinem
397 494 615 529 infirmitatis
637 494 814 540 corporis.
836 493 980 528 Dicitur
1001 501 1122 527 autern
1146 503 1278 539 corpus
1300 491 1461 526 hominis
1483 502 1562 526 esse
1584 490 1678 525 infir-

101 560 219 591 mum,
239 548 386 596 quando
408 547 626 590 debilitatur,
652 547 711 582 vel
731 547 927 594 impeditur
954 547 989 581 in
1017 546 1232 581 executione
1259 545 1427 592 propriae
1453 545 1677 591 operationis

99 610 247 650 propter
267 601 427 648 aliquam
450 601 759 636 inordinationem
775 602 931 647 partium
947 599 1127 647 corporis:
1151 599 1199 634 ita
1214 598 1354 634 scilicet
1372 598 1470 645 quod
1490 598 1676 641 humores,

99 664 137 692 et
152 656 319 691 membra
336 655 498 691 hominis
515 666 591 690 non
606 655 804 690 subdantur
817 655 939 689 virtuti
955 654 1140 701 regitivae,
1155 662 1190 688 et
1205 653 1365 688 motivae
1380 652 1563 699 corporis;
1582 652 1677 686 unde

99 718 136 746 et
156 709 363 745 membrum
386 709 518 744 dicitur
539 720 617 744 esse
631 708 831 750 infirmum,
846 708 993 755 quando
1011 719 1085 743 non
1100 715 1220 754 potest
1234 706 1409 754 perficere
1425 706 1676 752 operationem

99 764 254 799 membri
267 764 365 806 sani;
387 763 482 798 sicut
498 762 640 805 oculus,
661 763 808 809 quando
823 774 898 797 non
914 770 1033 809 potest
1047 761 1143 797 clare
1157 762 1292 803 videre,
1307 769 1347 795 ut
1360 760 1447 794 dicit
1460 759 1676 806 Philosoph.

99 818 136 853 in
162 828 215 853 ιο.
237 817 282 852 de
302 817 474 852 Historiis
497 817 713 852 animalium
735 817 826 864 (cap.
846 829 873 852 r.
896 818 957 852 cir.
971 817 1124 864 princ.);
1148 815 1243 850 unde
1266 823 1302 850 et
1319 814 1509 849 infirmitas
1532 814 1676 848 animae

100 871 244 914 dicitur,
265 871 413 918 quando
433 871 631 918 impeditur
653 871 775 905 anima
797 871 833 904 in
856 871 1001 917 propria
1029 870 1243 917 operatione
1269 877 1418 916 propter
1443 868 1679 903 inordinatio-

98 936 185 960 nem
206 925 363 972 partium
386 925 516 973 ipsius:
540 925 634 960 sicut
655 934 776 960 autern
799 934 919 972 partes
946 925 1110 971 corporis
1137 924 1306 959 dicuntur
1331 934 1410 958 esse
1436 922 1676 964 inordinatae,

99 979 247 1027 quando
266 990 342 1014 non
364 987 564 1026 sequuntur
585 979 753 1013 ordinem
774 987 943 1013 naturae:
965 979 1015 1013 ita
1037 987 1072 1013 et
1094 986 1213 1024 partes
1235 978 1380 1012 animae
1402 977 1572 1011 dicuntur
1598 987 1676 1011 esse

99 1033 340 1075 inordinatae,
361 1033 508 1080 quando
530 1044 605 1067 non
628 1033 829 1068 subduntur
843 1033 962 1067 ordini
976 1032 1146 1075 rationis;
1161 1032 1254 1067 ratio
1268 1032 1367 1066 enim
1383 1040 1436 1066 est
1453 1031 1507 1066 vis
1525 1030 1677 1076 regitiva

99 1086 258 1134 partium
279 1087 442 1129 animae;
463 1087 514 1122 sic
538 1097 626 1132 ergo
649 1087 796 1133 quando
819 1095 918 1121 extra
940 1086 1108 1121 ordinem
1130 1086 1282 1121 rationis
1299 1086 1353 1120 vis
1369 1083 1676 1132 concupiscibilis,

99 1148 162 1176 aut
181 1139 372 1176 irascibilis
395 1139 515 1187 aliqua
543 1140 712 1188 passione
735 1139 900 1182 afficitur,
922 1148 957 1174 et
979 1151 1042 1187 per
1055 1140 1126 1174 hoc
1149 1139 1456 1186 impedimentum
1476 1146 1678 1185 praestatur

99 1194 215 1230 modo
235 1194 422 1242 praedicto
445 1194 587 1229 debitae
609 1194 745 1229 actioni
771 1194 945 1236 hominis,
975 1194 1107 1228 dicitur
1137 1201 1328 1240 peccatum
1359 1204 1436 1228 esse
1463 1204 1506 1228 ex
1532 1191 1679 1226 infirmi-

98 1256 194 1292 tate;
213 1248 311 1284 unde
331 1257 368 1284 et
388 1248 527 1283 Philos.
549 1249 584 1283 in
608 1260 639 1295 7.
658 1248 776 1283 Ethic.
800 1247 890 1296 (cap.
905 1249 936 1284 8.
953 1248 1153 1295 cinprinc.)
1176 1255 1366 1294 comparat
1387 1246 1676 1281 incontinentem

100 1302 316 1350 paralytico,
337 1303 440 1349 cujus
461 1310 581 1350 partes
602 1310 797 1337 moventur
823 1302 859 1336 in
887 1302 1112 1336 contrarium
1134 1302 1210 1347 ejus
1232 1301 1330 1347 quod
1353 1301 1429 1347 ipse
1451 1300 1622 1346 disponit.

173 1357 235 1392 AD
252 1367 403 1392 anuu
424 1367 513 1403 ergo
535 1357 744 1399 dicendum,
766 1356 864 1403 quod
879 1356 972 1391 sicut
985 1364 1122 1403 quanto
1137 1355 1245 1390 fuerit
1258 1364 1382 1390 motus
1403 1355 1533 1390 fortior
1550 1355 1586 1389 in
1602 1367 1678 1390 cor-

100 1420 191 1457 pore
211 1418 355 1457 praeter
374 1410 543 1446 ordinem
563 1418 726 1453 naturae,
748 1418 850 1444 tanto
873 1418 926 1444 est
947 1411 1067 1455 major
1095 1409 1306 1452 infirmitas;
1328 1409 1377 1444 ita
1404 1417 1541 1456 quanto
1571 1409 1678 1444 fuerit

101 1471 224 1498 motus
244 1462 374 1498 fortior
393 1463 574 1510 passionis
599 1472 742 1511 praeter
763 1463 932 1498 ordinem
954 1463 1116 1506 rationis,
1139 1471 1241 1498 tanto
1264 1471 1319 1498 est
1344 1464 1463 1510 major
1487 1463 1677 1498 infirmitas

100 1527 255 1552 ammae.

170 1571 232 1607 AD
258 1581 468 1607 SECUNDUM
494 1571 702 1614 dicendum,
729 1571 827 1618 quod
850 1580 1043 1619 peccatum
1066 1571 1314 1619 principaliter
1340 1572 1506 1606 consistit
1531 1572 1567 1606 in
1595 1579 1677 1606 actu

100 1623 310 1667 voluntatis,
331 1625 393 1672 qui
413 1636 489 1660 non
510 1625 707 1673 impeditur
728 1637 792 1672 per
810 1626 974 1672 corporis
997 1625 1264 1660 infirmitatem:
1284 1634 1405 1672 potest
1422 1625 1521 1660 enim
1544 1625 1604 1672 qui
1623 1633 1678 1659 est

104 1689 259 1726 corpore
280 1678 458 1722 infirmus,
479 1688 688 1726 promptam
702 1679 836 1714 habere
851 1679 1079 1714 voluntatem
1099 1679 1143 1714 ad
1167 1679 1301 1726 aliquid
1317 1679 1546 1714 faciendum:
1569 1679 1679 1726 impe-

100 1732 195 1767 ditur
209 1740 331 1768 autem
340 1744 405 1780 per
414 1733 636 1780 passionem,
649 1742 687 1768 ut
701 1745 807 1780 supra
823 1734 960 1768 dictum
977 1742 1030 1768 est
1040 1734 1125 1779 (art.
1137 1746 1163 1769 I.
1173 1734 1242 1780 huj.
1252 1735 1325 1780 q.),·
1342 1734 1436 1768 unde
1452 1745 1537 1768 cum
1548 1733 1679 1768 dicitur

100 1794 294 1834 peccatum
315 1798 394 1822 esse
416 1798 459 1821 ex
480 1786 701 1830 infirmitate,
724 1788 842 1833 magis
869 1795 923 1822 est
949 1786 1178 1822 referendum
1193 1787 1237 1822 ad
1252 1787 1502 1822 infirmitatem
1522 1787 1678 1829 animae,

99 1851 210 1887 quam
233 1840 277 1875 ad
295 1839 545 1876 infirmitatem
574 1841 757 1888 corporis:
781 1841 912 1876 dicitur
939 1849 1062 1876 tamen
1089 1841 1200 1876 etiam
1222 1842 1299 1888 ipsa
1324 1841 1515 1877 infirmitas
1535 1841 1678 1876 animae

99 1893 289 1929 infirmitas
307 1894 436 1937 carnis,
453 1894 668 1941 inquantum
683 1907 726 1930 ex
742 1895 953 1930 conditione
972 1895 1090 1930 carnis
1111 1895 1298 1942 passiones
1322 1895 1466 1930 animae
1489 1895 1679 1942 insurgunt

99 1947 136 1982 in
157 1947 280 1990 nobis3
301 1958 346 1982 eo
367 1948 466 1995 quod
489 1948 668 1995 appetitus
690 1948 882 1983 sensitivus
904 1957 958 1983 est
979 1949 1092 1984 virtus
1114 1958 1219 1984 utens
1242 1961 1383 1996 organo
1407 1949 1601 1996 corporali.

171 2002 233 2036 AD
251 2011 424 2037 'rx-:R'rmM
446 2001 654 2044 dicendum,
677 2002 775 2049 quod
794 2003 830 2037 in
850 2011 1028 2050 potestate
1047 2003 1195 2050 quidem
1213 2003 1412 2038 voluntatis
1434 2012 1487 2038 est
1502 2004 1678 2046 assentiri,

99 2054 160 2090 vel
179 2066 255 2090 non
277 2056 443 2091 assentiri
460 2056 529 2099 his,
550 2056 586 2091 in
604 2068 697 2103 quae
712 2057 832 2104 passio
851 2057 1022 2100 inclinat;
1043 2066 1078 2093 et
1100 2069 1165 2105 pro
1187 2067 1289 2093 tanto
1317 2058 1448 2093 dicitur
1469 2067 1593 2094 noster
1618 2070 1679 2106 ap·

100 2109 233 2156 petitus
252 2109 319 2144 sub
340 2110 446 2145 nobis
467 2121 563 2145 esse:
586 2111 648 2145 sed
675 2118 799 2145 tamen
822 2111 886 2146 iste
910 2123 1089 2154 assensus,
1108 2111 1166 2146 vel
1188 2112 1370 2146 dissensus
1391 2111 1590 2148 voluntatis
1615 2113 1680 2147 im-

101 2163 244 2210 peditur
262 2174 328 2211 per
348 2164 569 2211 passionem,
592 2165 705 2199 modo
728 2165 914 2211 praedicto
936 2166 988 2211 (in
1011 2172 1101 2213 corp,
1124 2171 1188 2201 art.
1209 2171 1240 2201 et
1260 2171 1325 2202 art.
1347 2179 1374 2202 r.
1397 2167 1467 2213 huj.
1486 2167 1547 2214 q.).

676 2306 1022 2352 ARTICULUS
1063 2308 1138 2352 IV.
1609 2322 1677 2364 418

304 2414 459 2445 υτκυΜ
484 2415 608 2445 AMOR
635 2415 702 2445 sut
731 2416 799 2446 sir
827 2416 1081 2447 pmncnnun
1107 2417 1240 2448 omns
1270 2417 1472 2448 Pacem-1.

495 2503 600 2550 (Insr.
623 2509 687 2538 art.
707 2516 736 2550 5.
757 2510 847 2551 corp.
869 2510 898 2540 et
918 2517 948 2552 q.
971 2506 1027 2550 84.
1050 2511 1115 2540 art.
1139 2517 1170 2541 2.
1193 2505 1236 2540 ad
1253 2517 1281 2552 3.

125 2560 156 2592 cl
175 2567 242 2592 2·2.
262 2567 293 2604 q.
315 2567 363 2604 25.
384 2563 451 2593 art.
474 2568 504 2605 7.
523 2557 566 2592 ad
586 2569 614 2593 1.
635 2562 664 2592 et
681 2569 711 2604 q.
728 2569 785 2604 153.
802 2563 868 2593 art.
886 2571 916 2605 5.
937 2559 980 2593 ad
997 2570 1025 2606 3.
1048 2564 1078 2594 et
1099 2571 1130 2595 2.
1153 2559 1241 2594 Dist.
1264 2571 1320 2604 42.
1343 2572 1373 2606 q.
1397 2572 1423 2595 1.
1446 2565 1510 2594 art.
1526 2572 1552 2595 1.
1568 2566 1658 2607 corp.

615 2616 644 2646 et
667 2611 750 2646 Mal.
773 2623 802 2658 q.
825 2612 857 2648 8.
877 2617 943 2647 art.
967 2624 993 2648 1.
1017 2612 1060 2647 ad
1080 2613 1162 2659 ιφ).

173 2698 234 2735 An
255 2709 445 2740 αυΑκτυΜ
467 2699 517 2735 sic
540 2699 759 2747 proceditur.
781 2699 945 2744 Videtur,
967 2701 1064 2748 quod
1088 2713 1193 2736 amor
1219 2702 1273 2736 sui
1295 2713 1369 2736 non
1391 2701 1437 2736 sit
1458 2702 1676 2749 principium

103 2752 224 2788 omnis
244 2753 403 2800 peccati:
426 2753 461 2788 id
483 2753 594 2796 enim,
615 2754 712 2800 quod
735 2762 789 2789 est
814 2755 1015 2790 secundum
1038 2767 1075 2790 se
1098 2756 1248 2798 bonum,
1272 2765 1307 2790 et
1328 2756 1502 2798 debitum,
1529 2768 1603 2791 non
1625 2766 1678 2792 est

101 2805 248 2853 propria
270 2817 380 2842 causa
405 2806 564 2854 peccati:
593 2808 654 2842 sed
682 2818 787 2842 amor
812 2809 867 2843 sui
893 2818 946 2844 est
973 2809 1173 2844 secundum
1202 2821 1238 2844 se
1266 2809 1417 2852 bonum,
1439 2818 1474 2844 et
1495 2809 1676 2852 debitum3

103 2859 200 2897 unde
219 2860 438 2909 praecipitur
458 2860 613 2903 homini,
635 2870 673 2896 ut
693 2861 820 2908 diligat
841 2863 1062 2909 proximum,
1083 2863 1176 2900 sicut
1198 2863 1370 2910 seipsum,
1386 2863 1472 2898 Lev.
1493 2875 1565 2910 19.;
1589 2876 1676 2911 ergo

101 2922 208 2949 amor
228 2914 283 2949 sui
304 2925 378 2950 non
400 2922 519 2962 potest
540 2926 619 2950 esse
641 2915 786 2963 propria
807 2928 916 2951 causa
939 2917 1092 2964 peccati.
