1907 3182
216 177 300 220 310
649 174 868 210 QUAESTIO
902 174 1003 202 XLII.
1038 173 1282 203 ARTICULUS
1315 174 1356 203 V.

215 257 304 291 mali
325 257 521 302 mitigatur,
544 264 582 290 ut
595 263 693 302 patet
711 266 774 301 per
797 254 962 288 Tullium
984 254 1020 287 in
1046 265 1074 300 3.
1098 253 1141 288 de
1157 253 1307 288 Tuscul.
1325 253 1414 295 QQ.
1435 254 1612 300 (aliquant.
1631 266 1652 289 α
1672 255 1787 301 med.);

214 312 263 345 ita
286 312 395 344 etiam
417 322 459 344 ex
481 309 805 356 praemeditatione
821 308 994 341 minuitur
1015 308 1126 341 timor
1140 307 1248 341 futuri
1266 307 1364 341 mali.
1386 308 1532 343 Secundo
1555 307 1689 354 aliquid
1711 319 1795 343 esse·

216 364 416 406 insolitum,
439 372 473 398 et
494 363 723 409 repentinum
746 362 831 395 facit
853 362 897 395 ad
924 361 1145 395 debilitatem
1174 361 1346 403 timentis,
1372 362 1588 407 inquantum
1613 361 1792 396 subtrahit

215 419 387 460 remedia,
409 429 501 464 quae
522 417 637 451 homo
660 424 780 462 potest
794 426 1009 461 praeparare
1026 415 1069 448 ad
1084 414 1333 460 repellendum
1351 414 1512 449 futurum
1531 414 1682 458 malum,
1697 426 1790 461 quae

218 484 295 506 esse
317 483 391 506 non
413 479 576 518 possunt,
599 470 743 516 quando
767 480 809 502 ex
830 469 1032 514 improviso
1051 468 1191 502 malum
1209 469 1377 503 occurrit.

287 526 347 560 AD
369 535 519 560 PRIMUM
547 535 634 569 ergo
662 522 868 564 dicendum,
895 522 992 568 quod
1020 521 1204 567 objectum
1231 522 1307 568 spei
1333 530 1386 556 est
1410 523 1561 565 bonum,
1588 522 1685 569 quod
1711 522 1790 568 quis

218 587 338 626 potest
360 578 527 624 adipisci:
549 585 583 611 et
603 577 686 610 ideo
710 587 762 617 ea,
786 587 876 621 quae
900 584 1137 621 augmentant
1162 583 1380 621 potestatem
1405 577 1577 618 hominis,
1599 585 1683 610 nata
1710 584 1792 610 sunt

217 644 350 679 augere
370 643 484 678 spem,
507 639 541 665 et
561 630 689 664 eadem
708 630 849 663 ratione
872 629 1074 663 diminuere
1095 629 1286 663 timorem:
1311 629 1393 675 quia
1414 630 1525 664 timor
1547 638 1600 664 est
1617 630 1660 663 de
1679 629 1790 671 malo,

219 688 276 721 cui
297 698 372 720 non
395 687 438 720 de
460 685 558 719 facili
579 691 699 729 potest
720 683 855 717 resisti:
879 683 963 728 quia
984 683 1094 728 igitur
1116 683 1336 728 experientia
1353 682 1440 717 facit
1459 684 1651 718 hominem
1673 683 1790 730 magis

216 749 403 787 potentem
423 740 466 772 ad
485 738 723 784 operandum,
742 737 825 770 ideo
845 736 938 770 sicut
960 744 1068 782 auget
1089 747 1204 782 spem,
1226 736 1275 770 ita
1299 736 1468 771 diminuit
1487 737 1670 771 timorem.

288 795 348 828 AD
372 802 579 827 SECUNDUM
602 790 809 832 dicendum,
832 790 929 836 quod
950 789 1002 823 illi
1024 790 1085 835 qui
1105 790 1241 823 habent
1267 790 1360 823 iram
1388 799 1544 832 acutam,
1570 802 1646 824 non
1672 789 1792 824 occul-

215 856 292 882 tant
314 858 414 880 eam:
439 854 473 879 et
494 845 576 879 ideo
596 852 819 878 nocumenta
842 844 884 877 ab
904 844 954 877 eis
976 843 1075 877 illata
1096 854 1171 877 non
1193 843 1241 877 ita
1261 851 1344 877 sunt
1369 844 1568 889 repentina,
1589 844 1675 890 quin
1693 855 1792 890 prae-

214 903 425 941 videantur3
445 900 506 934 sed
524 899 694 933 homines
710 898 827 939 mites,
848 905 883 931 et
897 897 1003 931 astuti
1019 896 1205 931 occultant
1226 897 1334 931 iram:
1354 905 1389 931 et
1409 897 1492 931 ideo
1513 905 1790 939 nocumentum,

216 956 313 1002 quod
341 955 382 988 ab
411 954 461 988 eis
488 953 667 994 imminet,
694 963 768 986 non
796 959 914 997 potest
941 950 1153 997 praevideri,
1180 951 1242 984 sed
1274 962 1316 984 ex
1345 951 1545 997 improviso
1573 951 1733 985 advenit:
1758 959 1792 985 et

215 1017 362 1056 propter
384 1009 455 1041 hoc
478 1006 616 1040 Philos.
641 1006 738 1047 dicit,
762 1005 859 1051 quod
881 1005 971 1039 tales
994 1004 1111 1050 magis
1130 1004 1314 1038 timentur.

286 1063 346 1096 AD
375 1071 547 1095 TERTIUM
571 1059 777 1101 dicendum,
800 1059 897 1105 quod
921 1069 983 1104 per
1001 1069 1038 1092 se
1057 1057 1255 1104 loquendo,
1272 1058 1380 1100 bona,
1394 1057 1454 1093 vel
1471 1057 1568 1092 mala
1587 1057 1792 1105 corporalia

216 1117 251 1150 in
274 1115 452 1162 principio
476 1115 616 1159 majora
639 1121 831 1159 apparent3
856 1113 956 1157 cujus
983 1112 1075 1146 ratio
1096 1120 1159 1153 est,
1183 1112 1266 1158 quia
1288 1112 1574 1158 unumquodque
1595 1112 1713 1158 magis
1736 1124 1794 1158 ap-

216 1178 327 1216 paret,
349 1168 531 1203 contrario
551 1168 648 1213 juxta
670 1178 708 1200 se
735 1166 876 1212 posito;
899 1166 993 1199 unde
1016 1177 1101 1199 cum
1124 1165 1251 1211 aliquis
1273 1166 1395 1199 statim
1411 1177 1431 1199 a
1449 1174 1660 1212 paupertate
1679 1165 1722 1199 ad
1745 1165 1794 1199 di-

218 1224 322 1258 vitias
344 1222 482 1263 transit,
502 1230 649 1268 propter
663 1228 912 1267 paupertatem
935 1220 1237 1265 praeexistentem
1260 1219 1401 1253 divitias
1420 1220 1537 1266 magis
1556 1220 1737 1254 aestimat:
1759 1229 1793 1254 et

219 1289 237 1311 e
260 1276 444 1311 contrario
468 1275 595 1309 divites
614 1274 735 1308 statim
763 1274 806 1307 ad
828 1281 1080 1320 paupertatem
1108 1273 1351 1315 devenientes,
1374 1284 1456 1307 eam
1483 1274 1600 1320 magis
1621 1274 1792 1317 horrent;

217 1339 252 1365 et
273 1338 420 1377 propter
445 1330 517 1363 hoc
545 1328 683 1362 malum
710 1327 938 1374 repentinum
966 1326 1082 1372 magis
1108 1326 1266 1368 timetur,
1294 1327 1377 1372 quia
1404 1327 1521 1373 magis
1547 1327 1688 1362 videtur
1714 1339 1791 1362 esse

217 1384 375 1418 malum:
399 1384 461 1417 sed
483 1390 602 1429 potest
623 1389 769 1428 propter
789 1380 935 1427 aliquod
954 1380 1121 1414 accidens
1141 1380 1364 1427 contingere,
1386 1381 1483 1427 quod
1502 1381 1716 1426 magnitudo
1733 1381 1793 1416 ali-

218 1439 319 1483 cujus
341 1437 429 1471 mali
451 1436 577 1478 lateat;
596 1444 681 1482 puta
704 1447 788 1469 curn
810 1435 934 1469 hostes
956 1445 994 1468 se
1015 1434 1190 1468 insidiose
1210 1433 1407 1477 occultant,
1422 1442 1457 1469 et
1473 1442 1558 1469 tunc
1580 1446 1708 1470 verum
1726 1444 1790 1478 est,

219 1492 316 1539 quod
336 1491 474 1526 malum
498 1502 539 1525 ex
562 1490 726 1536 diligenti
748 1488 1039 1523 consideratione
1061 1487 1101 1522 fit
1121 1488 1326 1522 terribilius.

773 1611 1120 1656 ARTICULUS
1155 1611 1231 1654 VI,
1723 1633 1792 1667 240

217 1725 371 1755 UTRUM
403 1724 472 1764 EA,
502 1723 677 1753 CONTRA
705 1722 824 1758 QUAE
849 1721 944 1752 NON
978 1721 1058 1750 EST
1086 1720 1331 1760 REMEDIUM,
1359 1719 1491 1750 MAGIS
1518 1720 1789 1752 TIMEANTUR.

288 1813 348 1847 AD
371 1822 525 1847 SEXTUM
548 1811 598 1846 sic
613 1810 832 1857 proceditur.
849 1808 1012 1852 Videtur,
1035 1809 1133 1856 quod
1148 1821 1201 1852 ea,
1221 1820 1313 1855 quae
1332 1820 1406 1843 non
1420 1809 1557 1844 habent
1577 1809 1792 1852 remedium,

216 1879 290 1901 non
313 1867 383 1901 sint
404 1866 521 1912 magis
540 1865 722 1900 timenda:
746 1863 789 1898 ad
811 1864 985 1898 timorem
1004 1863 1102 1897 enim
1121 1863 1324 1909 requiritur,
1347 1863 1445 1909 quod
1464 1871 1653 1898 remaneat
1671 1864 1791 1910 aliqua

216 1932 298 1967 spes
320 1920 456 1962 salutis,
479 1928 518 1954 ut
535 1930 643 1965 supra
658 1918 796 1952 dictum
812 1925 865 1952 est
879 1918 960 1963 (art.
978 1929 1008 1953 2.
1024 1918 1093 1963 huj.
1116 1917 1185 1963 q.).·
1201 1917 1263 1951 sed
1279 1917 1315 1951 in
1329 1917 1447 1958 malis,
1466 1928 1558 1963 quae
1572 1928 1647 1951 non
1659 1917 1794 1952 habent

216 1975 431 2016 remedium,
454 1973 554 2007 nulla
576 1980 741 2007 remanet
762 1983 843 2018 spes
859 1971 1004 2014 salutis3
1027 1982 1114 2017 ergo
1129 1970 1216 2005 talia
1238 1970 1335 2004 mala
1356 1970 1457 2005 nullo
1481 1971 1593 2005 modo
1607 1971 1791 2006 timentur.

288 2040 319 2063 2.
342 2029 581 2063 PRAETEREA.
601 2026 700 2060 Malo
721 2026 848 2060 mortis
870 2025 1012 2059 nullum
1035 2024 1237 2060 remedium
1260 2025 1423 2059 adhiberi
1444 2032 1580 2070 potest:
1603 2035 1678 2059 non
1694 2025 1792 2059 enirn

217 2083 418 2118 secundum
445 2090 613 2115 naturam
640 2088 759 2127 potest
786 2091 863 2114 esse
885 2080 1020 2114 reditus
1044 2091 1063 2113 a
1082 2086 1199 2113 morte
1223 2078 1267 2112 ad
1293 2079 1424 2112 vitam:
1446 2089 1522 2112 non
1542 2086 1666 2112 tamen
1692 2090 1792 2113 mors

217 2137 376 2170 maxime
397 2136 556 2177 timetur,
579 2143 617 2168 ut
639 2134 726 2168 dicit
748 2133 884 2168 Philos.
908 2134 944 2167 in
964 2143 994 2167 2.
1018 2133 1169 2166 Rhetor.
1189 2133 1278 2179 (cap.
1297 2144 1326 2178 5.
1349 2133 1409 2167 cir.
1426 2132 1578 2179 princ.);
1601 2144 1677 2167 non
1704 2144 1791 2179 ergo

217 2202 259 2225 ea
282 2190 399 2236 magis
420 2190 605 2230 timentur,
629 2199 720 2234 quae
743 2187 947 2221 remedium
969 2198 1043 2221 non
1066 2187 1211 2220 habent.

291 2255 320 2289 3.
342 2244 579 2278 PRAETEREA.
602 2241 738 2276 Philos.
759 2241 845 2275 dicit
866 2241 902 2274 in
925 2252 953 2275 1.
976 2240 1137 2274 Ethicor.
1161 2240 1248 2286 (cap.
1268 2239 1301 2275 6.
1325 2246 1452 2286 parum
1474 2245 1550 2274 ante
1570 2239 1670 2285 med.)
1693 2239 1791 2286 quod

216 2309 290 2332 non
314 2305 367 2332 est
393 2297 510 2342 magis
531 2296 682 2337 bonum,
704 2295 801 2341 quod
829 2302 882 2328 est
909 2294 1122 2335 diuturnius,
1151 2304 1194 2327 eo
1223 2293 1320 2339 quod
1348 2301 1401 2327 est
1422 2293 1527 2328 unius
1555 2293 1647 2335 diei3
1673 2304 1791 2339 neque

217 2351 315 2398 quod
338 2359 390 2385 est
411 2358 638 2397 perpetuum,
661 2360 704 2383 eo
724 2348 821 2394 quod
843 2359 917 2383 non
941 2356 993 2382 est
1015 2355 1246 2393 perpetuum:
1267 2358 1354 2393 ergo
1370 2346 1498 2381 eadem
1517 2347 1656 2381 ratione
1674 2358 1791 2393 neque

219 2406 336 2451 majus
359 2403 517 2438 malum:
541 2403 603 2437 sed
627 2414 679 2443 ea,
703 2413 794 2448 quae
815 2413 890 2435 non
909 2401 1044 2435 habent
1065 2400 1279 2442 remedium,
1301 2411 1376 2434 non
1397 2400 1564 2435 videntur
1584 2399 1726 2435 differre
1749 2400 1791 2434 ab

217 2459 307 2501 aliis,
329 2458 398 2492 nisi
419 2465 565 2504 propter
583 2456 868 2497 diuturnitatem,
882 2455 941 2490 vel
956 2455 1234 2501 perpetuitatem
1247 2467 1255 2497 ;
1271 2465 1358 2501 ergo
1373 2462 1521 2501 propter
1535 2454 1607 2488 hoc
1620 2465 1696 2488 non
1711 2464 1793 2488 sunt

218 2513 354 2559 pejora,
376 2510 434 2545 vel
457 2510 573 2556 magis
595 2509 767 2544 timenda.

293 2566 367 2600 SED
390 2574 545 2600 CONTRA
569 2572 632 2604 est,
655 2563 751 2608 quod
774 2562 910 2596 Philos.
935 2562 1021 2596 dicit
1042 2562 1077 2596 in
1101 2572 1131 2596 2.
1155 2561 1305 2596 Rhetor.
1329 2562 1417 2608 (cap.
1436 2573 1465 2608 5.
1488 2563 1548 2596 cir.
1570 2561 1672 2607 med.)
1694 2560 1792 2608 quod

221 2619 344 2654 omnia
367 2618 528 2653 timenda
545 2625 628 2651 sunt
649 2615 1151 2662 terribiliora,quaecumque,
1171 2615 1200 2649 si
1218 2615 1461 2661 peccaverint,
1477 2615 1609 2661 corrigi
1620 2626 1695 2650 non
1710 2625 1794 2650 con-

221 2673 337 2718 tingit,
360 2681 420 2706 aut
441 2682 597 2718 quorum
620 2669 751 2704 auxilia
772 2681 846 2703 non
869 2678 962 2711 sunt,
985 2677 1046 2703 aut
1067 2680 1140 2703 non
1163 2668 1295 2703 facilia.

293 2727 524 2760 RESPONDEO
554 2723 760 2765 dicendum,
789 2723 885 2768 quod
921 2723 1104 2767 objectum
1133 2723 1274 2757 timoris
1305 2730 1357 2756 est
1384 2721 1541 2764 malun13
1571 2721 1666 2757 unde
1691 2721 1792 2764 illud,

222 2781 318 2826 quod
341 2779 426 2813 facit
447 2780 490 2813 ad
514 2785 751 2823 augmentum
775 2776 873 2817 mali,
896 2776 981 2810 sarcit
1004 2777 1046 2810 ad
1070 2785 1308 2821 augmentum
1330 2776 1484 2810 timoris.
1506 2774 1647 2810 Malum
1669 2783 1791 2809 autem

223 2843 374 2879 augetur
394 2845 468 2868 non
490 2832 610 2867 solum
629 2831 829 2866 secundum
853 2831 1012 2877 speciem
1035 2831 1145 2877 ipsius
1168 2830 1266 2873 mali,
1288 2831 1350 2865 sed
1373 2830 1482 2864 etiam
1503 2830 1705 2864 secundum
1729 2829 1792 2863 cir-

225 2887 471 2929 cumstantias,
494 2895 530 2922 ut
558 2898 599 2921 cx
620 2897 727 2932 supra
754 2884 858 2919 dictis
881 2892 1028 2931 apparet
1051 2884 1097 2931 (q.
1119 2885 1169 2920 18.
1192 2889 1255 2919 art.
1274 2884 1322 2931 3.)
1332 2897 1342 2919 .·
1368 2883 1462 2919 inter
1483 2891 1643 2920 caeteras
1669 2891 1792 2920 autem
