1907 3182
253 187 337 230 330
654 186 876 221 QUAESTIO
910 186 1024 215 XLVI.
1054 185 1298 215 ARTICULUS
1332 185 1405 214 vn.

250 277 372 302 tamen
393 268 508 302 homo
531 267 746 314 quandoque
769 268 932 302 irascitur
953 267 1058 301 rebus
1078 266 1360 309 irrationalibus3
1382 274 1467 312 puta
1490 277 1573 300 cum
1595 265 1749 312 scriptor
1770 276 1813 299 ex

250 322 302 355 ira
324 321 467 368 projicit
487 333 656 367 pennam,
682 321 741 355 vel
772 333 881 367 eques
903 321 1057 366 percutit
1079 332 1231 366 equum;
1254 331 1340 366 ergo
1370 320 1422 354 ira
1443 331 1517 354 non
1545 318 1665 354 solum
1696 326 1749 353 est
1770 319 1814 353 ad

251 374 345 417 illos,
368 376 411 409 ad
434 387 523 421 quos
547 383 599 409 est
619 375 763 420 justitia.

324 439 354 462 2.
377 429 612 463 PRAETEREA.
636 428 719 462 Non
742 436 795 462 est
815 427 948 472 justitia
969 427 1129 461 hominis
1152 427 1195 460 ad
1217 427 1387 473 seipsum,
1408 438 1475 461 nec
1499 426 1543 460 ad
1565 437 1618 468 ea,
1647 437 1739 472 quae
1761 425 1816 460 sui

252 482 361 528 ipsius
381 490 472 524 sunt,
492 490 530 515 ut
548 482 676 515 dicitur
697 482 732 514 in
760 492 786 525 ς.
810 481 924 515 Ethic.
947 481 1036 527 (cap.
1060 481 1091 515 6.
1116 485 1142 515 et
1164 481 1262 525 ult.):
1285 481 1346 515 sed
1368 480 1482 514 homo
1510 480 1727 526 quandoque
1748 479 1817 513 sibi

253 535 319 581 ipsi
340 535 520 577 irascitur3
542 535 634 568 sicut
655 535 843 580 poenitens
866 542 1011 580 propter
1032 542 1242 580 peccatum:
1266 534 1360 568 unde
1388 534 1569 570 dicitur.in
1592 533 1648 567 Ps.
1671 543 1724 576 4:
1745 533 1818 567 Ira-

253 590 394 630 scimini,
415 594 443 623 et
469 589 567 622 nolite
581 594 737 634 peccatu·
762 599 850 633 ergo
872 588 923 621 ira
945 599 1019 621 non
1041 587 1162 621 solum
1185 596 1238 622 est
1259 587 1301 621 ad
1324 599 1415 633 quos
1437 595 1490 621 est
1514 587 1659 633 justitia.

329 654 357 687 3.
380 642 615 676 PRAETEREA.
634 641 787 686 Justitia,
807 649 841 675 et
858 641 1030 686 injustitia
1052 648 1171 686 potest
1193 652 1269 675 esse
1293 641 1442 686 alicujus
1465 640 1508 674 ad
1529 648 1648 674 totum
1672 638 1819 685 aliquod

255 707 379 741 genus,
395 695 453 729 vel
469 695 511 728 ad
526 702 641 728 totam
661 693 819 740 aliquam
843 695 1164 728 communitatem:
1181 702 1264 740 puta
1281 705 1364 727 cum
1381 694 1505 728 civitas
1525 693 1682 739 aliquem
1696 693 1816 739 laesit:

256 748 316 782 sed
338 749 389 782 ira
412 760 484 781 non
508 755 560 782 est
582 747 624 781 ad
645 747 790 794 aliquod
807 759 931 793 genus,
954 747 1016 782 sed
1038 747 1158 781 solum
1175 747 1217 781 ad
1242 747 1387 793 aliquod
1406 747 1655 792 singularium,
1678 754 1716 780 ut
1734 746 1821 780 dicit

255 802 391 836 Philos.
414 803 449 835 in
472 812 502 835 2.
526 801 631 836 Rhet.
661 801 749 849 (cap.
772 813 804 846 4.
830 803 888 836 sub
914 802 1007 846 fin.);
1032 812 1118 847 ergo
1146 801 1199 835 ira
1220 813 1294 835 non
1324 801 1467 847 proprie
1495 808 1549 835 est
1570 800 1614 834 ad
1643 799 1739 846 quod
1768 807 1821 834 est

255 856 399 902 justitia,
423 863 457 889 et
478 855 660 900 injustitia.

329 909 402 943 SED
422 919 676 943 CONTRARIUM
700 908 814 955 accipi
837 916 954 954 potest
976 919 995 941 a
1016 907 1152 942 Philos.
1175 908 1211 941 in
1233 918 1264 942 2.
1287 907 1394 942 Rhet.
1418 907 1472 951 (ex
1494 913 1564 954 cap.
1584 919 1615 942 2.
1633 920 1661 954 3.
1684 913 1713 942 et
1733 907 1796 952 4.).

327 963 554 997 RESPONDEO
577 962 783 1004 dicendum,
805 962 914 1008 quod,
929 962 1021 996 sicut
1035 973 1139 1008 supra
1156 961 1292 995 dictum
1308 969 1360 995 est
1376 961 1606 1008 (azrt.praec.),
1621 961 1674 994 ira
1689 961 1824 1008 appetit

257 1015 406 1058 malum,
428 1016 641 1061 inquantum
664 1016 772 1050 habet
794 1016 973 1049 rationem
1002 1015 1085 1061 justi
1105 1015 1334 1057 vindicativi3
1366 1022 1401 1049 et
1421 1015 1504 1048 ideo
1528 1014 1571 1048 ad
1599 1014 1748 1048 eosdem
1771 1022 1824 1048 est

256 1071 319 1112 ira,
342 1070 385 1104 ad
407 1081 498 1116 quos
520 1077 573 1104 est
593 1069 737 1115 justitia,
765 1078 799 1103 et
820 1069 1009 1114 injustitia:
1025 1080 1110 1103 nam
1125 1068 1254 1102 inferre
1276 1067 1475 1102 vindictam
1494 1068 1537 1102 ad
1555 1068 1729 1114 justitiam
1747 1079 1824 1114 per-

256 1124 362 1158 tinet:
378 1122 521 1157 laedere
538 1130 658 1156 autem
675 1123 833 1169 aliquem
847 1123 1000 1168 pertinet
1014 1122 1057 1156 ad
1072 1122 1300 1168 injustitiam3
1316 1122 1410 1156 unde
1424 1130 1498 1156 tam
1515 1133 1556 1156 ex
1570 1130 1670 1167 parte
1682 1132 1824 1163 causae,

259 1188 349 1223 quae
369 1184 421 1210 est
447 1176 559 1210 laesio
586 1176 685 1210 illata
713 1177 754 1210 ab
786 1176 911 1218 altero,
934 1188 1043 1222 quam
1072 1176 1181 1210 etiam
1208 1187 1250 1209 ex
1276 1183 1376 1221 parte
1397 1176 1578 1210 vindictae
1598 1177 1686 1222 ejus,
1714 1187 1824 1221 quam

259 1231 393 1277 appetit
414 1230 534 1272 iratus,
553 1229 786 1264 manifestum
809 1238 872 1272 est,
892 1230 988 1276 quod
1011 1230 1055 1264 ad
1078 1229 1228 1264 eosdem
1245 1229 1398 1275 pertinet
1415 1229 1479 1272 ira,
1499 1229 1543 1263 ad
1565 1240 1657 1275 quos
1678 1229 1824 1276 justitia,

259 1292 294 1318 et
319 1284 502 1329 injustitia.

330 1338 389 1371 AD
411 1348 560 1372 PRIMUM
587 1349 673 1383 ergo
697 1337 903 1379 dicendum,
934 1336 1042 1383 quod,
1065 1337 1157 1371 sicut
1182 1347 1289 1383 supra
1311 1336 1448 1370 dictum
1471 1344 1524 1371 est
1546 1336 1626 1381 (art.
1653 1347 1686 1381 4.
1702 1337 1771 1383 huj.
1794 1348 1825 1382 q.

260 1391 302 1426 ad
322 1391 384 1436 2.),
407 1391 470 1433 ira,
493 1391 657 1437 quamvis
684 1391 728 1425 sit
750 1403 833 1424 cum
861 1391 1010 1433 ratione,
1034 1398 1151 1436 potest
1172 1398 1295 1424 tamen
1322 1390 1431 1424 etiam
1458 1401 1535 1424 esse
1557 1390 1594 1424 in
1620 1390 1732 1424 brutis
1755 1390 1826 1424 ani-

260 1444 424 1487 malibus,
441 1456 532 1490 quae
553 1445 692 1479 ratione
715 1453 854 1487 carent;
876 1445 1091 1490 inquantum
1113 1443 1268 1477 naturali
1290 1443 1460 1478 instinctu
1487 1455 1550 1490 per
1571 1443 1827 1490 imagionatio-

261 1510 345 1532 nem
368 1506 559 1533 moventur
579 1499 622 1532 ad
645 1498 777 1544 aliquid
800 1498 917 1532 simile
940 1498 1106 1544 operibus
1121 1497 1280 1531 rationis.
1297 1497 1357 1531 Sic
1377 1497 1495 1543 igitur,
1519 1509 1603 1531 cum
1617 1498 1653 1530 in
1674 1497 1826 1531 homine

261 1552 305 1586 sit
327 1560 361 1586 et
381 1552 484 1594 ratio,
507 1560 540 1586 et
562 1552 786 1597 imaginatio,
808 1551 983 1598 dupliciter
1009 1552 1045 1584 in
1071 1551 1221 1585 homine
1244 1558 1363 1596 potest
1384 1558 1505 1585 motus
1527 1551 1601 1585 irae
1623 1551 1823 1597 insurgere.

267 1606 339 1640 Uno
366 1605 460 1639 modo
483 1617 525 1639 ex
551 1605 628 1639 sola
658 1605 919 1651 imaginatione
941 1606 1128 1638 nuntiante
1150 1604 1367 1638 laesionem:
1392 1612 1426 1638 et
1447 1604 1498 1638 sic
1519 1604 1674 1650 insurgit
1699 1604 1827 1650 aliquis

261 1667 381 1693 motus
403 1659 475 1692 irae
495 1659 605 1693 etiam
628 1659 671 1692 ad
693 1670 747 1692 res
769 1658 1006 1700 irrationales,
1030 1666 1064 1692 et
1084 1658 1314 1700 inanimatas,
1333 1658 1534 1692 secundum
1553 1657 1826 1692 similitudinem

257 1711 353 1746 illius
373 1720 504 1754 motus,
527 1712 587 1758 qui
610 1719 662 1746 est
682 1712 718 1745 in
741 1711 956 1745 animalibus
979 1719 1105 1745 contra
1128 1711 1314 1757 quodlibet
1334 1711 1519 1745 nocivum.
1543 1711 1623 1746 Alio
1647 1711 1757 1754 modo,
1781 1723 1823 1746 ex

260 1766 398 1800 ratione
413 1766 599 1799 nuntiante
614 1765 833 1807 laesionem,
853 1773 888 1799 et
901 1765 963 1807 sic,
979 1773 1016 1799 ut
1029 1764 1122 1798 Phil.
1138 1765 1224 1798 dicit
1237 1765 1273 1798 in
1289 1775 1320 1799 2.
1336 1764 1485 1799 Rhetor.
1502 1765 1594 1812 (cap.
1605 1777 1633 1811 3.
1646 1765 1827 1812 circ.fin.),

259 1819 359 1854 nullo
380 1819 491 1853 modo
514 1826 632 1865 potest
654 1830 730 1853 esse
748 1819 801 1852 ira
823 1818 866 1852 ad
894 1830 949 1852 res
971 1817 1208 1860 insensibiles,
1231 1829 1347 1864 neque
1371 1818 1414 1852 ad
1437 1826 1621 1853 mortuos:
1644 1826 1722 1853 turn
1744 1818 1828 1864 quia

259 1885 333 1908 non
348 1873 482 1915 dolent,
505 1873 601 1919 quod
624 1873 781 1906 maxime
796 1880 972 1919 quaerunt
993 1872 1073 1906 irati
1094 1872 1130 1905 in
1153 1871 1215 1914 eis,
1234 1872 1362 1918 quibus
1377 1872 1598 1906 irascuntur:
1621 1880 1699 1906 tum
1718 1872 1828 1907 etiam

260 1928 343 1974 quia
363 1939 437 1961 non
460 1935 512 1961 est
534 1927 576 1960 ad
600 1938 662 1961 eos
684 1926 854 1968 vindicta,
878 1938 961 1960 cum
981 1937 1108 1960 eorum
1127 1937 1200 1959 non
1223 1926 1267 1959 sit
1287 1926 1457 1971 injuriam
1478 1925 1608 1960 facere.

330 1981 389 2015 AD
413 1991 620 2015 SECUNDUM
647 1980 852 2022 dicendum,
880 1979 988 2025 quod,
1016 1980 1107 2013 sicut
1133 1978 1268 2013 Philos.
1296 1979 1382 2014 dicit
1408 1979 1444 2013 in
1475 1990 1502 2024 ς.
1531 1979 1647 2014 Ethic.
1670 1980 1748 2025 (cir.
1767 1980 1828 2026 fin.

261 2035 347 2080 lib),
382 2034 560 2080 quaedam
589 2033 839 2079 metaphorica
869 2033 1013 2079 justitia,
1048 2041 1082 2067 et
1111 2033 1283 2078 injustitia
1313 2041 1366 2067 est
1395 2033 1555 2067 hominis
1589 2033 1632 2067 ad
1659 2033 1830 2080 seipsum,

261 2089 475 2134 inquantum
497 2087 635 2121 scilicet
656 2088 746 2121 ratio
774 2087 865 2133 regit
886 2086 1115 2128 irascibilem,
1143 2094 1177 2120 et
1204 2086 1542 2133 concupiscibilem;
1570 2094 1604 2121 et
1629 2087 1830 2121 secundum

261 2142 333 2175 hoc
356 2142 464 2175 etiam
486 2141 601 2175 homo
624 2141 753 2175 dicitur
779 2141 822 2174 de
850 2141 968 2187 seipso
994 2141 1193 2175 vindictam
1220 2140 1350 2182 facere,
1373 2148 1407 2174 et
1428 2152 1491 2187 per
1518 2152 1744 2187 consequens
1764 2141 1831 2176 sibi

262 2195 329 2242 ipsi
351 2195 474 2229 irasci:
498 2195 641 2241 proprie
664 2203 796 2236 autem,
819 2202 853 2228 et
874 2206 937 2240 per
958 2205 994 2228 se
1017 2205 1091 2228 non
1113 2194 1291 2239 contingit
1311 2193 1470 2240 aliquem
1491 2194 1558 2228 sibi
1578 2194 1646 2241 ipsi
1665 2195 1782 2229 irasci.

336 2249 396 2283 AD
419 2259 590 2283 TERTIUM
610 2248 817 2289 dicendum,
836 2247 932 2294 quod
952 2247 1088 2281 Philos.
1111 2247 1146 2281 in
1169 2258 1200 2281 2.
1224 2247 1328 2282 Rhet.
1350 2247 1436 2294 (cap.
1450 2258 1483 2292 4.
1501 2248 1558 2282 sub
1570 2249 1650 2294 fin.)
1674 2249 1833 2294 assignat

262 2314 373 2337 unam
395 2302 633 2336 differentiam
656 2302 748 2336 inter
770 2302 906 2343 odium,
930 2309 964 2335 et
985 2301 1100 2343 iram3
1123 2301 1219 2347 quod
1242 2302 1365 2336 odium
1385 2309 1503 2347 potest
1521 2312 1597 2336 esse
1620 2302 1663 2336 ad
1686 2302 1831 2348 aliquod

263 2368 387 2402 genus,
415 2356 506 2390 sicut
532 2356 708 2390 habemus
736 2355 820 2389 odio
849 2367 957 2389 omne
986 2355 1169 2389 latronum
1196 2366 1330 2401 gcnus;
1356 2355 1418 2389 sed
1445 2355 1497 2389 ira
1523 2366 1597 2389 non
1620 2363 1673 2390 est
1692 2356 1761 2390 nisi
1787 2355 1830 2390 ad

263 2409 408 2456 aliquod
432 2409 631 2455 singulare,
655 2410 755 2454 cujus
778 2409 868 2443 ratio
892 2416 955 2450 est,
977 2409 1059 2454 quia
1083 2408 1207 2442 odium
1230 2416 1396 2443 causatur
1415 2419 1456 2442 ex
1474 2408 1546 2442 hoc
1565 2409 1661 2454 quod
1680 2409 1833 2455 qualitas

263 2463 413 2509 alicujus
429 2463 479 2497 rei
498 2463 776 2508 apprehenditur
796 2471 833 2496 ut
851 2462 1040 2496 dissonans
1058 2470 1202 2496 nostrae
1222 2462 1465 2508 dispositioni:
1486 2471 1519 2497 et
1537 2463 1607 2496 hoc
1623 2471 1831 2508 potestesse

262 2517 320 2551 vel
341 2517 376 2550 in
399 2516 603 2558 universali,
626 2516 684 2550 vel
706 2517 740 2550 in
763 2516 986 2562 particulari:
1010 2516 1071 2550 scd
1094 2517 1144 2549 ira
1168 2525 1335 2550 causatur
1354 2528 1395 2550 cx
1413 2516 1484 2550 hoc
1504 2516 1600 2562 quod
1620 2516 1747 2562 aliquis
1765 2528 1831 2551 nos

263 2570 365 2604 laesit
392 2582 453 2616 pcr
480 2582 585 2604 suum
613 2578 756 2604 actum:
787 2578 886 2602 actus
915 2578 1035 2603 autem
1064 2581 1191 2603 omnes
1219 2578 1300 2603 sunt
1326 2569 1584 2615 singularium3
1612 2578 1646 2604 ct
1670 2570 1753 2604 ideo
1780 2571 1830 2604 ira

263 2635 406 2669 semper
427 2632 480 2658 cst
502 2625 597 2658 circa
620 2623 766 2669 aliquod
789 2623 981 2668 singulare.
1003 2624 1099 2657 Cum
1119 2631 1239 2658 autem
1258 2631 1334 2658 tota
1352 2623 1477 2658 civitas
1495 2635 1562 2658 nos
1580 2622 1734 2666 laeserit,
1755 2632 1829 2658 tota

263 2678 388 2712 civitas
411 2686 641 2724 computatur
663 2678 754 2711 sicut
776 2688 886 2710 unum
910 2676 1101 2723 singulare.
