1907 3198
513 190 737 227 QUAESTIO
769 190 811 220 V.
845 189 1091 220 ARTICULUS
1124 189 1198 219 V11.
1586 180 1639 234 69

67 275 165 312 nulla
179 274 417 323 dispositione
435 273 688 322 praecedente,
709 273 767 308 vel
789 273 934 309 actione
955 281 1154 315 creaturae,
1175 272 1238 307 sed
1259 272 1382 307 statim
1403 271 1489 307 fecit
1514 284 1642 307 unum-

67 329 236 378 quodque
257 327 458 376 perfectum
484 328 521 362 in
542 339 606 362 sua
628 327 769 374 specie3
796 338 885 373 ergo
907 326 1059 368 videtur,
1078 326 1176 373 quod
1193 326 1455 360 beatitudinem
1477 326 1641 362 conferat
1687 327 1694 333 ’

66 384 208 420 homini
229 384 306 418 sine
329 382 507 430 aliquibus
526 381 798 429 operationibus
815 380 1126 428 praecedentibus.

141 449 172 486 3.
193 437 431 473 Pueri-zum.
458 435 659 484 Apostolus
685 435 772 470 dicit
798 435 906 470 Rom.
933 445 979 479 4.,
1001 434 1263 470 beatitudinem
1281 434 1443 469 hominis
1465 445 1556 478 esse,
1583 435 1641 470 cui

66 492 167 528 Deus
188 491 328 526 confert
349 490 522 537 justitiam
544 489 621 524 sine
639 489 829 536 operibus;
850 500 924 524 non
948 500 1037 535 ergo
1058 488 1289 536 requiruntur
1308 487 1428 535 aliqua
1446 499 1557 535 opera
1578 489 1642 524 ho-

69 545 176 583 minis
198 545 242 580 ad
263 544 525 580 beatitudinem
547 543 855 590 consequendam.

137 599 214 635 SED
229 609 386 635 CONTRA
400 606 465 640 est,
483 598 580 645 quod
596 597 726 632 dicitur
735 597 840 643 Joan.
867 607 939 643 13.:
960 596 998 631 Si
1015 596 1093 631 haec
1113 597 1213 638 scitis,
1237 597 1324 631 beati
1338 597 1438 638 eritis,
1459 597 1641 644 sijeceritis

65 664 128 696 ab·
153 663 242 700 ergo
264 664 328 700 per
349 652 532 687 actionem
551 650 595 686 ad
616 651 878 686 beatitudinem
900 651 1145 696 pervenimus.

137 706 369 742 RESPONDEO
389 705 594 748 dicendum,
612 704 710 752 quod
725 703 904 740 rectitudo
919 703 1129 746 voluntatis,
1146 711 1185 738 ut
1199 714 1304 750 supra
1324 704 1460 738 dictum
1475 712 1530 739 est
1545 704 1590 751 (q.
1609 717 1641 749 4.

66 765 133 798 art.
152 761 217 807 4.)‚
238 760 432 807 requiritur
454 759 497 794 ad
520 759 804 800 beatitudinem;
829 769 914 793 cum
935 757 1026 792 nihil
1049 757 1146 792 aliud
1168 757 1224 799 sit,
1251 769 1360 804 quam
1388 758 1528 793 debitus
1550 758 1642 793 ordo

66 813 264 852 voluntatis
285 813 330 848 ad
352 812 521 848 ultimum
536 812 665 854 finem;
687 823 780 860 quae
801 812 849 846 ita
865 811 1019 859 exigitur
1033 811 1076 846 ad
1094 811 1396 846 consecutionem
1412 811 1528 847 ultimi
1549 811 1642 855 finis,

67 869 161 905 sicut
179 867 300 904 debita
321 867 511 915 dispositio
538 866 711 902 materiae
733 866 777 901 ad
799 865 1101 900 consecutionem
1123 864 1283 900 formae:
1311 865 1373 900 sed
1401 877 1443 900 ex
1474 866 1546 900 hoc
1568 877 1643 900 non

67 921 278 964 ostenditur,
291 921 389 969 quod
405 921 525 967 aliqua
539 920 703 967 operatio
717 919 878 954 hominis
893 919 1022 954 debeat
1037 918 1254 966 praecedere
1271 919 1347 964 ejus
1361 919 1641 955 beatitudinem:

67 982 192 1024 posset
207 974 306 1011 enirn
319 975 422 1010 Deus
436 973 543 1009 simul
557 973 676 1008 facere
693 972 920 1008 voluntatem
942 980 1041 1007 recte
1062 971 1272 1007 tendentem
1286 972 1322 1006 in
1337 972 1459 1016 finem,
1479 981 1515 1008 et
1533 973 1643 1009 finem

68 1036 374 1076 consequentem:
397 1027 490 1063 sicut
511 1027 729 1074 quandoque
744 1026 852 1062 simul
868 1026 1058 1061 materiam
1080 1026 1251 1073 disponit,
1270 1035 1305 1061 et
1319 1026 1458 1062 inducit
1472 1026 1642 1062 formam.

69 1082 142 1119 Sed
163 1082 255 1118 ordo
268 1082 410 1118 divinae
426 1081 622 1128 sapientiae
637 1081 757 1127 exigit,
772 1092 817 1115 ne
833 1080 905 1115 hoc
925 1080 996 1115 fiat.
1013 1079 1062 1115 Ut
1076 1080 1172 1115 enim
1195 1080 1326 1115 dicitur
1347 1082 1383 1115 in
1405 1091 1437 1115 2.
1460 1081 1503 1116 de
1523 1081 1643 1116 Coelo

68 1137 150 1183 (tex.
169 1136 224 1173 62.
246 1140 275 1172 c!
290 1135 384 1184 seq),
399 1146 540 1177 eorum,
554 1146 646 1181 quae
661 1143 745 1169 nata
761 1143 842 1169 sunt
856 1134 989 1169 habere
1004 1134 1141 1169 bonum
1156 1133 1370 1182 perfectum,
1385 1134 1519 1182 aliquid
1534 1135 1644 1170 habet

68 1190 189 1238 ipsum
209 1189 288 1225 sine
306 1195 421 1231 motu,
443 1187 577 1234 aliquid
599 1199 672 1222 uno
699 1195 814 1230 motu,
836 1195 871 1222 et
893 1187 1026 1234 aliquid
1054 1187 1225 1234 pluribus.
1255 1188 1398 1224 Habere
1421 1197 1543 1224 autem
1565 1201 1644 1236 per-

70 1242 206 1280 fectum
225 1240 365 1277 bonum
386 1241 462 1276 sine
484 1248 587 1275 motu
610 1241 782 1275 convenit
808 1241 852 1283 ei,
879 1241 977 1288 quod
1004 1240 1216 1276 naturaliter
1242 1241 1353 1277 habet
1378 1241 1485 1277 illud:
1508 1243 1643 1278 habere

68 1302 190 1332 autern
205 1293 467 1330 beatitudinem
484 1293 696 1329 naturaliter
717 1302 772 1329 est
798 1293 912 1329 solius
939 1294 1029 1337 Dei;
1056 1294 1152 1329 unde
1173 1295 1272 1330 solius
1293 1296 1361 1330 Dei
1381 1298 1560 1343 proprium
1588 1302 1642 1340 est,

67 1348 154 1398 quod
172 1347 217 1384 ad
237 1347 470 1384 beatitudinem
487 1359 552 1382 non
575 1353 750 1383 moveatur
764 1354 826 1394 per
847 1347 996 1394 aliquam
1018 1349 1242 1395 operationem
1259 1349 1519 1396 praecedentem.
1543 1349 1640 1385 Cum

69 1410 191 1438 autem
210 1401 397 1437 beatitudo
419 1401 569 1436 excedat
582 1412 733 1436 omnem
747 1409 915 1436 naturam
938 1409 1111 1444 creatam,
1134 1401 1234 1436 nulla
1256 1414 1344 1449 pura
1368 1411 1532 1438 creatura
1555 1415 1642 1439 con-

66 1455 255 1492 venienter
272 1454 534 1491 beatitudinem
550 1454 784 1502 consequitur
799 1454 934 1502 absque
949 1463 1051 1490 motu
1068 1456 1300 1502 operationis,
1315 1469 1380 1504 per
1397 1469 1507 1504 quam
1529 1458 1643 1493 tendit

65 1509 104 1545 in
124 1509 258 1557 ipsam:
284 1508 348 1544 sed
369 1508 532 1556 angelus,
554 1509 615 1556 qui
637 1517 691 1543 est
712 1509 877 1555 superior
898 1509 1025 1544 ordine
1047 1518 1210 1552 naturae,
1229 1521 1339 1557 quam
1366 1511 1494 1555 horno,
1517 1523 1643 1547 conse-

67 1570 171 1599 cutus
191 1570 246 1599 est
265 1573 347 1598 eam
369 1573 414 1598 ex
434 1562 561 1597 ordine
582 1562 726 1597 divinae
744 1562 942 1610 sapientiae
964 1574 1037 1597 uno
1057 1571 1160 1598 motu
1179 1564 1401 1610 operationis
1420 1565 1641 1610 meritoriae,

0 534 12 659 rwvyvv
0 491 6 517 ν

67 1624 108 1652 ut
131 1616 170 1652 in
195 1627 224 1652 1.
245 1615 451 1664 expositum
473 1623 527 1651 est
553 1615 599 1663 (q.
622 1616 678 1652 62.
701 1621 765 1651 art.
784 1616 852 1663 5.):
874 1616 1046 1652 homines
1074 1625 1195 1652 autern
1224 1627 1498 1665 consequuntur
1524 1621 1642 1667 ipsam

66 1669 190 1706 multis
218 1669 379 1705 motibus
407 1669 676 1717 operationum,
706 1669 767 1718 qui
797 1669 927 1704 merita
958 1671 1146 1714 dicuntur3
1176 1671 1270 1706 unde
1303 1672 1412 1707 etiam
1440 1673 1640 1709 secundum

0 1723 20 1788 f
64 1723 203 1760 Phile&
223 1723 299 1770 (lib.
320 1735 349 1760 ι.
370 1723 446 1760 Eth.
467 1729 540 1771 cap.
562 1735 595 1770 9.
617 1728 647 1759 et
667 1723 724 1759 lib.
747 1736 798 1760 ιο.
817 1730 889 1771 cap.
908 1724 941 1759 6.
964 1735 994 1771 7.
1017 1729 1046 1759 et
1065 1725 1130 1770 8.),
1153 1725 1339 1761 beatitudo
1362 1735 1415 1761 est
1436 1728 1640 1774 praemium

7 1803 17 1813 .
67 1777 312 1814 virtuosarum
333 1777 601 1825 operationum.

7 1844 18 1881 ;Δ
136 1831 198 1868 An
217 1841 369 1868 numu
390 1842 480 1878 ergo
507 1831 714 1875 dicendum,
735 1831 832 1878 quod
852 1831 1018 1878 operatio
1040 1832 1201 1868 hominis
1228 1844 1303 1869 non
1325 1835 1571 1882 praeexigitur
1598 1837 1642 1871 ad

4 1880 14 1932 ζ
66 1885 367 1922 consecutionem
396 1885 628 1920 beatitudinis
658 1893 805 1932 propter
835 1884 1129 1921 insufficientiam
1165 1887 1309 1923 divinae
1338 1889 1480 1925 virtutis
1510 1890 1644 1926 beatifi-

0 1931 29 2006 ἲ
66 1939 194 1983 cantis,
214 1939 279 1976 sed
299 1946 339 1974 ut
358 1947 523 1975 servetur
543 1940 634 1974 ordo
656 1939 693 1974 in
713 1939 828 1975 rebus.

5 2010 21 2039 q
134 1993 197 2030 An
217 2003 428 2030 SECUNDUM
449 1993 658 2035 dicendum,
689 1993 786 2040 quod
817 1993 953 2041 primas
983 2003 1166 2030 creaturas
1196 1996 1318 2031 statim
1339 1996 1440 2032 Deus
1462 1997 1643 2045 perfectas

4 2044 25 2119 ι
65 2047 234 2096 produxit
250 2047 385 2094 absque
407 2046 478 2082 alia
494 2046 745 2094 dispositione,
762 2047 821 2082 vel
843 2048 1056 2094 operatione
1078 2058 1264 2085 creaturae
1279 2051 1536 2097 praecedente:
1560 2053 1644 2100 quia

65 2101 117 2138 sic
138 2101 291 2137 instituit
311 2101 429 2148 prima
465 2100 652 2136 individua
682 2102 899 2148 specierum,
927 2110 965 2136 ut
1002 2114 1066 2149 per
1095 2114 1136 2138 ea
1160 2112 1288 2139 natura
1316 2115 1579 2153 propagaretur
1600 2107 1644 2142 ad

65 2163 250 2204 posteros:
281 2162 318 2190 et
353 2154 520 2190 similiter
540 2155 625 2202 quia
646 2167 711 2202 per
732 2155 934 2198 Christum,
957 2156 1017 2203 qui
1040 2165 1093 2192 est
1114 2157 1226 2200 Deus,
1249 2166 1283 2193 et
1307 2159 1436 2202 homo,
1458 2160 1643 2196 beatitudo

0 2252 2 2260 Ι
65 2216 143 2245 erat
162 2209 206 2244 ad
228 2208 321 2244 alios
341 2208 550 2251 derivanda,
565 2209 766 2244 secundum
789 2209 876 2244 illud
896 2210 1067 2257 Apostoli
1090 2212 1133 2246 ad
1150 2211 1240 2247 Heb.
1257 2223 1307 2247 2.:
1329 2214 1401 2259 Qui
1422 2215 1643 2262 multosfih'os

0 2270 3 2317 L
35 2287 37 2291 ,
66 2263 103 2298 in
119 2263 266 2310 gloriam
286 2262 484 2305 adduxerat,
496 2263 618 2298 statim
641 2274 660 2297 a
682 2263 860 2310 principio
882 2275 969 2299 suae
988 2265 1251 2312 conceptionis,
1263 2267 1397 2314 absque
1420 2267 1540 2315 aliqua
1562 2280 1644 2316 ope-

65 2317 207 2352 ratione
227 2316 414 2352 meritoria
435 2317 687 2364 praecedente,
710 2317 831 2351 anima
853 2318 929 2363 ejus
951 2317 1018 2353 fuit
1042 2319 1167 2354 beata:
1191 2320 1251 2355 sed
1273 2320 1345 2356 hoc
1374 2330 1427 2357 est
1460 2323 1643 2370 singulare

65 2370 103 2406 in
131 2370 231 2418 ipso:
263 2381 351 2406 nam
378 2371 498 2418 pueris
531 2371 718 2418 baptizatis
753 2371 920 2407 subvenit
946 2373 1117 2408 meritum
1140 2374 1277 2410 Christi
1305 2376 1349 2410 ad
1382 2377 1640 2413 beatitudinem

65 2423 376 2472 consequendam,
407 2423 494 2460 licet
526 2424 644 2460 desint
675 2424 711 2460 in
738 2425 790 2460 eis
812 2426 939 2461 merita
961 2427 1118 2474 propria,
1141 2439 1185 2463 eo
1208 2429 1305 2476 quod
1332 2441 1396 2478 per
1421 2431 1643 2479 baptismum

65 2486 149 2515 sunt
168 2477 308 2514 Christi
329 2478 495 2514 membra
517 2477 648 2514 effecti.

136 2531 200 2568 An
227 2541 402 2568 'renuunt
435 2531 642 2575 dicendum,
674 2532 772 2580 quod
812 2533 1014 2580 Apostolus
1044 2534 1206 2582 loquitur
1235 2537 1278 2572 de
1308 2537 1528 2574 beatitudine
1546 2538 1642 2587 spei,

64 2596 160 2635 quae
193 2585 350 2622 habetur
382 2596 446 2633 per
472 2586 628 2632 gratiam
661 2586 940 2633 justificantem:
971 2600 1064 2635 quae
1091 2591 1238 2636 quidem
1266 2602 1339 2625 non
1368 2592 1472 2627 datur
1498 2602 1645 2641 propter

66 2649 179 2690 opera
195 2639 470 2688 praecedentia;
494 2651 569 2675 non
591 2640 690 2675 enim
711 2640 820 2676 habet
841 2642 1022 2677 rationem
1051 2643 1196 2678 termini
1230 2653 1364 2687 motus,
1387 2655 1424 2681 ut
1445 2647 1643 2691 beatitud0,

67 2693 131 2732 sed
155 2695 275 2743 magis
295 2700 350 2730 est
365 2693 585 2742 principium
611 2703 744 2737 motus,
767 2706 839 2742 quo
867 2695 910 2730 ad
932 2696 1194 2733 beatitudinem
1216 2699 1383 2734 tenditur.

213 2990 243 3021 S.
262 2990 386 3021 Τιοκιι
407 2991 513 3020 &aaa
539 2991 702 3028 nubtam.
723 2992 789 3020 Vol.
812 2993 849 3022 ll.
1481 3001 1496 3025 (ς
