1955 3182
257 196 312 251 48
697 205 914 242 QUAESTIO
948 205 1007 235 111.
1042 205 1286 236 ARTICULUS
1320 205 1394 234 VII.

807 356 1151 401 ARTICULUS
1185 356 1286 399 VII.
1777 377 1818 413 23

293 465 445 495 UTRUM
474 464 731 494 BEATITUDO
762 464 1007 494 CONSISTAT
1037 465 1080 494 IN
1104 463 1382 493 COGNITIONE
1410 462 1776 493 SUBSTANTIARUM

617 523 944 562 SEPARATARUM,
968 523 1167 553 SCILICET
1186 522 1469 553 ANGELORUM.

284 611 392 655 (Part.
417 623 442 646 l.
466 623 495 657 q.
520 611 576 655 64.
600 615 663 645 art.
685 624 714 646 1.
736 611 777 644 ad
798 623 828 646 2.
851 616 880 645 et
898 623 927 656 q.
950 612 1005 656 89.
1033 615 1096 644 art.
1115 622 1146 645 2.
1175 610 1217 644 ad
1231 622 1259 657 3.
1282 615 1312 645 et
1333 610 1388 644 lib.
1407 621 1435 656 3.
1460 608 1576 644 Contr.
1597 620 1627 655 g.
1650 614 1721 656 cap.
1743 619 1800 654 44.

502 669 531 699 et
555 665 641 699 Veri.
660 677 689 710 q.
712 676 742 699 2.
766 669 828 698 art.
848 676 875 711 3.
895 664 936 698 acl
953 676 981 710 5.
1001 669 1029 698 et
1051 671 1157 710 opusc.
1181 676 1210 699 2.
1234 670 1307 710 cap.
1326 664 1400 698 108.
1418 667 1447 697 et
1470 662 1576 708 164).

329 761 389 795 AD
419 770 610 795 SEPTIMUM
637 759 687 794 sic
714 759 931 805 proceditur.
954 758 1116 801 Videtur,
1145 758 1241 805 quod
1262 757 1446 792 beatitudo
1468 757 1630 792 hominis
1653 757 1828 791 consistat

259 813 296 847 in
319 813 528 859 cognitione
550 812 831 847 substantiarum
850 818 1107 858 separatarum,
1130 812 1222 846 idest
1240 810 1488 857 Angelorum:
1511 810 1597 844 dicit
1618 810 1715 844 enirn
1740 809 1827 844 Gre-

258 867 381 911 gorius
402 867 439 900 in
461 866 617 912 quadam
638 865 791 900 homilia
802 865 896 911 (qzuw
918 866 1024 900 est26.
1048 867 1082 899 in
1102 866 1232 910 Evang.
1247 871 1373 911 parum,
1394 875 1414 898 α
1435 863 1533 909 med.)
1551 876 1561 899 .·
1578 864 1675 899 Nihil
1689 863 1822 910 prodest

257 921 404 954 interesse
423 920 516 966 festis
537 920 719 961 hominum,
750 920 777 954 si
811 931 876 953 non
902 920 1070 965 contingat
1095 920 1240 953 interesse
1259 918 1352 964 festis
1378 917 1603 963 Angelorum:
1637 928 1701 963 per
1728 916 1826 963 quod

258 972 404 1008 finalem
424 973 684 1007 beatitudinem
706 972 884 1017 designat:
909 972 969 1006 sed
991 972 1088 1006 testis
1112 971 1327 1017 angelorum
1348 971 1520 1005 interesse
1547 968 1740 1017 possumus
1762 981 1825 1016 per

260 1038 386 1061 eorum
410 1025 777 1072 contemplationem3
801 1037 888 1070 ergo
910 1025 1061 1067 videtur,
1084 1026 1180 1071 quod
1207 1026 1243 1059 in
1266 1024 1577 1071 contemplatione
1614 1023 1829 1070 angelorum

258 1079 384 1114 ultima
401 1079 560 1113 hominis
582 1079 766 1113 beatitudo
791 1078 976 1112 consistat.

330 1144 361 1167 2.
384 1134 620 1168 PRAETEREA.
644 1132 783 1166 Ultima
801 1131 974 1178 perfectio
997 1131 1279 1178 uniuscujusque
1297 1131 1349 1166 rei
1367 1139 1431 1174 est,
1448 1139 1487 1165 ut
1502 1131 1742 1177 conjungatur
1763 1142 1828 1165 suo

259 1187 456 1233 principio;
479 1186 573 1220 unde
596 1194 630 1219 et
652 1185 806 1220 circulus
829 1185 957 1220 dicitur
979 1197 1056 1220 esse
1075 1185 1190 1232 figura
1211 1185 1381 1232 perfecta,
1397 1185 1480 1231 quia
1497 1185 1607 1219 habet
1619 1185 1717 1219 idem
1738 1184 1832 1231 prin-

260 1240 394 1286 cipium
428 1247 463 1274 et
495 1239 627 1273 finem:
651 1239 713 1273 sed
735 1239 953 1285 principium
976 1239 1195 1284 cognitionis
1223 1239 1406 1273 humanae
1428 1246 1482 1272 est
1503 1238 1544 1272 ab
1568 1238 1654 1284 ipsis
1677 1237 1827 1284 angelis,

259 1305 322 1340 per
343 1305 434 1340 quos
466 1293 638 1327 homines
660 1292 921 1335 illuminantur,
943 1301 982 1326 ut
1003 1293 1089 1327 dicit
1109 1293 1262 1339 Dionys.
1284 1302 1317 1335 4.
1345 1303 1421 1338 cap.
1445 1292 1488 1326 de
1512 1291 1616 1326 Coel.
1640 1291 1828 1326 Hierarch.

261 1347 396 1393 (pm-mn
430 1348 615 1394 aprinc.);
639 1358 726 1392 ergo
753 1346 926 1393 perfectio
961 1346 1114 1381 humani
1134 1346 1338 1381 intellectus
1376 1354 1430 1380 est
1454 1346 1492 1379 in
1514 1345 1825 1392 contemplatione

261 1400 487 1447 angelorum.

336 1465 364 1500 3.
388 1454 624 1488 PRAETEREA.
649 1453 898 1499 Unaquaeque
913 1461 1041 1487 natura
1062 1452 1221 1500 perfecta
1239 1461 1302 1496 est,
1318 1452 1463 1499 quando
1479 1453 1711 1499 conjungitur
1731 1464 1832 1500 supe-

259 1508 345 1542 riori
365 1516 531 1541 naturae:
552 1507 643 1541 sicut
665 1506 791 1540 ultima
813 1506 985 1553 perfectio
1006 1508 1168 1553 corporis
1191 1514 1253 1549 est,
1270 1515 1308 1541 ut
1326 1507 1567 1552 conjungatur
1588 1514 1738 1540 naturae
1760 1507 1828 1553 spi-

262 1560 406 1595 rituali:
435 1561 496 1595 sed
533 1571 639 1606 supra
669 1559 893 1594 intellectum
926 1560 1130 1594 humanum
1153 1561 1278 1594 ordine
1304 1568 1454 1594 naturae
1476 1568 1559 1594 sunt
1581 1559 1718 1606 angeli3
1742 1571 1828 1607 ergo

263 1615 389 1649 ultima
411 1614 582 1661 perfectio
598 1614 749 1648 humani
767 1613 970 1648 intellectus
994 1622 1057 1657 est,
1072 1622 1111 1649 ut
1132 1615 1374 1661 conjungatur
1395 1625 1458 1660 per
1481 1613 1829 1660 contemplationem

260 1668 345 1715 ipsis
367 1668 515 1714 angelis.

334 1722 408 1756 SED
436 1732 590 1756 CONTRA
624 1730 687 1764 est,
710 1721 807 1768 quod
830 1722 958 1756 dicitur
985 1722 1144 1756 Hierem.
1172 1733 1215 1769 9.:
1238 1722 1279 1756 In
1297 1722 1356 1757 hoc
1375 1721 1547 1768 glorietur,
1570 1723 1627 1768 qui
1650 1722 1829 1768 gloriatur,

260 1777 354 1818 scire,
370 1781 398 1810 et
411 1787 498 1810 nosse
519 1788 568 1809 me
578 1788 590 1816 ‚·
614 1786 701 1820 ergo
725 1774 851 1809 ultima
869 1775 1030 1810 hominis
1045 1775 1173 1821 gloria,
1194 1775 1252 1810 vel
1274 1775 1458 1810 beatitudo
1480 1786 1556 1809 non
1578 1775 1742 1810 consistit
1761 1775 1831 1810 nisi

261 1829 297 1863 in
319 1829 527 1874 cognitione
549 1829 629 1863 Dei.

335 1882 565 1917 RESPONDEO
596 1882 803 1924 dicendum,
831 1882 939 1928 quod,
966 1882 1058 1917 sicut
1085 1882 1222 1917 dictum
1245 1890 1298 1917 est
1325 1881 1404 1927 (art.
1421 1882 1567 1929 praem),
1590 1881 1748 1929 perfecta
1768 1882 1832 1917 ho-

262 1935 369 1970 minis
390 1936 575 1970 beatitudo
597 1947 671 1969 non
692 1936 855 1970 consistit
875 1936 911 1969 in
933 1947 989 1978 eo,
1012 1936 1109 1982 quod
1125 1943 1177 1970 est
1197 1935 1371 1982 perfectio
1394 1935 1609 1979 intellectus,
1631 1935 1831 1971 secuudum

262 1989 411 2035 alicujus
430 1990 757 2036 participationem,
780 1990 841 2024 sed
863 1990 899 2023 in
922 2001 977 2032 eo,
1005 1990 1101 2036 quod
1125 1998 1178 2024 est
1198 2000 1261 2036 per
1283 1990 1476 2024 essentiam
1494 1989 1576 2024 tale.
1598 1989 1830 2024 Manifestum

262 2051 315 2077 est
337 2052 468 2085 autem,
491 2043 587 2089 quod
614 2044 898 2089 unumquodque
920 2043 1099 2077 intantum
1122 2051 1174 2078 est
1196 2042 1368 2089 perfectio
1392 2042 1543 2089 alicujus
1564 2043 1760 2089 potentiae,
1781 2043 1831 2077 in-

265 2105 440 2142 quantum
469 2097 511 2130 ad
533 2097 652 2142 ipsum
674 2097 826 2143 pertinet
862 2097 953 2131 ratio
987 2097 1122 2143 proprii
1144 2097 1276 2142 objecti
1296 2096 1391 2131 illius
1418 2096 1613 2143 potentiae.
1635 2097 1830 2143 Proprium

264 2159 384 2183 autem
408 2150 591 2195 objectum
613 2149 820 2184 intellectus
843 2158 896 2184 est
915 2162 1044 2185 verum.
1078 2149 1265 2196 Quidquid
1287 2161 1374 2196 ergo
1397 2150 1507 2184 habet
1540 2149 1730 2184 veritatem
1756 2161 1833 2197 par-

263 2203 460 2249 ticipatam,
473 2203 760 2249 contemplatum
783 2215 857 2237 non
879 2203 964 2237 facit
985 2203 1210 2238 intellectum
1224 2203 1425 2250 perfectum
1442 2203 1571 2238 ultima
1588 2203 1829 2250 perfectione:

265 2268 347 2290 cum
371 2264 490 2290 autem
514 2256 641 2290 eadem
661 2257 705 2290 sit
726 2257 914 2303 dispositio
941 2268 1061 2291 rerum
1084 2257 1119 2291 in
1142 2268 1231 2299 esse,
1253 2257 1345 2291 sicut
1381 2257 1417 2291 in
1450 2257 1611 2299 veritate,
1639 2265 1678 2292 ut
1702 2257 1831 2292 dicitur

264 2310 300 2344 in
323 2320 353 2344 2.
373 2310 531 2356 Metaph.
555 2310 707 2355 (lana),
724 2322 975 2356 quaecumque
998 2318 1080 2345 sunt
1103 2311 1198 2345 entia
1219 2322 1282 2357 per
1302 2311 1630 2357 participationem,
1645 2319 1727 2346 sunt
1746 2322 1831 2346 vera

266 2375 329 2410 per
351 2363 677 2410 participationem.
702 2363 835 2408 Angeli
858 2372 977 2398 autem
994 2364 1128 2399 habent
1143 2376 1220 2399 esse
1235 2364 1509 2410 participatun13
1531 2365 1615 2411 quia
1636 2364 1748 2399 solius
1761 2365 1832 2399 Dei

265 2429 371 2452 suum
393 2428 471 2451 esse
503 2425 556 2452 est
586 2429 650 2451 sua
672 2418 837 2459 essentia,
859 2426 897 2451 ut
929 2417 964 2451 in
988 2418 1105 2463 primo
1141 2426 1327 2452 ostensum
1350 2425 1402 2452 est
1425 2418 1469 2464 (q.
1488 2430 1516 2465 3.
1539 2423 1602 2453 art.
1623 2429 1656 2463 4.
1678 2423 1707 2453 et
1726 2430 1756 2464 q.
1779 2419 1830 2454 61.

264 2476 328 2505 art.
352 2472 418 2516 r.);
438 2470 532 2504 unde
555 2470 777 2516 relinquitur,
801 2471 897 2516 quod
920 2471 1018 2505 solus
1041 2472 1140 2505 Deus
1163 2472 1207 2506 sit
1226 2471 1357 2506 veritas
1376 2483 1440 2518 per
1461 2472 1667 2514 essentiam,
1681 2479 1716 2506 et
1734 2471 1831 2518 quod

265 2526 339 2570 ejus
374 2524 634 2570 contemplatio
672 2523 780 2558 faciat
807 2523 962 2570 perfecte
989 2525 1145 2559 beatum.
1181 2524 1390 2571 Aliqualem
1425 2533 1546 2560 autem
1572 2525 1831 2560 beatitudinem

263 2577 512 2624 imperfectam
539 2578 629 2611 nihil
659 2578 825 2623 prohibet
859 2578 993 2612 attendi
1014 2578 1049 2611 in
1078 2578 1386 2624 contemplatione
1410 2578 1637 2625 angelorum,
1660 2586 1695 2613 et
1721 2579 1831 2613 etiam

266 2631 444 2673 altiorem,
468 2643 576 2677 quam
598 2631 633 2665 in
658 2632 946 2665 consideratione
969 2632 1202 2666 scientiarum
1229 2632 1545 2678 speculativarum.

336 2686 395 2719 AD
418 2696 566 2719 PRIMUM
594 2696 680 2731 ergo
704 2685 908 2727 dicendum,
936 2686 1031 2731 quod
1055 2685 1152 2719 festis
1175 2685 1389 2731 angelorum
1422 2686 1650 2721 intererimus
1681 2697 1756 2721 non
1778 2697 1833 2721 so-

265 2738 340 2772 lum
363 2738 651 2785 contemplantes
675 2739 837 2783 angelos,
860 2739 921 2773 sed
944 2739 1051 2773 simul
1075 2751 1157 2773 cum
1181 2739 1265 2785 ipsis
1281 2740 1412 2774 Deum.

338 2792 396 2826 AD
419 2803 624 2827 SECUNDUM
648 2792 853 2834 dicendum,
885 2793 981 2838 quod
1005 2793 1205 2827 secundum
1227 2792 1321 2834 illos,
1349 2793 1409 2839 qui
1447 2802 1588 2840 ponunt
1609 2793 1748 2828 animas
1769 2793 1832 2828 hu-

267 2857 392 2880 manas
419 2858 495 2880 esse
519 2847 560 2880 ab
582 2846 718 2893 angelis
741 2855 890 2888 creatas,
913 2847 996 2881 satis
1020 2847 1239 2881 conveniens
1261 2847 1412 2890 videtur,
1441 2847 1537 2894 quod
1563 2847 1747 2881 beatitudo
1769 2847 1832 2882 ho-

266 2899 372 2933 minis
392 2900 435 2934 sit
457 2900 491 2934 in
515 2899 822 2948 contemplatione
846 2900 1070 2947 angelorum,
1087 2901 1187 2947 quasi
1210 2901 1245 2934 in
1268 2901 1525 2947 conjunctione
1547 2900 1590 2936 ad
1612 2912 1718 2936 suum
1740 2902 1832 2948 prin-
