1907 3198
499 229 718 266 Quaesrro
751 229 838 260 crx.
873 227 1117 259 Ait-neurus
1150 227 1208 257 1x.
1556 216 1638 272 839

78 316 114 352 in
135 314 262 363 gratia,
282 324 355 350 non
377 313 514 359 indiget
535 312 606 348 alio
629 311 762 347 auxilio
789 311 925 358 gratiae
947 311 991 346 ad
1018 310 1102 353 hoc,
1123 309 1220 357 quod
1246 309 1337 344 bene
1365 317 1544 356 operetur,
1566 317 1600 344 et
1622 320 1642 344 a

78 376 230 418 peccato
252 367 438 403 abstineat.

150 421 226 458 SED
255 430 411 457 CONTRA
434 429 498 462 est,
525 420 622 466 quod
649 418 874 465 Augustinus
896 418 980 452 dicit
1003 417 1037 452 in
1059 416 1118 452 lib.
1141 417 1184 451 de
1202 415 1284 451 Nat.
1304 424 1339 451 et
1361 415 1423 450 Gr.
1445 419 1532 462 (cap.
1555 416 1642 461 26),

78 475 176 525 quod
197 476 289 511 sicut
309 474 439 510 oculus
462 474 625 520 corporis
651 472 859 519 plenissime
882 484 1002 514 sanus,
1015 471 1084 506 nisi
1106 471 1263 506 candore
1286 469 1376 504 lucis
1399 469 1555 515 adjutus,
1569 480 1642 503 non

78 537 199 578 potest
218 539 381 564 cernere:
403 527 454 563 sic
477 536 511 562 et
529 527 644 561 homo
664 526 923 574 perfectissime
947 526 1054 560 ctiam
1073 523 1297 575 justificatus,
1312 523 1381 558 nisi
1403 532 1546 557 aeterna
1564 522 1643 557 luce

59 581 232 630 'justitiae
254 581 424 617 divinitus
446 581 644 627 adjuvetur,
675 588 771 614 recte
798 591 871 613 non
899 587 1016 626 potest
1042 580 1181 613 vivere:
1210 577 1271 612 sed
1294 576 1501 623 justificatio
1524 575 1562 610 fit
1583 587 1644 622 per

79 635 246 685 gratiam,
269 634 470 670 secundum
496 633 584 668 illud
611 633 718 667 Rom.
746 644 794 679 3.:
812 633 992 677 justificati
1016 633 1120 678 gratis
1142 638 1205 679 par
1228 631 1374 676 gratiam
1403 631 1528 677 ipsius;
1557 640 1644 675 ergo

79 689 189 726 etiam
209 688 325 724 homo
355 689 429 734 jam
450 687 588 722 habens
609 686 763 733 gratiam
793 686 931 732 indiget
960 685 1032 720 alio
1055 684 1189 720 auxilio
1211 684 1348 730 gratiae
1371 684 1414 718 ad
1437 683 1521 726 hoc,
1543 682 1642 730 quod

78 751 175 779 recte
195 743 304 778 vivat.

149 795 380 832 stroum-:o
394 794 599 836 dicendum,
610 793 719 840 quod,
731 793 822 827 sicut
833 804 937 840 supra
949 793 1084 827 dictum
1094 800 1147 827 est
1156 793 1235 838 (art.
1245 803 1276 827 2.
1291 796 1352 838 ct5.
1368 791 1438 838 huj.
1456 790 1644 838 q.),homo

81 849 126 885 ad
146 857 243 885 recte
263 847 461 884 vivendum
482 847 658 896 dupliciter
672 846 806 881 auxilio
828 846 898 881 Dei
920 846 1075 892 indiget;
1098 857 1160 880 uno
1183 845 1328 892 quidem
1351 844 1449 879 modo
1471 852 1646 892 quantum

82 903 126 939 ad
156 901 303 950 aliquod
322 900 507 937 habituale
529 900 679 943 donum,
701 911 763 947 per
784 900 880 946 quod
907 908 1034 934 natura
1056 899 1216 934 humana
1240 907 1409 945 corrupta
1435 906 1591 941 sanetur,
1613 905 1648 933 et

81 957 191 993 etiam
211 962 337 992 sanata
362 953 524 990 elevetur
545 953 590 989 ad
611 953 795 1001 operanda
829 964 939 1000 opera
962 953 1147 988 meritoria
1168 952 1263 987 vitae
1286 961 1454 987 aeternae
1475 963 1568 999 quae
1589 962 1646 986 ex-

82 1010 214 1046 cedunt
234 1008 510 1058 proportionem
532 1016 702 1043 naturae:
723 1007 790 1043 alio
818 1007 912 1042 modo
940 1007 1077 1053 indiget
1098 1006 1213 1041 homo
1241 1005 1375 1040 auxilio
1397 1005 1545 1052 gratiae,
1564 1013 1602 1040 ut
1628 1016 1647 1039 a

80 1063 163 1099 Deo
184 1070 375 1098 moveatur
389 1062 432 1096 ad
447 1061 641 1107 agendum.
655 1060 845 1102 Quantum
864 1062 970 1107 igitur
980 1060 1022 1095 ad
1042 1060 1199 1107 primum
1219 1059 1339 1094 auxilii
1359 1059 1509 1094 modum
1532 1059 1648 1094 homo

81 1117 119 1154 in
139 1116 254 1164 gratia
275 1116 430 1152 existens
455 1127 529 1150 non
557 1115 694 1160 indiget
716 1114 787 1150 alio
815 1114 949 1150 auxilio
979 1114 1127 1161 gratiae,
1155 1114 1256 1161 quasi
1287 1113 1408 1160 aliquo
1431 1113 1502 1148 alio
1524 1113 1648 1148 habitu

81 1170 220 1207 infuso:
241 1169 379 1217 indiget
397 1177 521 1204 tamen
541 1168 673 1204 auxilio
705 1169 840 1215 gratiae
867 1167 1071 1203 secundum
1093 1167 1204 1202 alium
1228 1167 1392 1209 modum,
1414 1176 1452 1202 ut
1473 1167 1612 1202 scilicet
1630 1178 1649 1202 a

82 1225 165 1261 Deo
186 1232 378 1260 moveatur
395 1224 438 1258 ad
461 1231 557 1258 recte
576 1223 778 1268 agendum:
801 1230 835 1257 et
855 1222 926 1257 hoc
950 1230 1096 1268 propter
1117 1221 1195 1257 duo.-
1214 1222 1324 1268 primo
1347 1221 1494 1268 quidem
1508 1221 1647 1256 ratione

84 1277 245 1326 generali
263 1284 409 1325 propter
429 1276 513 1321 hoc,
536 1277 646 1323 quod,
667 1276 759 1310 sicut
785 1287 891 1323 supra
914 1276 1049 1310 dictum
1073 1283 1126 1310 est
1148 1275 1230 1320 (art.
1253 1287 1279 1310 1.
1299 1275 1367 1320 lmj.
1390 1276 1451 1321 q.)‚
1473 1273 1572 1309 nulla
1595 1285 1649 1309 res

85 1339 206 1368 creata
235 1338 355 1379 potest
375 1330 411 1365 in
437 1341 704 1378 quemcumque
727 1337 848 1364 actum
871 1329 1026 1376 prodire,
1048 1329 1116 1363 nisi
1137 1329 1268 1363 virtute
1290 1328 1463 1364 motionis
1485 1328 1649 1364 divinae:

83 1384 222 1421 stcundo
243 1384 382 1420 ratione
403 1382 551 1431 speciali
580 1391 728 1430 propter
753 1382 1001 1417 conditionem
1029 1390 1140 1416 status
1162 1382 1344 1416 humanae
1367 1391 1534 1417 naturae:
1558 1393 1650 1428 quae

87 1438 235 1486 quidem
260 1437 345 1473 licet
369 1448 434 1484 per
459 1436 613 1483 gratiam
639 1444 784 1471 sanetur
816 1443 988 1482 quantum
1012 1436 1054 1470 ad
1083 1444 1255 1478 mentem,
1285 1445 1447 1470 remanet
1471 1444 1593 1471 tamen
1616 1436 1651 1471 in

87 1502 130 1528 ea
150 1490 347 1539 corruptio,
367 1498 403 1526 et
427 1489 576 1525 infectio
596 1498 771 1537 quantum
795 1489 837 1523 ad
861 1501 1020 1532 carnem,
1043 1501 1105 1535 per
1125 1501 1234 1536 quam
1255 1490 1433 1535 sar-vitlcgi
1450 1491 1591 1536 peccati,
1614 1497 1652 1524 ut

87 1544 217 1580 dicitur
237 1543 281 1579 ad
302 1543 411 1579 Rom.
433 1553 484 1590 7.:
508 1551 671 1578 remanet
692 1543 801 1577 etiarn
824 1542 1003 1590 quaedam
1027 1542 1253 1589 ignorantiae
1276 1543 1475 1578 obscuritas
1497 1543 1531 1577 in
1554 1543 1655 1578 intel-

86 1598 194 1642 lectu,
215 1597 416 1634 secundum
443 1608 565 1644 quam,
598 1605 637 1632 ut
658 1597 767 1632 etiam
795 1596 924 1631 dicitur
946 1596 1052 1631 Rom.
1075 1596 1119 1632 8.:
1136 1596 1228 1642 Quid
1249 1609 1388 1639 oremus,
1407 1598 1490 1632 sicut
1511 1602 1651 1645 oportet,

88 1652 267 1688 nescimus.-
298 1658 445 1699 propter
476 1650 596 1685 varios
618 1650 716 1686 enim
746 1661 865 1684 rerum
889 1658 1049 1692 eventus,
1081 1659 1115 1685 et
1137 1650 1220 1697 quia
1249 1651 1359 1685 etiam
1381 1651 1549 1698 nosipsos
1578 1663 1652 1686 non

90 1704 247 1754 perfecte
269 1705 538 1752 cognoscimus,
559 1715 633 1739 non
655 1715 848 1751 possumus
871 1703 914 1738 ad
948 1703 1094 1750 plenum
1126 1704 1228 1746 scire,
1249 1704 1333 1751 quid
1353 1704 1456 1739 nobis
1478 1704 1653 1752 expediat,

87 1758 289 1795 secundum
309 1757 397 1793 illud
420 1757 503 1805 Sap.
522 1769 574 1804 9.:
592 1757 814 1802 Cogitationes
836 1757 1026 1791 mortalium
1051 1757 1196 1800 timidae,
1218 1763 1246 1792 ct
1261 1759 1401 1792 incertae
1422 1758 1655 1805 providentiae

88 1817 242 1854 nostram
272 1819 307 1847 et
339 1811 423 1847 ideo
443 1821 591 1846 necesse
613 1818 667 1846 est
687 1811 803 1853 nobis,
826 1818 863 1845 ut
885 1822 904 1844 a
926 1811 1007 1845 Deo
1035 1811 1244 1855 dirigamur,
1271 1819 1306 1846 et
1327 1820 1572 1858 protegamur,
1594 1812 1655 1859 qui

89 1866 215 1902 omnia
234 1864 348 1908 novit,
369 1872 405 1900 et
425 1865 550 1900 omnia
572 1872 708 1912 potest;
733 1872 768 1899 et
789 1872 934 1911 propter
955 1864 1025 1899 hoc
1045 1865 1154 1899 etiam
1177 1865 1308 1899 renatis
1330 1865 1364 1899 in
1389 1864 1481 1900 filios
1499 1865 1568 1900 Dei
1591 1877 1653 1912 per

88 1919 242 1968 gratiam
263 1918 435 1955 convenit
455 1918 592 1954 dicere:
615 1919 657 1954 Et
690 1931 728 1953 nc
759 1929 815 1953 nos
842 1917 976 1953 inducas
1006 1919 1039 1952 in
1066 1919 1297 1959 tentationem
1329 1927 1381 1953 et:
1402 1920 1480 1954 Fiat
1501 1919 1656 1954 voluntas

89 1978 158 2017 tua,
177 1974 263 2009 sicut
287 1974 323 2008 in
349 1972 448 2014 coelo,
470 1977 499 2007 et
520 1973 554 2007 in
575 1977 676 2014 terra,
708 1980 743 2007 et
765 1979 918 2013 caetera,
941 1983 1032 2018 quae
1060 1971 1095 2006 in
1130 1972 1295 2007 oratione
1321 1972 1518 2007 Dominica
1546 1972 1658 2007 conti-

91 2034 223 2064 nentur
242 2025 287 2062 ad
307 2025 379 2062 hoc
401 2025 628 2074 pertinentia.

161 2079 222 2116 An
242 2089 392 2116 PRIMUM
414 2090 502 2126 ergo
523 2078 730 2121 dicendum,
757 2078 852 2125 quod
881 2078 1018 2113 donum
1040 2078 1232 2114 habitualis
1260 2080 1395 2125 gratiae
1422 2091 1495 2114 non
1519 2079 1562 2114 ad
1584 2079 1656 2114 hoc

90 2133 195 2170 datur
213 2132 330 2176 nobis,
355 2140 394 2168 ut
419 2143 483 2180 per
503 2132 620 2179 ipsum
652 2143 725 2166 non
757 2131 983 2177 indigeamus
1011 2132 1158 2167 ulterius
1184 2133 1307 2167 divino
1338 2133 1490 2168 auxilio:
1520 2133 1658 2178 indiget

91 2186 191 2224 enim
211 2185 391 2234 quaelibet
412 2193 587 2227 creatura,
615 2193 652 2220 ut
674 2197 693 2219 a
715 2185 797 2220 Deo
820 2194 1053 2220 conservetur
1075 2186 1109 2220 in
1129 2187 1238 2229 bono,
1253 2186 1350 2233 quod
1368 2187 1410 2221 ab
1434 2198 1478 2222 eo
1501 2187 1655 2234 accepit:

93 2248 129 2277 et
147 2239 243 2283 ideo,
263 2239 294 2275 si
315 2247 397 2288 post
417 2247 604 2286 acceptam
633 2238 786 2284 gratiam
805 2238 921 2273 homo
953 2239 1070 2274 adhuc
1094 2239 1230 2285 indiget
1257 2240 1378 2275 divino
1407 2241 1552 2283 auxilio,
1583 2252 1656 2275 non

93 2301 211 2343 potest
231 2291 414 2335 concludi,
434 2292 530 2340 quod
550 2292 665 2338 gratia
687 2292 732 2327 sit
754 2292 788 2326 in
811 2304 944 2327 vanum
969 2293 1061 2335 data,
1075 2293 1133 2328 vel
1155 2294 1250 2341 quod
1266 2294 1310 2328 sit
1329 2293 1557 2341 imperfecta:
1573 2295 1657 2342 quia

93 2346 203 2384 etiam
225 2346 260 2382 in
282 2353 376 2382 statu
410 2345 559 2393 gloriae,
581 2346 726 2392 quando
760 2345 874 2390 gratia
897 2346 962 2381 erit
996 2348 1148 2382 omnino
1183 2347 1352 2394 perfecta,
1386 2348 1500 2382 homo
1534 2348 1657 2382 divino

95 2399 228 2437 auxilio
250 2399 444 2448 indigebit:
466 2399 526 2434 hic
550 2407 670 2434 autem
695 2398 897 2446 aliqualiter
917 2400 1031 2446 gratia
1054 2400 1263 2448 imperfecta
1278 2410 1342 2444 est,
1362 2401 1574 2448 inquantum
1596 2402 1660 2437 ho·

95 2454 233 2490 minem
252 2464 327 2489 non
348 2452 507 2489 totaliter
528 2461 641 2494 sanat,
664 2460 701 2487 ut
722 2452 858 2488 dictum
881 2460 934 2488 est
956 2452 1006 2498 (in
1028 2461 1118 2502 corp.
1140 2455 1230 2498 arn).

165 2507 226 2544 An
247 2517 453 2544 SECUNDUM
468 2505 675 2548 dicendum,
697 2505 793 2553 quod
809 2507 971 2554 operatio
994 2507 1148 2555 Spiritus
1171 2508 1306 2550 Sancti,
1321 2520 1413 2555 quae
1432 2520 1500 2543 nos
1523 2517 1659 2552 movet,

96 2569 133 2598 et
147 2560 316 2610 protegit,
336 2571 410 2596 non
433 2559 739 2595 circumscribitur
761 2572 824 2607 per
845 2559 1014 2596 effectum
1041 2561 1233 2596 habitualis
1260 2562 1358 2603 doni,
1380 2562 1477 2609 quod
1497 2562 1530 2597 in
1554 2562 1658 2597 nobis

97 2606 239 2652 causat:
256 2613 318 2651 sed
340 2622 482 2662 praeter
510 2613 606 2648 hunc
635 2612 803 2649 effectum
826 2624 892 2648 nos
916 2623 1050 2657 movet,
1073 2625 1107 2650 et
1129 2615 1284 2662 protegit
1307 2615 1413 2650 simul
1436 2627 1518 2650 cum
1543 2616 1660 2658 Patre,

97 2677 134 2706 et
152 2667 257 2705 Filio.

170 2722 231 2759 AD
251 2731 423 2759 τεκτῐυκ
446 2720 652 2763 dicendum,
673 2720 769 2767 quod
792 2721 882 2756 ratio
910 2721 968 2756 illa
997 2721 1194 2765 concludit,
1221 2723 1316 2770 quoti
1340 2723 1452 2758 homo
1481 2735 1552 2758 non
1575 2723 1648 2758 indi

100 2783 185 2826 geat
201 2774 271 2812 alia
291 2773 467 2813 habituali
488 2775 613 2822 gratia.
