1907 3182
251 214 328 256 128
690 226 910 262 QUAESTIO
944 226 1014 256 xv.
1048 225 1292 256 ARTICULUS
1327 226 1353 255 1.

315 307 374 341 AD
401 318 550 342 PRIMUM
570 318 656 353 ergo
679 307 884 350 dicendum,
907 308 1015 354 quod,
1039 308 1130 342 sicut
1151 308 1280 342 dicitur
1298 308 1334 342 in
1360 319 1388 354 3.
1404 307 1447 341 de
1469 307 1604 342 Anima
1628 307 1706 353 (tex.
1721 308 1805 353 42),

243 360 410 395 voluntas
433 361 469 395 in
491 361 630 395 ratione
653 362 834 395 consistit:
863 361 957 395 unde
981 373 1064 395 cum
1086 362 1311 408 Augustinus
1338 361 1496 395 attribuit
1517 372 1736 396 consensum
1756 373 1808 396 ra-

242 414 343 456 tioni,
367 415 497 460 accipit
519 416 694 457 rationem,
718 414 917 449 secundum
941 415 1036 461 quod
1058 415 1095 449 in
1118 427 1160 449 ea
1183 414 1412 450 concluditur
1432 414 1610 449 voluntas.

315 468 374 502 AD
397 479 603 503 SECUNDUM
626 468 831 510 dicendum,
855 469 951 514 quod
972 470 1090 504 sentire
1116 469 1259 515 proprie
1282 468 1419 502 dictum
1442 468 1485 502 ad
1507 468 1807 514 apprehensivam

242 522 442 567 potentiam
464 522 635 568 pertinet:
659 521 721 555 sed
744 522 942 556 secundum
967 522 1241 556 similitudinem
1264 522 1451 568 cujusdam
1475 522 1714 568 experientiae
1732 534 1808 569 per-

241 575 330 609 tinet
352 575 395 609 ad
418 575 660 621 appetitivam,
683 583 720 609 ut
742 575 879 609 dictum
902 584 954 610 est
976 577 1027 621 (iu
1050 583 1139 623 corp.
1162 577 1256 621 art).

313 629 372 663 AD
396 639 567 663 TERTIUM
599 629 804 671 dicendum,
827 630 923 676 quod
946 631 1099 664 assentire
1128 638 1181 664 est
1213 629 1315 676 quasi
1342 629 1385 663 ad
1414 628 1506 664 aliud
1525 629 1663 670 sentire;
1693 637 1728 663 et
1756 629 1806 664 sic

242 682 413 727 importat
436 683 632 728 quamdam
655 683 861 716 distantiam
889 683 932 717 ad
960 683 1006 725 id,
1031 684 1088 717 cui
1110 683 1317 718 assentitur:
1349 683 1409 717 sed
1438 684 1615 717 consentire
1637 690 1690 717 est
1709 683 1807 717 simul

239 737 380 776 sentire;
405 743 439 770 et
460 736 511 770 sic
540 736 713 781 importat
742 737 938 782 quamdam
967 737 1265 782 conjunctionem
1289 736 1331 770 ad
1355 736 1401 778 id,
1425 736 1483 770 cui
1513 736 1747 778 consentitur,
1770 744 1805 770 et

241 788 323 823 ideo
345 789 525 832 voluntas,
541 791 641 835 cujus
661 798 713 824 est
733 790 881 824 tendere
905 790 947 823 ad
970 790 1087 836 ipsam
1108 801 1196 832 rem,
1213 790 1329 835 magis
1348 790 1491 835 proprie
1510 790 1639 824 dicitur
1658 801 1807 824 consen·

240 843 323 877 tire:
347 843 549 877 intellectus
572 851 704 885 autem,
722 845 822 889 cujus
845 844 1006 890 operatio
1026 855 1099 878 non
1119 852 1171 878 est
1189 844 1389 878 secundum
1411 851 1554 878 motum
1577 844 1620 878 ad
1639 856 1728 886 rem,
1743 844 1804 879 sed

240 896 359 941 potius
382 908 400 931 e
423 908 611 939 converso,
631 905 669 931 ut
687 897 722 930 in
742 897 860 942 primo
883 897 1020 931 dictum
1043 905 1096 931 est
1117 898 1164 943 (q.
1182 897 1232 932 16.
1248 902 1315 933 art.
1331 910 1358 932 I.
1374 902 1403 932 et
1416 909 1445 943 q.
1460 909 1514 944 27.
1533 902 1596 932 art.
1615 909 1647 942 4.
1667 903 1695 932 et
1710 910 1804 945 q.59.

241 955 304 984 art.
327 950 387 995 2.),
412 951 528 996 magis
551 951 693 997 proprie
716 951 845 985 dicitur
864 951 1053 985 assentire:
1078 951 1244 997 quamvis
1262 962 1374 985 unum
1393 962 1459 997 pro
1483 951 1554 986 alio
1573 951 1659 998 poni
1677 951 1804 987 soleat.

240 1003 364 1038 Potest
386 1004 494 1038 etiam
518 1004 599 1046 dici,
621 1004 718 1050 quod
737 1004 941 1038 intellectus
964 1005 1122 1048 assentit,
1145 1005 1359 1052 inquantum
1382 1017 1401 1039 a
1419 1004 1605 1041 voluntate
1626 1014 1803 1041 movetur.

806 1146 1150 1192 ARTICULUS
1186 1147 1241 1190 Π.
1760 1158 1803 1192 88

430 1255 581 1285 UTRUM
606 1256 856 1287 CONSENSUS
885 1256 1139 1286 CONVENIAT
1167 1257 1319 1286 BRUTIS
1347 1256 1624 1287 ANIMALIBUS.

762 1343 864 1388 (Infr.
888 1355 917 1389 q.
940 1343 993 1378 16.
1016 1348 1080 1378 art.
1104 1355 1134 1378 2.
1157 1344 1276 1389 corp).

309 1431 369 1465 AD
391 1442 597 1466 SECUNDUM
625 1432 674 1466 sic
697 1432 914 1478 proceditur.
937 1432 1099 1474 Videtur,
1122 1431 1218 1478 quod
1242 1442 1439 1466 consensus
1467 1430 1660 1465 conveniat
1691 1430 1802 1466 brutis

240 1484 471 1520 animalibus:
501 1497 698 1520 consensus
722 1486 818 1519 enim
840 1486 1012 1531 importat
1037 1485 1378 1519 determinationem
1405 1484 1581 1531 appetitus
1604 1484 1647 1518 ad
1670 1496 1801 1520 unum:

238 1538 299 1572 sed
315 1539 491 1584 appetitus
507 1540 693 1574 brutorum
711 1539 924 1573 animalium
943 1547 1025 1573 sunt
1040 1539 1268 1573 determinati
1284 1539 1328 1572 ad
1342 1549 1475 1581 unum3
1495 1549 1582 1584 ergo
1603 1549 1801 1573 consensus

238 1591 273 1625 in
295 1591 405 1626 brutis
428 1592 642 1627 animalibus
665 1593 853 1627 invenitur.

309 1656 339 1679 2.
362 1646 597 1681 PRAETEREA.
621 1647 779 1681 Remoto
802 1647 923 1692 priori,
948 1654 1154 1681 removetur
1175 1646 1372 1693 posterius:
1396 1645 1458 1680 sed
1481 1657 1678 1681 consensus
1704 1657 1802 1692 prae-

238 1699 332 1734 cedit
353 1701 470 1745 operis
493 1701 763 1743 executionem3
783 1701 811 1735 si
834 1712 920 1747 ergo
943 1701 978 1734 in
999 1700 1111 1735 brutis
1132 1711 1207 1735 non
1229 1707 1322 1734 esset
1341 1705 1550 1742 consensus,
1566 1711 1640 1734 non
1656 1707 1749 1734 esset
1763 1699 1800 1734 in

237 1753 286 1786 eis
309 1754 427 1800 operis
450 1754 625 1796 executio,
648 1754 745 1800 quod
766 1762 863 1800 patet
885 1766 961 1788 esse
983 1753 1125 1788 falsum.

312 1818 340 1852 3.
358 1807 593 1842 PRAETEREA.
610 1808 788 1842 Homines
803 1808 984 1842 interdum
1004 1807 1207 1842 consentire
1229 1807 1397 1842 dicuntur
1411 1807 1447 1841 in
1467 1806 1601 1854 aliquid
1621 1806 1801 1854 agendum

236 1871 277 1894 cx
299 1860 417 1907 aliqua
439 1862 618 1907 passione,
640 1870 724 1908 puta
747 1862 1053 1908 concupiscentia,
1074 1861 1133 1896 vel
1154 1861 1225 1897 ira:
1252 1861 1315 1896 sed
1335 1861 1439 1895 bruta
1461 1860 1632 1895 animalia
1660 1872 1703 1895 ex
1724 1871 1802 1907 pas-

235 1913 336 1948 sione
359 1923 485 1961 agunt3
509 1927 595 1961 ergo
618 1916 654 1949 in
677 1916 727 1950 eis
750 1923 803 1950 est
825 1927 1035 1950 consensus.

307 1969 381 2003 SED
410 1980 565 2004 CONTRA
592 1978 655 2012 est,
686 1970 783 2016 quod
811 1971 983 2004 Damasc.
1013 1969 1098 2004 dicit
1121 1969 1194 2014 (lib.
1217 1981 1248 2005 2.
1277 1969 1372 2004 Orth.
1402 1968 1476 2004 Fid.
1500 1975 1572 2016 cap.
1595 1969 1679 2014 22.),
1703 1969 1799 2015 quod

234 2031 315 2069 post
335 2023 508 2068 judicium
531 2024 645 2058 homo
668 2024 836 2070 disponit,
853 2032 885 2058 et
905 2031 1013 2065 amat,
1028 2023 1124 2070 quod
1148 2035 1189 2058 ex
1212 2023 1365 2057 consilio
1388 2023 1587 2068 judicatum
1611 2029 1683 2064 est3
1703 2022 1798 2068 quod

234 2085 385 2110 vocatur
400 2078 586 2120 sententia,
602 2078 692 2112 idest
707 2089 921 2113 consensus:
941 2077 1002 2112 sed
1019 2076 1212 2112 consilium
1226 2088 1300 2112 non
1316 2085 1369 2111 est
1384 2077 1419 2110 in
1433 2076 1546 2110 brutis
1565 2075 1799 2118 animalibu33

236 2141 324 2176 ergo
346 2142 412 2165 nec
437 2142 644 2165 consensus.

306 2184 535 2219 Rssspoxm-:o
551 2185 757 2227 dicendum,
773 2185 869 2231 quod
889 2196 1098 2227 consensus,
1114 2184 1257 2231 proprie
1271 2183 1468 2231 loquendo,
1483 2194 1557 2218 non
1572 2191 1626 2218 est
1639 2183 1674 2217 in
1688 2182 1800 2217 brutis

236 2237 466 2272 animalibus:
494 2240 593 2284 cujus
615 2239 706 2273 ratio
722 2247 785 2281 est,
802 2238 884 2284 quia
907 2250 1104 2273 consensus
1126 2239 1299 2285 importat
1314 2237 1596 2284 applicationem
1616 2236 1800 2283 appetitivi

235 2300 356 2326 motus
379 2292 421 2325 ad
445 2292 577 2338 aliquid
601 2293 800 2339 agendum:
822 2294 896 2338 ejus
920 2301 1041 2326 autem
1061 2301 1113 2327 est
1135 2292 1316 2339 applicare
1339 2291 1574 2338 appetitivum
1594 2299 1736 2325 motum
1755 2290 1798 2324 ad

236 2345 369 2391 aliquid
393 2346 586 2391 agendum,
608 2347 643 2380 in
667 2347 767 2392 cujus
790 2354 966 2393 potestate
990 2354 1042 2380 est
1064 2346 1278 2393 appetitivus
1299 2353 1437 2380 motus:
1461 2345 1553 2379 sicut
1578 2352 1726 2390 tangere
1753 2343 1801 2377 la—

235 2399 356 2445 pidem
379 2400 548 2434 convenit
570 2400 716 2446 quidem
734 2400 883 2434 baculo:
907 2401 968 2434 sed
991 2400 1172 2446 applicare
1193 2399 1365 2434 baculum
1385 2400 1428 2433 ad
1446 2406 1583 2433 tactum
1601 2397 1729 2445 lapidis
1747 2405 1800 2432 est

235 2453 322 2498 ejus,
345 2453 405 2499 qui
432 2454 540 2488 habet
568 2454 604 2487 in
632 2462 808 2500 potestate
839 2466 986 2488 movere
1016 2453 1198 2488 baculum.
1231 2454 1340 2487 Bruta
1373 2461 1494 2488 autem
1525 2451 1697 2486 animalia
1724 2461 1798 2485 non

234 2505 368 2541 habent
397 2507 432 2541 in
463 2519 526 2541 sua
556 2515 732 2554 potestate
763 2508 998 2554 appetitivum
1030 2516 1193 2550 motum3
1216 2507 1277 2542 sed
1304 2506 1384 2541 talis
1411 2514 1532 2541 motus
1553 2506 1589 2540 in
1611 2506 1661 2540 eis
1684 2513 1736 2540 est
1757 2516 1800 2539 ex

234 2560 404 2595 instinctu
426 2569 592 2604 naturae3
614 2561 708 2595 unde
731 2562 875 2595 brutum
899 2560 1033 2595 animal
1057 2561 1190 2607 appetit
1212 2561 1370 2608 quidem,
1389 2560 1451 2595 sed
1470 2571 1544 2594 non
1564 2558 1721 2606 applicat
1743 2570 1800 2605 ap-

234 2614 421 2660 petitivum
444 2623 585 2649 motum
608 2615 651 2649 ad
675 2615 820 2661 aliquid.

307 2668 349 2703 Et
371 2677 516 2715 propter
537 2669 607 2703 hoc
631 2680 704 2703 non
727 2669 869 2715 proprie
892 2668 1021 2702 dicitur
1044 2669 1259 2711 consentire,
1289 2668 1351 2703 sed
1381 2667 1502 2702 solum
1530 2665 1714 2702 rationalis
1737 2677 1795 2700 na-

233 2731 323 2765 tura,
346 2735 436 2768 quae
458 2723 566 2757 habet
587 2723 623 2756 in
646 2731 822 2769 potestate
844 2734 907 2756 sua
931 2722 1166 2768 appetitivum
1188 2730 1342 2765 motum,
1358 2730 1393 2756 et
1413 2729 1532 2768 potest
1549 2721 1669 2768 ipsum
1691 2719 1799 2767 appli-

235 2788 327 2818 care,
348 2776 406 2810 vel
423 2787 497 2810 non
520 2775 701 2823 applicare
725 2777 767 2810 ad
793 2776 876 2818 hoc,
898 2776 955 2810 vel
979 2776 1021 2809 ad
1046 2776 1144 2809 illud.

305 2831 364 2864 AD
387 2841 535 2865 PRIMUM
558 2842 645 2876 ergo
668 2830 873 2872 dicendum,
896 2830 991 2876 quod
1016 2830 1051 2863 in
1073 2830 1183 2864 brutis
1203 2829 1419 2864 animalibus
1436 2828 1617 2864 invenitur
1635 2827 1799 2862 determi-

233 2883 331 2918 natio
355 2883 530 2930 appetitus
552 2885 587 2917 in
611 2883 744 2930 aliquid
767 2883 906 2930 passive
929 2891 1088 2917 tantum:
1113 2895 1311 2918 consensus
1333 2894 1419 2917 vero
1441 2883 1614 2929 importat
1634 2880 1798 2916 determi-

233 2937 418 2972 nationem
443 2938 618 2984 appetitus
642 2949 714 2972 non
740 2937 857 2972 solum
881 2937 1074 2983 passivam,
1096 2937 1158 2972 sed
1181 2937 1296 2984 magis
1319 2937 1487 2971 activam.
