1907 3198
507 216 730 253 QUAESTIO
764 214 898 245 LXXII.
932 212 1177 244 ARTICULUS
1211 211 1271 241 111.
1589 210 1674 252 507

665 402 1011 450 ARTICULUS
1047 401 1127 445 111.
1611 409 1676 456 380

177 526 329 557 UTRUM
356 526 558 556 PECCATA
586 525 952 556 DISTINGUANTUR
980 523 1130 554 SPECIE
1157 521 1398 553 SECUNDUM
1422 520 1600 550 CAUSAS.

449 626 532 673 (2-2.
554 627 645 662 Prol.
668 632 699 662 et
719 637 750 662 2.
773 626 861 661 Dist.
883 626 938 661 23.
961 637 991 671 q.
1014 637 1041 660 r.
1064 629 1129 658 art.
1152 636 1180 659 ι.
1203 622 1321 669 corp).

170 727 231 763 AD
258 737 431 764 TERTIUM
457 728 508 762 sic
530 727 747 774 proceditur.
770 727 934 769 Videtur,
963 726 1059 773 quod
1086 734 1236 773 peccata
1263 724 1530 770 distinguantur
1556 723 1677 770 specie

99 781 301 818 secundum
323 792 469 817 causas:
493 781 536 816 ab
559 781 691 816 eodem
713 781 812 816 enim
833 781 944 815 habet
965 792 1020 815 res
1043 779 1215 826 speciem,
1239 790 1258 812 a
1280 789 1353 824 quo
1375 777 1486 812 habet
1500 788 1595 812 esse:
1614 777 1677 812 sed

98 842 249 883 peccata
267 835 403 870 habent
421 846 499 870 esse
519 847 563 870 ex
580 835 654 870 suis
674 835 808 878 causis;
831 845 919 880 ergo
939 834 981 868 ab
1001 834 1051 868 eis
1071 833 1181 868 etiam
1199 832 1360 879 speciem
1376 831 1593 873 sortiuntur3
1616 829 1679 865 dif-

98 887 216 924 serunt
237 899 326 936 ergo
343 889 466 936 specie
489 889 692 924 secundum
716 888 961 923 diversitatem
986 898 1191 922 causarum.

169 952 201 977 2.
223 941 462 978 PRAETEREA.
485 942 582 977 Inter
604 942 692 977 alias
708 954 835 977 causas
850 943 970 984 minus
983 942 1125 976 videtur
1139 940 1318 988 pertinere
1335 939 1378 974 ad
1394 939 1553 987 speciem
1569 950 1677 973 causa

98 995 313 1031 materialis:
337 995 400 1031 sed
423 996 609 1042 objectum
630 996 666 1030 in
689 1004 842 1043 peccato
861 1004 915 1030 est
933 997 1026 1030 sicut
1045 1006 1154 1029 causa
1173 992 1389 1036 materialis;
1414 1004 1497 1028 cum
1521 1003 1609 1038 ergo
1629 1004 1679 1026 se·

97 1049 258 1085 cundum
279 1050 424 1096 objecta
452 1058 602 1098 peccata
632 1050 752 1097 specie
779 1050 1058 1096 distinguantur,
1080 1048 1222 1083 videtur
1252 1047 1350 1095 quod
1380 1055 1529 1094 peccata
1561 1045 1678 1080 multo

97 1103 216 1150 magis
237 1104 440 1139 secundum
468 1103 557 1139 alias
580 1115 709 1139 causas
732 1104 1000 1149 distinguantur
1021 1102 1153 1150 specie.

91 1197 97 1204 .
173 1169 201 1204 3.
223 1157 462 1193 PRAETEREA.
490 1158 585 1205 Aug.
609 1170 717 1205 super
738 1157 825 1192 illud
849 1157 944 1192 Psal.
966 1159 1071 1204 (79.).·
1093 1157 1232 1192 Incensa
1258 1157 1339 1201 igni,
1363 1161 1393 1190 et
1413 1154 1558 1200 suffossa,
1581 1153 1679 1195 dicit,

97 1211 184 1259 quod
196 1223 291 1247 omne
303 1217 479 1260 peccatum
496 1217 539 1248 est
555 1225 594 1247 cx
610 1214 728 1247 timore
745 1212 828 1246 male
845 1211 1054 1253 humiliante,
1070 1211 1122 1246 vel
1135 1223 1174 1245 ax
1189 1222 1301 1244 umore
1324 1209 1409 1244 mala
1428 1208 1656 1255 inflammante
1669 1221 1678 1241 .·

97 1265 228 1300 dicitur
248 1265 346 1300 enim
372 1276 400 1301 1.
419 1265 549 1312 Joann.
573 1275 605 1300 2.
628 1265 726 1312 quod
753 1276 880 1307 omne,
905 1264 1003 1311 quod
1031 1273 1084 1299 est
1110 1264 1145 1298 in
1173 1263 1325 1304 mundo,
1353 1271 1413 1297 aut
1435 1270 1488 1296 est
1511 1262 1680 1308 concupi-

97 1318 234 1354 scentia
256 1319 387 1362 carnis,
408 1327 470 1354 aut
490 1327 544 1354 est
566 1319 762 1366 concupisc
772 1319 869 1354 entia
893 1318 1100 1360 oculorum,
1128 1326 1189 1352 aut
1216 1316 1384 1363 superbia
1405 1316 1520 1350 vitae:
1551 1315 1680 1349 dicitur

97 1380 225 1407 autem
245 1372 381 1420 aliquid
403 1384 482 1408 esse
505 1373 542 1407 in
564 1372 705 1407 mundo
728 1381 875 1419 propter
896 1380 1102 1419 peccatum,
1124 1371 1326 1406 secundum
1353 1370 1451 1416 quod
1474 1369 1601 1404 mundi
1619 1380 1681 1403 no-

97 1425 196 1460 mine
219 1433 402 1461 amatores
420 1426 546 1460 mundi
561 1425 825 1472 significantur,
840 1434 879 1460 ut
894 1425 1121 1471 Augustinus
1135 1424 1221 1459 dicit
1235 1435 1343 1470 super
1360 1423 1490 1469 Joann.
1515 1423 1628 1466 (tract.
1648 1434 1679 1458 2.

97 1479 184 1514 inter
203 1479 286 1514 med.
308 1483 337 1514 et
353 1479 448 1525 fin),
473 1479 675 1527 Gregorius
708 1480 819 1514 etiam
855 1490 907 1526 31.
930 1478 1060 1514 Moral.
1083 1480 1169 1526 (cap.
1192 1489 1242 1525 17.
1261 1489 1373 1513 versus
1411 1478 1471 1521 ιη.)
1493 1476 1681 1523 distinguit

96 1532 221 1568 omnia
248 1541 405 1580 peccata
433 1534 635 1568 secundum
663 1541 803 1580 septem
830 1533 917 1567 vitia
945 1533 1136 1580 capitalia:
1165 1543 1294 1567 omnes
1321 1539 1443 1566 autem
1469 1530 1679 1575 hujusmodi

96 1585 292 1622 divisiones
313 1586 512 1634 respiciunt
530 1598 658 1622 causas
677 1595 939 1634 peccatorum;
955 1597 1042 1632 ergo
1062 1586 1214 1628 videtur,
1230 1586 1327 1633 quod
1350 1593 1499 1632 peccata
1514 1583 1681 1618 differant

95 1640 216 1688 specie
238 1640 442 1676 secundum
463 1640 713 1676 diversitatem
736 1652 941 1675 causarum.

167 1693 244 1730 SED
271 1704 429 1730 CONTRA
453 1701 517 1738 est,
540 1695 624 1742 quia
646 1695 849 1729 secundum
868 1695 941 1729 hoc
962 1695 1091 1729 omnia
1113 1703 1262 1741 peccata
1281 1701 1400 1728 essent
1415 1694 1520 1727 unius
1534 1691 1680 1739 speciei,

95 1758 180 1782 cum
202 1758 245 1783 ex
267 1759 337 1782 una
359 1759 470 1783 causa
497 1758 701 1784 causentur.
729 1748 872 1783 Dicitur
905 1748 1003 1783 enirn
1032 1748 1145 1782 Eccli.
1173 1759 1237 1790 10„
1261 1747 1357 1794 quod
1389 1747 1532 1782 initium
1560 1745 1680 1780 omnis

95 1801 236 1848 peccati
257 1809 311 1836 est
331 1802 521 1849 superbia:
545 1809 581 1837 et
606 1813 634 1837 1.
658 1802 702 1836 ad
723 1801 890 1836 Timoth.
915 1802 1058 1844 ultimo,
1074 1801 1171 1848 quod
1190 1802 1290 1836 radix
1310 1801 1476 1836 omnium
1497 1799 1680 1834 malorum

96 1862 150 1890 est
169 1855 365 1902 cupiditas:
389 1855 625 1891 manifestum
647 1864 701 1891 est
723 1864 858 1898 autem,
883 1867 962 1891 esse
986 1856 1147 1890 diversas
1169 1855 1308 1902 species
1330 1862 1583 1902 peccatorum:
1606 1865 1680 1888 non

95 1919 184 1956 ergo
205 1918 356 1956 peccata
377 1909 647 1956 distinguuntur
669 1910 789 1956 specie
812 1910 1021 1944 secundum
1045 1910 1271 1944 diversitates
1294 1920 1497 1944 causarum.

166 1961 398 1999 RESPONDEO
420 1963 630 2006 dicendum,
652 1964 749 2010 quod
774 1975 860 1998 cum
881 1969 1019 2010 quatuor
1046 1964 1118 1998 sint
1140 1974 1333 1998 causarum
1361 1974 1507 2009 genera,
1535 1961 1684 1996 diversi-

95 2016 207 2052 mode
220 2017 370 2053 diversis
385 2017 646 2052 attribuuntur:
663 2029 773 2052 causa
789 2018 887 2052 enim
895 2018 1068 2065 formalis,
1080 2026 1115 2052 et
1130 2018 1313 2052 materialis
1324 2017 1520 2064 respiciunt
1536 2016 1680 2063 proprie

96 2070 333 2106 substantiam
356 2071 430 2114 rei3
452 2080 488 2106 et
505 2071 588 2106 ideo
610 2071 832 2106 substantiae
855 2072 1059 2106 secundum
1082 2071 1254 2114 formam,
1270 2079 1303 2106 et
1327 2071 1531 2112 materiam,
1547 2070 1681 2116 specie,

97 2130 131 2159 et
151 2134 284 2171 genere
306 2124 586 2171 distinguuntur.
614 2126 724 2171 Agens
751 2133 886 2167 autern,
914 2133 949 2160 et
967 2126 1049 2172 fim's
1076 2125 1273 2172 respiciunt
1302 2125 1438 2159 directe
1466 2132 1623 2165 motum,
1647 2131 1682 2157 et

97 2177 373 2225 operationem3
400 2186 435 2214 et
466 2178 549 2213 ideo
579 2187 714 2221 motus,
745 2187 781 2214 et
811 2179 1043 2226 operationes
1072 2179 1273 2214 secundum
1307 2178 1519 2224 hujusmodi
1552 2189 1680 2212 causas

96 2231 216 2279 specie
229 2231 509 2279 distinguuntur.
524 2232 782 2267 Diversimode
797 2240 938 2267 tamen:
963 2244 1050 2267 nam
1073 2232 1248 2280 principia
1265 2232 1382 2267 activa
1399 2231 1577 2266 naturalia
1599 2239 1681 2265 sunt

97 2285 335 2320 determinata
354 2297 500 2333 semper
521 2285 565 2320 ad
587 2286 739 2321 eosdem
761 2295 882 2329 actus;
904 2295 939 2321 et
960 2286 1043 2321 ideo
1063 2287 1226 2321 diversae
1247 2287 1385 2333 species
1406 2287 1441 2321 in
1462 2285 1599 2319 actibus
1620 2295 1682 2318 na—

96 2339 270 2375 turalibus
291 2339 524 2375 attenduntur
544 2351 618 2375 non
641 2339 762 2375 solum
784 2340 985 2374 secundum
1008 2340 1163 2386 objecta,
1185 2352 1277 2387 quae
1300 2349 1384 2375 sunt
1406 2339 1506 2381 fines,
1530 2338 1588 2373 vel
1610 2346 1682 2373 ter-

98 2392 198 2436 mini,
219 2393 281 2428 sed
303 2393 414 2428 etiam
435 2393 637 2429 secundum
665 2394 841 2441 principia
871 2395 1009 2437 activa;
1032 2395 1124 2428 sicut
1155 2393 1369 2436 calefacere,
1401 2402 1435 2428 et
1467 2392 1679 2438 infrigidare

96 2445 363 2494 distinguuntur
382 2447 504 2494 specie
526 2447 729 2482 secundum
751 2447 908 2490 cuh'dum,
932 2457 967 2482 et
981 2448 1171 2495 frigidum:
1200 2448 1261 2483 sed
1285 2447 1461 2494 principia
1492 2447 1609 2481 activa
1640 2446 1674 2480 in

98 2499 236 2536 actibus
256 2499 480 2544 voluntariis,
503 2501 708 2547 cujusmodi
731 2509 813 2535 sunt
836 2510 937 2537 actus
964 2510 1214 2549 peccatorum,
1236 2513 1310 2536 non
1333 2513 1369 2536 se
1392 2501 1526 2536 habent
1550 2512 1591 2534 ex
1613 2512 1679 2534 ne-

98 2553 264 2589 cessitate
286 2554 330 2589 ad
351 2565 478 2598 unum,
505 2562 540 2590 et
565 2555 648 2589 ideo
672 2567 714 2590 ex
742 2566 815 2589 uno
842 2555 1021 2603 principio
1049 2556 1182 2598 activo,
1208 2555 1265 2590 vel
1289 2555 1430 2590 motivo
1458 2562 1610 2601 possunt
1633 2553 1680 2588 di-

97 2616 222 2643 versae
240 2608 378 2656 species
395 2617 631 2656 peccatorum
651 2609 868 2656 procedere:
889 2610 981 2645 sicut
995 2621 1037 2645 ex
1051 2611 1184 2645 timore
1204 2610 1300 2645 male
1320 2609 1536 2644 humiliante
1559 2617 1681 2655 potest

98 2661 306 2708 procedere,
327 2662 424 2710 quod
446 2662 562 2698 homo
584 2662 733 2705 furetur,
753 2671 788 2698 et
806 2664 903 2710 quod
927 2664 1082 2706 occidat,
1105 2673 1139 2699 et
1157 2665 1254 2711 quod
1274 2664 1416 2699 dez-erat
1435 2675 1587 2709 gregem
1611 2662 1678 2697 sibi

98 2714 356 2752 commissum:
378 2723 414 2751 et
434 2716 526 2752 haec
546 2716 675 2751 eadem
698 2726 850 2763 possunt
871 2718 1069 2764 procedere
1088 2731 1130 2752 ex
1150 2729 1276 2752 amore
1304 2717 1365 2763 [al.
1385 2729 1423 2752 ex
1442 2729 1568 2759 aunon,
1595 2716 1679 2751 mal:

99 2767 363 2815 inflammant-ek
386 2769 481 2804 unde
497 2769 729 2805 manifestum
753 2779 817 2813 est,
838 2771 935 2818 quod
958 2781 1108 2818 peccata
1130 2783 1203 2806 non
1225 2771 1392 2806 differant
1411 2771 1531 2818 specie
1555 2781 1680 2804 secun·

98 2820 185 2857 dum
205 2822 365 2858 diversas
385 2833 514 2858 causas
535 2824 683 2865 activas,
705 2823 763 2859 vel
786 2825 954 2867 motivas,
975 2825 1038 2860 sed
1062 2825 1181 2859 solum
1205 2825 1405 2860 secundum
1430 2824 1679 2859 diversitatem

98 2884 229 2911 causae
249 2875 386 2912 finalis:
409 2877 493 2924 quia
519 2876 598 2912 finis
627 2886 681 2912 est
708 2878 892 2923 objectum
914 2878 1128 2914 voluntatis:
1152 2887 1339 2913 ostensum
1368 2887 1422 2914 est
1450 2878 1547 2913 enim
1572 2888 1680 2924 supra

97 2929 145 2976 (τι.
169 2940 198 2965 1.
219 2934 286 2965 art.
298 2941 328 2977 3.
341 2933 372 2966 el
386 2941 417 2977 ‹1-
432 2931 483 2967 18.
497 2935 562 2966 ατί.
576 2943 609 2976 4.
624 2936 652 2967 et
673 2932 736 2977 6.),
758 2932 855 2978 quod
878 2940 980 2967 actus
1002 2933 1153 2967 humani
1173 2933 1308 2968 habent
1327 2933 1488 2980 speciem
1510 2945 1551 2967 ex
1571 2931 1652 2966 fine.
