1907 3198
510 210 734 246 QUAESTIO
769 210 870 240 [νη.
905 209 1153 240 Ana-tentus
1185 209 1243 238 vr.
1583 209 1665 252 399

160 293 221 328 An
234 302 384 328 PRmUM
399 303 487 339 ergo
506 291 715 336 dicendum,
737 292 835 340 quod
849 291 1040 340 prudentia
1059 299 1114 326 est
1128 292 1205 326 bene
1218 290 1431 326 consiliativa
1439 303 1453 332 ,·
1475 301 1550 325 non
1566 291 1669 337 quasi

87 346 180 382 bene
201 345 387 382 consiliari
407 346 452 381 sit
473 347 684 382 immediate
707 355 808 382 actus
835 347 930 393 ejus;
957 346 1020 381 sed
1046 345 1132 393 quia
1158 345 1256 380 hunc
1280 352 1403 379 actum
1430 343 1571 391 perficit
1597 355 1669 378 me-

87 399 208 436 diante
228 400 360 435 virtute
381 400 449 435 sibi
476 400 650 447 subjecta,
673 412 766 447 quae
789 408 844 436 est
863 400 1008 436 eubulia.

160 454 222 490 AD
243 464 454 490 SECUNDUM
479 453 690 497 dicendum,
712 455 811 501 quod
832 454 1009 500 judicium
1037 453 1075 488 in
1104 452 1330 500 agendisad
1352 451 1488 499 aliquid
1519 450 1669 486 ulterius

89 508 294 544 ordinatur:
317 507 498 555 contingit
519 508 617 542 enim
641 507 801 555 aliquem
822 508 914 543 bene
935 508 1096 555 judicare
1112 507 1155 542 de
1178 506 1301 553 aliquo
1318 506 1473 553 agendo,
1493 513 1528 540 et
1546 514 1669 540 tamen

88 573 165 598 non
185 570 284 598 recte
305 562 451 609 exequi:
474 562 538 597 sed
560 561 732 597 ultimum
754 562 1069 609 complementum
1091 568 1156 604 est,
1183 561 1329 608 quando
1357 560 1449 595 ratio
1475 560 1550 606 jam
1577 560 1670 594 bene

87 615 273 665 praecepit
297 616 342 651 de
364 616 527 663 agendis.

105 680 114 689 ’
159 671 221 707 An
249 679 423 707 TERTIUM
442 671 650 714 dicendum,
673 671 772 718 quod
793 671 970 718 judicium
992 670 1036 705 de
1058 681 1276 717 unaquaque
1305 680 1342 704 re
1372 668 1412 704 fit
1432 680 1496 716 per
1521 667 1668 716 propria

86 725 265 775 principia
293 725 386 772 ejus:
409 725 595 772 inquisitio
619 733 741 760 autem
772 725 938 760 nondum
961 733 1015 760 est
1035 736 1099 772 per
1129 723 1323 771 principia;
1346 725 1430 770 quia
1459 723 1516 757 his
1538 721 1670 757 habitis

24 782 29 790 ‘
87 790 164 816 non
185 787 279 815 esset
299 790 390 828 opus
405 779 652 827 inquisitione,
674 780 736 815 sed
750 780 825 826 jam
846 791 902 815 res
917 787 1011 814 esset
1031 780 1197 822 inventa3
1219 786 1257 813 et
1277 778 1360 813 ideo
1374 789 1442 812 una
1464 776 1541 813 sola
1558 777 1672 811 virtus

88 833 275 870 ordinatur
295 833 340 868 ad
361 834 454 869 bene
475 833 764 877 consiliandum3
786 833 870 870 duae
896 842 1019 869 autem
1044 833 1196 868 virtutes
1223 833 1267 868 ad
1294 833 1386 868 bene
1412 831 1669 879 judicandum:

20 888 26 892 '
88 887 174 936 quia
193 887 377 923 distinctio
397 899 473 923 non
495 896 548 923 est
568 888 605 923 in
627 888 885 923 communibus
906 887 1102 935 principiis,
1124 887 1187 923 sed
1209 887 1246 922 in
1267 887 1440 935 propriis;
1461 885 1558 921 unde
1579 893 1614 920 et
1635 885 1671 919 in

88 941 321 990 speculativis
341 953 414 977 una
428 950 483 978 est
495 941 686 977 dialectica
699 942 908 989 inquisitiva
927 942 971 977 de
987 942 1176 977 omnibus:
1192 941 1367 977 scientiae
1382 949 1503 976 autern
1520 940 1673 975 demon-

88 995 271 1040 strativae,
293 1007 385 1044 quae
399 1004 482 1031 sunt
494 996 724 1043 judicativae,
737 1004 820 1031 sunt
838 996 1002 1031 diversae
1021 996 1064 1031 de
1080 996 1240 1031 diversis.
1255 995 1537 1043 Distinguuntur
1551 1001 1673 1028 autem

87 1051 217 1098 synesis,
241 1057 277 1086 et
295 1062 414 1098 gnome
434 1050 638 1086 secundum
659 1050 820 1085 diversas
842 1050 998 1098 regulas,
1013 1050 1142 1098 quibus
1163 1049 1361 1097 judicatur:
1377 1061 1463 1085 nam
1484 1050 1602 1096 synesis
1620 1056 1675 1083 est

87 1104 284 1152 indicativa
305 1103 349 1139 de
372 1104 522 1152 agendis
545 1104 749 1140 secundum
771 1115 1011 1140 communem
1029 1104 1172 1152 legem3
1192 1116 1311 1152 gnome
1326 1113 1449 1139 autem
1471 1103 1674 1139 secundum

87 1157 208 1206 ipsam
228 1158 412 1194 rationem
432 1158 637 1194 naturalem
659 1158 697 1193 in
717 1158 786 1201 his,
805 1158 843 1193 in
865 1158 994 1206 quibus
1016 1158 1139 1194 deficit
1158 1157 1215 1194 lex
1238 1158 1466 1194 communis:
1489 1157 1583 1193 sicut
1604 1155 1676 1205 ple-

88 1213 171 1249 nius
191 1211 283 1248 infra
303 1212 440 1261 patebit
462 1217 546 1258 (2-2.
568 1224 599 1260 q.
617 1225 664 1260 51.
688 1217 753 1247 art.
774 1214 838 1259 4.).

160 1266 223 1303 ΑΙ)
243 1277 433 1308 QUARTUM
455 1266 662 1310 dicendum,
684 1266 781 1314 quod
803 1267 978 1309 memoria,
1006 1266 1234 1313 intelligentia,
1262 1274 1298 1302 et
1319 1266 1545 1314 providentia,
1577 1265 1675 1301 simi-

88 1319 172 1357 liter
189 1321 302 1356 etiam
323 1322 446 1365 cautio,
469 1328 506 1357 et
525 1320 691 1365 docilitas,
715 1327 751 1355 et
767 1320 837 1355 alia
858 1320 1082 1367 hujusmodi,
1101 1332 1177 1355 non
1199 1328 1283 1356 sunt
1303 1321 1452 1356 virtutes
1471 1320 1635 1356 diversae
1655 1331 1674 1354 a

91 1374 302 1424 prudentia3
323 1375 387 1411 sed
409 1374 688 1422 quodammodo
708 1383 969 1422 comparantur
991 1375 1034 1409 ad
1057 1375 1187 1422 ipsam,
1210 1375 1303 1410 sicut
1324 1383 1443 1422 partes
1462 1373 1674 1421 integrales;

88 1429 307 1478 inquantum
329 1429 454 1465 omnia
471 1429 540 1464 ista
560 1429 792 1476 requiruntur
807 1429 852 1463 ad
870 1427 1134 1476 perfectionem
1156 1428 1383 1476 prudentiae:
1407 1436 1490 1463 sunt
1510 1428 1621 1463 etiam
1640 1436 1676 1462 et

38 1523 41 1531 Ι
91 1483 273 1532 quaedam
293 1491 412 1531 partes
434 1483 667 1530 subjectivae,
690 1494 753 1518 seu
776 1483 916 1530 species
943 1483 1172 1530 prudentiae:
1196 1483 1290 1518 sicut
1310 1484 1536 1526 aeconomica,
1560 1494 1675 1529 regna-

14 1548 18 1558 ·
37 1564 46 1585 7
90 1538 175 1582 fiva,
193 1545 231 1573 et
245 1537 469 1585 hujusmodi:
491 1537 553 1573 sed
574 1537 758 1585 praedicta
773 1539 841 1572 tria
858 1545 942 1572 sunt
959 1537 1062 1584 quasi
1083 1545 1202 1584 partes
1217 1536 1435 1584 potentiales
1450 1536 1673 1584 prudentiae:

0 1591 1 1619 ἰ
45 1629 51 1635 ,
91 1592 177 1640 quia
206 1591 420 1628 ordinantur
449 1593 543 1628 sicut
571 1591 830 1628 secundarium
860 1591 904 1626 ad
932 1591 1150 1639 principale:
1181 1599 1217 1626 et
1247 1591 1291 1627 de
1325 1591 1382 1627 his
1415 1590 1507 1626 infra
1536 1591 1676 1626 dicetur

92 1647 178 1696 (2-2.
199 1659 231 1696 q.
253 1647 330 1696 μ).

598 1942 958 2005 QUAESTIO
999 1941 1172 1989 Lvln.

93 2077 160 2111 DE
185 2076 528 2110 ms‘rmc‘rmNE
555 2076 806 2109 VIRTUTUM
832 2075 1091 2108 MORALIUM
1110 2076 1170 2108 AB
1186 2074 1671 2114 INTELLECTUALIBUS,

152 2139 155 2142 ⁴
460 2149 513 2182 m
551 2148 772 2191 QUINQUE
809 2148 1074 2181 ARTIcuLos
1113 2148 1289 2180 DIVISA.

165 2296 311 2334 Deinde
324 2296 632 2333 considerandum
646 2304 700 2332 est
714 2296 757 2331 de
771 2296 961 2331 virtutibus
975 2296 1186 2332 moralibus.
1201 2295 1245 2331 Et
1254 2297 1370 2344 primo
1386 2296 1429 2331 de
1443 2296 1675 2332 distinctione

77 2352 223 2394 'earum
240 2363 261 2386 a
280 2351 471 2387 virtutibus
489 2349 964 2386 intellectualibus:secundo
986 2351 1030 2386 de
1049 2351 1281 2386 distinctione
1303 2362 1428 2385 earum
1452 2351 1494 2385 ab
1517 2350 1674 2385 invicem

83 2399 302 2442 'secundum
322 2405 508 2454 propriam
530 2405 744 2440 materiam:
763 2405 856 2440 tertio
878 2405 922 2440 de
944 2405 1176 2440 distinctione
1198 2404 1466 2452 principalium,
1485 2404 1544 2440 vel
1566 2404 1678 2439 cardi-

87 2459 234 2510 nalium
255 2459 300 2495 ab
319 2459 409 2496 aliis.

85 2551 93 2553 *
112 2528 114 2530 V
135 2547 142 2554 '
540 2542 645 2579 Circa
661 2544 815 2591 primum
836 2548 1044 2590 quaeruntur
1064 2545 1218 2590 quinque.

167 2621 306 2660 Primo.
326 2622 462 2659 Utrum
483 2622 604 2658 omnis
622 2622 734 2657 virtus
756 2621 802 2657 sit
823 2622 935 2658 virtus
958 2621 1120 2657 moralis.

170 2676 353 2714 Secundo.
376 2677 509 2713 Utrum
531 2676 646 2712 virtus
667 2675 817 2711 moralis
839 2676 1081 2724 distinguatur
1103 2676 1145 2710 ab
1169 2674 1417 2710 intellectuali.

100 2721 130 2735 ‘¹'
167 2723 310 2767 Tertio.
324 2731 459 2767 Utrum
473 2729 696 2766 sufficienter
710 2729 890 2765 dividatur
903 2730 1016 2765 virtus
1034 2742 1098 2778 per
1119 2729 1416 2770 intellectualem,
1431 2736 1466 2763 et
1484 2726 1674 2762 moralem.

164 2783 327 2835 Quarto.
347 2785 480 2821 Utrum
502 2783 653 2819 moralis
674 2784 786 2819 virtus
807 2785 922 2831 possit
942 2796 1021 2820 esse
1048 2785 1124 2819 sine
1148 2783 1395 2818 intellectuali.

108 2858 130 2890 g
162 2837 325 2881 Quinto.
348 2838 482 2875 Utrum
503 2849 523 2874 e
546 2848 725 2873 converso
747 2837 1000 2874 intellectualis
1021 2838 1134 2873 virtus
1153 2838 1267 2886 possit
1289 2848 1367 2872 esse
1390 2837 1466 2872 sine
1489 2836 1631 2871 morali.
