1955 3182
300 162 354 213 96
746 173 962 209 QUAESTIO
996 174 1053 203 IX.
1087 174 1332 205 ARTICULUS
1365 176 1422 206 IV.

299 252 500 287 contrarius
521 253 638 287 motui
656 253 864 297 voluntatis,
879 255 976 302 quod
998 255 1035 289 in
1049 256 1236 303 proposito
1260 268 1336 292 esse
1354 269 1429 291 non
1447 265 1584 304 potest;
1599 257 1683 304 quia
1700 258 1751 293 sic
1765 258 1862 293 idem

297 305 416 348 vellet,
439 313 473 341 et
493 318 567 341 non
588 307 708 342 vellet.

369 359 429 394 AD
452 370 623 395 TERTIUM
646 361 852 404 dicendum,
872 363 968 409 quod
986 363 1155 398 voluntas
1177 372 1352 410 quantum
1375 365 1418 399 ad
1441 364 1575 411 aliquid
1593 365 1811 400 sufficienter
1825 377 1862 401 se

299 421 432 455 movet,
446 414 529 448 etin
544 425 610 448 suo
626 415 761 457 ordine,
777 415 925 458 scilicet,
945 417 1037 451 sicut
1052 429 1162 463 agens
1177 419 1401 464 proximum:
1417 418 1479 452 sed
1490 430 1564 452 non
1575 427 1693 465 potest
1706 420 1863 466 seipsam

298 477 447 500 movere
482 476 657 513 quantum
693 469 735 502 ad
764 470 899 511 omnia,
927 478 965 504 ut
992 479 1178 505 ostensum
1206 480 1258 506 est
1282 473 1331 516 (in
1358 478 1446 518 corp.
1473 474 1578 519 art.);
1606 472 1700 507 unde
1725 473 1865 519 indiget

297 520 438 554 moveri
460 521 501 554 ab
525 521 608 563 alio,
631 521 723 556 sicut
745 534 763 556 a
785 523 903 568 primo
928 523 988 568 [al.
1004 525 1179 570 proximo]
1206 534 1387 559 movente.

876 665 1221 710 ARTICULUS
1250 668 1304 711 V.
1818 678 1863 715 60

466 770 618 800 UTRUM
648 772 883 803 VOLUNTAS
910 775 1154 805 MovEATuR
1181 776 1208 804 A
1237 776 1438 806 CORPORE
1466 777 1695 807 COELESTI.

535 859 643 904 (Part.
665 873 692 895 1.
712 872 742 906 q.
764 873 825 907 115.
849 867 912 896 art.
933 874 961 908 3.
985 868 1017 897 et
1038 874 1070 907 4.
1091 868 1118 897 et
1135 874 1203 898 2-2.
1227 875 1256 908 q.
1276 875 1324 909 95.
1348 868 1412 898 αντ.
1432 875 1459 909 5.
1483 864 1516 899 6.
1535 869 1563 898 et
1584 875 1614 910 7.

296 917 326 946 et
339 923 370 946 2.
386 912 474 947 Dist.
489 924 533 959 15.
552 925 581 959 q.
597 926 624 949 r.
643 920 709 949 art.
724 926 754 949 2.
771 920 835 962 ⁶⁷23·
851 921 881 950 et
896 916 951 950 lib.
964 928 991 962 3.
1008 916 1125 951 Contr.
1146 928 1177 961 g.
1193 923 1263 963 sap.
1283 918 1338 961 84.
1357 929 1426 963 usq.
1441 929 1489 963 93.
1505 922 1533 952 et
1550 918 1635 952 Veri.
1655 930 1685 964 q.
1701 929 1730 964 5.
1749 924 1814 954 art.
1830 930 1860 965 9.

520 973 558 1002 et.
573 980 624 1003 [Ο.
640 973 669 1003 et
686 975 792 1015 opusc.
808 982 838 1004 2.
854 976 926 1016 cap.
944 981 1018 1016 129.
1034 982 1102 1016 130.
1121 971 1234 1005 et161.
1254 975 1282 1005 εἰ
1300 977 1406 1017 opusc.
1425 983 1476 1006 10.
1497 976 1561 1006 art.
1580 983 1632 1017 19.

754 1028 783 1057 et
809 1030 915 1070 opusc.
939 1036 986 1069 25.
1006 1030 1069 1058 art.
1085 1036 1114 1070 5.
1137 1029 1165 1059 et
1186 1031 1293 1071 opusc.
1315 1025 1399 1069 26).

367 1111 427 1146 AD
450 1122 631 1150 QUINTUM
652 1112 702 1146 sic
733 1113 951 1159 proceditur.
974 1113 1137 1156 Videtur,
1160 1114 1256 1160 quod
1283 1113 1451 1148 voluntas
1474 1114 1635 1148 humana
1669 1125 1689 1148 a
1710 1124 1862 1160 corpore

297 1164 446 1199 coelesti
467 1174 677 1208 moveatur3
694 1177 821 1201 omnes
837 1167 933 1201 enim
950 1175 1069 1202 motus
1091 1168 1192 1210 varii,
1212 1176 1246 1202 et
1264 1167 1505 1202 multiformes
1527 1168 1757 1210 reducuntur,
1772 1167 1864 1201 sicut

295 1219 331 1252 in
347 1230 506 1262 causam,
521 1219 557 1253 in
573 1228 715 1254 motum
730 1220 962 1264 uniformem,
978 1222 1038 1267 qui
1054 1230 1108 1256 est
1121 1230 1241 1256 motus
1257 1221 1361 1264 coeli,
1379 1230 1417 1256 ut
1434 1222 1606 1268 probatur
1618 1222 1656 1256 in
1670 1221 1702 1256 8.
1716 1220 1862 1268 Physic.

296 1274 372 1318 (tex.
395 1274 449 1319 76.
473 1278 500 1308 el
517 1274 572 1308 lib.
595 1285 628 1319 4.
652 1279 713 1308 tex.
736 1275 834 1321 133.);
858 1275 920 1309 sed
945 1284 1066 1310 motus
1087 1276 1240 1309 humani
1262 1284 1344 1310 sunt
1364 1275 1465 1318 varii,
1488 1283 1523 1310 et
1543 1274 1796 1316 multiformes,
1815 1274 1864 1308 in-

296 1327 469 1373 cipientes
491 1336 684 1374 postquam
706 1329 802 1375 prius
821 1341 895 1363 non
909 1329 1069 1372 fuerant3
1089 1341 1176 1376 ergo
1199 1330 1418 1364 reducuntur
1435 1330 1472 1364 in
1487 1338 1630 1364 motum
1653 1329 1758 1372 coeli,
1771 1329 1863 1364 sicut

295 1381 331 1414 in
354 1392 513 1424 causam,
537 1383 597 1428 qui
619 1390 671 1416 est
693 1382 883 1417 uniformis
906 1384 1107 1417 secundum
1129 1392 1308 1418 naturam.

367 1445 398 1468 2.
433 1435 669 1470 PRAETEREA.
702 1436 913 1471 Secundum
939 1437 1185 1483 Augustinum
1212 1438 1248 1471 in
1278 1437 1384 1472 tertio
1416 1438 1459 1472 de
1492 1436 1622 1471 Trinit.
1655 1436 1742 1484 (cap.
1767 1447 1800 1482 4.
1828 1438 1862 1471 in

290 1489 440 1535 princ.):
463 1490 616 1536 Corpora
637 1490 804 1536 inferiora
828 1496 1002 1526 nlowutm·
1017 1498 1079 1538 per
1097 1498 1238 1538 corpora
1265 1493 1439 1538 superiora
1449 1503 1461 1532 ,·
1485 1490 1547 1525 sed
1569 1499 1690 1525 motus
1710 1491 1863 1524 humani

296 1542 470 1588 corporis,
493 1544 554 1589 qui
577 1552 744 1578 causatur
766 1556 784 1578 a
806 1544 1005 1587 voluntate,
1032 1556 1106 1579 non
1128 1553 1251 1591 posset
1272 1545 1396 1579 reduci
1416 1545 1453 1578 in
1479 1552 1623 1579 motum
1645 1544 1750 1587 coeli,
1772 1545 1864 1579 sicut
1886 1548 1889 1551 ’

295 1595 331 1629 in
354 1607 513 1639 causam,
535 1597 603 1631 nisi
626 1598 735 1632 etiam
762 1598 930 1633 voluntas
956 1610 974 1632 a
998 1598 1102 1633 coelo
1126 1606 1352 1641 moveretur3
1375 1600 1461 1645 ergo
1486 1598 1630 1633 coelum
1657 1606 1783 1633 movet
1802 1609 1863 1632 vo-

294 1648 471 1684 luntatem
492 1651 704 1685 humanam.

369 1715 397 1750 3.
421 1703 658 1739 PRAETEREA.
682 1706 750 1739 Per
773 1706 1068 1740 observationem
1091 1705 1307 1741 coelestium
1329 1717 1526 1753 corporum
1547 1705 1737 1753 Astrologi
1758 1717 1863 1753 quae-

295 1757 379 1791 dam
397 1769 482 1792 vera
496 1759 750 1804 praenuntiant
767 1759 810 1793 de
825 1760 995 1794 humanis
1014 1760 1151 1794 actibus
1172 1760 1310 1803 futuris,
1326 1760 1387 1806 qui
1405 1768 1487 1794 sunt
1501 1772 1520 1794 a
1542 1760 1744 1795 voluntate:
1765 1759 1862 1806 quod

293 1823 367 1846 non
395 1820 498 1854 esset,
526 1813 553 1847 si
582 1825 735 1859 corpora
763 1813 934 1848 coelestia
966 1813 1195 1848 voluntatem
1224 1814 1384 1848 hominis
1417 1825 1566 1849 movere
1598 1826 1673 1849 non
1695 1822 1861 1861 possent3

294 1873 461 1900 movetur
482 1878 568 1913 ergo
592 1867 759 1901 voluntas
781 1867 942 1902 humana
965 1879 984 1902 a
1004 1868 1154 1902 coelesti
1172 1879 1337 1915 corpore.

365 1920 438 1961 SED
462 1931 617 1956 CONTRA
640 1929 703 1963 est,
734 1921 831 1968 quod
852 1922 1072 1956 Damascen.
1096 1922 1182 1956 dicit
1206 1923 1242 1956 in
1265 1933 1296 1957 2.
1319 1921 1378 1956 lib.
1402 1922 1518 1967 (Orth.
1545 1922 1622 1957 Fid.
1640 1928 1767 1969 parum
1788 1927 1862 1958 ante

293 1974 390 2020 med.)
408 1975 504 2020 quod
516 1987 669 2021 corpora
685 1975 856 2010 coelestia
871 1987 945 2010 non
960 1984 1043 2011 sunt
1057 1988 1186 2010 causae
1198 1984 1407 2011 nostrorum
1423 1985 1580 2010 actuum:
1596 1984 1715 2010 essent
1728 1984 1861 2019 autem,

294 2028 323 2061 si
340 2027 519 2071 voluntas,
535 2041 627 2075 quae
643 2038 696 2064 est
708 2030 956 2064 humanorum
971 2038 1118 2064 actuum
1131 2030 1360 2077 principium,
1376 2041 1395 2064 a
1411 2029 1623 2076 corporibus
1645 2028 1861 2065 coelestibus

295 2090 521 2126 moveretur3
544 2094 618 2118 non
641 2094 727 2129 ergo
750 2092 918 2118 movetur
938 2083 1107 2118 voluntas
1129 2096 1149 2118 a
1166 2084 1382 2130 ‚corporibus
1405 2083 1632 2118 coelestibus.

364 2135 594 2171 RESPONDEO
618 2137 824 2179 dicendum,
847 2137 943 2184 quod
963 2149 1006 2172 eo
1022 2138 1147 2181 modo,
1166 2149 1237 2184 quo
1252 2137 1420 2172 voluntas
1442 2145 1610 2172 movetur
1629 2137 1670 2171 ab
1694 2137 1861 2172 exteriori

294 2189 450 2235 objecto,
479 2190 710 2225 manifestum
739 2199 803 2233 est,
831 2191 926 2237 quod
954 2191 1123 2226 voluntas
1150 2200 1269 2238 potest
1294 2191 1436 2226 moveri
1462 2203 1482 2225 a
1508 2191 1720 2238 corporibus
1747 2190 1862 2226 coele-

293 2243 422 2286 stibus;
445 2244 660 2291 inquantum
682 2244 820 2279 scilicet
842 2257 995 2292 corpora
1023 2246 1211 2289 exteriora,
1238 2258 1329 2293 quae
1352 2245 1473 2281 sensui
1498 2246 1683 2293 proposita
1711 2253 1861 2280 movent

293 2297 531 2341 voluntatem,
552 2307 586 2333 et
608 2299 717 2333 etiam
743 2299 820 2345 ipsa
848 2310 985 2345 organa
1011 2300 1256 2346 potentiarum
1283 2300 1547 2343 sensitivarum,
1573 2300 1760 2346 subjacent
1785 2310 1862 2334 mo-

292 2351 386 2386 tibus
409 2352 622 2386 coelestium
646 2364 852 2399 corporum.
878 2353 948 2387 Sed
972 2365 1015 2387 eo
1038 2354 1162 2396 modo,
1190 2366 1261 2400 quo
1289 2353 1457 2388 voluntas
1479 2361 1658 2396 movetur,
1685 2361 1860 2400 quantum

294 2405 337 2439 ad
360 2406 570 2441 exercitium
590 2415 700 2449 actus,
721 2407 762 2440 ab
787 2406 907 2453 aliquo
925 2408 1089 2441 exteriori
1106 2416 1246 2454 agente,
1266 2408 1384 2442 adhuc
1406 2407 1541 2454 quidam
1562 2415 1770 2454 posuerunt,
1786 2418 1863 2441 cor-

293 2471 381 2505 pora
404 2460 574 2495 coelestia
597 2461 730 2495 directe
756 2461 965 2507 imprimere
987 2462 1022 2494 in
1044 2461 1271 2496 voluntatem
1297 2462 1509 2496 humanam.
1532 2460 1604 2496 Sed
1630 2461 1702 2495 hoc
1725 2469 1778 2496 est
1797 2461 1862 2495 im-

293 2514 479 2559 possibile;
506 2514 674 2549 voluntas
701 2515 810 2556 enim,
838 2523 875 2549 ut
902 2514 1030 2548 dicitur
1056 2515 1091 2548 in
1119 2515 1224 2549 tertio
1247 2515 1290 2550 de
1312 2515 1447 2549 Anima
1475 2514 1554 2560 (tex.
1574 2516 1646 2561 42.)
1671 2523 1724 2549 est
1748 2515 1785 2548 in
1807 2526 1861 2549 ra-

292 2567 409 2602 tione:
432 2569 523 2603 ratio
547 2577 668 2603 autem
691 2576 743 2603 est
765 2569 925 2615 potentia
948 2569 1091 2603 animae
1114 2581 1187 2603 non
1211 2569 1358 2615 alligata
1381 2580 1521 2616 organo
1544 2568 1743 2616 corporali3
1766 2569 1860 2603 unde

293 2622 515 2668 relinquitur,
538 2622 635 2668 quod
654 2622 822 2656 voluntas
844 2622 888 2656 sit
914 2623 1074 2668 potentia
1102 2623 1254 2657 omnino
1282 2622 1544 2665 immaterialis,
1572 2630 1607 2657 et
1631 2622 1858 2669 incorporea.

293 2676 526 2711 Manifestum
542 2684 594 2710 est
612 2684 745 2718 autem,
760 2676 857 2722 quod
872 2676 1012 2710 nullum
1028 2688 1158 2723 corpus
1181 2688 1287 2723 agere
1310 2685 1428 2723 potest
1446 2677 1482 2711 in
1500 2688 1578 2711 rem
1592 2676 1860 2723 incorpoream,

293 2731 354 2765 sed
378 2731 496 2777 potius
519 2742 537 2765 e
557 2741 753 2772 converso;
773 2742 816 2764 eo
832 2730 928 2776 quod
952 2742 1006 2764 res
1028 2730 1278 2776 incorporeae,
1295 2739 1329 2765 et
1350 2729 1610 2765 immateriales
1628 2738 1710 2765 sunt
1730 2729 1862 2764 forma-

293 2785 404 2827 lioris,
427 2792 461 2818 et
479 2783 747 2818 universalioris
769 2784 919 2826 virtutis,
942 2795 1051 2830 quam
1074 2796 1325 2830 quaecumque
1348 2796 1403 2820 res
1427 2783 1654 2831 corporales;
1676 2783 1770 2818 unde
1797 2783 1862 2817 im-

293 2838 463 2884 possibile
485 2846 548 2880 est,
572 2838 669 2885 quod
692 2849 822 2884 corpus
846 2837 1002 2872 coeleste
1024 2838 1210 2884 imprimat
1236 2838 1370 2873 directe
1396 2838 1433 2872 in
1454 2837 1691 2880 intellectum,
1714 2845 1775 2872 aut
1800 2848 1861 2872 vo-

292 2891 479 2927 luntatem.
502 2890 545 2927 Et
567 2900 713 2939 propter
733 2891 805 2926 hoc
828 2891 1054 2935 Aristoteles,
1077 2892 1113 2926 in
1134 2891 1194 2926 lib.
1220 2902 1248 2926 2.
1267 2892 1309 2926 de
1332 2892 1467 2927 Anima
1491 2892 1568 2937 (tex.
1583 2891 1682 2938 150),
1705 2891 1859 2926 recitans
