1923 3198
605 175 827 211 QUAESTIO
861 175 905 206 11.
938 175 1184 206 ARTICULUS
1218 175 1261 206 11.
1666 176 1715 218 31

152 265 191 292 ut
203 256 341 292 Philos.
354 256 441 291 dicit
454 256 533 291 1118.
542 255 659 291 Ethic.
671 256 759 303 (cap.
774 268 825 300 14.
839 262 869 292 et
881 257 942 291 loc.
956 268 1043 291 nunc
1057 257 1142 301 cit),
1158 264 1193 290 et
1207 256 1251 290 ad
1261 255 1427 290 Timoth.
1437 266 1468 290 2.
1480 256 1567 291 dicit
1577 256 1719 303 Apost.:

149 310 222 346 Soli
241 311 317 346 Deo
337 309 454 352 bonor,
476 315 506 345 et
524 309 654 355 glorian
677 320 765 356 ergo
787 310 821 344 in
845 310 986 344 honore
1005 309 1170 344 consistit
1190 309 1387 344 beatitudo.

226 374 255 410 3.
277 363 516 399 PRAETEREA.
546 362 651 405 Illud,
676 363 775 409 quod
805 371 859 398 est
885 363 1044 398 maxime
1071 363 1314 398 desideratum
1346 363 1388 397 ab
1417 363 1639 405 hominibus,
1670 372 1723 398 est

150 416 354 453 beatitudo:
370 416 432 452 sed
446 415 537 451 nihil
550 416 691 451 videtur
705 427 783 451 esse
800 417 916 463 magis
931 416 1167 452 desiderabile
1177 416 1220 451 ab
1233 417 1454 459 hominibus,
1465 429 1575 464 quam
1590 417 1722 459 honor,

152 470 237 517 quia
256 470 426 505 homines
443 470 626 516 patiuntur
643 470 820 515 jacturam
839 470 875 505 in
895 470 1065 505 omnibus
1083 469 1162 504 aliis
1182 470 1298 512 rebus,
1312 482 1356 505 ne
1377 470 1557 517 patiantur
1575 470 1722 517 aliquod

151 523 409 559 detrimentum
430 523 485 559 sui
505 522 676 566 honoris;
697 534 786 570 ergo
808 523 844 558 in
862 523 1005 558 honore
1027 523 1213 558 beatitudo
1235 524 1410 559 consistit.

222 575 300 614 SED
325 587 494 613 CONTRA·
521 576 713 612 Beatitudo
739 585 794 612 est
819 577 856 612 in
881 577 1011 612 beato:
1040 576 1161 612 honor
1187 585 1310 612 autem
1336 588 1410 617 non
1437 586 1492 613 est
1516 577 1553 612 in
1579 588 1636 620 eo,
1662 576 1724 624 qui

151 629 365 672 honoratur,
391 630 454 666 sed
480 630 598 676 magis
623 629 660 665 in
686 630 904 681 honorante,
930 630 992 677 qui
1017 630 1258 665 reverentiam
1284 631 1432 666 exhibet
1456 631 1652 672 honorato,
1687 638 1725 664 ut

151 682 289 720 Philus.
309 683 398 719 diclt
417 683 453 718 in
479 694 507 719 1.
529 682 646 718 Ethic.
668 683 758 731 (cap.
776 685 837 730 5);
860 695 948 730 ergo
970 684 1006 718 in
1028 684 1170 719 honore
1191 684 1376 719 beatitudo
1397 695 1471 719 non
1493 684 1669 719 consistit.

222 735 454 774 Rtsrounfio
480 736 688 779 dicendum,
709 737 807 784 quod
832 736 1059 784 impossibile
1086 745 1150 779 est,
1177 737 1437 773 beatitudinem
1464 738 1662 773 consistere
1688 737 1723 772 in

151 789 311 829 honore:
332 789 453 826 honor
474 790 572 825 enlm
593 790 785 825 exhibetur>
803 790 911 826 alicui
931 799 1081 838 propter
1101 790 1262 838 aliquam
1290 792 1368 837 ejus
1391 790 1663 826 excellentiam:
1691 799 1727 826 et

151 844 202 881 ita
222 852 278 880 ὅ(
295 843 454 891 signum,
467 852 503 879 et
523 843 774 880 testimonium
795 844 981 891 quoddam
999 844 1094 879 illius
1117 844 1365 886 excellentiae,
1380 856 1473 891 quae
1487 853 1541 880 est
1558 845 1593 880 in
1611 844 1727 879 hono·

152 906 250 935 rato:
271 897 485 934 excellentia
507 906 629 933 autem
650 898 812 934 hominis
834 898 992 933 maxime
1015 898 1208 933 attenditur
1229 898 1428 933 secundum
1451 898 1725 940 beatitudinem,

152 962 246 1000 quae
261 958 318 988 est
332 951 494 988 hominis
511 951 650 987 bonum
668 950 867 998 perfectum
880 964 889 995 ;
911 960 946 987 et
960 951 1158 987 secundum
1182 960 1301 999 partes
1315 952 1403 998 ejus,
1418 951 1511 986 idest
1525 951 1725 987 secundum

152 1004 215 1043 illa
227 1004 336 1048 bona.
349 1005 478 1053 quibus
492 1004 626 1052 aliquid
641 1005 872 1041 beatitudinis
886 1005 1129 1052 participatur.
1150 1004 1194 1040 Et
1211 1005 1294 1040 ideo
1308 1005 1430 1041 honor
1443 1013 1562 1052 potest
1579 1004 1726 1052 quidem

153 1058 328 1106 consequi
345 1058 606 1094 beatitudinem
619 1071 626 1101 ;
641 1059 704 1094 sed
718 1059 964 1106 principaliter
978 1058 1014 1093 in
1028 1070 1073 1094 eo
1087 1058 1272 1094 beatitudo
1288 1058 1485 1094 consistere
1503 1070 1577 1093 non
1597 1066 1725 1105 potest.

222 1112 285 1149 An
298 1122 448 1149 Ρεωιυκ
462 1123 551 1159 ergo
565 1112 772 1155 dicendum,
786 1112 884 1159 quod
899 1112 1019 1148 honor
1032 1123 1106 1147 non
1121 1121 1175 1147 est
1189 1112 1392 1159 praemium
1406 1112 1558 1154 virtutis,
1580 1119 1727 1159 propter

154 1165 253 1214 quod
272 1165 425 1201 virtuosi
445 1172 661 1212 operantum
683 1165 745 1201 sed
768 1166 951 1212 accipiunt
971 1166 1154 1201 honorem
1173 1167 1215 1200 ab
1234 1166 1445 1201 hominibus
1462 1165 1547 1201 loco
1562 1165 1726 1213 praemii,

153 1218 259 1267 quasi
278 1229 301 1254 a
318 1228 395 1254 non
414 1217 631 1254 habentibus
652 1218 697 1253 ad
719 1218 878 1254 dandum
901 1220 1028 1265 majus.
1051 1219 1189 1254 Verum
1211 1228 1333 1255 autem
1360 1220 1564 1267 praemium
1585 1219 1728 1255 virtutis

153 1279 209 1309 est
226 1271 306 1320 ipsa
324 1271 522 1315 beatitudo,
544 1280 690 1319 propter
710 1282 822 1319 quam
842 1272 994 1308 virtuosi
1015 1281 1226 1320 operantur:
1250 1273 1279 1308 si
1299 1282 1423 1308 autem
1435 1274 1591 1320 ‘propter
1611 1273 1728 1308 hono-

153 1336 233 1363 rem
252 1333 500 1373 operarentur,
521 1325 596 1371 jam
616 1336 691 1361 non
713 1333 807 1361 esset
826 1326 951 1368 virtus,
972 1326 1035 1361 sed
1057 1326 1174 1373 magis
1196 1326 1360 1362 ambitio.

225 1379 288 1416 An
313 1389 522 1416 szcuunuu
540 1378 748 1422 dicendum,
773 1379 872 1426 quod
898 1379 1020 1415 honor
1045 1379 1195 1415 debetur
1220 1379 1314 1422 Deo,
1341 1388 1376 1415 et
1402 1379 1726 1422 excellentissimis,

154 1432 193 1469 in
211 1432 370 1481 signum,
389 1431 450 1468 vel
468 1432 720 1469 testimonium
738 1432 974 1469 excellentiae
995 1434 1280 1481 praeexistentiS,
1297 1445 1373 1470 non
1393 1434 1492 1481 quod
1509 1434 1585 1481 ipse
1604 1434 1725 1469 honor

152 1485 263 1524 saciat
282 1497 346 1524 eos
366 1486 596 1524 excellentes.

224 1540 286 1577 AD
307 1550 480 1577 τεκτιυκ
500 1540 708 1583 dicendum,
722 1540 819 1588 quod
835 1552 877 1576 ex
891 1541 1046 1576 naturali
1060 1541 1240 1577 desiderio
1261 1541 1503 1584 beatitudinis,
1518 1553 1629 1589 quam
1643 1553 1728 1577 con-

152 1594 314 1642 sequitur
329 1594 462 1638 honor,
475 1603 515 1631 ut
534 1594 672 1630 dictum
690 1603 745 1630 est
757 1595 810 1640 (in
827 1602 920 1643 corp.
934 1596 1032 1641 art),
1055 1596 1244 1642 contingit,
1258 1596 1356 1642 quod
1372 1596 1553 1638 homines,
1567 1597 1726 1631 maxime

152 1647 336 1685 honorem
356 1648 578 1685 desiderant:
601 1649 696 1684 unde
715 1657 893 1695 quaerunt
910 1649 1079 1685 homines
1095 1650 1252 1684 maxime
1271 1650 1446 1685 honorari
1460 1661 1481 1685 a
1496 1650 1728 1698 sapientibus,

153 1712 311 1750 quorum
329 1701 466 1749 judicio
489 1702 640 1738 credunt
660 1713 699 1738 se
719 1713 798 1738 esse
819 1701 1050 1746 excellentes,
1071 1702 1130 1738 vei
1152 1702 1287 1740 felices.

696 1862 1045 1908 ARTICULUS
1074 1863 1154 1907 III.
1688 1884 1724 1909 11

207 1983 364 2015 UTRUM
387 1983 647 2014 BEATrruoo
670 1983 856 2015 HOMINIS
885 1983 1132 2015 CONSISTAT
1154 1984 1198 2015 [N
1221 1983 1354 2024 FAMA,
1377 1983 1472 2014 SIVE
1492 1983 1669 2013 GLORIA.

325 2067 331 2070 ⁵
369 2083 463 2130 (Lt'b.
485 2095 513 2132 3.
542 2084 661 2121 Contr.
686 2095 716 2131 g.
744 2091 819 2132 cap.
845 2096 902 2131 29·
926 2090 957 2120 et
982 2091 1092 2132 opusc.
1119 2096 1151 2120 2.
1178 2090 1250 2131 cap.
1277 2084 1352 2120 108.
1378 2089 1409 2119 ct
1434 2084 1515 2128 264.

624 2143 657 2174 ct
672 2145 783 2186 opusc.
800 2150 856 2175 20.
879 2139 936 2174 lib.
958 2150 986 2174 t.
1006 2144 1080 2186 cap.
1101 2149 1132 2186 7.
1152 2143 1183 2174 ct
1202 2138 1263 2183 8.).

227 2241 289 2278 An
309 2251 483 2277 'rt-:Ruunt
504 2241 555 2276 sic
577 2241 794 2289 proceditur.
816 2241 981 2284 Videtur,
999 2241 1098 2288 quod
1115 2241 1302 2277 beatitudo
1320 2241 1481 2276 hominis
1501 2240 1675 2276 consistat
1691 2240 1728 2275 in

155 2293 288 2343 gloria:
315 2294 353 2330 in
378 2306 424 2330 eo
450 2295 548 2330 enim
569 2295 710 2330 videtur
734 2295 920 2331 beatitudo
948 2296 1158 2338 consistere,
1188 2295 1285 2342 quod
1314 2295 1473 2330 redditur
1500 2296 1634 2330 sanctis
1660 2306 1726 2342 pro

154 2348 457 2392 tribulationibus,
479 2360 568 2396 quas
588 2349 624 2384 in
647 2349 785 2384 mundo
807 2349 1006 2396 patiuntur:
1030 2349 1240 2395 hujusmodi
1263 2357 1384 2384 autem
1407 2357 1461 2384 est
1481 2348 1620 2395 gloria:
1644 2348 1730 2383 dicit

155 2402 255 2438 enim
272 2402 401 2450 Apost.
416 2402 462 2437 ad
475 2402 583 2437 Rom.
602 2402 656 2437 8.:
676 2403 754 2438 Non
766 2408 843 2438 sunt
857 2403 1038 2450 condignae
1050 2405 1218 2451 passiones
1235 2403 1332 2449 hujus
1347 2405 1501 2450 temporis
1519 2402 1562 2437 ad
1571 2403 1729 2449 suturam

153 2456 310 2503 gloriam,
332 2467 416 2504 quac
440 2456 644 2492 revelabitur
666 2458 699 2491 in
720 2458 834 2497 nobis,·
858 2468 946 2504 ergo
968 2457 1153 2492 beatitudo
1176 2457 1341 2492 consistit
1362 2457 1396 2491 in
1419 2456 1548 2503 gloria.

227 2519 260 2545 2.
277 2508 515 2546 ΡκΑι-ῑτειιεᾼ.
538 2509 682 2545 Bonum
704 2518 759 2545 est
779 2509 986 2545 diffusivum
1008 2511 1074 2553 sui,
1090 2519 1129 2545 ut
1147 2518 1244 2558 patet
1265 2521 1328 2557 per
1348 2510 1502 2557 Dionys.
1525 2521 1557 2553 4.
1581 2521 1658 2557 cap.
1681 2509 1725 2545 de

155 2561 240 2599 Div.
259 2562 371 2599 Nom.
392 2563 472 2611 (cir.
487 2565 603 2612 princ.
624 2563 695 2599 lect.
715 2565 781 2610 1.).·
804 2565 865 2599 sed
888 2576 951 2611 per
972 2563 1129 2612 gloriam
1151 2565 1289 2599 bonum
1310 2564 1470 2598 hominis
1490 2564 1647 2598 maxime
1667 2562 1730 2598 dif-

156 2615 317 2652 funditur
328 2616 365 2652 in
378 2615 547 2652 notitiam
563 2616 738 2659 aliorum;
757 2618 840 2664 quia
855 2617 983 2664 gloria,
999 2627 1036 2653 ut
1051 2618 1268 2653 Ambrosius
1283 2618 1369 2653 dicit
1383 2619 1454 2663 (vel
1463 2619 1574 2665 potius
1588 2619 1729 2664 August.

156 2669 215 2707 lib.
227 2681 259 2718 3.
275 2675 362 2706 cunt.
376 2670 559 2707 Ataximin.
571 2677 647 2719 cap.
664 2683 715 2707 12.
730 2673 792 2706 cir.
815 2671 896 2707 med.
910 2685 920 2706 .·
939 2684 1019 2706 nam
1031 2683 1071 2707 cx
1084 2674 1243 2709 Ambros.
1257 2684 1322 2706 non
1337 2673 1514 2716 occurrit),
1529 2671 1621 2706 nihil
1634 2671 1731 2706 aliud

157 2730 225 2768 en,
238 2734 350 2772 qnam
371 2723 467 2761 clara
485 2735 562 2760 cum
581 2724 677 2760 laude
697 2726 815 2760 notitia
826 2737 838 2766 ,·
861 2736 950 2772 ergo
968 2725 1153 2761 beatitudo
1177 2726 1337 2761 hominis
1356 2725 1521 2760 consistit
1541 2725 1577 2760 in
1601 2724 1730 2772 gloria.

231 2789 264 2826 3.
281 2777 519 2814 ΡιΑετΒιεΑ.
542 2778 733 2814 Beatitudo
755 2787 810 2814 est
830 2779 1104 2814 stabilissimum
1126 2780 1326 2814 bonorum:
1350 2779 1420 2814 hoc
1441 2787 1563 2814 autem
1584 2790 1662 2815 esse
1683 2780 1733 2814 vi-

157 2830 390 2875 dmfama,
409 2831 468 2867 vel
488 2831 625 2879 gloria;
651 2833 736 2880 quia
763 2845 827 2880 per
858 2833 952 2868 hanc
979 2833 1256 2880 quodammodo
1283 2833 1452 2868 homines
1479 2833 1729 2868 aeternitatem

157 2885 374 2930 ’unimam
393 2886 490 2922 unde
510 2885 614 2923 Boet-
635 2886 723 2922 dicit
741 2887 779 2922 in
801 2886 861 2922 lib.
885 2897 916 2922 2.
937 2887 983 2923 de
1006 2887 1161 2923 Consol.
1184 2887 1289 2935 (pros.
1308 2898 1337 2934 7.
1357 2889 1418 2923 cir.
1438 2886 1564 2932 ’παυς
1593 2887 1656 2923 Vos
1674 2889 1732 2922 irn-
