1907 3198
502 159 726 196 QUAESTIO
760 158 878 189 Lvm.
913 158 1159 189 ARTICULUS
1193 159 1220 189 Ι.
1563 162 1643 205 401

68 242 196 290 partis3
219 241 313 277 unde
335 241 480 276 habitus
514 241 700 284 electivus‚
724 241 785 288 qui
806 240 946 276 scilicet
968 248 1021 275 est
1043 240 1233 276 electionis
1263 241 1494 289 principium,
1522 251 1574 278 est
1597 254 1652 277 so-

68 295 145 332 lum
167 295 240 338 ille,
270 296 331 342 qui
362 295 501 342 perficit
530 296 605 330 vim
640 295 889 342 appetitivam:
919 295 1084 342 quamvis
1121 296 1232 330 etiam
1267 295 1425 333 aliorum
1459 297 1650 332 habituum

69 357 169 386 actus
190 349 254 385 sub
278 349 458 385 electione
486 350 616 384 cadere
639 349 788 396 possint.

151 405 211 440 AD
226 415 398 440 TERTIUM
415 404 621 448 dicendum,
644 405 754 451 quod,
776 409 902 439 natura
923 404 1187 451 estprincipium
1206 409 1325 447 motus,
1348 403 1441 439 sicut
1463 404 1593 440 dicitur
1614 405 1649 439 in

70 469 102 495 2.
120 458 230 506 Phys.
253 459 334 505 (tex.
349 459 419 506 3.):
443 470 592 493 movere
616 467 737 493 autem
767 459 810 492 ad
839 459 1023 505 agendum
1045 458 1233 505 proprium
1256 466 1309 493 est
1337 458 1553 505 appetitivae
1576 470 1653 506 par-

68 513 135 555 tis,·
158 521 193 548 et
214 512 297 548 ideo
321 512 514 547 assimilari
548 521 698 547 naturae
733 512 768 546 in
804 512 1067 548 consentiendo
1090 512 1223 547 rationi
1250 520 1303 547 est
1333 513 1521 560 proprium
1546 514 1653 548 virtu-

67 574 158 611 tum,
179 578 272 615 quae
293 574 378 602 sunt
398 566 434 601 in
455 567 491 601 vi
515 566 722 614 appetitiva.

621 709 970 755 ARTICULUS
1007 710 1062 754 ΙΙ.
1584 723 1650 770 308

162 821 318 852 UTRUM
344 820 504 851 VIRTus
532 820 723 851 MORAms
757 821 1093 852 msTINGUATUR
1123 821 1178 850 AB
1204 820 1574 852 INTELLECTUALI.

69 909 175 957 (Insr.
198 921 238 956 q.*
252 909 308 945 62.
331 914 397 944 art.
419 921 450 945 2.
466 914 496 945 et
513 921 541 957 3.
560 910 649 944 Dist.
672 921 720 956 23.
736 921 765 956 q.
781 922 810 946 ι.
824 914 888 944 art.
911 921 985 956 φρ.
998 922 1026 957 3.
1053 909 1095 944 ad
1108 921 1140 954 4.
1156 915 1184 945 et
1212 910 1300 946 Veri.
1319 922 1349 957 q.
1368 921 1420 955 14.
1435 914 1499 946 art.
1517 909 1651 957 3.ac19.

447 968 475 999 et
503 963 592 1000 Veri.
614 975 644 1010 q.
667 976 694 999 ι.
717 968 783 998 art.
804 975 854 999 12.
877 970 967 1011 corp.
990 969 1018 999 et
1040 976 1067 999 1.
1092 964 1275 1011 Eth.fin.).

139 1053 201 1089 AD
223 1063 433 1089 SECUNDUM
468 1053 518 1088 sic
547 1052 765 1100 proceditur.
797 1051 964 1095 Videtur,
996 1053 1094 1100 quod
1127 1053 1240 1088 virtus
1273 1053 1422 1088 moralis
1451 1054 1493 1088 ab
1515 1054 1654 1090 intelle-

23 1104 25 1109 '
69 1106 190 1150 ctuali‚
211 1118 286 1142 non
309 1107 572 1154 distinguatur:
603 1107 689 1141 dicit
716 1107 814 1141 enim
835 1107 990 1153 August.
1018 1107 1053 1142 in
1076 1107 1136 1144 lib.
1159 1118 1192 1151 4.
1215 1108 1258 1142 de
1287 1107 1366 1143 Civ.
1389 1108 1460 1142 Dei
1489 1109 1578 1156 (cap.
1601 1121 1651 1145 21.

61 1162 166 1210 paulo
189 1173 209 1196 a
224 1162 368 1209 princ),
391 1161 489 1208 quod
510 1161 623 1195 virtus
658 1168 712 1196 est
741 1172 796 1195 ars
831 1169 928 1196 recte
950 1161 1117 1197 vivendi:
1140 1162 1202 1196 sed
1225 1173 1281 1196 ars
1304 1170 1357 1196 est
1382 1162 1494 1197 virtus
1515 1162 1654 1198 intelle-

70 1215 217 1258 ctualis;
239 1226 328 1262 ergo
349 1215 462 1250 virtus
489 1215 640 1249 moralis
662 1215 704 1248 ab
728 1214 967 1250 intellectuali
989 1226 1063 1249 non
1086 1214 1214 1250 differt.

141 1279 173 1304 2.
200 1269 439 1304 PRAETEREA.
470 1268 641 1315 Plerique
663 1270 698 1303 in
721 1268 933 1303 definitione
959 1269 1132 1303 virtutum
1160 1269 1357 1304 moralium
1378 1279 1520 1317 ponunt
1541 1271 1653 1306 scien-

20 1361 25 1368 *
70 1325 171 1367 tiam,
202 1323 295 1358 sicut
327 1323 476 1370 quidam
510 1322 697 1365 definiunt,
731 1323 828 1369 quod
865 1325 1110 1369 perseverantia
1141 1331 1194 1358 est
1228 1326 1389 1367 scientia,
1417 1324 1475 1359 vel
1508 1325 1652 1360 habitus

72 1389 212 1420 eorum,
242 1377 372 1424 quibus
410 1385 464 1412 est
492 1377 782 1419 immanendum,
809 1376 867 1412 vel
901 1388 975 1411 non
1010 1377 1311 1412 immanendum:
1352 1387 1386 1413 et
1414 1381 1572 1414 sanctitas
1599 1388 1651 1414 est

0 1439 26 1471 ,’
71 1432 222 1468 scientia
247 1430 384 1466 faciens
410 1430 546 1474 fideles,
570 1438 604 1466 et
625 1439 821 1473 servanteS,
845 1442 936 1478 quae
964 1431 1007 1465 ad
1030 1431 1152 1466 Deum
1179 1433 1273 1479 justa
1300 1441 1398 1467 sunt:
1421 1433 1572 1468 scientia
1595 1445 1652 1467 au-

71 1494 146 1522 tern
169 1493 222 1521 est
242 1485 354 1520 virtus
377 1484 650 1537 intellectuali&
673 1496 760 1532 ergo
783 1486 894 1520 virtus
921 1485 1070 1521 moralis
1099 1497 1174 1521 non
1205 1487 1311 1522 debet
1337 1487 1510 1534 distingui
1536 1488 1579 1522 ab
1602 1487 1652 1522 in-

27 1575 30 1579 .
68 1539 277 1576 tellectuali.
730 1542 738 1552 ⁶

147 1605 177 1642 3.
199 1593 438 1630 PRAETEREA.
460 1593 616 1641 August.
636 1593 722 1628 dicit
745 1594 780 1628 in
807 1605 834 1628 1.
859 1593 1013 1641 Soliloq.
1033 1595 1122 1642 (cap.
1146 1594 1179 1630 6.
1202 1606 1222 1629 α
1244 1595 1344 1641 med.)
1360 1595 1457 1643 quod
1479 1597 1589 1632 virtus
1609 1601 1651 1631 est

72 1653 175 1693 recta,
198 1653 227 1684 et
242 1649 392 1697 perfecta
412 1649 524 1683 ratio:
551 1648 613 1683 sed
635 1648 706 1683 hoc
734 1648 889 1696 pertinet
916 1648 959 1682 ad
981 1649 1152 1684 virtutem
1174 1648 1472 1693 intellectualem,
1495 1658 1533 1685 ut
1554 1658 1651 1697 patet

17 1699 26 1714 Τ
70 1702 108 1738 in
129 1701 162 1738 6.
185 1702 302 1738 Ethic.
325 1703 414 1751 (cap.
436 1702 496 1738 ult.
519 1704 599 1738 circ.
617 1702 741 1749 med.)‚·
765 1714 853 1749 ergo
875 1702 987 1738 virtus
1009 1702 1159 1738 moralis
1177 1715 1252 1737 non
1275 1712 1329 1739 est
1350 1704 1517 1739 distincta
1537 1704 1579 1739 ab
1603 1705 1652 1739 in-

69 1756 279 1793 tellectuali.

141 1821 174 1855 4.
190 1811 428 1847 PRAETEREA.
444 1810 547 1846 Nihil
568 1811 800 1858 distinguitur
826 1811 868 1845 ab
892 1822 948 1854 eo,
971 1811 1069 1858 quod
1091 1811 1127 1845 in
1151 1812 1226 1858 ejus
1249 1811 1458 1846 definitione
1485 1813 1650 1860 ponitur:

69 1865 131 1901 sed
151 1865 264 1900 virtus
287 1864 544 1900 intellectualis
570 1865 716 1912 ponitur
750 1865 785 1899 in
817 1865 1027 1900 definitione
1061 1866 1201 1900 virtutis
1236 1866 1409 1901 moralis:
1438 1867 1525 1901 dicit
1552 1867 1649 1902 enim

69 1919 208 1955 Philos.
231 1919 268 1954 in
291 1929 322 1954 2.
345 1919 462 1954 Ethic.
485 1920 575 1966 (cap.
608 1920 640 1955 6.
667 1921 747 1954 circ.
770 1919 882 1965 med),
907 1920 1003 1966 quod
1026 1920 1138 1954 virtus
1165 1919 1313 1955 moralis
1341 1929 1394 1955 est
1414 1921 1558 1955 habitus
1585 1921 1653 1955 ele-

71 1974 186 2010 ctivus
208 1974 364 2009 existens
383 1973 419 2008 in
441 1973 638 2008 medietate
655 1974 894 2008 determinata
916 1973 1069 2016 ratione,
1089 1982 1195 2021 prout
1216 1974 1359 2021 sapiens
1381 1975 1650 2010 determinabit:

69 2028 282 2076 hujusmodi
304 2035 426 2063 autern
447 2036 547 2063 recta
570 2029 661 2063 ratio
684 2028 929 2063 determinans
959 2029 1119 2063 medium
1153 2029 1293 2064 virtutis
1320 2029 1469 2064 moralis
1497 2030 1653 2077 pertinet

71 2082 115 2118 ad
136 2082 307 2117 virtutem
329 2081 626 2125 intellectualem,
650 2090 687 2117 ut
709 2082 839 2116 dicitur
860 2083 896 2116 in
927 2081 959 2117 6.
993 2082 1074 2117 Eth.
1100 2082 1188 2131 (cap.
1208 2083 1308 2129 ult.);
1333 2094 1420 2130 ergo
1442 2085 1554 2119 virtus
1577 2095 1653 2118 mo-

71 2136 154 2172 ralis
171 2147 246 2172 non
268 2136 498 2183 distinguitur
520 2136 562 2170 ab
585 2136 832 2171 intellectuali.

143 2190 219 2227 SED
242 2201 398 2227 CONTRA
421 2199 486 2233 est,
505 2191 602 2237 quod
625 2191 756 2225 dicitur
776 2190 813 2225 in
836 2190 916 2225 Eth.
941 2190 1031 2239 (cap.
1054 2191 1112 2226 ult.
1136 2192 1279 2238 infin),
1303 2192 1564 2227 determinatur
1585 2193 1653 2227 vir-

40 2268 45 2270 -
71 2252 127 2282 tus
149 2245 352 2281 secundum
374 2243 617 2280 differentiam
639 2245 754 2280 hanc:
783 2245 936 2280 dicimus
964 2246 1061 2280 enim
1092 2246 1223 2280 harum
1258 2246 1323 2281 has
1358 2247 1506 2294 quidem
1529 2248 1651 2283 intelle-

54 2299 202 2346 unates,
223 2299 290 2334 has
312 2309 400 2334 vero
415 2299 567 2334 morales.

52 2352 63 2396 ἲ
143 2352 374 2389 RESPONDEO
406 2353 614 2395 dicendum,
636 2353 734 2400 quod
769 2353 936 2388 omnium
969 2353 1217 2389 humanorum
1252 2366 1404 2401 operum
1432 2355 1650 2402 principium

50 2404 228 2455 {primum
252 2407 344 2442 ratio
379 2414 450 2442 est:
474 2415 509 2441 et
538 2418 790 2454 quaecumque
818 2407 886 2442 alia
909 2408 1085 2455 principia
1112 2409 1359 2443 humanorum
1382 2421 1534 2456 operum
1557 2411 1653 2445 inve-

51 2458 228 2505 Jniantur,
246 2460 524 2508 quodammodo
559 2461 691 2495 rationi
723 2461 912 2497 obediunt:
939 2461 1155 2497 diversimode
1192 2471 1335 2497 tamen:
1363 2475 1449 2497 nam
1471 2464 1651 2510 quaedam

58 2508 205 2550 :rationi
226 2514 401 2550 obediunt
422 2515 576 2549 omnino
600 2515 643 2549 ad
670 2523 798 2550 nutum
831 2516 965 2563 absque
997 2517 1099 2551 omni
1127 2517 1436 2560 contradictione;
1463 2518 1555 2552 sicut
1577 2529 1653 2553 cor-

27 2603 29 2607 Α
57 2568 171 2617 *poris
193 2569 371 2612 membra,
399 2569 429 2603 si
466 2568 599 2604 fuerint
621 2569 655 2603 in
679 2581 743 2604 sua
772 2577 900 2604 natura
923 2571 1178 2606 consistentia:
1202 2571 1322 2606 statim
1355 2572 1452 2606 enim
1476 2572 1519 2606 ad
1541 2572 1652 2619 impe-

55 2620 168 2670 jtium
189 2623 338 2658 rationis
373 2634 516 2665 manus,
539 2631 600 2658 aut
633 2635 695 2670 pes
718 2632 885 2658 movetur
912 2625 954 2658 ad
987 2636 1092 2672 opus:
1116 2626 1210 2660 unde
1234 2624 1326 2659 Phil.
1355 2626 1440 2660 dicit
1461 2626 1496 2659 in
1522 2637 1547 2660 1.
1572 2625 1650 2660 Pol.

52 2674 165 2724 sscap.
189 2688 217 2724 3.
231 2681 306 2725 post
325 2677 441 2723 med),
461 2677 558 2724 quod
582 2677 702 2711 anima
726 2679 817 2723 regit
843 2690 973 2725 corpus
999 2679 1187 2726 despotico
1211 2679 1424 2726 principatu,
1447 2680 1538 2714 idest
1560 2680 1651 2715 sicut

53 2724 248 2766 s³dominus
269 2742 429 2774 servum,
451 2731 510 2778 qui
534 2732 588 2777 jus
611 2732 882 2766 contradicendi
905 2744 977 2767 non
1001 2733 1119 2768 habet.
1137 2734 1342 2768 Posuerunt
1359 2733 1506 2780 quidam
1531 2734 1649 2780 igitur,

60 2783 76 2812 Ἃ·
101 2784 174 2820 uod
194 2785 319 2820 omnia
340 2785 516 2832 principia
540 2785 668 2828 activa,
691 2797 783 2833 quae
805 2795 887 2822 sunt
908 2787 945 2822 in
967 2787 1130 2831 homine,
1153 2789 1224 2822 hoc
1248 2788 1360 2822 modo
1387 2800 1426 2823 se
1448 2788 1584 2823 habent
1606 2790 1648 2823 ad

66 2862 70 2870 .
95 2837 274 2875 ationem:
301 2839 399 2886 quod
422 2839 568 2886 quidem
596 2840 625 2874 si
647 2852 772 2874 verum
796 2849 900 2884 esset,
922 2841 1113 2884 sufficeret,
1136 2842 1233 2889 quod
1257 2842 1347 2877 ratio
1372 2851 1465 2877 esset
1492 2842 1646 2889 perfecta

63 2886 124 2940 ’βᾶ
157 2892 250 2929 bene
284 2893 487 2940 agendum3
520 2893 627 2937 unde,
655 2905 738 2928 cum
761 2895 872 2930 virtus
906 2896 950 2930 sit
983 2896 1138 2938 habitus,
1164 2907 1237 2943 quo
1260 2895 1467 2943 perficimur
1490 2897 1534 2932 ad
1556 2897 1647 2932 bene

49 3132 119 3198 ak
