1875 3198
193 161 275 215 652
613 173 834 208 QUAESTIO
869 172 958 203 XCI.
991 173 1238 203 ARTICULUS
1271 173 1332 203 ΙΙΙ.

261 253 491 288 RESPONDEO
514 253 720 296 dicendum,
743 254 852 301 quod,
874 255 967 289 sicut
987 266 1095 301 supra
1116 255 1253 289 dictum
1276 263 1329 290 est
1352 255 1397 301 (q.
1414 261 1528 302 praec.
1555 257 1592 291 in
1613 262 1705 303 corp.
1732 259 1761 290 et

190 307 232 342 ad
253 307 316 352 2.)‚
339 306 395 341 lex
418 315 471 341 est
492 307 676 353 quoddam
700 308 884 342 dictamen
904 310 1084 354 practicae
1098 309 1266 343 rationis:
1286 308 1413 344 similis
1429 317 1551 344 autern
1569 320 1761 356 processus
1810 308 1813 321 ⁵
1847 309 1849 314 ’

191 372 268 395 esse
286 361 466 394 invenitur
480 361 628 394 rationis
651 363 843 407 practicae,
860 370 894 395 et
916 361 1178 408 speculativae:
1202 370 1352 408 utraque
1368 363 1465 397 enirn
1485 374 1526 397 ex
1545 363 1761 409 quibusdam

190 415 373 461 principiis
388 415 431 448 ad
447 414 623 460 quasdam
639 414 895 449 conclusiones
910 416 1085 461 procedit,
1101 423 1139 449 ut
1153 418 1315 462 superius
1329 416 1491 451 habitum
1509 425 1562 451 est
1577 416 1655 461 (loc.
1666 416 1759 460 cit.);

191 468 391 503 secundum
413 468 484 502 hoc
508 479 594 513 ergo
619 468 814 502 dicendum
838 476 901 510 est,
924 469 1021 515 quod
1044 469 1136 503 sicut
1154 469 1191 503 in
1210 470 1350 504 ratione
1369 469 1591 516 speculativa
1611 482 1653 505 ex
1672 470 1760 515 prin-

192 522 292 568 cipiis
319 521 701 556 indemonstrabilibus
727 522 940 556 naturaliter
970 523 1125 568 cognitis
1155 523 1405 568 producuntur
1435 523 1692 558 conclusiones
1715 523 1757 557 d}-

192 587 378 610 versarum
400 576 646 617 scientiarum,
670 587 822 621 quarum
847 576 1008 621 cognitio
1031 588 1106 610 non
1129 585 1183 611 est
1203 577 1308 611 nobis
1328 577 1539 612 naturaliter
1560 577 1684 620 indita,
1698 575 1755 611 sed

192 641 255 676 per
276 629 490 663 industriam
512 631 661 663 rationis
681 631 850 672 inventa3
872 630 921 664 ita
944 630 1053 664 etiam
1069 641 1111 664 ex
1130 631 1329 677 praeceptis
1347 630 1439 677 legis
1457 631 1643 674 naturalis,
1661 629 1757 677 quasi

193 695 236 717 ex
250 682 464 729 quibusdam
479 682 663 728 principiis
683 684 952 725 communibus,
968 691 1003 717 et
1017 684 1410 727 indemonstrabilibus,
1428 696 1578 719 necesse
1598 692 1652 719 est
1666 683 1759 730 quod

192 737 284 771 ratio
311 737 472 770 humana
499 737 673 782 procedat
700 737 744 770 ad
771 737 891 783 aliqua
918 737 1034 783 magis
1062 737 1324 783 particulariter
1351 738 1594 785 disponenda:
1618 746 1652 773 et
1670 738 1759 771 istae

194 790 428 838 particulares
451 791 706 837 dispositiones
729 791 944 826 adinventae
967 792 1170 826 secundum
1187 793 1367 827 rationem
1382 793 1584 827 humanam
1598 792 1761 826 dicuntur

194 846 272 890 leges
285 845 461 887 humanae,
478 845 678 880 observatis
703 845 781 880 aliis
798 846 1079 888 conditionibus,
1100 857 1191 892 quae
1206 847 1387 892 pertinent
1401 847 1444 880 ad
1462 847 1641 881 rationem
1659 844 1761 891 legis,

195 907 232 933 ut
253 910 360 945 supra
383 899 518 932 dictum
543 907 596 934 est
622 900 670 945 (q.
693 901 851 946 μῆτερ-9,·
875 899 970 934 unde
994 899 1137 934 Tullius
1160 900 1246 934 dicit
1267 900 1303 934 in
1325 912 1389 934 sua
1410 900 1607 935 Rhetorica
1629 899 1703 945 (lib.
1730 910 1761 934 2.

194 952 230 987 da
252 953 382 987 Iit-vent.
405 953 571 998 aliquant.
595 959 668 987 ante
681 955 776 999 fin),
805 953 901 999 quod
926 955 1060 988 initium
1078 955 1166 999 juris
1187 959 1229 988 est
1250 966 1270 988 a
1291 959 1416 989 natura
1429 955 1637 1001 profectum:
1653 952 1764 987 deinde

194 1006 356 1052 quaedam
369 1007 403 1040 in
426 1007 688 1041 consuetudinem
710 1019 748 1042 ex
770 1008 920 1042 utilitatis
941 1009 1069 1042 ratione
1097 1007 1159 1053 [al.
1182 1019 1222 1042 ex
1242 1008 1383 1043 utilitate
1405 1007 1559 1052 rationis]
1581 1010 1763 1041 venerunt:

189 1065 302 1106 postea
324 1072 373 1094 ras
393 1071 413 1094 α
431 1065 553 1094 natum
567 1061 746 1107 profectas,
762 1066 791 1095 et
806 1061 1034 1095 consuetudine
1043 1062 1204 1107 probatas
1219 1062 1325 1107 legum
1339 1067 1454 1104 metus,
1467 1066 1495 1096 et
1509 1061 1625 1106 religio
1642 1061 1764 1095 sanxit.

268 1113 328 1148 AD
344 1124 493 1148 PR1MUM
509 1125 597 1160 ergo
619 1115 827 1156 dicendum,
851 1116 947 1160 quod
966 1115 1058 1148 ratio
1073 1115 1235 1149 humana
1257 1126 1332 1149 non
1354 1123 1472 1161 potest
1492 1115 1706 1161 participare
1722 1113 1765 1147 ad

195 1167 344 1213 plenum
367 1167 548 1201 dictamen
564 1169 712 1202 rationis
728 1168 883 1209 divinae,
899 1168 961 1202 sed
984 1180 1049 1202 suo
1074 1169 1198 1210 modo,
1218 1177 1251 1203 et
1266 1168 1496 1215 imperfecte3
1520 1176 1555 1202 et
1575 1167 1658 1202 ideo
1674 1167 1765 1201 sicut

197 1232 237 1255 ex
249 1230 347 1266 parte
362 1222 511 1255 rationis
526 1221 769 1268 speculativae
785 1234 848 1268 per
862 1221 1065 1256 naturalem
1080 1222 1398 1268 participationem
1413 1223 1555 1256 divinae
1569 1221 1766 1267 sapientiae

196 1275 289 1309 inest
306 1275 411 1309 nobis
427 1276 588 1321 cognitio
605 1276 849 1322 quorumdam
865 1276 1119 1310 communium
1135 1276 1408 1322 principiorum,
1423 1287 1498 1310 non
1517 1282 1639 1309 autem
1654 1275 1768 1319 cujus-

196 1328 284 1363 libet
304 1329 463 1363 veritatis
486 1330 631 1375 propria
654 1330 829 1375 cognitio,
852 1330 945 1364 sicut
967 1331 1001 1363 in
1017 1330 1138 1363 divina
1154 1330 1329 1376 sapientia
1349 1331 1569 1364 continetur:
1592 1328 1642 1362 ita
1657 1328 1767 1362 etiam

197 1394 239 1416 ex
261 1391 361 1428 parte
383 1383 532 1417 rationis
555 1383 736 1429 practicae
763 1383 974 1417 naturaliter
995 1383 1110 1417 homo
1138 1384 1330 1430 participat
1355 1383 1477 1430 legem
1504 1390 1691 1417 aeternam
1717 1393 1769 1416 se-

199 1437 359 1470 cundum
394 1437 573 1483 quaedam
602 1438 815 1471 communia
842 1437 1028 1483 principia,
1056 1449 1130 1471 non
1158 1445 1280 1472 autern
1307 1437 1508 1472 secundum
1534 1435 1768 1483 particulares

199 1491 417 1525 directiones
440 1490 680 1537 singulorum,
703 1503 794 1537 quae
816 1499 940 1525 tamen
963 1491 999 1525 in
1018 1499 1163 1525 aeterna
1178 1491 1258 1537 lege
1279 1492 1529 1532 continentur;
1552 1497 1587 1525 et
1607 1490 1689 1524 ideo
1710 1500 1770 1524 ne-

200 1555 299 1578 cesse
315 1553 368 1578 est
383 1544 540 1587 alterius,
556 1545 653 1591 quod
668 1545 759 1579 ratio
774 1545 936 1579 humana
952 1545 1128 1591 procedat
1142 1545 1186 1579 ad
1201 1545 1437 1592 particulares
1452 1544 1629 1591 quasdam
1643 1543 1768 1590 legum

198 1607 417 1632 sanctiones.

270 1652 331 1686 AD
358 1663 565 1687 SECUNDUM
588 1652 795 1695 dicendum,
818 1653 915 1699 quod
942 1653 1034 1687 ratio
1060 1653 1224 1687 humana
1250 1653 1452 1688 secundum
1479 1664 1517 1688 se
1542 1664 1618 1687 non
1640 1660 1693 1687 est
1719 1663 1770 1686 re-

199 1704 284 1749 gula
306 1717 443 1740 rerum:
467 1707 529 1740 sed
551 1707 727 1752 principia
750 1707 783 1741 ei
804 1706 1015 1741 naturaliter
1041 1707 1155 1742 indita
1180 1716 1263 1742 sunt
1288 1707 1437 1753 regulae
1463 1706 1643 1753 quaedam
1665 1717 1771 1752 gene-

198 1759 303 1801 rales,
326 1767 361 1793 et
382 1771 572 1794 mensurae
595 1760 763 1794 omnium
786 1772 927 1803 eorum,
950 1772 1042 1807 quae
1061 1769 1145 1796 sunt
1163 1772 1227 1807 per
1240 1761 1432 1796 hominem
1446 1760 1598 1807 agenda,
1614 1771 1770 1806 quorum

199 1813 289 1847 ratio
312 1813 485 1848 naturalis
508 1823 559 1848 est
581 1814 718 1860 regula,
742 1822 776 1848 et
791 1826 973 1857 mensura,
989 1814 1074 1849 licet
1087 1826 1162 1849 non
1177 1815 1222 1850 sit
1240 1826 1411 1850 mensura
1425 1826 1566 1856 eorum,
1583 1825 1674 1860 quae
1689 1821 1771 1848 sunt

201 1878 220 1900 a
242 1875 381 1901 natura.

271 1921 331 1955 AD
366 1931 538 1956 TERTmM
565 1921 772 1963 dicendum,
802 1922 899 1968 quod
934 1922 1025 1956 ratio
1053 1922 1212 1968 practica
1234 1930 1287 1957 est
1313 1922 1408 1956 circa
1435 1920 1644 1968 operabilia,
1680 1931 1771 1967 quae

201 1984 282 2008 sunt
305 1975 512 2021 singularia,
536 1984 571 2009 et
592 1975 851 2021 contingentia,
873 1987 948 2010 non
971 1984 1095 2010 autem
1118 1976 1213 2010 circa
1233 1976 1450 2017 necessaria,
1471 1975 1565 2010 sicut
1585 1975 1676 2009 ratio
1698 1986 1774 2021 spe-

202 2028 380 2071 culativa3
403 2037 438 2063 et
459 2029 541 2064 ideo
564 2028 664 2074 leges
690 2030 874 2063 humanae
902 2041 976 2063 non
1002 2038 1154 2076 possunt
1180 2029 1281 2064 illam
1307 2028 1603 2063 infallibilitatem
1627 2028 1772 2070 habere,

202 2094 312 2128 quam
338 2083 473 2117 habent
499 2082 753 2117 conclusiones
781 2083 1089 2117 demonstrativae
1115 2083 1371 2118 scientiarum:
1398 2094 1465 2117 nec
1493 2090 1648 2129 oportet,
1675 2081 1772 2128 quod

203 2137 322 2170 omnis
345 2148 514 2170 mensura
537 2137 581 2170 sit
602 2137 754 2171 omnino
776 2136 985 2179 infallibilis,
1008 2145 1043 2171 et
1064 2145 1172 2179 certa,
1195 2137 1257 2172 sed
1279 2136 1480 2171 secundum
1502 2135 1599 2182 quod
1621 2143 1675 2170 est
1695 2146 1774 2182 pos-

203 2190 305 2224 sibile
326 2190 363 2224 in
385 2202 518 2236 genere
539 2202 616 2225 suo.

761 2321 1109 2366 ARTICULUS
1144 2322 1219 2366 IV.
1703 2320 1772 2367 487

279 2425 433 2455 UTRUM
460 2425 615 2454 FUERIT
643 2425 946 2455 NECESSARIUM
972 2425 1072 2454 ESSE
1100 2424 1300 2461 ALIQUAM
1327 2423 1474 2454 LEGEM
1499 2423 1700 2454 DIVINAM.

385 2519 493 2564 (Part.
509 2532 535 2554 1.
551 2532 581 2566 q.
596 2532 624 2554 Ι.
640 2524 703 2554 art.
720 2531 750 2554 2.
765 2525 794 2554 et
806 2525 897 2567 pasl.
910 2532 936 2566 3.
953 2532 982 2566 q.
998 2520 1054 2555 60.
1070 2525 1134 2554 art.
1146 2531 1174 2566 5.
1190 2519 1232 2554 ad
1243 2532 1271 2566 3.
1287 2524 1314 2554 et
1327 2520 1416 2554 Dist.
1428 2530 1478 2566 37.
1494 2524 1557 2555 art.
1569 2531 1596 2566 3.

829 2579 858 2608 ct
885 2575 980 2609 Rom.
1008 2574 1039 2609 8.
1065 2575 1151 2620 fitz).

278 2670 338 2703 AD
365 2680 553 2708 QUARTUM
576 2670 626 2704 sic
654 2669 870 2716 proceditur.
895 2669 1052 2711 Videtur,
1080 2669 1177 2715 quod
1198 2680 1272 2704 non
1298 2668 1404 2704 fuerit
1430 2669 1675 2704 necessarium
1697 2679 1774 2704 esse

208 2722 364 2769 aliquam
389 2722 509 2768 legent
531 2723 708 2757 divinam:
725 2723 819 2769 quia,
839 2731 876 2757 ut
895 2723 1032 2757 dictum
1047 2731 1100 2757 est
1123 2723 1204 2767 (art.
1223 2735 1254 2758 2.
1277 2723 1346 2769 huj.
1369 2723 1430 2769 q.)‚
1450 2722 1507 2758 lex
1528 2723 1700 2758 naturalis
1722 2730 1775 2758 est

209 2777 387 2822 quaedam
414 2777 640 2823 participatio
668 2776 758 2822 legis
789 2784 934 2810 aeterna
958 2777 993 2810 in
1015 2777 1138 2811 nobis:
1161 2777 1224 2811 sed
1247 2776 1302 2811 lex
1325 2784 1471 2812 aeterna
1492 2785 1546 2811 est
1566 2776 1622 2811 lex
1643 2777 1774 2818 divina,

210 2838 247 2864 ut
268 2831 404 2865 dictum
427 2838 480 2865 cst
507 2830 587 2875 (art.
614 2843 640 2866 ι.
669 2831 737 2875 huj.
764 2831 835 2876 q.);
865 2841 953 2875 crgo
979 2841 1054 2864 non
1082 2838 1226 2877 oportet
1252 2830 1349 2877 quod
1375 2838 1516 2877 praeter
1537 2829 1656 2877 legem
1677 2838 1776 2865 natu-

209 2884 334 2926 ralem,
357 2892 392 2919 et
412 2883 511 2930 leges
532 2884 712 2919 humanas
735 2884 777 2918 ab
801 2895 843 2919 ea
865 2883 1054 2925 derivatas,
1075 2884 1121 2918 sit
1143 2883 1262 2930 aliqua
1284 2883 1353 2919 alia
1375 2883 1432 2919 lex
1453 2884 1584 2919 divina.
