1875 3198
242 209 328 264 758
683 221 900 256 QUAESTlo
936 221 1007 250 cu.
1042 220 1287 251 ARTICULUS
1320 222 1362 250 v.

240 303 348 338 fiebat
367 311 496 337 octava
517 303 585 345 die,
608 303 692 348 quia
710 310 815 336 antea
837 313 926 347 puer
943 310 997 336 est
1013 301 1119 336 valde
1132 301 1298 343 tenellus,
1313 310 1348 336 et
1365 310 1488 348 posset
1506 314 1549 337 ex
1562 303 1634 337 hoc
1649 303 1808 349 graviter

241 356 347 399 laedi,
370 364 405 391 et
425 363 610 403 reputatur
632 356 749 390 adhuc
773 355 875 401 quasi
891 355 1063 401 quiddam
1081 366 1156 389 non
1176 355 1390 397 solidatum;
1412 355 1507 390 unde
1526 356 1636 390 etiam
1653 367 1721 390 nec
1735 358 1808 391 ani-

242 410 354 444 malia
376 410 620 444 offerebantur
642 417 723 443 ante
747 417 918 443 octavum
941 409 1162 451 diem3-ideo
1183 420 1271 443 vero
1297 420 1372 442 non
1390 409 1506 455 magis
1527 409 1745 452 tardabatur,
1759 422 1805 445 ne

240 471 387 510 propter
403 462 568 497 dolorem
581 462 691 508 aliqui
701 461 845 507 signum
863 461 1151 496 circumcisionis
1166 461 1382 508 refugerent,
1397 469 1432 496 et
1444 473 1490 496 ne
1502 469 1670 507 parentes
1685 463 1806 504 etiam,

240 528 396 562 quorum
419 527 522 550 amor
543 515 713 549 increscit
735 516 778 549 ad
800 515 905 557 filios,
927 523 1009 561 post
1029 514 1256 561 frequentem
1278 515 1607 558 conversationem,
1627 523 1662 550 et
1679 527 1807 550 eorum

241 579 490 616 augmentum,
514 580 576 603 eos
599 568 870 603 circumcisioni
891 569 1160 603 subtraherent:
1182 568 1323 604 secunda
1344 568 1436 602 ratio
1458 580 1537 603 esse
1559 569 1676 615 potuit
1690 569 1734 603 ad
1753 569 1810 604 de-

239 623 479 658 bilitationem
502 622 817 669 concupiscentiae
839 623 876 656 in
895 622 1062 656 membro
1084 621 1166 656 illo:
1191 623 1291 657 tertia
1305 622 1397 656 ratio
1417 624 1519 656 estin
1537 622 1808 669 sugillationem

239 689 428 712 sacrorum
449 677 603 718 veneris,
631 684 666 710 et
691 676 816 722 priapi,
843 676 879 710 in
906 676 1034 722 quibus
1055 675 1118 713 illa
1136 683 1225 722 'pars
1253 676 1416 722 corporis
1442 675 1707 711 honorabatur:
1735 676 1808 711 Do-

240 731 358 765 minus
381 739 502 765 autem
524 741 598 764 non
621 730 804 776 prohibuit
826 730 893 764 nisi
920 730 1149 772 incisionem,
1172 741 1263 776 quae
1289 729 1327 764 in
1354 728 1453 763 cultu
1478 729 1663 764 idolorum
1689 730 1807 772 fiebat,

239 785 297 818 cui
318 796 391 818 non
415 792 490 818 erat
511 784 638 818 similis
661 783 844 830 praedicta
867 783 1109 818 circumcisio.

310 838 487 884 Figuralis
520 848 608 871 vero
639 837 730 871 ratio
760 837 1049 872 circumcisionis
1081 845 1167 879 erat,
1202 836 1286 883 quia
1313 836 1534 882 figurabatur
1565 836 1699 872 ablatio
1729 849 1806 872 cor-

238 892 414 938 ruptionis
436 885 554 926 fienda
576 902 638 937 per
667 890 866 934 Christum,
890 902 982 937 quae
1008 890 1166 937 perfecte
1194 889 1436 937 complebitur
1460 891 1498 924 in
1524 898 1654 925 octava
1680 900 1808 934 aetate,

241 958 333 992 quae
355 954 409 980 est
431 954 528 980 aetas
550 945 835 991 resurgentium:
860 952 894 979 et
916 945 998 991 quia
1013 944 1133 978 omnis
1152 944 1336 990 corruptio
1356 943 1496 991 culpae,
1518 952 1554 979 et
1573 956 1713 991 poenae
1732 957 1810 992 pro-

240 1000 338 1034 venit
358 999 394 1033 in
417 1011 484 1033 nos
504 1010 567 1045 per
583 998 768 1033 carnalem
783 998 963 1044 originem
985 1010 1027 1032 ex
1049 1006 1201 1045 peccato
1223 997 1331 1044 primi
1353 998 1520 1044 parentis,
1543 998 1625 1033 ideo
1646 998 1728 1033 talis
1747 999 1811 1033 cir-

241 1053 418 1087 cumcisio
441 1053 549 1087 fiebat
569 1053 606 1086 in
628 1052 795 1086 membro
814 1052 1078 1098 generationis;
1097 1052 1192 1086 unde
1214 1051 1414 1098 Apostolus
1433 1051 1520 1086 dicit
1533 1051 1577 1086 ad
1597 1051 1741 1087 Coloss.
1757 1063 1807 1087 2.:

243 1108 443 1142 Circumcisi
465 1108 534 1142 estis
557 1108 591 1140 in
621 1106 752 1141 Christo
775 1107 1026 1141 circumcisione
1051 1118 1119 1140 non
1142 1106 1338 1152 manufacta
1362 1106 1398 1140 in
1423 1105 1642 1152 expoliatione
1663 1108 1810 1153 corporis

240 1162 361 1203 carnis,
381 1160 433 1196 sed
450 1162 485 1194 in
511 1161 762 1195 circumcisione
783 1160 927 1194 Domini
948 1161 1055 1194 nostri
1071 1160 1146 1204 Jeszc
1171 1159 1307 1194 Christi.

313 1215 373 1248 AD
397 1224 605 1249 SECUNDUM
632 1213 839 1256 dicendum,
870 1213 967 1260 quod
994 1213 1143 1247 literalis
1172 1213 1263 1247 ratio
1291 1212 1449 1247 convivii
1475 1212 1656 1259 paschalis
1681 1212 1748 1248 fuit
1772 1214 1809 1248 in

239 1267 634 1302 commemorationem
661 1267 839 1309 beneficii,
862 1278 934 1313 quo
961 1267 1062 1301 Deus
1089 1266 1211 1301 eduxit
1237 1278 1300 1301 eos
1330 1266 1375 1301 de
1404 1266 1595 1313 Aegypt03
1625 1267 1721 1302 unde
1747 1279 1809 1314 per
1841 1277 1844 1280 ’

239 1322 450 1368 hujusmodi
473 1321 631 1355 convivii
657 1320 943 1355 celebrationem
969 1320 1240 1367 profitebantur,
1268 1331 1305 1354 se
1333 1320 1376 1354 ad
1404 1319 1509 1354 illum
1534 1319 1710 1367 populum
1734 1332 1810 1367 per-

238 1377 364 1418 tinere,
387 1387 496 1421 quem
517 1375 617 1409 Deus
640 1375 706 1409 sibi
728 1382 971 1421 assumpserat
993 1385 1035 1408 ex
1050 1374 1238 1420 Aegypto:
1258 1374 1403 1420 quando
1419 1374 1516 1408 enim
1530 1373 1675 1408 fuerunt
1688 1386 1731 1409 ex
1742 1375 1811 1409 Ae-

239 1437 351 1475 gypto
374 1429 514 1463 liberati
540 1428 776 1474 praeceptum
799 1436 852 1462 est
873 1428 935 1470 eis,
962 1436 1002 1462 ut
1030 1428 1206 1473 sanguine
1237 1428 1321 1474 agni
1347 1426 1494 1462 linirent
1519 1427 1809 1474 superliminaria

239 1483 448 1524 domorum,
471 1482 572 1529 quasi
593 1489 834 1528 protestantes
857 1493 894 1516 se
917 1482 1085 1516 recedere
1102 1493 1121 1515 a
1139 1481 1264 1515 ritibus
1282 1481 1561 1527 Aegyptiorum,
1577 1481 1638 1527 qui
1657 1482 1807 1516 arietem

241 1536 428 1579 colebant,
451 1536 546 1570 unde
569 1544 603 1570 et
624 1535 763 1570 liberati
778 1543 861 1570 sunt
875 1547 937 1581 per
952 1535 1136 1582 sanguinis
1157 1535 1240 1580 agni
1256 1535 1515 1581 aspersionem,
1529 1534 1588 1568 vel
1601 1534 1807 1570 linitionem

240 1591 276 1624 in
299 1590 461 1636 postibus
483 1590 692 1631 domorum,
715 1601 734 1623 a
755 1589 918 1636 periculo
941 1589 1155 1631 exterminii,
1177 1588 1275 1635 quod
1301 1588 1515 1622 imminebat
1540 1589 1742 1635 Aegyptiis.
1768 1590 1809 1624 In

240 1643 304 1678 illo
325 1653 445 1678 autem
468 1644 562 1678 exitu
586 1655 715 1677 eorum
734 1643 777 1678 de
793 1644 964 1689 Aegypto
980 1642 1051 1677 duo
1070 1642 1226 1684 fuerunt,
1245 1641 1399 1676 scilicet:
1422 1641 1628 1676 festinantia
1650 1642 1694 1676 ad
1712 1654 1810 1689 egre-

241 1698 428 1732 diendum:
450 1697 658 1743 impellebant
671 1699 757 1732 enim
772 1709 821 1732 eos
835 1698 1000 1743 Aegyptii,
1017 1698 1189 1731 utcxirent
1203 1696 1370 1738 velociter,
1385 1703 1424 1730 ut
1437 1695 1590 1730 habetur
1603 1695 1716 1731 Exod.
1736 1707 1787 1731 12.
1800 1709 1808 1731 τ

239 1752 526 1797 imminebatque
561 1751 764 1798 periculum
792 1751 836 1793 ei,
860 1751 921 1797 qui
942 1762 1017 1784 non
1042 1750 1227 1785 festinaret
1253 1749 1349 1784 exire
1376 1761 1460 1783 cum
1492 1749 1735 1792 multitudine,
1760 1761 1806 1785 ne

238 1817 429 1840 remanens
441 1805 666 1839 occideretur
685 1805 726 1838 ab
750 1804 953 1851 Aegyptiis.
969 1804 1189 1838 Festinantia
1212 1811 1333 1838 autem
1352 1802 1607 1849 designabatur
1623 1803 1808 1850 dupliciter.

245 1861 317 1895 Uno
345 1860 491 1906 quidem
518 1859 612 1893 niodo
639 1870 704 1905 per
731 1870 783 1900 ea,
806 1870 898 1905 quae
921 1858 1181 1892 comedebant:
1209 1864 1444 1904 praeceptum
1470 1857 1567 1891 enim
1594 1865 1681 1899 erat,
1707 1858 1804 1904 quod

239 1913 478 1948 comederent
498 1924 609 1959 panes
636 1924 785 1959 azymos
812 1913 848 1946 in
878 1913 984 1958 hujus
1019 1912 1177 1958 signum,
1207 1912 1304 1958 quod
1330 1923 1397 1946 non
1416 1916 1575 1958 poterant
1599 1912 1806 1955 fermentari,

242 1969 427 2013 cogentibus
453 1968 542 2002 exire
569 1968 756 2013 Aegyptiis,-
780 1974 815 2000 et
841 1966 938 2012 quod
966 1965 1168 2001 comederent
1193 1977 1301 2000 assum
1327 1966 1416 2011 igni:
1444 1965 1495 1999 sic
1522 1965 1620 1999 enim
1645 1966 1809 2001 velocius

239 2021 536 2068 praeparabatur,
560 2028 594 2054 et
620 2020 717 2067 quod
744 2032 777 2055 05
803 2032 867 2054 non
896 2021 1155 2054 comminuerent
1181 2031 1219 2054 ex
1244 2031 1301 2060 e0;
1330 2020 1414 2065 quia
1439 2018 1475 2053 in
1502 2018 1708 2054 festinantia
1733 2031 1807 2054 non

239 2083 345 2110 vacat
368 2086 450 2110 ossa
472 2074 657 2119 frangere:
681 2075 746 2108 ulio
763 2074 858 2108 modo
870 2082 1046 2120 quantum
1061 2073 1104 2108 ad
1121 2073 1272 2107 modurn
1288 2072 1521 2108 comedendi:
1540 2072 1671 2107 dicitur
1688 2073 1805 2108 enim:

240 2131 339 2165 Renes
359 2134 482 2164 vestros
507 2130 692 2173 accingetis,
717 2129 937 2163 calceamenta
965 2128 1122 2162 habebitis
1148 2129 1183 2162 in
1204 2127 1356 2174 pedibus,
1384 2131 1522 2162 tenentes
1540 2127 1671 2162 baculos
1688 2128 1723 2161 in
1741 2139 1811 2162 ma-

239 2184 346 2225 nibus,
374 2188 402 2217 et
420 2182 588 2217 comedetis
610 2183 826 2227 festinanter:
854 2181 950 2228 quod
974 2180 1164 2215 manifeste
1186 2180 1352 2227 designat
1372 2180 1542 2214 homines
1563 2181 1755 2215 existentes
1773 2181 1810 2215 in

238 2245 408 2283 promptu
430 2236 584 2270 itineris:
609 2236 652 2269 ad
674 2235 771 2270 idem
794 2235 903 2270 etiam
926 2235 1091 2282 pertinet,
1114 2235 1212 2281 quod
1234 2234 1285 2269 eis
1304 2233 1542 2280 praecipitur:
1565 2234 1606 2268 In
1626 2246 1695 2269 una
1713 2234 1809 2269 domo

239 2291 421 2333 cozizccietis,
437 2303 538 2336 neque
549 2291 664 2335 scretis
685 2290 721 2324 dc
740 2291 896 2324 carnibus
910 2292 978 2335 ejns
995 2290 1108 2332 soras;
1133 2289 1215 2335 quia
1237 2288 1375 2323 scilicet
1396 2296 1543 2335 propter
1563 2287 1809 2323 festinantiam

238 2356 313 2379 non
334 2345 486 2379 vacabat
506 2344 663 2378 invicem
683 2344 823 2378 mittere
845 2343 969 2378 xenia:
993 2343 1198 2377 amaritudo
1222 2350 1355 2384 autem,
1378 2353 1487 2388 quam
1507 2341 1602 2388 passi
1620 2341 1761 2377 fuerant
1774 2343 1810 2377 in

239 2400 421 2446 Aegypto,
444 2398 715 2443 significabatur
733 2409 795 2443 per
814 2398 959 2432 Inctncns
973 2402 1125 2442 agrestas.
1149 2396 1326 2442 Figuralis
1349 2404 1472 2430 autem
1487 2395 1579 2430 ratio
1594 2403 1706 2442 patet:
1726 2396 1810 2443 quia

238 2465 300 2499 per
321 2452 615 2487 immolationem
638 2452 721 2496 agni
744 2451 898 2498 pascalis
921 2450 1192 2497 significabatur
1213 2449 1420 2484 immolatio
1441 2449 1592 2492 Christi,
1609 2450 1810 2484 secundum

239 2507 327 2541 illud
354 2518 381 2541 Ι.
405 2507 448 2540 ad
472 2506 558 2541 Cor.
585 2516 632 2549 5.:
655 2506 780 2540 Pascha
800 2510 947 2540 nostruin
972 2505 1161 2539 immolatus
1188 2510 1233 2539 est
1257 2504 1424 2539 Christus:
1444 2503 1592 2549 sanguis
1613 2514 1700 2538 vero
1727 2504 1812 2550 agni
1862 2541 1866 2545 ,

240 2560 396 2595 liberans
420 2561 461 2594 ab
486 2560 779 2601 exterminatore,
794 2559 903 2592 linitis
919 2557 1253 2605 superliminaribus
1273 2557 1481 2599 domorum,
1501 2556 1684 2603 significat
1701 2556 1811 2591 fidem

239 2614 417 2660 passionis
441 2613 576 2648 Christi
599 2613 634 2647 in
658 2612 778 2654 corde,
802 2620 837 2646 et
858 2624 920 2646 ore
944 2612 1117 2653 fidelium,
1139 2623 1202 2658 per
1220 2623 1330 2657 quam
1345 2611 1542 2645 liberamur
1556 2622 1575 2645 a
1594 2619 1758 2657 peccato,
1776 2619 1812 2646 et

240 2675 369 2709 morte,
391 2667 592 2702 secundum
614 2666 701 2700 illud
728 2677 755 2700 1.
776 2666 851 2699 Pet.
880 2677 926 2700 1.:
952 2666 1119 2712 Rcdcrnpti
1138 2667 1208 2700 estis
1224 2666 1368 2712 pretioso
1390 2666 1546 2710 sanguine
1575 2665 1669 2710 Agni
1694 2666 1811 2699 imma·
1851 2678 1854 2681 ·

238 2722 363 2756 culuti:
392 2721 676 2755 comedebantur
713 2728 835 2754 autem
864 2730 990 2753 carnes
1012 2719 1103 2765 iillae
1136 2719 1179 2752 ad
1210 2718 1489 2764 significandum
1517 2729 1619 2752 esum
1647 2718 1810 2764 corporis

240 2775 376 2809 Christi
398 2775 433 2808 in
457 2774 716 2809 Sacramento:
741 2781 842 2807 erant
865 2780 986 2806 autem
1007 2784 1107 2806 assae
1123 2772 1209 2818 igni,
1225 2773 1268 2806 ad
1286 2771 1564 2818 significandam
1586 2772 1809 2818 passionem,

238 2828 296 2862 vel
318 2828 531 2862 charitatem
555 2828 706 2862 Christi:
735 2827 1020 2861 comedebantur
1047 2834 1168 2860 autem
1195 2837 1279 2860 cum
1307 2826 1444 2872 azymis
1465 2825 1616 2871 panibus
1638 2825 1681 2859 ad
1702 2825 1810 2871 signi·

240 2882 419 2916 licandam
442 2893 568 2927 puram
593 2881 907 2915 conversationem
933 2879 1092 2913 fidelium
1115 2879 1335 2914 sumentium
1356 2890 1487 2926 corpus
1518 2878 1667 2920 Christi,
1685 2889 1810 2913 secun·

240 2935 326 2969 dum
350 2935 435 2969 illud
464 2946 489 2969 1.
515 2935 557 2969 ad
581 2935 666 2969 Cor.
695 2946 741 2979 3.:
766 2934 946 2980 Epulcmur
974 2935 1005 2967 in
1026 2934 1155 2979 azymis
1176 2934 1384 2975 sinceritatis,
1406 2937 1435 2968 et
1455 2933 1625 2969 veritatis:
1643 2931 1806 2967 lactucae
