1907 3198
557 210 778 247 QuAnsno
813 211 885 246 cu.
918 216 1163 250 ARthuLus
1196 221 1236 252 v.
1583 229 1668 273 759

105 293 231 322 antem
254 296 412 335 agrestes
433 289 658 328 addebantur
678 294 714 329 in
736 295 881 341 signum
903 299 1146 345 poenitentiae
1167 311 1414 349 peccatorum,
1435 318 1529 354 quae
1550 320 1672 346 neces-

103 339 199 376 saria
218 348 272 377 est
292 344 518 380 sumentibus
539 357 671 394 corpus
693 348 846 385 Christi:
880 363 984 387 rencs
1013 362 1134 389 autem
1168 356 1382 403 accingendi
1412 369 1494 396 sunt
1521 362 1669 409 cingulo

102 393 296 431 castitatis:
317 395 566 434 calceamenta
587 409 708 436 autem
730 403 864 449 pedum
885 415 968 441 sunt
989 407 1156 456 exempla
1176 419 1405 447 mortuorum
1432 423 1591 461 patrum:
1613 416 1672 452 ba—

101 445 177 483 culi
195 456 320 484 autem
340 449 496 486 habendi
514 452 550 487 in
569 454 735 493 manibus
749 456 955 502 significant
968 461 1188 507 pastoralem
1207 465 1429 501 custodiam:
1453 469 1669 516 praecipitur

100 507 236 544 autem,
255 502 354 550 quod
374 503 412 539 in
433 516 504 540 una
521 506 634 542 domo
650 519 764 554 agnus
781 511 962 557 paschalis
980 515 1203 560 comedatur,
1216 517 1308 554 idest
1325 519 1361 554 in
1376 520 1530 556 ecclesia
1548 523 1669 559 catho-

98 551 269 598 litorum,
294 566 369 591 non
389 557 426 592 in
448 561 712 597 conventiculis
734 563 1012 602 haereticorum.

170 607 231 643 AD
256 618 429 647 'rt-:nuum
454 611 661 657 dicendum,
687 617 784 662 quod
811 619 989 665 quaedam
1018 621 1254 659 Sacramenta
1281 637 1399 662 novae
1425 627 1516 675 legis
1537 629 1669 667 habue-

97 668 182 696 rnnt
200 660 238 697 in
258 664 371 698 veteri
390 663 472 711 lege
493 677 720 704 sacramenta
739 669 902 716 figuralia
920 673 985 708 sibi
1009 678 1349 724 correspondentia:
1371 692 1456 716 nam
1480 683 1668 720 circumci-

96 713 194 750 sioni
209 716 405 763 respondet
423 718 640 766 Baptismus,
658 723 718 769 qui
733 732 787 759 est
801 724 883 760 fidei
897 738 1185 765 sacramentum:
1203 732 1297 768 unde
1311 733 1440 770 dicitur
1454 736 1498 771 ad
1514 736 1596 772 Col.
1614 748 1666 774 2.:

98 765 302 805 circumcisi
316 771 389 806 estis
404 772 440 806 in
460 774 710 811 circumcisione
731 777 876 813 Domini
902 783 1006 816 nostri
1033 783 1107 827 Jcsu
1140 784 1276 828 Christi,
1298 789 1478 835 consepulti
1496 791 1527 825 ei
1552 792 1586 826 in
1612 792 1667 828 ba-

90 821 238 869 ptismo.-
262 823 434 860 convivio
455 837 542 862 vero
560 829 644 875 agni
663 830 844 876 paschalis
871 835 1064 881 respondet
1088 837 1124 872 in
1151 849 1247 874 nova
1273 839 1354 887 lege
1384 842 1664 887 Sacramentum

94 872 364 914 Eucharistiae:
381 879 552 916 omnibus
568 890 691 918 autem
707 884 1017 931 purificationibus
1035 891 1164 926 veteris
1182 891 1273 939 legis
1296 896 1490 942 respondet
1510 897 1546 933 in
1567 910 1665 935 nova

93 925 178 975 lege
186 939 456 968 sacramentum
466 932 716 972 Poenitentiac
727 950 735 973 :
751 942 1017 977 consecrationi
1031 952 1152 980 autem
1166 945 1364 991 Pontificis,
1374 958 1409 984 et
1423 949 1663 989 Sacerdotum

20 1016 22 1018 ,
94 982 291 1030 respondet
312 995 585 1023 sacramentum
611 989 784 1027 Ordinis:
812 992 1052 1031 Sacramento
1078 1006 1200 1034 autem
1227 999 1540 1048 Confirmationis,
1565 1007 1663 1053 quod

93 1042 149 1071 est
170 1045 443 1075 sacramentum
467 1039 699 1088 plenitudinis
725 1046 874 1091 gratiae,
899 1059 973 1084 non
999 1058 1119 1097 potest
1143 1054 1361 1100 respondere
1387 1056 1424 1091 in
1445 1058 1557 1094 veteri
1581 1059 1663 1107 lege

94 1086 242 1137 aliquod
262 1101 552 1130 sacramentum:
574 1097 658 1144 quia
679 1099 844 1135 nondum
862 1102 1056 1140 advenerat
1068 1113 1211 1154 tempus
1228 1108 1482 1155 plenitudinis;
1499 1124 1544 1148 eo
1565 1115 1663 1161 quod

91 1143 257 1179 nminem
279 1145 398 1193 (niba)
424 1147 469 1183 ad
488 1149 667 1196 versatum
689 1151 829 1190 adduxit
849 1154 901 1190 lex
925 1157 1047 1202 (Hebr.
1070 1161 1138 1205 7.):
1159 1160 1325 1198 similiter
1346 1172 1466 1200 autem
1490 1175 1526 1202 et
1545 1178 1664 1203 sacra-

0 1194 17 1233 ?
94 1204 221 1232 mento
240 1196 435 1236 Extremae
455 1200 662 1247 unctionis,
676 1206 774 1253 quod
787 1216 843 1243 est
863 1210 1043 1256 quaedam
1063 1213 1276 1250 immediata
1298 1219 1525 1265 praeparatio
1546 1221 1591 1256 ad
1612 1221 1663 1257 in-

0 1254 18 1296 !
90 1249 243 1286 troitum
263 1250 416 1299 gloriae,
436 1255 539 1301 cujus
560 1257 677 1294 aditus
697 1261 861 1296 nondum
883 1263 1028 1308 patebat
1048 1265 1083 1301 in
1105 1267 1218 1303 veteri
1243 1268 1336 1316 lege,
1360 1272 1476 1318 pretio
1496 1274 1661 1310 nondum

0 1308 5 1316 ’
89 1301 233 1341 soluto:
253 1300 528 1344 matrimonium
550 1319 673 1346 autem
691 1312 758 1348 fuit
774 1315 921 1361 quidem
940 1317 976 1352 in
992 1319 1103 1354 veteri
1121 1319 1215 1367 lege,
1234 1319 1341 1368 prout
1353 1334 1429 1361 erat
1440 1326 1477 1361 in
1499 1326 1660 1365 officium

90 1364 255 1403 namne,
271 1369 351 1395 non
369 1368 493 1397 autem
512 1372 621 1410 prout
645 1374 699 1401 est
725 1378 995 1405 sacramentum
1021 1374 1290 1419 conjunctionis
1313 1377 1462 1422 Christi,
1483 1389 1519 1416 ct
1538 1381 1662 1419 Eccle-

89 1409 179 1454 siae,
197 1422 291 1459 quae
309 1413 475 1450 nondum
497 1424 573 1452 erat
593 1416 706 1462 sacta;
728 1421 822 1456 unde
846 1431 880 1457 et
900 1422 936 1458 in
958 1425 1070 1460 veteri
1088 1425 1169 1474 lege
1183 1428 1335 1466 dabatur
1352 1431 1494 1469 libellus
1509 1436 1658 1482 repudii,

89 1463 190 1511 qnod
208 1472 265 1501 est
283 1474 413 1502 contra
431 1471 649 1506 sacramenti
671 1473 862 1510 rationem.

156 1516 220 1554 An
234 1528 427 1559 αυΛιτυιι
447 1521 655 1568 dicendum,
676 1527 786 1573 quod,
804 1529 898 1565 sicut
915 1541 1021 1578 supra
1042 1533 1179 1570 dictum
1201 1545 1254 1572 est
1276 1538 1326 1583 (in
1345 1547 1435 1587 corp.
1449 1542 1544 1586 art),
1565 1543 1658 1590 puri-

84 1568 274 1608 ficationes
303 1574 435 1610 veteris
467 1574 560 1623 legis
593 1579 852 1618 ordinabantur
877 1584 921 1619 ad
946 1589 1211 1624 removendum
1243 1591 1504 1639 impedimenta
1537 1596 1654 1633 cultus

83 1622 210 1668 divini,
239 1625 303 1673 qui
326 1627 474 1674 quidem
500 1638 555 1666 cst
578 1631 722 1680 duplat:
744 1635 900 1672 scilicet:
921 1641 1114 1685 spiritualis,
1135 1643 1196 1689 qui
1218 1645 1382 1682 consistit
1402 1647 1439 1682 in
1459 1648 1655 1686 devotione

85 1677 217 1714 mentis
237 1678 283 1715 ad
302 1679 448 1717 Deum:
470 1691 506 1719 et
524 1687 721 1733 corporalis,
741 1689 802 1735 qui
824 1692 989 1728 consistit
1008 1693 1044 1729 in
1066 1696 1264 1740 sacrificiis,
1286 1707 1321 1734 et
1342 1700 1598 1747 oblationibus,
1619 1714 1655 1740 et

80 1729 164 1767 alib
183 1731 407 1779 hujusmodi.
432 1735 466 1772 A
493 1737 591 1774 cultu
614 1748 735 1776 autem
757 1743 931 1790 spirituali
956 1746 1202 1794 impediuntur
1219 1751 1389 1790 homines
1409 1767 1473 1802 per
1493 1766 1654 1802 peccata,

81 1783 212 1832 quibus
230 1785 402 1824 homines
422 1789 537 1837 pollui
558 1791 789 1839 dicebantur;
807 1798 901 1834 sicut
918 1811 980 1846 per
1001 1801 1260 1848 idololatriam,
1275 1815 1311 1842 et
1324 1807 1576 1855 homicidium,
1591 1824 1654 1859 per

81 1837 269 1884 adulteria,
294 1850 331 1878 et
354 1843 536 1889 incestus3
563 1855 599 1882 et
623 1848 667 1883 ab
693 1849 769 1886 istis
795 1852 1057 1899 pollutionibus
1084 1858 1366 1903 purificabantur
1394 1863 1564 1902 homines
1590 1879 1652 1914 per

81 1890 203 1941 aliqua
222 1895 412 1940 sacrificia,
431 1897 492 1934 vel
512 1903 759 1939 communiter
779 1905 901 1942 oblata
921 1920 987 1955 pro
1008 1917 1085 1945 tota
1107 1912 1348 1958 multitudine,
1369 1917 1426 1952 vel
1448 1919 1558 1954 etiam
1585 1933 1651 1968 pro

80 1947 241 1995 peccatis
264 1949 518 1996 singulorum;
542 1965 617 1990 non
644 1957 742 2003 quod
768 1959 944 1996 sacrificia
972 1961 1033 1997 illa
1059 1965 1218 2001 carnalia
1244 1968 1417 2006 haberent
1451 1984 1492 2007 ex
1526 1974 1652 2022 seipsis

79 1999 251 2037 virtutem
271 2003 439 2051 expiandi
460 2016 650 2053 peccatum
668 2022 676 2052 ;
698 2011 760 2046 sed
778 2013 863 2059 quia
881 2014 1132 2061 significabant
1150 2021 1394 2068 expiationem
1415 2035 1649 2072 peccatorum

71 2051 238 2090 huram
257 2067 324 2104 per
339 2056 541 2103 Christum,
556 2063 658 2108 cujus
676 2065 868 2113 participes
885 2078 987 2104 erant
1005 2070 1115 2106 etiam
1134 2074 1270 2122 antiqui
1288 2085 1527 2123 protestantes
1541 2081 1649 2118 fidem

78 2105 336 2156 Redemptoris
358 2111 397 2147 in
418 2111 543 2160 figuris
568 2116 842 2154 sacrificiorum.
870 2122 902 2156 A
930 2122 1028 2158 cultu
1055 2136 1142 2161 vero
1169 2129 1336 2165 exteriori
1362 2131 1650 2179 impediebantur

67 2159 250 2198 :homines
269 2174 335 2211 per
353 2166 529 2212 quasdam
551 2168 801 2207 immunditias
822 2175 1050 2222 corporales;
1072 2190 1165 2226 quae
1186 2182 1332 2228 quidem
1348 2185 1466 2231 primo
1488 2189 1651 2225 conside·

77 2213 251 2252 rat-antur
276 2216 315 2253 in
339 2217 561 2263 hominibus,
587 2231 623 2258 et
649 2235 914 2273 consequenter
939 2230 1049 2266 etiam
1071 2231 1108 2268 in
1130 2233 1208 2270 aliis
1230 2237 1457 2282 animalibus,
1479 2237 1513 2276 'et
1535 2242 1570 2277 in
1592 2254 1649 2278 ve-

74 2266 268 2314 ss‘mentis,
286 2278 324 2307 et
339 2271 519 2317 domibus,
537 2283 573 2311 et
586 2277 700 2313 vasis:
723 2279 759 2314 in
778 2279 987 2319 hominibus
1005 2285 1151 2332 quidem
1170 2288 1399 2327 immunditia
1418 2295 1648 2341 reputabatur

67 2321 209 2370 partim
230 2324 378 2372 quidem
398 2337 442 2363 ex
463 2328 549 2375 ipsis
567 2329 788 2375 hominibus,
807 2336 937 2381 partim
955 2346 1076 2375 autem
1095 2352 1137 2376 ex
1159 2352 1328 2380 contactu
1352 2358 1470 2383 rerum
1492 2348 1647 2385 immun-

64 2373 223 2421 ,aarum
242 2387 288 2414 ex
306 2378 395 2427 ipsis
414 2390 538 2418 autem
560 2383 770 2422 hominibus
791 2387 1021 2427 immundum
1049 2395 1278 2442 reputabatur
1295 2410 1404 2435 omne
1426 2401 1526 2444 illud,
1547 2404 1644 2450 quod

71 2430 347 2479 curruptionem
368 2433 528 2482 aliquam
550 2438 624 2483 jam
646 2439 812 2484 habebat,
834 2443 891 2478 vel
918 2455 994 2481 erat
1015 2449 1239 2496 corruptioni
1261 2454 1484 2499 expositum;
1506 2464 1541 2491 et
1562 2456 1644 2493 ideo

64 2482 159 2531 quia
177 2493 280 2522 mors
296 2494 351 2523 est
370 2491 557 2537 corruptio
578 2494 771 2539 quaedam,
793 2496 947 2534 cadaver
968 2499 1128 2537 hominis
1151 2505 1381 2551 reputabatur
1402 2507 1642 2546 immundum.

65 2533 251 2574 Sinnium
276 2539 400 2585 etiam,
425 2543 510 2590 quia
536 2543 635 2591 lepra
662 2557 703 2581 ex
731 2551 963 2597 corruptione
989 2553 1187 2591 humorum
1215 2559 1404 2605 contingit,
1438 2563 1498 2609 qui
1533 2564 1641 2599 etiam

54 2590 227 2627 -mus
250 2602 456 2642 erumpunt,
482 2605 517 2632 et
543 2598 634 2634 alios
661 2600 836 2645 inficiunt,
862 2603 994 2652 leprosi
1021 2608 1143 2651 etiam,
1178 2611 1260 2657 quia
1296 2615 1552 2661 reputabantur
1578 2618 1641 2654 im-

59 2644 218 2680 mdix
237 2645 404 2684 similiter
424 2649 533 2685 etiam
557 2652 726 2689 mulieres
747 2656 924 2701 patientes
946 2662 1130 2707 sanguinis
1153 2663 1299 2707 fluxum,
1321 2667 1395 2703 sive
1418 2681 1480 2715 per
1499 2670 1644 2707 infirmi-

61 2701 195 2742 m,
210 2698 288 2736 sive
307 2701 418 2737 etiam
440 2715 504 2751 per
524 2713 704 2749 naturam,
725 2708 783 2744 vel
803 2713 1028 2759 temporibus
1051 2718 1236 2759 menstrui,
1263 2719 1320 2754 vel
1346 2722 1454 2757 ctiam
1476 2731 1641 2771 tempore

58 2750 340 2800 hneeptionin
365 2762 403 2791 et
426 2757 556 2793 cadem
582 2760 722 2797 ratione
749 2763 814 2798 viri
842 2767 1098 2812 reputabantur
1125 2771 1301 2807 immundi
1330 2773 1464 2811 fluxum
1493 2779 1641 2814 seminis

86 2805 93 2811 ’
275 2807 335 2844 vel
355 2819 421 2856 per
438 2810 699 2858 infirmitatem,
716 2815 775 2852 vel
793 2829 856 2864 per
873 2819 947 2866 poll
991 2821 1111 2858 'onem
1131 2834 1360 2870 nocturnam,
1379 2828 1436 2864 vel
1454 2831 1564 2866 etiam
1578 2845 1641 2879 per

228 2864 320 2897 Bam
331 2863 453 2899 omnis
466 2864 664 2903 humiditas
678 2870 867 2916 praedictis
882 2873 1001 2909 modis
1012 2876 1055 2910 ab
1072 2877 1220 2914 homine
1232 2881 1432 2924 egrediens,
1442 2886 1637 2931 quamdam

235 2923 296 2950 am
314 2913 548 2954 infectionem
567 2919 694 2957 habet:
716 2922 831 2960 inerat
848 2926 957 2962 ctiam
977 2928 1186 2967 hominibus
1206 2933 1434 2972 immunditia
1456 2938 1635 2985 quaedam
