1907 3198
548 153 773 190 QUAEsrio
808 153 926 183 xmx.
961 152 1209 183 ARTICULUS
1245 152 1288 182 11.
1631 153 1712 196 343

693 307 1046 354 ARTICULUS
1077 308 1133 350 ΙΙ.
1649 316 1716 352 268

243 419 398 449 UTRUM
426 418 616 448 HABITUS
647 418 714 448 SIT
743 417 1064 448 DETERMINATA
1091 417 1264 446 SPECIES
1294 415 1580 452 QUAMTArrs.

194 508 256 543 AD
278 518 488 543 SECUNDUM
510 507 561 542 sic
584 507 804 554 proceditur.
828 506 993 549 Videtur,
1015 506 1113 553 quod
1135 506 1280 540 habitus
1303 517 1379 539 non
1402 505 1447 539 sit
1469 504 1711 539 determinata

120 562 260 609 species
283 561 479 608 qualitatis,
497 561 592 608 quia,
625 569 663 596 ut
685 561 824 596 dictum
851 569 905 596 est
933 561 1014 605 (art.
1036 562 1185 608 praec),
1208 560 1365 601 habitus,
1389 559 1593 593 secundum
1615 558 1713 604 quod

122 624 177 652 est
197 615 365 663 qualitas,
387 615 519 650 dicitur
540 615 732 662 dispositio
755 615 958 650 secundum
981 626 1092 662 quam
1113 615 1217 657 bene,
1241 622 1303 648 aut
1324 613 1421 648 male
1444 613 1649 659 disponitur
1668 612 1718 646 di-

122 671 324 718 spositum:
343 670 406 705 sed
421 670 493 704 hoc
519 669 700 716 contingit
727 670 929 704 secundum
958 668 1160 716 quamlibet
1182 668 1408 715 qualitatem,
1432 679 1516 701 nam
1542 675 1576 701 et
1591 678 1717 701 secun-

123 725 211 760 dum
233 724 390 772 figuram
413 724 595 770 contingit
622 723 757 770 aliquid
784 724 889 766 bene,
911 723 971 758 vel
1002 722 1099 758 male
1132 733 1211 758 esse
1233 722 1466 769 dispositum,
1494 730 1529 756 et
1551 720 1718 756 similiter

121 779 325 814 secundum
348 777 524 820 calorem,
547 786 582 813 et
602 777 728 824 frigus,
764 786 799 812 et
820 778 1024 812 secundum
1047 777 1174 812 omnia
1196 776 1427 823 hujusmodi3
1451 787 1539 822 ergo
1569 775 1713 810 habitus

121 844 197 869 non
219 841 273 868 est
295 833 536 868 determinata
558 832 698 879 species
721 831 916 879 qualitatis.

194 897 226 922 2.
241 887 482 922 PRAETEREA.
502 886 753 933 Philosophus
768 887 805 920 in
824 886 1137 921 praedicamentis
1154 886 1245 933 (cap.
1268 885 1305 920 da
1325 886 1460 930 Qual.),
1479 884 1715 926 caliditatem,

122 949 159 977 et
177 941 414 988 frigiditatem
436 941 523 976 dicit
542 952 620 976 esse
639 941 910 988 dispositiones,
932 940 991 976 vel
1010 941 1166 983 habitus,
1190 941 1284 976 sicut
1306 939 1587 986 aegritudinem,
1611 947 1646 973 et
1665 950 1720 972 sa-

121 996 293 1032 nitatem:
316 995 379 1030 sed
395 995 508 1038 calor,
531 1003 566 1030 et
582 994 696 1043 frigus
718 1004 802 1030 sunt
823 996 859 1029 in
882 997 978 1030 tertia
998 995 1120 1042 specie
1144 994 1349 1042 qualitatis,
1369 1005 1457 1041 ergo
1481 994 1639 1036 habitus,
1657 992 1717 1028 vel

123 1049 314 1097 dispositio
336 1061 412 1084 non
434 1049 668 1096 distinguitur
690 1050 732 1084 ab
753 1049 833 1084 aliis
855 1049 1046 1096 speciebus
1069 1049 1264 1096 qualitatis.

198 1116 228 1151 3.
250 1104 491 1140 PRAETEREA.
506 1103 667 1139 Difficile
685 1104 822 1139 mobile
837 1115 913 1138 non
932 1112 986 1138 est
1001 1103 1205 1138 differentia
1227 1103 1412 1150 pertinens
1429 1102 1473 1137 ad
1496 1113 1611 1149 genus
1634 1113 1718 1149 qua-

123 1157 253 1201 litatis;
275 1158 338 1193 sed
366 1158 484 1204 magis
506 1158 661 1205 pertinet
683 1158 727 1192 ad
759 1166 914 1201 motum,
941 1157 1001 1192 vel
1023 1158 1251 1205 passionem:
1284 1157 1428 1192 nullum
1451 1165 1574 1191 autem
1601 1168 1716 1203 genus

124 1213 387 1248 determinatur
413 1213 458 1247 ad
480 1212 642 1260 speciem
665 1224 728 1259 per
759 1211 1003 1247 differentiam
1027 1212 1174 1246 alterius
1201 1212 1364 1257 generis:
1388 1212 1451 1246 sed
1474 1216 1602 1258 oportet
1627 1210 1720 1257 diffe-

124 1268 250 1303 rentias
270 1273 336 1315 per
355 1278 385 1302 se
407 1266 564 1302 advenire
584 1267 707 1313 generi,
736 1274 774 1301 ut
796 1265 935 1301 Philos.
959 1266 1046 1300 dicit
1067 1266 1103 1300 in
1126 1277 1158 1312 7.
1181 1265 1343 1312 Metaph.
1368 1266 1450 1310 (tex.
1478 1277 1533 1310 42.
1563 1271 1593 1300 et
1613 1265 1717 1311 πᾳ),-

124 1332 225 1368 ergo,
248 1332 333 1355 cum
359 1320 503 1355 habitus
522 1320 664 1354 dicatur
685 1331 764 1354 esse
786 1320 930 1366 qualitas
951 1320 1081 1366 difficile
1103 1320 1245 1362 mobilis,
1273 1320 1416 1354 videtur
1447 1319 1546 1366 quod
1568 1331 1643 1354 non
1671 1319 1715 1354 sit

123 1375 365 1410 determinata
386 1374 526 1421 species
549 1373 743 1421 qualitatis.

197 1428 272 1464 SED
300 1439 458 1464 CONTRA
481 1436 545 1471 est,
574 1428 672 1475 quod
706 1428 846 1463 Philos.
870 1428 957 1463 dicit
987 1428 1023 1462 in
1052 1428 1366 1463 Praedicamentis
1388 1428 1482 1475 (cap.
1511 1427 1549 1462 de
1579 1427 1716 1473 Qual.),

127 1483 225 1531 quod
247 1494 319 1518 una
341 1482 481 1530 species
501 1482 683 1530 qualitatis
708 1491 761 1517 est
778 1483 936 1526 habitus,
959 1491 994 1517 et
1015 1482 1219 1529 dispositio.

195 1537 429 1573 RESPONDEO
445 1537 656 1579 dicendum,
670 1537 768 1584 quod
783 1537 922 1572 Philos.
938 1537 974 1571 in
990 1536 1304 1571 Praedicamentis
1322 1536 1412 1584 (cap.
1426 1535 1462 1571 ds:
1481 1536 1602 1581 Qual.)
1614 1535 1718 1582 ponit

123 1591 216 1626 inter
243 1596 390 1638 quatuor
415 1591 555 1638 species
583 1590 766 1638 qualitatis
795 1593 950 1638 primam
989 1591 1249 1638 dispositionem,
1283 1596 1313 1626 ct
1347 1591 1510 1626 habitam.
1549 1590 1719 1631 Quarum

124 1646 273 1693 quidem
296 1646 502 1692 specierum
517 1644 740 1680 differentias
762 1645 812 1680 sic
837 1646 998 1692 assignat
1021 1645 1232 1692 Simplicius
1256 1645 1293 1679 in
1314 1644 1528 1680 Comment.
1552 1644 1717 1678 Praedic.

127 1699 239 1746 (ibid.)
260 1700 398 1743 dicens,
424 1699 523 1746 quod
545 1699 763 1746 qualitatum
785 1700 948 1747 quaedam
976 1708 1059 1734 sunt
1088 1699 1284 1742 naturales,
1313 1711 1405 1746 quae
1429 1699 1633 1734 secundum
1659 1710 1720 1733 na-

124 1762 246 1789 turam
264 1754 399 1796 insunt,
422 1762 457 1788 et
478 1765 623 1800 semper
638 1766 645 1788 2
662 1754 824 1800 quaedam
847 1763 971 1789 autem
990 1763 1074 1788 sunt
1090 1754 1321 1796 adventitiae,
1337 1765 1429 1800 quae
1453 1754 1495 1787 ab
1512 1753 1717 1787 extrinseco

124 1808 342 1852 efficiuntur,
370 1818 404 1844 et
426 1816 579 1855 possunt
614 1809 747 1843 amitti:
772 1817 807 1843 et
836 1809 906 1843 hae
941 1809 1101 1855 quidem,
1137 1820 1229 1855 quae
1261 1817 1344 1843 sunt
1375 1808 1607 1850 adventitiae,
1636 1816 1720 1842 sunt

123 1863 280 1906 habitus,
315 1871 350 1898 et
386 1863 657 1909 dispositiones,
680 1863 884 1898 secundum
910 1864 1028 1910 facile,
1059 1868 1087 1898 et
1113 1863 1243 1910 dzffic‘iIa
1273 1862 1453 1898 amissibile
1491 1861 1718 1897 differentes:

124 1917 348 1953 naturalium
383 1925 506 1952 autem
533 1916 752 1964 qualitatum
779 1917 941 1964 quaedam
969 1925 1053 1952 sunt
1080 1917 1283 1952 secundum
1311 1916 1346 1950 id
1369 1917 1467 1963 quod
1495 1916 1631 1962 aliquid
1666 1924 1720 1950 est

126 1972 163 2007 in
185 1972 368 2019 potentia:
392 1979 428 2006 et
460 1971 511 2007 sic
535 1979 589 2006 est
608 1971 750 2007 secunda
781 1972 922 2018 species
953 1971 1156 2018 qualitatis:
1195 1970 1358 2017 quaedam
1392 1982 1492 2014 vero,
1515 1970 1720 2005 secundum

123 2025 223 2074 quod
245 2025 381 2073 aliquid
409 2034 463 2060 est
483 2025 521 2060 in
555 2033 657 2061 actu:
681 2034 717 2060 et
742 2025 814 2060 hoc
837 2025 896 2060 vel
930 2025 966 2059 in
990 2024 1225 2072 profundum,
1251 2024 1310 2060 vel
1337 2025 1540 2059 secundum
1571 2024 1719 2071 superfi-

124 2081 237 2116 ciem:
263 2081 353 2116 siin
385 2080 608 2128 profundum
630 2080 792 2128 quidem,
814 2080 865 2115 sic
898 2089 952 2115 est
978 2082 1077 2115 tertia
1108 2081 1249 2127 species
1283 2079 1486 2127 qualitatis:
1515 2079 1718 2114 secundum

123 2146 212 2170 vero
246 2134 479 2182 superficiem
502 2143 556 2170 est
585 2140 710 2182 quarta
740 2135 880 2182 species
915 2134 1122 2181 qualitatis,
1154 2135 1249 2169 sicut
1266 2135 1396 2181 figura,
1428 2135 1601 2181 atsorma,
1626 2146 1718 2181 quae

124 2197 179 2225 est
198 2189 316 2236 figura
337 2189 504 2224 animati:
543 2189 606 2224 sed
628 2189 696 2224 ista
727 2189 911 2224 distinctio
943 2189 1151 2236 specierum
1173 2188 1356 2236 qualitatis
1379 2189 1644 2223 inconveniens
1666 2188 1719 2222 vi-

125 2243 246 2280 detur:
270 2251 354 2278 sunt
375 2243 475 2279 enim
502 2242 639 2278 multae
675 2243 825 2289 figurae,
857 2251 893 2278 et
914 2243 1106 2290 qualitates
1127 2242 1316 2290 passibiles
1338 2255 1414 2278 non
1435 2242 1631 2285 naturales,
1655 2243 1717 2277 sed

127 2297 363 2340 adventitiae3
385 2306 421 2332 et
442 2297 580 2332 multae
603 2297 861 2344 dispositiones
883 2308 959 2332 non
975 2297 1206 2340 adventitiae,
1234 2297 1296 2332 sed
1319 2297 1520 2340 naturales;
1548 2298 1641 2332 sicut
1667 2309 1719 2332 sa-

124 2351 231 2394 nitas,
245 2359 281 2386 et
298 2351 545 2399 pulchritudo,
562 2360 598 2386 et
618 2351 851 2397 hujusmodi:
875 2360 909 2386 ct
931 2359 1079 2398 propter
1100 2352 1173 2386 hoc
1192 2363 1267 2386 non
1289 2352 1462 2386 convenit
1485 2352 1623 2386 ordinis
1642 2363 1719 2399 spe-

126 2405 282 2441 cierum:
306 2417 452 2452 semper
473 2405 572 2440 enim
595 2405 692 2452 quod
715 2405 890 2440 naturalis
913 2414 978 2448 est,
1001 2407 1098 2453 prius
1119 2415 1182 2442 est.
1207 2407 1251 2441 Et
1272 2407 1355 2441 ideo
1376 2406 1480 2442 aliter
1502 2407 1716 2454 accipienda

127 2467 180 2494 est
201 2459 385 2494 distinctio
408 2459 704 2506 dispositionum,
723 2467 758 2494 et
779 2459 971 2495 habituum
1001 2461 1044 2495 ab
1068 2460 1146 2495 aliis
1170 2461 1421 2507 qualitatibus:
1450 2461 1595 2508 proprie
1619 2461 1717 2495 enim

125 2513 281 2561 qualitas
302 2514 477 2561 importat
506 2514 706 2561 quemdam
729 2514 883 2549 modum
905 2515 1139 2557 substantiae,
1172 2515 1304 2550 modus
1333 2524 1456 2550 autem
1480 2523 1543 2557 est,
1567 2524 1605 2550 ut
1631 2515 1719 2550 dicit

126 2567 282 2615 August.
303 2578 337 2612 4.
353 2580 432 2615 sup.
448 2567 541 2604 Gen.
565 2568 609 2602 ad
632 2567 778 2604 literam
799 2568 928 2616 (cap.3.
949 2570 983 2603 in
1005 2569 1118 2612 mad),
1136 2582 1229 2616 quem
1246 2582 1401 2605 mansura
1418 2570 1597 2616 praefigit:
1621 2569 1716 2604 unde

126 2621 300 2669 importat
318 2622 518 2669 quamdam
541 2622 890 2658 determinationem
913 2623 1116 2658 secundum
1141 2623 1302 2670 aliquam
1325 2635 1553 2658 mensuram:
1578 2631 1613 2658 et
1633 2623 1717 2658 ideo

126 2675 221 2711 sicut
240 2676 289 2718 id,
311 2676 515 2712 secundum
535 2676 633 2723 quod
648 2676 912 2712 determinatur
931 2677 1094 2724 potentia
1119 2678 1294 2712 materiae
1317 2678 1522 2712 secundum
1538 2688 1617 2712 esse
1639 2678 1719 2712 sub-

126 2729 306 2773 stantiale,
328 2730 459 2764 dicitur
480 2729 646 2777 qualitas,
681 2742 773 2777 quae
797 2739 850 2766 est
871 2731 1074 2766 differentia
1097 2732 1339 2766 substantiae:
1367 2732 1416 2766 ita
1439 2731 1486 2773 id,
1514 2731 1718 2766 secundum

127 2783 227 2831 quod
247 2783 511 2820 determinatur
533 2784 695 2831 potentia
718 2785 870 2831 subjecti
890 2786 1093 2820 secundum
1117 2797 1195 2820 esse
1219 2785 1458 2827 accidentale,
1481 2785 1612 2819 dicitur
1635 2797 1720 2832 qua-

125 2836 208 2873 litas
234 2837 482 2881 accidentalis‚
510 2850 603 2885 quae
626 2847 680 2874 est
707 2839 819 2873 etiam
844 2840 1026 2886 quaedam
1054 2839 1270 2881 differentia,
1298 2848 1336 2874 ut
1363 2848 1460 2885 patet
1487 2852 1550 2886 per
1578 2839 1715 2875 Philos.

127 2891 165 2927 in
190 2902 218 2938 5.
240 2891 404 2940 Metaph.
427 2893 507 2938 (tex.
529 2893 612 2939 19.).
642 2892 775 2928 Modus
804 2901 938 2936 autem,
961 2894 1036 2928 sive
1059 2894 1316 2929 determinatio
1339 2894 1492 2940 subjecti
1514 2894 1717 2930 secundum
