1907 3198
521 206 741 243 QUAESTIO
773 206 877 236 LXII.
911 205 1161 236 ARTICULUS
1195 204 1223 234 1.
1577 204 1662 248 429

86 298 126 327 ut
145 291 284 326 dictum
305 297 360 324 est
379 290 432 335 (in
451 295 540 336 corp.
564 293 628 323 art.
628 289 662 334 ):
683 297 719 324 et
735 288 785 324 sic
802 288 891 323 istae
904 288 1054 322 virtutes
1069 286 1293 322 conveniunt
1305 285 1450 321 homini
1463 285 1666 320 secundum

86 353 254 381 naturam
276 344 539 392 participatam.

158 399 220 434 AD
241 408 450 434 SECUNDUM
473 397 680 439 dicendum,
703 397 800 444 quod
822 397 911 431 istae
933 396 1083 430 virtutes
1105 406 1179 429 non
1203 394 1370 429 dicuntur
1397 393 1553 435 divinae,
1575 393 1669 427 sicut

87 453 216 501 quibus
236 453 338 487 Deus
360 452 405 486 sit
426 451 619 493 virtuosus,
643 451 705 485 sed
728 451 821 485 sicut
850 450 978 497 quibus
1000 460 1068 484 nos
1090 448 1269 483 efficimur
1301 447 1455 482 virtuosi
1476 459 1496 481 a
1516 447 1612 489 Deo,
1635 455 1668 481 et

86 507 124 542 in
146 506 273 542 ordine
295 506 339 540 ad
360 505 496 546 Deum,
519 505 616 539 unde
637 516 712 538 non
735 513 818 539 sunt
838 504 1050 552 exemplares,
1077 503 1139 538 sed
1161 502 1373 549 exemplatae.

159 561 221 596 AD
248 569 421 595 TERTtUM
448 558 657 601 dicendum,
680 559 777 605 quod
801 559 843 593 ad
866 558 988 592 Deum
1009 556 1222 591 naturaliter
1244 556 1348 598 ratio,
1371 563 1407 590 et
1426 554 1597 590 voluntas
1616 566 1672 589 or-

87 614 242 658 dinatur,
262 621 370 662 prout
390 621 444 648 est
456 621 606 647 naturae
622 612 854 659 principium,
869 620 904 646 et
918 611 998 646 finis
1011 624 1018 654 ;
1034 610 1238 646 secundum
1252 619 1376 645 tamen
1391 609 1670 656 proportionem

87 677 256 704 naturae:
279 667 341 703 sed
364 667 408 702 ad
430 667 562 714 ipsum,
584 666 786 701 secundum
808 666 906 713 quod
929 674 983 700 est
1004 665 1189 711 objectum
1210 664 1444 699 beatitudinis
1463 672 1673 710 supernatu-

89 722 186 766 ralis,
207 721 312 765 ratio,
333 729 369 756 et
388 721 559 756 voluntas
581 720 783 755 secundum
804 731 907 755 suam
927 714 1096 754 naturam
1114 730 1190 754 non
1209 719 1422 753 ordinantur
1440 717 1673 757 sufficienter

663 850 1011 895 ARTICULUS
1048 849 1104 893 Π.
1605 859 1671 906 328

318 961 472 992 UTRUM
497 960 716 991 VIRTUTES
740 959 1063 989 THEOLOGICAE
1086 958 1451 989 DISTINGUANTUR

433 1028 486 1057 AB
513 1026 969 1066 INTELLECTUALIBUS,
995 1026 1051 1055 ET
1078 1025 1343 1055 MORALIBUS.

92 1117 214 1165 (Supr.
237 1128 267 1164 q.
282 1117 335 1164 58.
357 1121 423 1152 art.
441 1127 472 1152 2.
495 1121 525 1152 et
541 1128 570 1163 3.
593 1117 683 1151 Dist.
706 1127 753 1163 23.
776 1127 806 1162 q.
829 1128 856 1151 1.
879 1115 922 1150 ad
941 1127 974 1160 4.
997 1128 1028 1162 q.
1047 1127 1075 1162 3.
1096 1115 1139 1150 ad
1149 1126 1182 1160 4.
1198 1120 1228 1151 et
1248 1116 1336 1150 Veri.
1353 1127 1383 1162 q.
1399 1126 1450 1159 14.
1465 1120 1530 1150 art.
1546 1127 1574 1162 3.
1590 1114 1676 1162 ad9.

596 1176 626 1206 et
654 1170 742 1205 Veri.
768 1182 799 1217 q.
826 1182 855 1205 1.
882 1175 947 1205 art.
974 1182 1024 1205 12.
1052 1169 1173 1217 corp).

167 1261 228 1296 AD
254 1270 463 1296 SECUNDUM
490 1260 541 1294 sic
564 1259 782 1307 proceditur.
805 1259 970 1302 Videtur,
992 1259 1090 1306 quod
1111 1259 1261 1294 virtutes
1283 1258 1517 1305 theologicae
1536 1270 1611 1293 non
1631 1258 1679 1293 di-

95 1314 325 1362 stinguantur
345 1325 366 1348 a
387 1313 599 1356 moralibus,
622 1322 658 1349 et
677 1313 999 1348 intellectualibus:
1016 1313 1166 1348 virtutes
1181 1313 1280 1348 enim
1294 1313 1530 1360 theologicae
1546 1313 1574 1348 si
1594 1321 1676 1347 sunt

94 1369 132 1403 in
153 1368 276 1403 anima
296 1368 471 1410 humana,
493 1375 638 1414 oportet
659 1368 757 1414 quod
776 1367 965 1414 perficiant
983 1367 1102 1414 ipsam
1120 1366 1179 1401 vel
1198 1367 1400 1401 secundum
1420 1375 1560 1413 partem
1580 1366 1680 1400 intel-

95 1421 279 1465 lectivam,
299 1421 359 1456 vel
380 1421 582 1457 secundum
610 1430 750 1468 partem
777 1421 1030 1468 appetitivam:
1067 1421 1130 1456 sed
1163 1421 1326 1463 virtutes,
1361 1432 1452 1467 quae
1487 1420 1679 1467 perficiunt

95 1484 234 1523 partem
258 1475 530 1518 intellectivam,
553 1475 722 1510 dicuntur
743 1476 986 1510 intellectuales:
1008 1475 1158 1509 virtutes
1192 1483 1327 1517 autern,
1361 1486 1454 1521 quae
1488 1474 1679 1520 perficiunt

95 1538 235 1578 partem
258 1529 506 1577 appetitivam,
521 1537 604 1564 sunt
618 1529 759 1564 morales
767 1542 780 1571 ‚·
797 1541 885 1576 ergo
900 1530 1050 1564 virtutes
1065 1528 1302 1575 theologicae
1316 1540 1391 1563 non
1407 1529 1678 1575 distinguuntur

96 1595 117 1619 a
136 1584 327 1619 virtutibus
347 1584 561 1626 moralibus,
583 1591 619 1619 et
639 1583 956 1618 intellectualibus.

167 1648 199 1673 2.
221 1638 460 1674 PRAETEREA.
478 1637 640 1673 Virtutes
654 1638 889 1685 theologicae
904 1639 1084 1680 dicuntur,
1100 1649 1193 1684 quae
1208 1637 1379 1672 ordinant
1391 1648 1459 1672 nos
1475 1637 1518 1671 ad
1537 1637 1678 1672 Deum:

96 1693 159 1729 sed
180 1693 274 1728 inter
293 1692 558 1728 intellectuales
579 1693 730 1728 virtutes
752 1701 805 1728 est
827 1692 959 1739 aliqua,
981 1704 1072 1740 quae
1088 1693 1231 1726 ordinat
1244 1703 1312 1726 nos
1330 1692 1373 1726 ad
1388 1692 1522 1734 Deum,
1542 1691 1682 1726 scilicet

96 1747 284 1795 sapientia,
306 1758 398 1794 quae
421 1755 475 1783 est
495 1747 540 1782 de
562 1747 704 1790 divinis,
726 1755 852 1794 utpote
875 1758 1024 1782 causam
1060 1746 1277 1781 altissimam
1312 1746 1569 1789 considerans3
1591 1757 1680 1792 ergo

93 1802 244 1837 virtutes
264 1800 500 1848 theologicae
522 1801 565 1836 ab
588 1800 894 1836 intellectualibus
916 1801 1108 1836 virtutibus
1130 1812 1204 1834 non
1229 1800 1512 1845 distinguuntur.

171 1867 202 1902 3.
224 1855 462 1891 PRAETEREA.
485 1855 712 1901 Augustinus
735 1855 770 1889 in
790 1853 882 1889 libro
898 1855 942 1889 de
957 1855 1121 1889 Moribus
1136 1853 1323 1889 Ecclesiae
1338 1855 1426 1901 (cap.
1441 1866 1486 1901 15.
1502 1855 1537 1888 in
1550 1855 1680 1901 princ.)

97 1908 307 1945 manifestat
327 1909 364 1944 in
385 1917 543 1956 quatuor
562 1909 754 1944 virtutibus
784 1908 1040 1951 cardinalibus,
1075 1909 1172 1955 quod
1207 1916 1290 1943 sunt
1323 1908 1403 1943 ordo
1438 1910 1584 1943 amoris:
1619 1908 1683 1943 sed

98 1975 204 1999 amor
224 1971 279 1999 est
299 1963 468 2006 charitas,
491 1974 583 2010 quae
606 1963 752 2010 ponitur
775 1963 887 1998 virtus
909 1963 1139 2009 theologica3
1164 1973 1252 2009 ergo
1267 1962 1416 1997 virtutes
1434 1962 1593 1998 morales
1607 1973 1682 1997 non

99 2018 369 2066 distinguuntur
391 2029 411 2052 a
431 2017 664 2064 theologicis.

172 2072 248 2108 SED
270 2082 439 2108 CONTRA.
461 2071 513 2114 Id,
535 2071 633 2118 quod
656 2079 710 2106 est
730 2082 838 2118 supra
871 2078 1039 2106 naturam
1073 2071 1248 2113 hominis,
1282 2070 1515 2117 distinguitur
1549 2071 1591 2105 ab
1626 2082 1682 2113 eo,

98 2126 197 2174 quod
220 2133 275 2162 est
294 2125 498 2161 secundum
519 2133 687 2160 naturam
709 2125 888 2160 hominis:
911 2125 973 2160 sed
1008 2127 1158 2160 virtutes
1191 2125 1425 2172 theologicae
1460 2133 1543 2160 sunt
1576 2136 1685 2171 super

99 2188 269 2215 naturam
288 2179 464 2223 hominis,
486 2180 545 2214 cui
565 2179 769 2215 secundum
790 2188 958 2214 naturam
980 2179 1204 2214 conveniunt
1224 2179 1375 2214 virtutes
1406 2179 1683 2221 intellectuales,

100 2242 138 2270 et
156 2233 329 2277 morales,
350 2241 390 2269 ut
409 2245 454 2270 ex
474 2234 690 2281 supradictis
704 2241 811 2281 ,patet
833 2233 878 2281 (q.
897 2235 949 2281 58.
971 2238 1036 2269 art.
1055 2245 1088 2279 4.
1108 2238 1138 2269 ut
1151 2234 1222 2280 5.);
1244 2245 1332 2280 ergo
1351 2233 1622 2280 distinguuntur
1640 2233 1682 2267 ab

100 2299 272 2324 tnwcem.

173 2343 406 2379 RESPONDEO
429 2342 637 2386 dicendum,
659 2342 769 2389 quod,
792 2342 884 2376 sicut
901 2353 1007 2389 supra
1027 2342 1164 2377 dictum
1184 2349 1238 2377 est
1252 2342 1299 2388 (q.
1312 2353 1366 2388 54.
1380 2347 1446 2377 art.
1462 2343 1524 2388 2.),
1539 2341 1684 2376 habitus

102 2397 224 2444 specie
244 2397 514 2444 distinguuntur
531 2396 735 2432 secundum
753 2395 950 2430 formalem
968 2395 1211 2431 differentiam
1231 2396 1478 2441 objectorum:
1500 2396 1684 2442 objectum

103 2458 226 2486 autem
245 2450 543 2498 theologicarum
563 2451 739 2485 virtutum
761 2457 814 2485 est
841 2450 916 2497 ipse
945 2450 1059 2493 Deus,
1089 2451 1149 2497 qui
1179 2459 1233 2485 est
1263 2450 1412 2485 ultimus
1440 2461 1563 2485 rerum
1592 2446 1697 2491 finis‚'

102 2512 212 2553 prout
231 2512 379 2540 nostrae
400 2505 551 2540 rationis
573 2505 824 2551 cognitionem
848 2505 1009 2540 excedit:
1034 2505 1220 2550 obJectum
1245 2513 1366 2539 autem
1388 2504 1563 2539 virtutum
1586 2503 1687 2538 intel-

102 2558 328 2602 lectualium,
349 2567 385 2594 et
404 2559 603 2594 moralium
625 2566 679 2593 est
700 2557 848 2605 aliquid,
871 2559 968 2605 quod
990 2558 1154 2593 humana
1176 2559 1317 2593 ratione
1341 2558 1606 2605 comprehendi
1625 2568 1687 2604 po-

102 2620 192 2656 test;
218 2613 315 2648 unde
339 2613 490 2648 virtutes
515 2612 750 2659 theologicae
785 2613 905 2659 specie
940 2613 1210 2660 distinguuntur
1238 2624 1257 2647 a
1285 2612 1497 2654 moralibus,
1525 2620 1560 2647 et
1586 2611 1688 2646 intel-

103 2666 330 2703 lectualibus.

175 2721 237 2757 AD
258 2731 409 2757 PRIMUM
431 2732 520 2769 ergo
543 2720 750 2763 dicendum,
773 2720 870 2768 quod
892 2721 1042 2756 virtutes
1066 2720 1342 2762 intellectuales,
1365 2729 1400 2755 et
1421 2719 1579 2755 morales
1607 2731 1684 2767 per-

104 2775 232 2811 ficiunt
252 2774 491 2818 intellectum,
518 2783 554 2810 et
580 2775 780 2822 appetitum
810 2775 971 2810 hominis
1001 2776 1202 2810 secundum
1233 2775 1509 2823 proportionem
1532 2783 1682 2809 naturae

105 2829 310 2873 humanae;
332 2829 395 2864 sed
416 2829 653 2876 theologicae
675 2829 1006 2876 supernaturaliter.

179 2884 240 2920 Ao
262 2894 471 2920 SECUNDUM
493 2884 701 2926 dicendum,
723 2883 821 2930 quod
844 2884 1031 2931 sapientia,
1046 2895 1141 2931 quae
1154 2895 1174 2918 a
1190 2883 1420 2930 Philosopho
1435 2883 1512 2928 (lib.
1529 2883 1561 2918 6.
1578 2882 1686 2918 Ethic.

109 2944 183 2986 cap.
202 2950 231 2986 3.
249 2942 279 2974 et
299 2938 347 2985 7.)
377 2938 524 2986 ponitur
552 2937 781 2974 intellectualis
808 2939 930 2980 virtus,
962 2938 1170 2973 considerat
1203 2937 1336 2980 divina,
1358 2937 1557 2973 secundum
1589 2937 1686 2984 quod
