1907 3198
521 187 747 223 QUAESTIO
781 187 898 217 XLVI.
935 185 1185 217 ARTICULUS
1218 185 1277 215 VI.
1609 186 1691 229 329

105 271 216 306 iratus
238 279 361 306 autem
383 270 519 318 appetit
541 270 681 306 malum
700 271 789 317 ejus,
812 277 938 305 contra
962 281 1072 316 quern
1094 268 1274 311 irascitur,
1296 279 1371 303 non
1393 268 1611 315 inquantum
1642 276 1695 303 est

105 325 256 368 malum,
278 325 342 360 sed
364 325 581 372 inquantum
599 325 710 360 habet
723 325 923 372 quamdam
937 324 1119 358 rationem
1134 323 1233 365 boni,
1249 323 1390 357 scilicet
1404 330 1512 369 prout
1526 322 1695 357 aestimat

103 379 192 415 illud
214 391 292 414 esse
313 380 462 426 justum,
484 379 702 426 inquantum
725 387 779 414 est
806 378 1089 421 vindicativum3
1124 378 1220 412 unde
1255 385 1290 412 et
1324 389 1431 424 supra
1466 377 1603 411 dictum
1641 385 1694 411 est

104 434 185 480 (art.-
207 438 239 469 2.
261 434 330 481 huj.
353 434 416 480 q.),
440 434 538 480 quod
561 434 688 468 odium
710 442 764 468 est
781 445 845 480 per
859 432 1144 480 applicationem
1160 431 1248 466 mali
1264 432 1307 466 ad
1324 431 1484 474 malum3
1499 431 1551 466 ira
1571 440 1693 465 autem

102 499 166 536 per
187 487 472 535 applicationem
493 488 581 522 boni
604 488 647 522 ad
670 488 821 522 malum.
844 486 1080 522 Manifestum
1100 495 1154 521 est
1168 495 1303 529 autern,
1318 486 1416 533 quod
1432 494 1602 533 appetere
1621 497 1696 519 rna-

101 541 179 577 lum
200 542 266 577 sub
287 542 428 577 ratione
450 543 545 588 justi,
568 542 688 577 minus
710 543 821 576 habet
843 542 886 576 de
908 541 1050 576 ratione
1074 540 1173 583 mali,
1196 552 1307 587 quam
1329 540 1424 575 velle
1455 540 1597 574 malum
1631 539 1692 573 ali-

102 597 204 643 cujus
225 596 456 643 simpliciter:
478 596 573 631 velle
597 597 694 631 enim
718 596 858 631 malum
882 596 1034 642 alicujus
1057 596 1122 630 sub
1157 595 1299 629 ratione
1334 595 1429 641 justi,
1460 602 1580 641 potest
1615 605 1693 628 esse

101 651 211 686 etiam
234 651 436 686 secundum
456 651 629 686 virtutem
651 651 820 698 justitiae,
843 651 870 685 si
895 658 1093 698 praecepto
1115 650 1267 684 rationis
1302 649 1594 696 obtemperetur:
1631 648 1693 682 sed

101 704 153 740 ira
175 705 212 739 in
237 705 310 740 hoc
333 704 455 740 solum
477 705 610 748 deficit,
632 705 730 752 quod
752 717 828 739 non
851 705 974 740 obedit
994 704 1146 739 rationis
1180 712 1378 751 praecepto
1400 704 1437 737 in
1459 702 1692 745 ulciscend03

100 759 197 794 unde
218 758 456 795 manifestum
479 768 543 802 est,
566 760 664 806 quod
687 760 799 794 odium
821 765 865 794 est
888 760 989 794 mullo
1012 759 1163 801 deterius,
1188 763 1217 794 et
1235 760 1387 805 gravius,
1410 770 1509 804 quam
1530 759 1594 792 ira.

171 813 233 849 AD
251 824 402 849 PR1MUM
425 825 513 861 ergo
533 814 741 857 dicendum,
761 814 859 861 quod
878 814 914 848 in
937 814 1001 856 ira,
1024 821 1060 848 et
1083 813 1168 847 odio
1187 813 1251 847 duo
1273 820 1426 860 possunt
1445 811 1691 846 considerari:

100 867 240 903 scilicet
259 869 383 916 ipsum,
411 868 509 916 quod
531 868 768 911 desideratur,
792 877 828 903 et
854 869 991 903 intensio
1019 867 1205 902 desiderii:
1238 877 1416 914 quantum
1446 867 1557 913 igitur
1583 866 1627 900 ad
1654 866 1690 900 id

100 922 198 970 quod
220 922 456 966 desideratur,
479 923 531 958 ira
548 923 659 958 habet
684 923 803 969 magis
831 922 1140 964 misericordiam,
1164 933 1275 969 quarn
1303 922 1450 964 odium;
1481 921 1565 968 quia
1593 921 1691 956 enirn

100 977 227 1013 odium
249 977 386 1025 appetit
407 977 549 1012 malum
569 977 715 1012 alterius
735 977 938 1012 secundum
958 988 1008 1020 se,
1027 976 1127 1011 nulla
1150 988 1322 1011 mensura
1345 976 1433 1010 mali
1455 976 1616 1010 satiatur.
1640 975 1691 1009 Ea

99 1032 208 1076 enim,
231 1043 324 1080 quae
343 1032 546 1067 secundum
565 1044 602 1067 se
618 1040 847 1080 appetuntur,
863 1032 941 1067 sine
959 1043 1132 1066 mensura
1149 1039 1377 1079 appetuntur,
1393 1039 1432 1065 ut
1445 1029 1584 1065 Philos.
1602 1030 1693 1065 dicit

102 1097 132 1122 1.
152 1085 261 1122 Polit.
292 1088 379 1135 (cap.
403 1087 436 1123 6.
458 1099 478 1122 a
504 1087 618 1134 med),
647 1087 741 1122 sicut
763 1098 893 1121 avarus
913 1086 1074 1121 divitias:
1099 1086 1195 1120 unde
1224 1086 1356 1120 dicitur
1378 1085 1489 1120 Eccli.
1523 1095 1593 1120 12.:
1616 1085 1684 1120 Im·-

97 1143 203 1177 micus
227 1143 256 1177 si
274 1143 441 1177 invenerit
467 1147 603 1189 tempus,
630 1153 697 1176 non
717 1143 898 1177 satiabitur
918 1142 1098 1187 sangnine:
1122 1140 1184 1175 sed
1203 1140 1255 1174 ira
1278 1151 1353 1174 non
1377 1140 1512 1187 appetit
1533 1139 1688 1182 malurn,

97 1195 168 1230 nisi
189 1195 254 1230 sub
275 1195 418 1231 ratione
439 1196 525 1243 justi
550 1195 781 1238 vindicativi;
804 1196 899 1230 unde
923 1195 1070 1242 quando
1092 1194 1235 1229 malum
1256 1194 1400 1229 illatum
1427 1194 1569 1229 excedit
1590 1206 1691 1229 men-

97 1261 219 1284 suram
253 1250 410 1297 justitiae
432 1250 634 1285 secundum
665 1250 962 1284 aestimationem
984 1249 1185 1292 irascentis,
1220 1257 1306 1283 tunc
1342 1249 1553 1283 miseretur:
1590 1248 1685 1283 unde

97 1303 236 1339 Philos.
259 1304 346 1339 dicit
371 1304 408 1338 in
431 1314 462 1339 2.
486 1304 636 1339 Rhetor.
660 1305 749 1351 (cap.
772 1316 804 1349 4.
829 1305 908 1339 circ.
927 1305 1018 1350 fin),
1042 1303 1140 1351 quod
1162 1304 1286 1346 iratus,
1315 1303 1343 1338 si
1365 1303 1453 1338 fiant
1474 1303 1601 1346 multa,
1625 1303 1690 1337 mi-

95 1358 288 1402 serebitur;
311 1358 438 1393 odiens
460 1366 584 1393 autem
614 1370 680 1405 pro
702 1357 824 1392 nullo:
853 1366 1031 1405 quantum
1052 1369 1140 1392 vero
1165 1357 1208 1392 ad
1231 1358 1479 1392 intensionem
1503 1358 1685 1400 desiderii,

97 1412 150 1447 ira
171 1413 290 1460 magis
311 1412 471 1447 excludit
500 1412 805 1455 misericordiam,
828 1424 939 1459 quam
968 1412 1117 1447 odium:
1142 1412 1226 1459 quia
1254 1420 1377 1447 motus
1400 1412 1474 1446 irae
1504 1420 1558 1446 est
1578 1412 1689 1459 impe-

95 1468 238 1502 tuosior
257 1475 406 1514 propter
427 1466 600 1502 cholerae
622 1466 976 1509 inflammationem3
1000 1466 1095 1501 unde
1122 1466 1230 1501 Prov.
1257 1476 1312 1512 27.
1336 1467 1467 1501 dicitur
1490 1465 1551 1512 [al.
1573 1468 1685 1502 statim

96 1521 282 1567 subditur]:
305 1521 469 1568 Impetum
491 1522 650 1556 concitati
669 1522 806 1569 spiritus
819 1521 915 1568 ferre
936 1522 1009 1567 quis
1023 1522 1174 1568 poterit?

169 1576 230 1611 AD
252 1585 462 1611 SECUNDUM
485 1575 694 1618 dicendum,
713 1575 824 1622 quod,
843 1575 936 1610 sicut
957 1575 1096 1610 dictum
1119 1583 1173 1610 est
1196 1575 1245 1620 (in
1269 1581 1360 1622 corp.
1381 1576 1476 1620 art),
1500 1575 1612 1610 iratus
1630 1587 1688 1622 ap-

96 1630 187 1678 petit
212 1629 353 1664 malum
382 1629 545 1676 alicujus,
572 1630 790 1676 inquantum
815 1630 927 1664 habet
951 1629 1132 1664 rationem
1154 1629 1239 1676 justi
1267 1629 1498 1664 vindicativi:
1526 1630 1687 1664 vindicta

98 1692 221 1719 autem
241 1683 280 1719 fit
305 1695 369 1731 per
389 1683 594 1719 illationem
615 1695 777 1731 poenae:
802 1691 855 1718 est
877 1692 1001 1718 autem
1024 1684 1068 1719 de
1083 1684 1224 1719 ratione
1247 1695 1401 1731 poenae,
1422 1684 1520 1730 quod
1540 1684 1585 1718 sit
1601 1695 1684 1718 con-

95 1738 206 1774 traria
226 1737 418 1781 voluntati,
441 1746 476 1773 et
501 1738 600 1785 quod
622 1738 666 1773 sit
689 1738 870 1780 afflictiva,
894 1746 928 1773 et
948 1738 1046 1785 quod
1073 1749 1139 1785 pro
1163 1737 1284 1785 aliqua
1307 1737 1413 1785 culpa
1435 1737 1627 1773 inferatur:
1652 1746 1687 1785 et

95 1792 180 1828 ideo
201 1793 314 1828 iratus
335 1793 408 1827 hoc
436 1793 582 1840 appetit,
605 1801 644 1827 ut
664 1792 737 1835 ille,
760 1792 818 1826 cui
840 1800 1109 1827 nocumentum
1131 1791 1250 1834 infert,
1273 1792 1462 1839 percipiat,
1495 1800 1530 1826 et
1551 1791 1686 1835 doleat,

96 1855 132 1883 et
153 1847 251 1895 quod
274 1855 488 1895 cognoscat,
509 1855 658 1894 propter
684 1847 854 1893 injuriam
878 1846 1018 1881 illatam
1045 1847 1113 1880 sibi
1133 1847 1206 1881 hoc
1230 1846 1443 1893 provenire3
1467 1846 1530 1881 sed
1559 1847 1687 1881 odiens

97 1902 140 1938 de
161 1902 234 1937 hoc
253 1901 345 1936 nihil
367 1910 487 1945 curat3
509 1902 594 1949 quia
617 1901 754 1948 appetit
776 1900 917 1935 malum
941 1901 1100 1944 alterius,
1115 1901 1333 1948 inquantum
1355 1900 1587 1947 hujusmodi:
1611 1912 1685 1935 non

97 1963 150 1992 est
172 1964 296 1992 autem
317 1967 457 1999 verum,
480 1955 578 2003 quod
601 1956 649 1998 id,
669 1956 712 1990 de
728 1967 800 2002 quo
817 1956 896 2002 quis
917 1956 1090 1998 tristatur,
1113 1955 1158 1990 sit
1179 1956 1300 2002 pejus:
1324 1955 1498 2001 injustitia
1521 1955 1632 1998 enim,
1652 1964 1687 1990 et

95 2010 352 2058 imprudentia,
375 2022 461 2045 cum
483 2011 554 2045 sint
575 2009 684 2053 mala,
700 2011 785 2057 quia
803 2018 927 2044 tamen
950 2018 1033 2045 sunt
1046 2009 1264 2052 voluntaria,
1280 2021 1354 2044 non
1375 2010 1591 2045 contristant
1610 2021 1685 2053 eos,

96 2065 226 2113 quibus
246 2065 381 2108 insunt,
407 2072 447 2099 ut
468 2065 556 2099 dicit
576 2064 715 2099 Philos.
738 2065 775 2098 in
799 2074 829 2098 2.
853 2064 960 2099 Rhet.
983 2066 1070 2112 (nvp.
1093 2076 1125 2110 4.
1150 2065 1336 2111 ci1·c.fin.).

167 2120 228 2155 AD
251 2130 426 2155 TERTIUM
447 2119 657 2161 dicendum,
685 2119 783 2166 quod
806 2118 853 2161 id,
875 2119 974 2165 quod
997 2130 1039 2153 ex
1066 2119 1227 2166 pluribus
1251 2119 1368 2154 causis
1391 2127 1572 2162 causatur,
1597 2128 1683 2154 tunc

97 2181 151 2209 est
170 2173 345 2217 stabilius,
367 2174 514 2221 quando
537 2185 669 2208 causae
693 2173 921 2220 accipiuntur
942 2173 1048 2208 unius
1069 2174 1238 2208 rationis:
1262 2174 1325 2208 sed
1341 2186 1411 2208 una
1435 2186 1544 2208 causa
1566 2182 1687 2221 potest

96 2228 307 2276 praevalere
322 2228 446 2264 multis
468 2228 558 2263 aliis.
579 2228 719 2264 Odium
736 2236 859 2262 autem
874 2228 1042 2274 provenit
1061 2240 1102 2263 ex
1124 2229 1411 2276 permanentiori
1429 2241 1550 2271 causa,
1573 2241 1683 2276 quam

96 2283 167 2318 ira:
189 2295 277 2318 nam
290 2283 343 2318 ira
357 2283 526 2331 provenit
544 2294 586 2318 ex
601 2281 722 2329 aliqua
738 2283 992 2317 commotione
1010 2283 1123 2317 animi
1138 2291 1286 2330 propter
1299 2283 1503 2318 laesionem
1522 2283 1683 2318 illatam:

96 2337 159 2373 sed
181 2337 308 2373 odium
329 2337 495 2385 procedit
516 2349 558 2372 ex
581 2336 702 2384 aliqua
725 2336 963 2383 dispositione
982 2337 1157 2380 hominis,
1179 2338 1381 2373 secundum
1405 2350 1516 2385 quarn
1538 2346 1683 2386 reputat

96 2391 164 2426 sibi
185 2392 421 2435 contrarium,
444 2399 480 2427 et
499 2391 676 2426 nocivum
695 2391 742 2434 id,
770 2391 868 2438 quod
891 2391 978 2434 odit,
994 2400 1028 2427 et
1049 2392 1145 2435 ideo,
1168 2393 1261 2427 sicut
1283 2393 1403 2440 passio
1418 2393 1522 2428 citius
1543 2393 1683 2435 transit,

97 2457 206 2493 quam
242 2446 445 2494 dispositio,
471 2445 530 2481 vel
555 2446 720 2488 habitus;
748 2445 797 2480 ita
822 2445 876 2480 ira
899 2446 1003 2481 citius
1029 2447 1168 2489 transit,
1196 2459 1307 2494 quam
1335 2447 1480 2482 odium:
1515 2448 1682 2494 quamvis

97 2500 207 2536 etiam
229 2501 356 2536 odium
377 2501 423 2535 sit
440 2500 562 2548 passio
585 2512 628 2535 ex
641 2499 705 2534 tali
727 2500 966 2547 dispositione
981 2501 1212 2548 proveniens.
1233 2501 1277 2536 Et
1294 2510 1444 2549 propter
1464 2502 1537 2536 hoc
1561 2500 1684 2536 Philo-

97 2554 234 2602 sophus
255 2555 342 2590 dicit
370 2554 408 2589 in
430 2565 461 2592 2,
484 2554 637 2589 Rhetor.
661 2553 749 2601 (cap.
777 2565 810 2599 4.
834 2566 900 2589 non
929 2561 1053 2591 remote
1075 2567 1095 2590 a
1117 2556 1214 2603 fi'¹·)›
1246 2556 1344 2603 quod
1369 2556 1481 2591 odium
1513 2562 1555 2591 est
1578 2557 1681 2602 rngis

97 2609 293 2654 insanabile,
315 2620 417 2657 quam
442 2611 507 2644 ira.

657 2698 1006 2744 ARTICULUS
1041 2700 1143 2744 VII.
1613 2723 1680 2760 257

223 2797 378 2828 UTRUM
404 2797 476 2828 IRA
498 2796 565 2826 SIT
594 2797 652 2826 AD
681 2797 808 2827 ILLOS
832 2797 995 2838 SOLUM,
1015 2799 1074 2828 AD
1104 2799 1222 2834 QUOS
1246 2800 1326 2828 EST
1349 2799 1564 2842 JUSTITIA.

168 2877 229 2914 An
257 2889 451 2915 SEPT1MUM
473 2879 523 2914 sic
554 2879 773 2926 proceditur.
795 2879 961 2923 Videtur,
996 2881 1093 2927 quod
1121 2881 1173 2915 ira
1195 2892 1270 2915 non
1298 2881 1418 2916 solum
1446 2882 1490 2916 sit
1518 2883 1560 2916 ad
1585 2881 1680 2925 illos,

99 2930 143 2966 ad
165 2943 256 2979 quos
278 2941 332 2968 est
351 2933 502 2980 justitia:
536 2944 611 2968 non
634 2934 732 2969 enim
759 2942 813 2970 est
834 2935 969 2981 justitia
991 2935 1154 2971 hominis
1182 2936 1225 2970 ad
1253 2948 1309 2972 res
1337 2936 1587 2973 irrationales:
1615 2937 1678 2973 sed
