1907 3198
468 209 691 245 QUAESTIO
729 208 878 238 wan.
913 207 1158 238 ARTICULUS
1192 207 1232 237 v.
1563 207 1647 249 477

77 293 234 328 abundat
254 292 434 327 intantum
455 292 490 326 in
514 292 724 339 cognitione
746 303 867 326 rerum
890 291 1106 332 divinarum,
1134 297 1169 324 et
1189 290 1446 330 humanarum,
1474 296 1512 322 ut
1538 289 1652 335 possit

76 347 186 383 etiam
215 345 339 381 fideles
365 347 552 388 instruere,
580 354 614 380 et
641 346 868 380 adversarios
896 344 1136 379 confundere:
1161 352 1195 378 ct
1223 344 1273 377 sic
1301 343 1462 389 loquitur
1483 341 1533 376 ibi
1555 343 1653 388 Apo-

75 400 189 436 stolus
211 401 254 435 de
275 400 462 447 sapientia,
485 408 520 434 et
541 401 708 434 scientia:
729 400 824 434 unde
844 399 1030 442 signanter
1049 398 1086 432 fit
1105 398 1243 432 mentio
1263 397 1306 431 de
1326 407 1496 431 sermone
1515 396 1654 442 sapien-

74 455 157 497 tiae,
179 462 214 489 et
235 455 416 489 scientiae.
434 454 512 489 Alio
531 454 627 488 modo
643 461 793 500 possunt
810 453 936 499 accipi,
952 460 1058 499 prout
1073 460 1155 486 sunt
1170 452 1264 485 dona
1282 451 1435 497 Spiritus
1455 450 1599 484 Sancti:
1619 458 1654 483 et

76 508 127 543 sic
145 507 332 554 sapientia,
349 516 383 542 et
397 508 547 542 scientia
565 507 656 541 nihil
672 507 768 541 aliud
785 515 878 549 sunt,
894 518 1003 553 quam
1019 506 1198 552 quaedam
1214 503 1455 552 perfectiones
1470 504 1652 538 humanae

76 562 218 604 mentis,
239 562 439 597 secundum
461 573 549 608 quas
572 562 773 608 disponitur
795 561 839 595 ad
862 560 1088 606 sequendum
1110 559 1323 594 instinctum
1347 558 1500 605 Spiritus
1526 556 1651 592 Sancti

76 617 113 651 in
134 615 345 663 cognitione
367 616 587 658 divinorum,
610 624 645 650 et
666 615 934 657 humanorum3
956 622 991 648 et
1012 614 1062 648 sic
1083 621 1191 660 patet,
1211 613 1307 660 quod
1329 612 1541 658 hujusmodi
1557 611 1653 645 dona

77 678 160 706 sunt
179 671 216 704 in
238 670 406 705 omnibus
427 670 642 704 habentibus
662 669 888 704 charitatem.

149 724 210 759 AD
231 734 439 759 SECUNDUM
461 724 668 766 dicendum,
691 723 788 770 quod
808 723 1034 767 Augustinus
1056 722 1105 756 ibi
1126 721 1286 768 loquitur
1304 720 1348 755 de
1367 720 1531 762 scientia,
1550 730 1656 766 expo-

78 789 168 814 nens
190 778 412 825 praedictam
435 778 690 813 auctoritatem
714 776 906 824 Apostoli;
928 777 1024 811 unde
1047 775 1207 822 loquitur
1229 775 1272 810 de
1300 775 1450 809 scientia
1470 774 1654 820 praedicto

80 831 192 867 modo
215 840 376 879 accepta,
391 832 592 867 secundum
615 832 711 878 quod
736 839 789 866 est
811 831 925 877 gratia
947 830 1038 865 datis
1061 830 1155 872 data,
1170 829 1267 876 quod
1287 837 1384 876 patet
1402 839 1444 863 ex
1458 828 1542 870 hoc,
1557 827 1654 874 quod

79 886 215 922 subdit:
238 885 344 921 Aliud
364 887 452 920 enim
470 891 515 921 est
539 887 621 921 scire
650 885 892 927 tantummodo,
915 884 993 931 quid
1021 885 1116 919 homo
1143 883 1271 919 credere
1297 883 1411 918 (lubeat
1425 887 1564 930 propter
1589 882 1657 916 adi-

73 939 264 988 piscendam
283 941 392 975 vitam
414 941 555 982 beatam,
578 952 660 986 quae
681 951 747 974 non
762 941 826 974 nisi
839 943 972 974 aeterna
994 943 1037 974 est
1054 951 1064 973 .·
1087 938 1179 972 aliud
1193 943 1301 972 autem
1324 943 1366 972 est
1387 938 1481 978 scire,
1505 935 1657 983 quemad-

80 993 215 1029 modum
237 994 296 1029 hoc
324 995 431 1040 ipsum
460 999 490 1029 et
508 995 576 1040 piis
603 994 791 1040 opituletur,
815 998 843 1028 et
865 998 980 1028 contra
1006 994 1124 1040 impios
1149 992 1363 1039 defendamur,-
1391 1003 1491 1038 quam
1511 992 1656 1038 proprio

81 1048 248 1096 appellare
267 1048 429 1083 vocabulo
452 1048 642 1083 scientiam
663 1047 795 1083 videtur
814 1047 1000 1094 Apostolus.

154 1102 214 1137 AD
241 1112 413 1137 TERTmM
441 1102 648 1144 dicendum,
670 1101 767 1148 quod
795 1101 888 1136 sicut
908 1112 982 1135 uno
1009 1100 1122 1135 modo
1150 1100 1330 1136 connexio
1351 1100 1526 1134 virtutum
1548 1098 1660 1133 cardi—

81 1155 220 1191 nalium
235 1156 407 1203 probatur
424 1167 487 1202 per
504 1156 588 1198 hoc,
608 1156 705 1202 quod
725 1167 795 1190 una
815 1166 940 1190 earum
959 1155 1142 1202 perficitur
1161 1153 1440 1202 quodammodo
1460 1165 1523 1200 per
1538 1153 1658 1195 aliam,

83 1218 123 1245 ut
142 1221 249 1256 supra
270 1210 404 1245 dictum
428 1217 481 1244 est
503 1209 549 1256 (q.
572 1210 622 1256 65.
644 1215 710 1244 art.
733 1211 790 1254 1.),
814 1210 862 1244 ita
886 1209 1086 1255 Gregorius
1110 1209 1241 1244 eodem
1264 1208 1376 1242 modo
1403 1207 1480 1242 vult
1505 1208 1659 1254 probare

84 1263 351 1300 connexionem
372 1263 555 1298 donorum
577 1275 641 1310 per
662 1264 746 1306 hoc,
769 1264 866 1310 quod
889 1275 1002 1298 unum
1025 1263 1102 1298 sine
1125 1263 1196 1297 alio
1219 1274 1293 1297 non
1315 1270 1434 1309 potest
1456 1273 1534 1297 esse
1548 1260 1661 1308 perfe-

85 1326 206 1354 ctum:
233 1317 327 1353 unde
347 1317 545 1364 praemittit
566 1318 712 1352 dicens:
750 1317 849 1352 Valde
875 1317 1004 1363 singula
1031 1317 1196 1363 quaelibet
1220 1316 1420 1359 destituitur,
1447 1317 1474 1351 si
1499 1327 1566 1350 non
1592 1327 1659 1350 una

82 1373 190 1407 virtus
201 1371 264 1406 alii
278 1372 400 1406 virtuti
412 1371 631 1418 suffragatum·
654 1382 729 1405 non
745 1382 834 1418 ergo
850 1370 954 1405 datur
968 1370 1132 1416 intelligi,
1151 1370 1248 1417 quod
1264 1381 1377 1404 unum
1393 1370 1532 1404 donum
1547 1369 1660 1416 possit

83 1436 161 1461 esse
182 1426 258 1461 sine
281 1425 372 1468 alio;
394 1425 456 1460 sed
479 1425 576 1472 quod
599 1424 816 1467 intellectus,
836 1425 865 1459 si
887 1433 981 1460 esset
999 1425 1075 1459 sine
1094 1424 1282 1471 sapientia,
1300 1435 1375 1458 non
1391 1431 1485 1459 esset
1503 1423 1659 1465 donum;

50 1523 53 1527 ,
82 1479 175 1516 sicut
193 1479 445 1527 temperantia,
464 1479 493 1515 si
514 1487 608 1514 esset
629 1479 705 1514 sine
727 1478 874 1525 justitia,
896 1490 972 1513 non
995 1486 1089 1514 esset
1109 1479 1233 1513 virtus.

639 1641 987 1688 ARTICULUS
1020 1642 1099 1685 VI.
1594 1650 1655 1698 361

231 1761 385 1792 UTRUM
403 1761 527 1793 DONA
554 1762 747 1792 SPIRITUS
777 1763 935 1792 SANCTI
959 1761 1226 1793 REMANEANT
1251 1761 1296 1792 IN
1322 1759 1493 1791 PATRIA.

438 1862 519 1908 (2-2.
541 1875 572 1909 q.
587 1863 619 1899 8.
638 1868 702 1898 art.
722 1875 752 1910 7.
767 1869 798 1898 et
809 1868 899 1910 part.
915 1875 944 1910 3.
963 1874 994 1909 q.
1015 1874 1044 1909 7.
1063 1867 1128 1898 art.
1148 1873 1176 1908 5.
1200 1861 1242 1896 ad
1260 1873 1287 1908 3.

273 1922 304 1953 et
319 1917 407 1953 Dist.
427 1928 479 1964 34.
502 1929 532 1964 q.
552 1930 579 1953 1.
603 1922 668 1953 art.
685 1929 713 1965 3.
736 1922 766 1953 et
786 1918 872 1952 Dist.
889 1929 933 1964 35.
957 1929 986 1963 q.
1006 1928 1037 1952 2.
1059 1922 1124 1951 art.
1145 1928 1175 1951 2.
1195 1928 1225 1962 q.
1244 1928 1272 1963 3.
1296 1920 1361 1951 art.
1384 1914 1448 1960 4.).

156 2017 216 2054 AD
242 2028 396 2054 SEXTUM
422 2018 472 2053 sic
495 2018 713 2066 proceditur.
736 2017 900 2060 Videtur,
922 2018 1020 2064 quod
1043 2017 1139 2052 dona
1163 2017 1316 2064 Spiritus
1345 2017 1470 2051 Sancti
1492 2027 1567 2051 non
1590 2027 1664 2051 ma-

86 2079 195 2107 neant
211 2072 247 2107 in
262 2073 395 2119 patria:
419 2072 506 2107 dicit
523 2073 620 2108 enim
645 2072 800 2119 Gregor.
821 2072 855 2106 in
872 2082 903 2106 2.
926 2071 1056 2106 Moral.
1073 2072 1163 2119 (cap.
1179 2072 1367 2118 26.parnm
1384 2083 1404 2105 a
1418 2072 1547 2118 princ.)
1565 2071 1662 2118 quod

86 2126 231 2174 Spiritus
243 2127 381 2163 Sanctus
395 2132 510 2162 contra
524 2127 653 2173 singula
669 2131 868 2162 tentamenta
881 2131 999 2173 septem
1015 2126 1108 2160 donis
1122 2125 1230 2161 erudit
1244 2130 1400 2161 mentem:
1417 2125 1478 2160 sed
1494 2125 1529 2159 in
1549 2125 1663 2172 patria

86 2190 161 2215 non
181 2188 286 2216 erunt
312 2180 432 2228 aliqua
458 2189 695 2223 tentamenta,
717 2181 918 2215 secundum
941 2180 1028 2214 illud
1051 2180 1118 2214 Isa.
1146 2191 1214 2214 11.:
1238 2180 1316 2215 Non
1344 2181 1516 2222 nocebunt,
1541 2185 1572 2215 et
1598 2191 1662 2214 non

87 2233 233 2270 occident
251 2236 288 2270 in
308 2236 463 2271 universo
494 2240 602 2270 monte
627 2240 737 2270 sancto
764 2246 854 2276 meo;
879 2246 967 2281 ergo
991 2234 1087 2269 dona
1119 2233 1273 2281 Spiritus
1304 2234 1430 2268 Sancti
1457 2245 1533 2268 non
1560 2242 1663 2268 erunt

89 2287 124 2323 in
145 2289 270 2336 patria.

160 2353 190 2379 2.
217 2342 455 2379 PRAETEREA.
478 2343 587 2378 Dona
610 2343 764 2390 Spiritus
799 2342 924 2377 Sancti
951 2350 1034 2377 sunt
1054 2342 1198 2377 habitus
1232 2342 1393 2389 quidam,
1428 2350 1466 2377 ut
1487 2353 1594 2389 supra
1617 2342 1664 2376 di-

89 2403 187 2432 ctum
209 2405 263 2432 est
281 2397 362 2442 (art.
381 2409 409 2444 3.
433 2397 501 2444 huj.
517 2399 564 2444 q.)
579 2410 588 2432 :
605 2396 734 2431 frustra
751 2405 871 2432 autem
895 2405 1014 2431 essent
1031 2397 1186 2439 habitus,
1202 2397 1261 2431 ubi
1285 2405 1385 2431 actus
1401 2408 1478 2431 esse
1493 2407 1566 2430 non
1587 2407 1666 2442 pos-

89 2457 188 2485 sunt:
211 2458 311 2486 actus
338 2459 459 2486 autem
490 2451 735 2497 quorumdam
762 2450 945 2485 donorum
972 2451 1007 2485 in
1030 2451 1145 2497 patria
1172 2462 1250 2485 esse
1277 2461 1351 2484 non
1379 2458 1548 2496 possunt:
1577 2450 1663 2483 dicit

90 2505 187 2539 enim
209 2503 363 2551 Gregor.
383 2505 418 2539 in
445 2515 472 2539 1.
495 2504 624 2539 Moral.
649 2507 736 2551 (cap.
756 2516 798 2551 15.
815 2517 835 2539 a
851 2506 995 2551 princ),
1021 2505 1117 2551 quod
1141 2504 1345 2539 intellectus
1365 2503 1450 2538 facit
1473 2504 1593 2538 audita
1609 2515 1666 2549 pe-

89 2564 249 2601 netrare3
264 2566 298 2593 ct
316 2558 510 2593 consilium
526 2558 694 2605 prohibet
708 2570 786 2593 esse
801 2559 1057 2605 praecipiten1;
1073 2567 1107 2593 et
1122 2558 1296 2593 fortitudo
1313 2558 1398 2592 facit
1412 2569 1485 2592 non
1502 2566 1664 2592 metuere

91 2611 256 2654 adversm
278 2619 314 2647 et
333 2612 446 2659 pietas
465 2612 578 2659 replet
601 2612 720 2646 cordis
747 2613 886 2647 viscera
909 2613 1078 2659 operibus
1101 2613 1395 2647 misericordiae:
1423 2612 1513 2646 hacc
1543 2619 1664 2646 autem

90 2674 164 2700 non
181 2673 394 2712 competunt
407 2667 513 2701 statui
528 2666 684 2713 patriac3
700 2677 788 2712 ergo
804 2667 1121 2712 hujusmodidona
1141 2678 1215 2700 non
1231 2674 1335 2701 erunt
1350 2667 1384 2700 in
1404 2674 1497 2700 statu
1514 2665 1664 2711 gloriae.

164 2730 193 2766 3.
214 2719 451 2755 PRAETEREA.
478 2720 672 2754 Donorum
701 2721 880 2767 quaedam
904 2720 1093 2767 perficiunt
1120 2721 1311 2755 hominem
1340 2722 1375 2754 in
1402 2721 1475 2754 vita
1503 2728 1665 2754 contem-

91 2771 236 2820 plativa,
257 2782 295 2808 ut
314 2775 487 2821 sapientia,
511 2782 546 2809 et
567 2775 764 2815 intellectum
792 2775 972 2821 quaedam
1000 2776 1035 2809 in
1051 2776 1122 2810 vita
1147 2776 1276 2817 activa,
1301 2783 1338 2809 ut
1361 2777 1479 2822 pictas,
1505 2783 1539 2808 et
1560 2775 1665 2820 sorti-

93 2826 189 2863 tudo:
208 2827 269 2863 sed
291 2830 409 2863 activa
427 2829 499 2863 vita
518 2840 601 2863 cum
625 2829 692 2863 hac
715 2829 788 2863 vita
810 2829 1036 2871 terminatur,
1054 2838 1091 2864 ut
1115 2830 1316 2875 Gregorius
1339 2829 1425 2863 dicit
1442 2829 1475 2862 in
1495 2827 1528 2862 6.
1550 2828 1666 2862 Mora-

92 2878 182 2916 lium
204 2881 293 2929 (εαρ.
315 2882 370 2917 ult.
393 2887 468 2918 ante
494 2882 614 2928 med.);
639 2894 726 2929 ergo
750 2883 783 2917 in
812 2890 904 2918 statu
927 2883 1064 2929 gloriae
1087 2894 1162 2917 non
1185 2891 1289 2917 crunt
1317 2883 1440 2917 onmia
1468 2882 1564 2916 dona
1589 2881 1666 2928 Spi-

92 2933 180 2970 ritus
201 2934 336 2970 Sancti.
