1875 3198
240 166 325 219 546
653 176 873 211 QUAESTIO
907 176 1034 205 LXXV.
1068 175 1312 206 ARTICULUS
1345 176 1389 206 ΙΙ.

240 259 456 305 appetitum:
484 259 560 305 ipsa
580 266 700 292 autem
723 258 883 303 absentia⁴
909 258 1048 292 debitae
1075 257 1221 304 regulae
1247 257 1401 304 pertinet
1427 258 1470 292 ad
1497 258 1686 301 rationem,
1708 270 1799 306 quae

238 321 321 346 nata
344 320 396 347 est
416 313 626 357 hujusmodi
648 311 811 357 regulam
835 311 1081 346 considerare:
1109 311 1169 345 sed
1189 311 1266 357 ipsa
1291 311 1464 357 perfectio
1486 311 1679 346 voluntarii
1701 320 1801 347 actus

241 366 381 412 peccati
402 366 554 412 pertinet
568 366 611 399 ad
625 365 871 406 voluntatem3
894 366 941 399 ita
963 365 1059 411 quod
1073 364 1149 410 ipse
1164 364 1359 399 voluntatis
1375 373 1473 399 actus
1495 365 1701 411 praemissis
1719 377 1799 412 sup-

239 420 364 466 positis
386 421 459 466 jam
482 427 535 453 est
555 419 740 465 quoddam
759 426 960 464 peccatum.

309 474 368 507 AD
390 483 539 507 PRIMUM
562 483 648 517 ergo
672 471 876 513 dicendum,
899 471 995 517 quod
1017 471 1051 505 id
1074 471 1170 517 quod
1193 479 1245 505 est
1265 471 1511 514 intrinsecum,
1529 471 1621 506 sicut
1639 472 1800 518 potentia

236 526 420 568 naturalis,
443 536 584 571 semper
605 525 712 559 inest:
736 525 770 558 id
794 533 926 567 autem,
948 525 1044 570 quod
1067 532 1120 558 est
1140 525 1387 567 intrinsecum,
1418 525 1510 559 sicut
1529 533 1628 560 actus
1650 525 1799 560 interior

239 580 464 626 appetitivae,
487 578 544 612 vel
560 578 842 624 apprehensivae
856 578 1007 619 virtutis,
1022 589 1096 612 non
1111 589 1253 624 semper
1268 578 1376 612 inest:
1400 578 1477 624 ipsa
1500 586 1621 613 autem
1639 579 1800 625 potentia

238 633 434 668 voluntatis
457 641 509 666 est
531 643 639 666 causa
661 633 799 678 peccati
822 632 857 665 in
880 632 1051 677 potentia,
1081 632 1142 666 sed
1172 632 1352 666 reducitur
1382 633 1417 666 in
1440 641 1561 666 actum
1587 644 1651 678 per
1677 641 1796 668 motus

238 686 506 733 praecedentes,
526 694 559 720 et
573 685 764 719 sensitivae
779 686 888 731 partis
904 686 1033 731 primo,
1049 694 1083 720 et
1097 686 1244 720 rationis
1260 693 1540 732 consequenter:
1556 697 1599 720 ex
1615 686 1687 720 hoc
1702 687 1799 720 enim

239 740 335 786 quod
359 739 491 785 aliquid
514 739 726 785 proponitur
748 747 785 772 ut
807 738 997 785 appetibile
1020 739 1219 773 secundum
1242 750 1400 781 sensum,
1427 747 1462 773 et
1488 739 1665 786 appetitus
1692 740 1800 774 sensi-

237 794 330 828 tivus
358 793 550 827 inclinatur
571 793 607 826 in
628 792 727 835 illud,
750 792 841 826 ratio
863 792 1043 826 interdum
1067 800 1184 827 cessat
1210 804 1228 826 a
1256 793 1545 827 consideratione
1571 792 1718 839 regulae
1745 793 1802 828 de-

238 847 353 881 bitae:
377 854 412 880 et
434 846 483 880 sic
506 845 674 880 voluntas
689 846 856 892 producit
871 854 991 879 actum
1006 846 1167 892 peccatig
1190 846 1272 892 quia
1287 846 1395 891 igitur
1409 854 1530 880 motus
1544 846 1800 893 praecedentes

241 912 315 935 non
337 911 479 946 semper
500 908 583 934 sunt
603 900 638 933 in
661 908 755 941 actu,
781 911 897 945 neque
920 907 1111 945 peccatum
1133 911 1275 946 semper
1297 908 1350 934 est
1374 900 1411 933 in
1433 907 1525 934 actu.

309 954 368 988 AD
385 964 591 988 SECUNDUM
614 953 819 994 dicendum,
842 953 938 999 quod
960 964 1034 987 non
1062 964 1188 987 ornnes
1213 961 1334 987 motus
1355 953 1542 988 interiores
1563 961 1646 988 sunt
1667 953 1709 988 de
1725 954 1802 988 sub-

241 1007 371 1042 stantia
401 1007 551 1053 peccati,
582 1007 678 1052 quod
709 1006 872 1040 consistit
898 1006 1142 1053 principaliter
1163 1006 1199 1040 in
1228 1015 1308 1041 actu
1331 1006 1542 1041 voluntatis:
1565 1007 1628 1042 sed
1654 1007 1802 1054 quidam

243 1060 472 1107 praecedunt,
496 1068 530 1093 et
552 1059 696 1106 quidam
722 1067 991 1106 consequuntur
1012 1060 1131 1106 ipsum
1153 1068 1354 1106 peccatum.

309 1117 368 1151 AD
391 1127 562 1151 TERTIUM
585 1116 790 1158 dicendum,
813 1117 909 1162 quod
931 1115 1019 1150 illud
1042 1116 1138 1162 quod
1159 1124 1211 1151 est
1231 1128 1339 1150 causa
1356 1116 1507 1163 peccati,
1527 1116 1619 1151 sicut
1639 1117 1801 1163 potentia

241 1170 444 1216 producens
469 1178 601 1211 actum,
621 1177 673 1204 est
694 1169 874 1204 naturale:
898 1178 1019 1203 motus
1035 1170 1143 1204 etiam
1158 1170 1349 1204 sensitivae
1364 1170 1485 1216 partis,
1500 1181 1542 1204 ex
1555 1182 1628 1217 quo
1643 1171 1803 1217 sequitur

238 1232 442 1270 peccatum,
464 1223 643 1257 interdum
667 1231 719 1257 est
736 1222 928 1265 naturalis3
951 1223 1042 1257 sicut
1073 1235 1156 1257 cum
1189 1233 1336 1270 propter
1357 1224 1557 1270 appetitum
1579 1223 1648 1258 cibi
1674 1224 1802 1271 aliquis

238 1278 381 1324 peccat:
405 1277 466 1312 sed
495 1277 647 1311 efficitur
668 1285 859 1323 peccatum
882 1277 1070 1311 innaturale
1090 1288 1131 1311 ex
1153 1277 1223 1311 hoc
1237 1278 1328 1324 ipso,
1344 1277 1441 1324 quod
1463 1277 1583 1312 deficit
1603 1277 1729 1324 regula
1743 1289 1803 1312 na-

239 1331 374 1374 turalis,
398 1343 507 1377 quarn
528 1331 643 1365 homo
666 1330 865 1365 secundum
887 1339 1054 1365 naturam
1076 1342 1180 1365 suam
1202 1331 1307 1366 debet
1329 1330 1522 1365 attendere.

799 1472 1144 1517 ARTICULUS
1173 1473 1252 1515 III.
1731 1495 1802 1533 409

452 1581 606 1611 UTRUM
633 1581 870 1610 PECCATUM
898 1581 1072 1610 HABEAT
1101 1581 1275 1610 CAUSAM
1301 1580 1596 1612 EXTEmoREM.

240 1669 348 1715 (Infr.
369 1680 399 1714 q.
422 1669 476 1703 80.
499 1672 562 1702 art.
585 1681 612 1703 I.
635 1673 663 1702 et
680 1680 707 1714 3.
731 1673 758 1702 et
779 1673 872 1714 part.
888 1680 914 1703 Ι.
938 1680 967 1713 q.
990 1679 1051 1714 115.
1074 1673 1140 1702 art.
1161 1679 1194 1712 4.
1221 1673 1311 1714 corp.
1333 1673 1363 1702 et
1380 1679 1449 1702 2-2.
1468 1680 1496 1714 q.
1517 1679 1563 1714 73.
1586 1673 1648 1702 art.
1664 1680 1693 1715 3.
1712 1675 1801 1715 corp.

318 1727 347 1756 et
366 1722 407 1756 ad
424 1734 451 1756 2.
466 1727 495 1756 et
508 1734 536 1768 q.
552 1734 613 1767 115.
633 1726 697 1756 art.
713 1733 742 1756 2.
759 1721 800 1755 ad
814 1734 840 1756 ι.
853 1726 883 1756 et
896 1733 925 1756 2.
941 1727 971 1756 et
986 1722 1069 1756 Mal.
1085 1733 1153 1768 q.3.
1171 1726 1344 1768 art.3.per
1358 1726 1412 1756 tot.
1428 1726 1457 1756 et
1470 1726 1533 1756 art.
1548 1733 1581 1767 4.
1601 1723 1720 1769 corp).

310 1810 369 1845 AD
391 1821 561 1845 TERTIUM
577 1810 626 1844 sic
650 1810 866 1856 proceditur.
890 1809 1052 1851 Videtur,
1075 1810 1172 1856 quod
1195 1817 1385 1855 peccatum
1407 1820 1481 1843 non
1502 1809 1634 1844 habeat
1656 1821 1802 1844 causam

243 1865 477 1899 exteriorem:
512 1872 702 1910 peccatum
734 1864 830 1898 enirn
859 1872 911 1898 cst
941 1872 1039 1898 actus
1069 1863 1312 1897 voluntarius:
1343 1862 1547 1897 voluntaria
1575 1870 1696 1898 autem
1722 1872 1803 1898 sunt

240 1930 378 1960 eorum,
401 1930 492 1964 quae
515 1926 597 1952 sunt
619 1919 654 1951 in
675 1918 799 1960 nobis;
822 1926 856 1952 et
874 1918 922 1952 ita
944 1929 1018 1951 non
1040 1917 1174 1952 habent
1195 1917 1411 1951 exteriorem
1430 1929 1596 1960 causam3
1619 1928 1706 1964 ergo
1725 1929 1804 1964 pec-

240 1980 363 2006 catum
382 1983 456 2005 non
478 1971 587 2005 habet
608 1971 823 2005 exteriorem
846 1983 1003 2005 causam.

312 2036 343 2060 2.
368 2026 603 2060 PRAETEREA.
625 2025 727 2059 Sicut
753 2034 880 2059 natura
911 2033 963 2059 cst
990 2025 1207 2071 principium
1229 2025 1388 2067 interius,
1411 2025 1459 2059 ita
1486 2025 1594 2059 etiarn
1615 2024 1801 2061 voluntas:

244 2079 305 2114 sed
327 2088 517 2126 peccatum
539 2080 575 2113 in
598 2080 701 2113 rebus
723 2079 943 2113 naturalibus
965 2090 1166 2125 numquam
1189 2079 1319 2113 accidit
1339 2079 1408 2113 nisi
1430 2090 1472 2113 ex
1495 2078 1613 2125 aliqua
1640 2079 1803 2114 interiori

242 2145 369 2175 causa3
389 2141 426 2167 ut
447 2141 531 2179 puta
554 2133 775 2167 monstruosi
790 2141 910 2179 partus
925 2133 1141 2179 proveniunt
1160 2144 1200 2166 ex
1221 2132 1450 2179 corruptione
1470 2131 1619 2179 alicujus
1639 2133 1804 2179 principii

242 2187 438 2229 interiori33
461 2198 547 2232 ergo
570 2198 686 2232 neque
710 2187 745 2220 in
768 2186 965 2220 moralibus
987 2194 1105 2232 potest
1127 2186 1336 2232 contingere
1358 2194 1548 2232 peccatum
1571 2186 1639 2220 nisi
1654 2197 1696 2221 ex
1717 2186 1804 2220 inte-

242 2240 328 2275 riori
350 2251 476 2282 causa3
499 2252 572 2273 non
593 2252 680 2285 ergo
702 2240 811 2275 habet
834 2248 1022 2287 peccatum
1046 2251 1194 2274 causam
1217 2240 1443 2274 exteriorem.
1835 2237 1839 2242 ’

315 2305 342 2340 3.
366 2294 602 2328 PRAETeREA.
619 2294 856 2340 Multiplicata
873 2305 979 2328 causa
995 2293 1254 2340 multiplicatur
1269 2293 1435 2328 effectus:
1459 2292 1521 2328 sed
1540 2301 1674 2340 quanto
1701 2293 1804 2339 plura

242 2356 334 2390 sunt,
354 2356 388 2382 et
406 2349 545 2393 majora
564 2348 717 2381 exterius
740 2348 946 2382 inducentia
969 2348 1011 2382 ad
1032 2348 1268 2394 peccandum,
1290 2355 1390 2381 tanto
1413 2348 1531 2381 minus
1552 2347 1587 2381 id
1609 2347 1706 2393 quod
1724 2347 1803 2393 quis

239 2402 441 2437 inordinate
477 2401 561 2447 agit,
593 2401 625 2436 ei
658 2401 854 2448 imputatur
885 2403 927 2436 ad
958 2410 1165 2447 peccatum3
1197 2412 1283 2447 ergo
1313 2400 1404 2435 nihil
1434 2402 1587 2435 exterius
1618 2409 1670 2435 est
1696 2412 1803 2435 causa

240 2456 390 2503 peccati.

315 2509 389 2544 SED
418 2519 572 2544 CONTRA
595 2516 658 2550 est,
682 2509 777 2554 quod
800 2509 927 2543 dicitur
952 2509 1061 2543 Num.
1096 2520 1167 2555 31.:
1196 2509 1313 2543 Nonne
1342 2509 1396 2543 isti
1420 2513 1507 2550 sunt,
1535 2509 1592 2554 qui
1611 2507 1801 2554 deceperunt

232 2564 325 2610 filios
347 2564 461 2605 Israel,
487 2568 514 2597 cl
534 2564 773 2609 praevia-isari
794 2575 850 2597 τος
864 2564 1016 2609 jecerunt
1039 2564 1070 2596 in
1095 2563 1242 2596 Domino
1263 2568 1360 2609 super
1378 2567 1510 2608 peccato
1532 2562 1689 2607 Phogor?
1706 2561 1801 2608 Ergo

242 2617 375 2663 aliquid
399 2617 552 2651 exterius
576 2625 694 2663 potest
716 2628 794 2651 esse
817 2628 924 2651 causa
948 2616 1082 2651 faciens
1105 2627 1266 2662 peccare.

312 2671 541 2705 Ruspmt-mo
569 2670 774 2711 dicendum,
802 2670 910 2716 quod,
933 2671 1025 2704 sicut
1051 2681 1157 2716 supra
1179 2670 1315 2704 dictum
1343 2677 1395 2704 cst
1420 2670 1498 2714 (art.
1521 2669 1666 2716 praec),
1694 2679 1801 2703 causa

240 2724 387 2758 interior
410 2724 547 2769 peccati
571 2732 623 2757 est
644 2723 811 2757 voluntas
834 2731 871 2757 ut
898 2723 1086 2769 perficiens
1109 2731 1229 2757 actum
1252 2723 1402 2769 peccati,
1425 2730 1459 2757 et
1478 2722 1568 2756 ratio
1588 2722 1801 2768 inquantum

243 2777 285 2811 ad
311 2777 508 2811 carentiam
531 2777 670 2810 debitae
694 2776 850 2822 regulae,
874 2785 906 2810 et
930 2777 1107 2823 appetitus
1130 2776 1319 2811 sensitivus
1339 2775 1534 2818 inclinan33
1556 2777 1605 2810 sic
1629 2786 1715 2821 ergo
1743 2774 1802 2809 ali-

243 2831 329 2877 quid
357 2831 598 2865 cxtrinsecum
621 2831 798 2878 tripliciter
821 2839 941 2877 posset
964 2842 1040 2865 esse
1064 2842 1170 2865 causa
1194 2830 1353 2877 peccati:
1376 2830 1429 2864 vel
1446 2829 1528 2876 quia
1550 2837 1713 2863 moveret
1739 2828 1802 2862 im-

243 2885 397 2920 mediate
419 2885 534 2931 ipsam
557 2884 798 2919 voluntatcm:
822 2885 873 2919 ¹vel
888 2884 970 2930 quia
987 2892 1150 2918 moveret
1164 2884 1360 2918 rationem:
1381 2883 1434 2919 vel
1455 2883 1537 2930 quia
1560 2889 1723 2917 moveret
1744 2892 1801 2928 ap-
