1907 3198
0 1672 16 1895 ᾧ

537 187 760 224 QUAESTIO
793 188 834 217 V.
867 185 1113 218 ARTICULUS
1146 185 1237 216 v111.
1616 187 1668 230 71

169 273 229 308 An
252 281 423 306 TER’rtuM
450 269 657 312 dicendum,
684 268 782 316 quod
815 268 883 303 ista
917 267 1080 303 definitio
1114 267 1357 310 beatitudinis,
1392 278 1501 314 quam
1536 267 1674 314 quidam

97 333 312 374 posuerunt:
336 326 455 360 Beatus
484 329 537 366 est,
560 325 618 370 qui
639 323 735 358 habet
755 324 870 357 onmia
891 334 973 368 quae
999 322 1083 364 vult,
1106 321 1176 363 vel,
1207 322 1261 356 cui
1287 322 1399 356 omnia
1422 326 1534 368 optata
1560 333 1673 356 succe-

95 380 187 422 dunt,
209 379 370 426 quodam
401 377 514 412 modo
540 376 723 412 intellecta
751 384 804 411 est
825 377 933 419 bona,
961 383 995 411 et
1029 374 1230 418 sufficiens;
1258 374 1330 410 alio
1353 386 1442 410 vero
1481 375 1594 410 modo
1622 383 1675 410 cst

93 432 318 481 imperfecta.
342 432 381 467 Si
399 432 497 466 enim
518 430 741 477 intelligatur
761 429 975 477 simpliciter
997 429 1039 464 de
1062 429 1243 471 omnibus,
1266 440 1358 476 quae
1376 428 1453 463 vult
1473 428 1590 463 homo
1611 440 1686 463 na·-

92 486 199 523 turali
226 486 397 533 appetitu,
419 485 469 520 sic
491 496 619 520 verum
645 493 709 527 est,
737 484 834 531 quod
854 484 915 531 qui
941 483 1051 519 habet
1077 483 1201 518 omnia
1229 494 1321 530 quae
1336 482 1424 525 vult,
1451 491 1504 518 est
1525 483 1671 518 beatus:

93 540 184 576 nihil
205 541 303 576 enim
325 539 431 575 satiat
447 537 652 573 naturalem
672 537 834 572 hominis
857 537 1069 584 appetitum,
1091 537 1159 572 nisi
1185 537 1323 571 bonum
1347 536 1560 584 perfectum,
1575 537 1673 584 quod

93 603 148 630 est
165 593 362 629 beatitudo.
386 593 424 628 Si
446 603 532 627 vero
555 591 776 638 intelligatur
797 591 840 626 de
862 591 930 633 his,
953 602 1044 638 quae
1067 591 1182 626 horno
1204 590 1281 625 vult
1311 590 1511 625 secundum
1547 602 1670 638 appre-

93 648 311 684 hensionem
333 646 482 682 rationis
504 646 554 681 sic
576 646 710 680 habere
732 644 913 692 quaedam
935 656 1027 692 quae
1062 644 1178 679 homo
1212 644 1299 686 vult,
1334 655 1407 678 non
1439 644 1594 691 pertinet
1628 645 1672 679 ad

92 701 367 744 beatitudinem,
384 700 446 735 sed
463 699 579 746 magis
595 699 638 734 ad
654 699 859 741 miseriam;
874 698 1088 745 inquantum
1105 698 1314 744 hujusmodi
1330 697 1452 732 habita
1467 698 1671 744 impediunt

92 754 296 798 hominem,
316 765 362 789 ne
383 754 515 789 habeat
535 764 788 800 quaecumque
810 751 886 787 vult
908 751 1134 787 naturaliter:
1158 752 1250 787 sicut
1272 751 1382 786 etiam
1414 751 1505 786 ratio
1541 751 1673 798 accipit

94 817 134 846 ut
151 819 238 844 vera
258 807 452 850 interdurn,
473 818 565 854 quae
588 807 790 853 impediunt
812 818 831 840 a
854 806 1064 851 cognitione
1087 806 1258 841 veritatis.
1282 805 1324 840 Et
1347 805 1548 840 secundum
1575 805 1670 840 hanc

93 862 426 899 considerationem
447 861 600 908 August.
624 860 760 895 addidit
779 860 821 894 ad
842 859 1104 906 perfectionem
1120 859 1364 902 beatitudinis,
1380 859 1476 906 quod
1492 860 1577 894 nihil
1590 861 1673 894 mali

94 916 157 963 [al.
178 916 279 963 male]
300 916 400 951 velit:
423 915 588 962 quamvis
610 914 769 962 primum
791 922 914 961 posset
935 912 1112 956 sufficere,
1135 914 1164 948 si
1187 922 1282 948 recte
1312 913 1586 960 intelligeretur,
1608 914 1673 948 sci-

94 970 180 1006 licet
199 969 296 1018 quod
319 970 429 1006 beatus
449 974 505 1012 est,
531 970 589 1016 qui
610 969 706 1004 habet
726 968 840 1003 omnia
861 978 944 1014 quae
964 967 1048 1002 vult.

638 1231 997 1293 QUAESTIO
1038 1233 1121 1280 vl.

400 1356 464 1389 DE
503 1355 830 1396 VOLUNTARIO,
872 1357 931 1389 ET
971 1357 1349 1396 INVOLUNTARIO,

533 1427 584 1459 IN
611 1427 735 1460 OCTO
763 1428 1026 1460 ARTICULOS
1054 1429 1230 1460 DIVISA.

161 1557 261 1600 Quia
273 1556 382 1605 igitur
395 1556 440 1592 ad
454 1556 716 1592 beatitudinem
733 1568 797 1604 per
811 1565 911 1592 actus
928 1557 1070 1604 aliquos
1083 1568 1234 1592 necesse
1249 1565 1302 1592 est
1312 1560 1511 1605 pervenire,
1524 1567 1668 1606 oportet

89 1618 355 1660 consequenter
374 1610 419 1646 de
439 1611 610 1647 humanis
629 1611 768 1646 actibus
787 1611 1037 1654 considerare3
1057 1620 1095 1646 ut
1114 1611 1272 1646 sciamus
1290 1612 1418 1659 quibus
1437 1613 1576 1648 actibus
1593 1625 1669 1661 per-

88 1665 252 1702 veniatur
273 1665 317 1703 ad
337 1665 610 1708 beatitudinem,
631 1664 690 1700 vel
711 1665 930 1713 impediatur
950 1665 1182 1701 beatitudinis
1215 1666 1289 1701 via:
1325 1666 1387 1701 sed
1423 1667 1506 1713 quia
1541 1678 1667 1714 opera-

87 1720 218 1764 tiones,
239 1727 274 1757 et
293 1728 394 1756 actus
417 1719 514 1755 circa
534 1718 734 1766 singularia
755 1728 849 1762 sunt,
872 1719 954 1755 ideo
977 1720 1097 1755 omnis
1120 1721 1306 1767 operativa
1329 1720 1479 1756 scientia
1502 1721 1537 1755 in
1559 1722 1665 1768 parti-

87 1773 202 1810 culari
222 1773 514 1810 consideratione
535 1773 735 1821 perficitur3
757 1773 907 1808 moralis
929 1774 1038 1821 igitur
1060 1774 1318 1818 consideratio,
1346 1774 1429 1822 quia
1458 1783 1512 1810 est
1538 1775 1666 1810 huma-

85 1839 220 1864 norum
240 1835 401 1871 actuum,
416 1828 531 1875 primo
554 1827 701 1874 quidem
735 1827 908 1862 tradenda
944 1836 997 1863 est
1029 1828 1066 1862 in
1101 1827 1307 1871 universali,
1339 1828 1476 1864 secundo
1509 1840 1596 1864 vero
1630 1829 1665 1864 in

86 1880 305 1930 particulari.
327 1880 436 1917 Circa
456 1881 676 1916 universalmz
699 1888 820 1916 autem
852 1881 1186 1916 considerationem
1220 1882 1470 1917 humanorum
1495 1891 1665 1918 actuum:

0 1917 17 1993 ἔ
79 1937 194 1984 primo
215 1935 362 1983 quidem
384 1934 690 1970 considerandum
725 1937 883 1970 occurrit
904 1935 947 1970 de
970 1935 1055 1982 ipsis
1078 1935 1216 1970 actibus
1251 1936 1433 1979 humanis,
1462 1937 1600 1972 secundo
1621 1936 1665 1972 de

85 1989 270 2038 principiis
290 1988 437 2025 eorum':
458 1989 707 2024 humanorum
730 1997 852 2023 autem
875 1997 1023 2024 actuum
1045 1989 1180 2036 qnidam
1205 1998 1287 2024 sunt
1321 1990 1482 2025 hominis
1518 1991 1664 2038 proprii,

85 2040 221 2091 quidam
242 2050 328 2079 sunt
346 2042 502 2086 homini,
524 2051 560 2078 et
581 2042 659 2078 aliis
682 2042 899 2077 animalibus
915 2054 1143 2078 communes.
1160 2043 1202 2078 Et
1218 2043 1301 2090 quia
1315 2043 1503 2078 beatitudo
1519 2052 1572 2079 est
1587 2056 1666 2091 pro-

84 2096 204 2145 prium
223 2096 384 2132 hominis
406 2096 557 2139 bonum,
579 2097 816 2144 propinquius
835 2108 871 2131 se
887 2097 1022 2132 habent
1037 2097 1080 2131 ad
1096 2097 1357 2132 beatitudinem
1374 2106 1487 2140 actus,
1503 2098 1564 2145 qui
1582 2106 1665 2134 sunt

84 2150 229 2199 proprie
249 2150 414 2193 humani,
435 2161 546 2198 quam
562 2158 675 2194 actus,
690 2151 751 2197 qui
767 2159 848 2185 sunt
862 2150 1017 2193 homini,
1034 2151 1184 2198 aliisque
1200 2151 1418 2186 animalibus
1434 2163 1662 2187 communes.

84 2203 202 2241 Primo
223 2215 312 2252 ergo
334 2203 641 2240 considerandum
664 2213 717 2239 est
738 2203 781 2239 de
805 2204 955 2247 actibus,
978 2205 1039 2252 qui
1055 2213 1143 2244 sunt
1165 2205 1300 2252 proprii
1322 2205 1501 2240 hominis:
1525 2207 1662 2241 secundo

84 2257 129 2294 de
150 2257 300 2301 actibus,
321 2257 383 2306 qui
403 2266 486 2293 sunt
506 2257 660 2300 homini,
679 2257 831 2305 aliisque
851 2257 1068 2306 animalibus
1084 2270 1313 2302 communes,
1332 2259 1391 2307 qui
1409 2260 1577 2295 dicuntur
1591 2260 1664 2294 ani-

84 2322 168 2348 mae
187 2310 386 2360 passiones.
409 2310 518 2348 Circa
535 2313 689 2359 primum
719 2311 783 2347 duo
811 2312 1074 2348 consideranda
1109 2321 1322 2349 occurrunt:
1340 2315 1453 2361 primo
1477 2314 1519 2349 de
1542 2315 1664 2348 condi-

83 2365 184 2403 tione
204 2365 452 2402 humanorum
473 2374 635 2410 actuum,
648 2366 787 2402 secundo
801 2366 845 2402 de
861 2367 1092 2402 distinctione
1108 2379 1234 2402 corum
1253 2376 1411 2402 actuum.
1428 2367 1525 2403 Cum
1541 2377 1661 2403 autem

84 2428 186 2456 actus
206 2419 359 2456 humani
379 2419 524 2468 proprie
546 2419 724 2463 dicantur,
745 2420 806 2468 qui
828 2428 911 2456 sunt
931 2420 1139 2463 voluntarii,
1162 2432 1206 2456 eo
1229 2421 1325 2468 quod
1348 2421 1516 2456 voluntas
1539 2431 1591 2456 est
1613 2434 1664 2457 ra-

82 2471 229 2510 tionalis
249 2473 440 2522 appetitus,
461 2473 523 2521 qui
544 2481 597 2509 est
618 2474 785 2522 proprius
806 2474 979 2518 hominis,
1015 2483 1159 2522 oportet
1193 2475 1423 2510 considerare
1447 2475 1489 2510 de
1513 2476 1662 2519 actibus,

82 2527 299 2577 inquantum
318 2536 402 2564 sunt
421 2527 627 2563 voluntarii.
660 2528 777 2564 Primo
807 2540 895 2576 ergo
918 2529 1223 2564 considerandum
1247 2538 1300 2565 est
1321 2529 1364 2564 de
1387 2529 1606 2574 volunt-ario,
1628 2539 1663 2566 et

82 2581 328 2619 involuntario
349 2581 386 2618 in
408 2582 609 2618 communi.
635 2583 782 2619 Secumlo
805 2583 848 2618 de
871 2583 1021 2627 actibus,
1043 2583 1104 2630 qui
1127 2592 1209 2618 sunt
1242 2584 1448 2626 voluntarii,
1483 2584 1584 2630 quasi
1618 2585 1661 2619 ab

82 2635 162 2685 ipsa
180 2634 369 2672 voluntate
390 2635 518 2679 eliciti,
536 2644 575 2672 ut
594 2636 806 2672 immediate
839 2637 950 2684 ipsius
983 2637 1218 2672 voluntatatis
1254 2637 1456 2672 existentes.
1486 2638 1596 2673 Tertio
1619 2638 1662 2674 dc

36 2710 37 2714 =
83 2689 234 2733 actibus,
254 2690 318 2738 qui
336 2698 420 2726 sunt
440 2689 666 2733 voluntariis,
687 2690 788 2738 quasi
811 2702 830 2725 a
852 2691 1038 2727 voluntate
1070 2691 1248 2738 imperati,
1271 2692 1330 2738 qui
1354 2700 1436 2726 sunt
1458 2691 1567 2738 ipsius
1602 2704 1663 2727 vo-

82 2742 230 2781 luntatis
250 2743 493 2780 mediantibus
515 2743 593 2779 aliis
615 2744 795 2792 potentiis.
818 2744 863 2780 Et
883 2745 966 2791 quia
990 2753 1089 2780 actus
1111 2745 1306 2780 voluntarii
1330 2745 1464 2780 liabent
1486 2745 1661 2792 quasdam

40 2836 62 2843 Ἴ,
84 2797 386 2841 circumstantias,
407 2797 607 2833 secundum
629 2809 719 2845 quas
740 2798 1122 2846 dijudicantur,p1·1'mo
1146 2799 1450 2834 considerandum
1470 2808 1523 2834 est
1540 2800 1584 2834 de
1602 2812 1663 2834 vo-

83 2849 255 2895 luntario,
274 2859 312 2888 et
331 2850 589 2895 involuntario,
610 2859 646 2887 et
667 2861 932 2900 consequenter
953 2853 996 2888 de
1019 2853 1300 2888 circumstantiis
1320 2853 1481 2901 ipsorum
1502 2862 1661 2896 actuum,

40 2926 42 2930 ν
84 2903 124 2942 in
142 2904 271 2954 quibus
288 2904 547 2948 voluntarium,
565 2913 602 2942 et
618 2904 903 2942 involuntarium
926 2906 1115 2942 invenitur.
