1907 3198
517 169 740 206 QUAi-:s‘no
775 169 830 199 LI.
864 167 1112 198 ARTICULUS
1145 167 1174 196 1.
1547 168 1567 210 3
1577 167 1630 210 57

608 399 968 461 QUAESTIO
1011 399 1087 446 LI.

23 518 26 519 ⁷
58 523 122 556 DE
161 522 317 556 CAUSA
356 523 612 556 HABITUUM
640 523 879 564 QUANTUM
907 524 972 554 AD
1002 522 1387 554 GENERATIONEM
1415 521 1640 562 IPSORUM,

445 595 495 626 IN
525 594 756 635 QUATUOR
776 594 1043 626 ARTICL’LOS
1071 594 1247 626 DIVISA.

129 729 274 764 Deinde
295 729 603 765 considerandum
626 739 680 765 est
701 731 745 765 de
768 741 876 765 causa
899 730 1102 764 habituum.
1118 729 1162 764 Et
1179 731 1295 777 primo
1318 738 1496 777 quantum
1520 729 1563 764 ad
1587 740 1645 776 ge-

57 783 288 819 nerationem
308 784 492 831 ipsorum:
515 784 654 819 secundo
677 792 855 831 quantum
879 784 923 818 ad
939 792 1200 831 augmentum:
1224 785 1320 818 tertio
1339 792 1517 831 quantum
1533 783 1577 818 ad
1597 783 1646 818 di-

59 837 315 880 minutionem,
337 846 372 873 et
393 838 680 885 corruptionem.

510 927 615 962 Circa
632 927 787 974 primum
810 931 1018 973 quaeruntur
1039 932 1196 973 quatuor.

131 997 270 1033 Primo.
295 997 429 1033 Utrum
453 997 582 1045 aliquis
603 998 748 1032 habitus
771 998 816 1032 sit
838 1009 857 1031 a
879 1006 1019 1032 natura.

133 1051 316 1087 Secundo.
340 1051 474 1087 Utrum
498 1051 627 1098 aliquis
649 1051 794 1086 habitus
817 1063 858 1086 ex
882 1051 1020 1085 actibus
1044 1060 1222 1086 causetur.

131 1104 272 1140 Tertio.
295 1105 428 1140 Utrum
451 1117 515 1153 per
536 1117 650 1140 unum
673 1113 796 1140 actum
818 1105 933 1152 possit
955 1105 1121 1151 generari
1143 1105 1298 1140 habitus.

134 1159 289 1202 Quarto.
313 1159 447 1195 Utrum
471 1159 582 1206 aliqui
602 1159 747 1194 habitus
770 1160 840 1194 sint
861 1160 897 1193 in
919 1159 1131 1194 hominibus
1154 1159 1263 1194 infusi
1286 1171 1306 1194 a
1328 1160 1421 1196 Deo.

646 1303 997 1348 ARTICULUS
1033 1303 1067 1346 I.
1582 1326 1648 1362 ‚77

376 1412 532 1443 UTRUM
557 1412 736 1449 ALIQUIS
765 1412 957 1442 HABITUS
986 1412 1054 1442 SIT
1081 1413 1109 1442 A
1135 1412 1329 1442 NATURA.

144 1499 264 1548 .(Insr.
286 1512 317 1547 q.
340 1499 389 1547 63.
412 1504 476 1535 art.
499 1512 527 1536 Ι.
550 1505 578 1535 et
599 1512 665 1536 2-2.
688 1513 719 1547 q.
741 1511 797 1547 47.
820 1506 886 1536 art.
909 1512 952 1547 15.
968 1505 996 1536 et
1014 1513 1042 1548 3.
1061 1501 1152 1536 Dist.
1162 1513 1206 1548 33.
1223 1513 1252 1547 q.
1275 1513 1303 1536 Ι.
1326 1507 1391 1536 art.
1407 1513 1438 1536 2.
1461 1501 1504 1536 ad
1524 1514 1552 1537 I.

645 1559 675 1589 et
703 1554 790 1589 Veri.
813 1567 843 1601 q.
866 1567 894 1590 1.
914 1559 978 1589 art.
998 1555 1060 1600 8.).

135 1643 196 1679 AD
217 1653 369 1679 PRIMUM
391 1643 442 1678 sic
465 1643 684 1690 proceditur.
707 1643 868 1686 Videtur,
891 1643 990 1690 quod
1009 1643 1130 1678 nullus
1152 1643 1297 1678 habitus
1321 1644 1366 1678 sit
1384 1655 1404 1678 a
1422 1651 1570 1678 natura:
1594 1654 1652 1678 eo-

64 1708 146 1732 rum
168 1698 279 1740 enim,
302 1708 395 1744 quae
421 1705 504 1732 sunt
527 1709 546 1732 a
567 1705 708 1740 natura,
736 1709 822 1732 usus
848 1709 923 1732 non
951 1698 1114 1744 subjacet
1140 1697 1337 1732 voluntati:
1366 1697 1428 1732 sed
1457 1698 1587 1732 habitus
1608 1702 1653 1732 est

64 1763 127 1799 quo
145 1753 217 1798 quis
234 1752 351 1794 utitur,
366 1763 442 1787 cum
456 1751 613 1794 voluerit,
636 1759 674 1786 ut
696 1751 783 1786 dicit
799 1751 1012 1786 Comment.
1028 1752 1064 1785 in
1086 1763 1115 1798 3.
1135 1751 1180 1786 de
1195 1751 1332 1786 Anima
1347 1751 1541 1798 (comment.
1556 1751 1627 1797 18.)
1637 1763 1650 1793 ;

36 1813 38 1815 '
66 1816 154 1853 ergo
176 1805 322 1840 habitus
343 1816 419 1841 non
441 1814 495 1841 est
517 1817 536 1840 a
557 1814 699 1840 natura.

137 1869 169 1894 2.
191 1859 432 1895 PRAETEREA.
455 1859 594 1894 Natura
616 1870 692 1894 non
713 1858 801 1894 facit
821 1871 884 1906 per
907 1859 992 1902 duo,
1015 1859 1112 1906 quod
1140 1871 1204 1906 per
1231 1871 1345 1894 unum
1367 1867 1489 1906 potest
1509 1858 1650 1894 facere:

65 1912 128 1948 sed
149 1913 334 1961 potentiae
357 1913 502 1949 animae
530 1921 613 1948 sunt
641 1925 660 1948 a
686 1922 833 1948 natura:
857 1914 887 1948 si
908 1914 1018 1960 igitur
1039 1913 1184 1948 habitus
1211 1913 1459 1961 potentiarum
1482 1925 1502 1948 a
1523 1921 1653 1948 natura

67 1975 197 2010 essent,
219 1967 374 2010 habitus,
397 1975 433 2002 et
453 1967 616 2015 potentia
639 1975 759 2002 essent
780 1979 905 2002 unum.

141 2032 170 2068 3.
192 2021 432 2057 PRAETEREA.
455 2021 594 2056 Natura
615 2032 691 2056 non
713 2021 835 2056 deficit
856 2022 891 2055 in
914 2021 1146 2056 necessariis:
1170 2021 1232 2056 sed
1256 2021 1400 2056 habitus
1423 2029 1507 2056 sunt
1532 2032 1655 2056 neces-

67 2075 149 2112 sarii
171 2074 216 2110 ad
237 2075 330 2110 bene
352 2075 592 2122 operandum,
611 2083 650 2110 ut
671 2087 779 2122 supra
801 2075 940 2109 dictum
963 2083 1017 2110 est
1032 2075 1077 2121 (q.
1093 2086 1150 2122 49.
1166 2080 1230 2110 art.
1245 2076 1311 2121 4.);
1333 2075 1363 2110 si
1380 2075 1491 2121 igitur
1509 2075 1654 2109 habitus

68 2127 179 2176 aliqui
199 2137 320 2164 essent
333 2140 353 2164 a
366 2137 508 2171 natura,
528 2129 672 2164 videtur
689 2129 787 2176 quod
803 2137 932 2163 natura
953 2140 1028 2163 non
1047 2128 1229 2171 deficeret,
1248 2129 1335 2176 quin
1355 2141 1485 2164 omnes
1507 2129 1660 2164 habitus.

67 2183 294 2218 necessarios
315 2191 499 2219 causaret:
522 2191 622 2230 patet
648 2191 771 2218 autem
797 2183 869 2218 hoc
897 2194 976 2218 esse
1003 2182 1153 2226 falsum3
1177 2194 1265 2230 ergo
1289 2183 1434 2218 habitus
1456 2194 1531 2218 non
1559 2191 1613 2218 est
1635 2194 1654 2217 a

68 2243 208 2272 natura.

141 2289 218 2326 SED
240 2300 398 2327 CONTRA
419 2299 484 2333 est,
506 2291 605 2338 'quod
627 2290 663 2325 in
686 2289 718 2325 6.
742 2290 823 2325 Eth.
847 2291 941 2338 (cap.
965 2291 1015 2336 6.)
1038 2291 1132 2325 inter
1154 2290 1246 2325 alios
1269 2291 1413 2325 habitus
1436 2290 1586 2338 ponitur
1608 2292 1656 2324 in-

70 2344 211 2381 allectus
224 2345 488 2392 principiorum,
515 2345 578 2391 qui
599 2352 653 2379 est
675 2356 694 2379 a
716 2352 864 2387 natura;
887 2344 982 2379 unde
1005 2353 1040 2379 et
1061 2345 1237 2391 principia
1260 2345 1379 2392 prima
1407 2344 1576 2379 dicuntur
1597 2355 1657 2378 na-

68 2397 232 2434 turaliter
253 2399 412 2446 cognita.

141 2451 374 2488 RESPONDEO
397 2452 606 2494 dicendum,
625 2451 723 2499 quod
746 2451 882 2498 aliquid
901 2460 1022 2498 potest
1043 2463 1122 2486 esse
1144 2452 1310 2487 naturale
1333 2451 1441 2486 alicui
1463 2452 1655 2500 dupliciter:

70 2517 135 2541 uno
158 2505 254 2540 modo
276 2506 478 2541 secundum
500 2514 669 2540 naturam
693 2505 844 2552 speciei3
868 2506 960 2540 sicut
983 2505 1147 2540 naturale
1170 2514 1223 2540 est
1245 2506 1388 2540 homini
1408 2517 1486 2540 esse
1509 2504 1656 2548 risibile,

72 2567 107 2595 et
125 2559 202 2606 igni
222 2558 307 2594 ferri
328 2571 490 2594 sursum:
514 2560 580 2595 alio
603 2559 700 2594 modo
728 2559 929 2594 secundum
956 2568 1126 2594 naturam
1153 2559 1349 2602 individui3
1372 2560 1466 2594 sicut
1491 2558 1656 2594 naturale

72 2620 127 2648 est
140 2612 295 2656 Socrati,
313 2612 371 2648 vel
386 2612 531 2648 Platoni
547 2624 626 2648 esse
649 2613 930 2659 aegrotativum,
945 2613 1003 2647 vel
1018 2613 1227 2648 sanativum
1247 2613 1449 2648 secundum
1470 2613 1657 2660 propriam

73 2665 379 2713 complexionem.
402 2665 540 2701 Rursus
561 2666 765 2701 secundum
787 2674 979 2713 utramque
1001 2675 1169 2701 naturam
1198 2675 1318 2713 potest
1345 2667 1416 2701 dici
1439 2666 1575 2713 aliquid
1597 2677 1659 2701 na-

72 2719 188 2754 turale
209 2719 405 2767 dupliciter:
428 2732 494 2755 uno
517 2720 626 2763 modo,
649 2720 733 2766 quia
754 2726 874 2754 totum
897 2728 950 2754 est
977 2731 996 2754 a
1022 2728 1169 2756 natura:
1192 2721 1260 2755 alio
1283 2720 1392 2763 modo,
1421 2721 1505 2767 quia
1532 2731 1659 2754 secun-

74 2772 161 2809 dum
183 2772 318 2820 aliquid
333 2781 419 2809 esta
433 2783 574 2817 natura,
588 2782 623 2808 et
638 2773 839 2808 secundum
863 2773 997 2820 aliquid
1017 2782 1072 2809 est
1090 2774 1132 2808 ab
1153 2774 1323 2809 exteriori
1346 2774 1544 2821 principio:
1565 2774 1659 2809 sicut

75 2838 160 2863 cum
181 2827 310 2875 aliquis
333 2836 480 2863 sanatur
502 2839 565 2875 per
586 2828 760 2875 seipsum,
785 2835 862 2862 tota
889 2828 1024 2863 sanitas
1047 2836 1100 2863 est
1123 2839 1141 2862 a
1163 2836 1312 2862 natura:
1337 2839 1421 2862 cum
1445 2836 1567 2863 autern
1599 2828 1660 2862 ali-

75 2881 154 2929 quis
175 2889 323 2917 sanatur
344 2881 479 2918 auxilio
502 2881 718 2924 medicinae,
741 2881 875 2916 sanitas
897 2882 1030 2928 partim
1058 2890 1111 2916 est
1133 2893 1154 2916 a
1175 2890 1317 2924 natura,
1340 2882 1472 2928 partim
1496 2882 1539 2916 ab
1566 2889 1661 2916 exte-

222 2963 251 2992 S.
273 2963 397 2990 ΤιιοΜΛε
420 2963 525 2990 Summa
553 2963 716 2999 Theologica.
740 2963 804 2989 Vol.
828 2963 866 2990 11.
1483 2973 1519 2998 24
