1907 3198
0 2906 2 2978 l

499 206 722 243 QUAESTIO
756 206 905 236 va111.
940 205 1186 236 ARTICULUS
1221 204 1264 234 11.
1582 204 1663 247 473

92 289 213 326 nullus
235 297 354 337 potest
374 289 574 336 pervenire,
596 289 665 323 nisi
688 297 889 331 moveatur,
905 296 940 323 et
961 288 1158 322 deducatur
1174 298 1193 321 a
1213 286 1348 333 Spiritu
1366 285 1522 328 Sanct03
1538 292 1572 319 et
1586 285 1668 320 ideo

95 344 139 379 ad
160 343 262 379 illum
285 343 396 379 finem
423 343 723 390 consequendum
749 343 996 378 necessarium
1024 350 1077 377 est
1103 342 1246 376 homini
1274 340 1407 375 habere
1431 340 1569 374 donum
1593 339 1671 386 Spi-

94 400 182 434 ritus
205 397 341 433 Sancti.

165 452 226 487 AD
240 462 391 487 PRIMUM
404 463 493 498 ergo
511 451 719 494 dicendum,
734 451 830 498 quod
848 452 943 486 dona
959 451 1138 486 excedunt
1153 461 1392 485 communem
1407 449 1670 496 perfectionem

92 505 278 549 virtutum,
299 517 374 540 non
396 514 570 552 quantum
595 506 638 540 ad
661 517 775 552 genus
798 517 963 552 operum,
979 516 1023 540 eo
1043 506 1155 540 modo
1179 516 1252 551 quo
1276 504 1429 539 consilia
1451 504 1672 550 praecedunt

93 568 297 608 praecepta,
315 560 378 595 sed
394 568 569 606 quantum
585 560 628 594 ad
649 560 801 594 modurn
824 560 1009 606 operandi,
1029 559 1232 594 secundum
1247 559 1346 606 quod
1370 566 1538 593 movetur
1555 558 1672 592 horno

95 614 138 649 ab
161 613 280 649 altiori
300 614 489 661 principio.

165 668 227 704 AD
248 678 456 704 SECUNDUM
475 668 682 710 dicendum,
704 667 801 714 quod
824 679 888 714 per
908 667 1058 702 virtutes
1084 666 1327 713 theologicas,
1355 674 1389 701 et
1412 665 1571 701 morales
1597 677 1672 700 non

95 722 144 757 ita
165 721 348 769 perficitur
369 721 484 757 homo
500 722 536 756 in
551 722 679 757 ordine
702 722 745 756 ad
761 722 932 756 ultimum
948 721 1070 764 finem,
1093 721 1179 768 quin
1201 732 1344 767 semper
1357 721 1518 767 indigeat
1532 720 1675 755 moveri

96 775 256 823 quodam
282 776 460 823 superiori
486 776 658 811 instinctu
681 776 834 823 Spiritus
858 775 994 817 Sancti,
1017 776 1158 810 ratione
1177 776 1251 821 jam
1273 775 1370 809 dicta
1389 775 1442 820 (in
1464 781 1553 821 corp.
1577 774 1673 819 art).

167 830 228 866 AD
250 840 422 866 TERTIUM
444 830 651 873 dicendum,
674 830 772 877 quod
802 830 934 864 rationi
956 830 1139 864 humanae
1162 840 1237 864 non
1261 837 1344 863 sunt
1365 829 1490 864 omnia
1513 828 1672 875 cognita,

94 895 213 931 neque
235 884 360 919 omnia
382 884 579 932 possibilia,
602 884 677 919 sive
701 884 900 931 accipiatur
922 892 960 918 ut
982 883 1141 931 perfecta
1168 882 1391 930 perfectione
1413 883 1580 925 naturali,
1599 883 1674 917 sive

97 937 296 985 accipiatur
321 946 360 973 ut
385 937 545 985 perfecta
571 937 791 985 theologicis
819 938 1026 980 virtutibus;
1055 938 1150 973 unde
1177 950 1252 973 non
1279 946 1399 985 potest
1425 946 1601 984 quantum
1630 936 1674 971 ad

97 992 222 1027 omnia
242 991 416 1040 repellere
437 992 638 1035 stultitiam,
666 1000 702 1027 et
728 991 797 1026 alia
823 992 1048 1038 hujusmodi,
1076 992 1119 1027 de
1142 992 1270 1039 quibus
1293 992 1341 1027 ibi
1366 991 1406 1027 fit
1432 992 1589 1026 mentio:
1613 991 1675 1026 sed

96 1045 170 1089 ille,
192 1047 294 1092 cujus
315 1046 500 1089 scientiae,
523 1054 557 1081 et
578 1046 748 1093 potestati
770 1046 895 1080 omnia
924 1046 1086 1089 subsunt,
1115 1059 1179 1081 sua
1206 1047 1371 1081 motione
1399 1047 1441 1081 ab
1470 1047 1572 1082 omni
1593 1045 1677 1081 stul-

96 1100 186 1143 titia,
208 1107 244 1135 et
264 1100 480 1147 ignorantia,
503 1108 538 1135 et
558 1100 789 1143 hebetudine,
813 1109 847 1135 et
869 1100 1010 1143 duritia,
1030 1109 1065 1136 et
1083 1102 1236 1136 caeteris
1255 1101 1467 1147 hujusmodi
1488 1112 1556 1136 nos
1578 1109 1675 1136 tutos

98 1153 226 1196 reddit,
248 1162 283 1189 et
303 1154 386 1190 ideo
408 1154 504 1188 dona
528 1154 682 1201 Spiritus
705 1154 841 1197 Sancti,
863 1166 955 1201 quae
979 1154 1116 1189 faciunt
1137 1166 1204 1190 nos
1226 1155 1318 1190 bene
1341 1163 1533 1202 sequentes
1555 1155 1678 1190 instin-

99 1215 199 1243 ctum
219 1207 343 1255 ipsius,
363 1207 532 1243 dicuntur
553 1216 679 1243 contra
700 1208 912 1255 hujusmodi
935 1208 1096 1244 defectus
1119 1209 1205 1244 dari.

653 1332 1002 1378 ARTICULUS
1037 1333 1116 1376 111.
1606 1345 1672 1392 358

335 1441 500 1472 UTRUM
526 1441 652 1472 DONA
679 1441 873 1472 SPIRITUS
902 1442 1061 1473 SANCTI
1090 1442 1189 1472 SINT
1218 1442 1423 1472 HABITUS.

173 1531 234 1566 AD
252 1540 425 1567 TERTIUM
446 1531 497 1566 sic
519 1530 738 1578 proceditur.
760 1530 924 1577 Videtur,
947 1531 1045 1578 quod
1068 1531 1163 1566 dona
1187 1531 1341 1579 Spiritus
1365 1531 1490 1566 Sancti
1511 1542 1586 1566 non
1604 1532 1675 1567 sint

99 1583 263 1620 habitus:
285 1584 428 1620 habitus
451 1585 549 1620 enirn
571 1593 626 1620 est
647 1585 802 1631 qualitas
823 1585 859 1619 in
882 1585 1033 1620 homine
1060 1597 1229 1620 manens:
1253 1594 1305 1620 est
1328 1586 1427 1620 enim
1450 1586 1596 1632 qualitas
1615 1586 1677 1633 dif-

88 1638 179 1686 ficile
203 1639 346 1682 mobilis,
373 1647 412 1674 ut
438 1639 568 1674 dicitur
594 1640 630 1674 in
657 1639 884 1674 Praedicam.
912 1639 1002 1686 (cap.
1030 1639 1066 1674 da
1103 1640 1232 1685 Qualit.
1270 1651 1289 1674 a
1311 1641 1462 1687 princ.):
1497 1640 1558 1675 sed
1592 1652 1673 1687 pro-

97 1692 215 1740 prium
237 1692 375 1728 Christi
401 1701 466 1736 est,
493 1693 590 1740 quod
617 1693 714 1728 dona
745 1693 899 1740 Spiritus
923 1693 1047 1728 Sancti
1078 1694 1114 1728 in
1145 1705 1189 1728 eo
1218 1694 1458 1741 requiescant,
1483 1703 1521 1729 ut
1543 1695 1676 1730 dicitur

95 1746 164 1782 Isa.
190 1757 254 1790 11.,
276 1755 312 1783 et
327 1747 432 1794 Joan.
459 1758 487 1782 1.
511 1747 660 1783 dicitur:
682 1747 792 1795 Super
817 1759 912 1794 quam
939 1747 1063 1782 videris
1088 1749 1244 1794 spiritum
1271 1748 1525 1792 descendentem,
1553 1754 1584 1784 et
1604 1761 1677 1784 ma-

96 1805 224 1837 nentem
243 1807 340 1849 super
359 1813 445 1844 eum,
469 1802 521 1837 hic
542 1806 598 1844 est,
625 1802 683 1848 qui
702 1803 859 1849 baptizat.
882 1801 995 1842 Quod
1019 1813 1204 1848 exponens
1226 1801 1429 1849 Gregorius
1443 1803 1479 1837 in
1495 1813 1526 1838 2.
1547 1803 1677 1838 Moral.

98 1854 189 1903 (cap.
207 1866 261 1903 27.
290 1857 351 1891 cir.
377 1855 479 1901 med.)
502 1855 605 1890 dicit:
628 1855 668 1890 In
689 1857 814 1890 cunctis
831 1855 988 1902 fidelibus
1014 1856 1160 1902 Spiritus
1185 1856 1324 1891 Sanctus
1349 1859 1452 1899 venit,
1480 1857 1532 1892 sed
1554 1859 1588 1892 in
1610 1858 1676 1893 solo

98 1909 283 1946 Mediatore
299 1917 424 1958 semper
442 1910 660 1958 singulariter
675 1915 872 1957 permanan·
902 1921 990 1957 ergo
1014 1910 1110 1944 dona
1146 1910 1300 1957 Spiritus
1332 1910 1458 1946 Sancti
1487 1923 1562 1946 non
1591 1920 1676 1946 sunt

97 1963 253 2000 habitus.

171 2028 203 2054 2.
225 2018 463 2055 PRAETEREA.
486 2019 595 2054 Dona
615 2018 770 2065 Spiritus
790 2018 915 2053 Sancti
935 2017 1127 2065 perficiunt
1140 2019 1344 2063 hominem,
1360 2020 1560 2054 secundum
1581 2020 1678 2067 quod

101 2072 217 2120 agitur
237 2084 257 2108 a
278 2073 403 2120 spiritu
429 2072 512 2115 Dei,
534 2073 627 2108 sicut
654 2073 793 2107 dictum
821 2081 873 2107 est
901 2072 982 2117 (art.
1010 2085 1036 2108 ι.
1064 2078 1092 2108 et
1122 2085 1154 2109 2.
1179 2074 1337 2120 praec).-
1370 2074 1432 2108 sed
1462 2074 1678 2121 inquantum

99 2126 216 2162 homo
239 2127 357 2174 agitur
379 2139 399 2162 a
420 2127 546 2175 spiritu
564 2127 646 2169 Dei,
661 2138 699 2162 se
721 2127 830 2161 habet
848 2127 1127 2174 quodammodo
1149 2135 1187 2162 ut
1209 2127 1490 2162 instrumentum
1514 2137 1678 2175 respectu

101 2181 198 2227 ejus:
220 2192 296 2216 non
319 2189 441 2216 autem
456 2181 638 2223 convenit,
654 2189 693 2215 ut
710 2181 995 2216 instrumentum
1013 2181 1219 2228 perficiatur
1239 2194 1303 2229 per
1317 2182 1494 2225 habitum,
1510 2183 1572 2218 sed
1587 2184 1679 2230 prin-

101 2235 217 2282 cipale
233 2247 363 2283 agens;
378 2247 467 2283 ergo
486 2235 583 2270 dona
599 2235 752 2282 Spiritus
768 2235 892 2270 Sancti
906 2247 980 2270 non
996 2244 1077 2270 sunt
1092 2236 1246 2271 habitus.

174 2301 204 2337 3.
225 2289 463 2326 PRAETEREA.
488 2290 590 2324 Sicut
611 2290 707 2324 dona
731 2290 885 2336 Spiritus
906 2290 1031 2324 Sancti
1054 2298 1137 2324 sunt
1156 2302 1198 2325 ex
1217 2290 1454 2336 inspiratione
1478 2291 1611 2333 divina,
1631 2291 1678 2326 ita

101 2343 239 2379 donum
264 2344 499 2392 prophetiae:
527 2344 590 2379 sed
618 2344 808 2391 prophetia
835 2355 909 2378 non
938 2353 991 2379 est
1017 2344 1178 2379 habitus:
1206 2356 1281 2380 non
1309 2345 1407 2379 enirn
1435 2345 1578 2392 spiritus
1600 2357 1680 2392 pro-

101 2397 244 2445 phetiae
259 2397 360 2434 adest
372 2398 560 2446 prophetis
574 2409 728 2444 semper,
745 2406 783 2432 ut
798 2397 999 2445 Gregorius
1015 2398 1100 2432 dicit
1115 2399 1149 2433 in
1166 2399 1281 2446 prima
1299 2399 1410 2433 Hom.
1424 2411 1531 2446 super
1546 2399 1677 2434 Ezech.

102 2451 282 2500 (aliquant.
305 2463 325 2487 a
342 2452 498 2501 princ.);
521 2463 610 2499 ergo
632 2463 750 2498 neque
772 2452 882 2486 etiam
906 2452 1002 2487 dona
1026 2452 1178 2499 Spiritus
1203 2452 1329 2487 Sancti
1351 2463 1434 2488 sunt
1451 2454 1605 2488 habitus.

171 2505 248 2541 SED
269 2515 425 2542 CONTRA
447 2514 501 2541 est
522 2505 569 2548 id,
591 2505 689 2552 quod
712 2506 895 2541 Dominus
918 2506 1004 2541 dicit
1026 2506 1212 2553 discipulis
1235 2507 1278 2541 de
1303 2507 1437 2554 Spiritu
1465 2508 1602 2542 Sancto
1625 2507 1676 2542 lo-

102 2563 227 2606 quens,
249 2559 352 2606 Joan.
383 2570 454 2603 14:
482 2559 585 2607 Apud
604 2571 663 2594 vos
686 2561 844 2603 manebit,
867 2565 894 2595 el
916 2561 950 2594 in
971 2562 1064 2595 vobis
1085 2562 1168 2595 crit:
1194 2560 1348 2607 Spiritus
1371 2570 1492 2595 autem
1520 2561 1676 2595 Sanctus

41 2622 46 2626 ·
101 2623 177 2648 non
198 2621 252 2648 est
271 2613 307 2648 in
328 2613 540 2648 hominibus
563 2613 697 2660 absque
724 2613 829 2648 donis
857 2615 951 2659 ejus;
979 2626 1067 2661 ergo
1095 2615 1190 2649 dona
1219 2616 1295 2660 ejus
1323 2623 1472 2649 manent
1499 2615 1533 2648 in
1562 2615 1679 2649 homi-

102 2665 224 2710 nibus3
246 2677 333 2714 ergo
355 2678 430 2702 non
453 2667 574 2703 solum
596 2677 679 2702 sunt
701 2676 813 2710 actus,
836 2667 893 2702 vel
916 2670 1116 2715 passiones,
1139 2669 1201 2703 sed
1229 2669 1338 2704 etiam
1368 2669 1511 2703 habitus
1539 2680 1678 2716 perma-

101 2728 239 2756 nentes.
385 2763 387 2766 Α

174 2774 406 2812 RESPONDEO
428 2775 636 2817 dicendum,
656 2775 766 2822 quod,
788 2776 880 2811 sicut
902 2776 1039 2811 dictum
1062 2785 1115 2811 est
1138 2777 1219 2821 (art.
1243 2789 1268 2812 r.
1298 2777 1367 2822 huj.
1391 2778 1451 2823 q),
1476 2776 1571 2811 dona
1595 2785 1678 2811 sunt

105 2828 285 2876 quaedam
306 2829 547 2876 perfectiones
569 2829 742 2872 hominis,
765 2830 894 2876 quibus
917 2831 1120 2877 disponitur
1147 2831 1189 2865 ad
1213 2831 1297 2872 hoc,
1320 2831 1417 2877 quod
1445 2831 1560 2865 homo
1587 2830 1678 2865 bene

105 2890 277 2930 sequatur
302 2883 513 2919 instinctum
542 2882 696 2930 Spiritus
724 2883 860 2918 Sancti.
888 2883 1123 2919 Manifestum
1154 2893 1208 2919 cst
1236 2893 1354 2919 autem
1391 2897 1433 2919 cx
1464 2884 1678 2931 supradictis

107 2936 156 2983 (q.
173 2937 226 2983 56.
248 2941 313 2972 art.
335 2949 368 2983 4.
390 2942 419 2974 et
440 2949 470 2985 q.
488 2938 540 2985 58.
568 2942 632 2972 art.
655 2937 714 2983 1.),
742 2938 839 2984 quod
867 2938 1015 2973 virtutes
1042 2938 1200 2973 morales
1227 2938 1418 2986 perficiunt
1445 2938 1518 2991 vini
1548 2939 1680 2986 appeti-
