1875 3198
239 184 324 237 706
663 194 885 229 QUAESTIO
921 194 1038 223 XCIX.
1073 193 1317 223 ARTICULUS
1351 194 1394 222 II.

231 276 338 310 minis
361 275 404 310 ad
424 276 557 317 Deum,
577 276 637 322 qui
660 284 713 310 est
731 276 915 322 opitimus‚
934 275 1002 310 nisi
1020 275 1190 310 homines
1213 274 1414 310 efficiantur
1434 276 1540 311 boni:
1560 276 1654 311 unde
1673 276 1802 311 dicitur

231 330 344 364 Levit.
372 340 443 376 19.:
467 329 582 364 Sancti
607 331 710 371 eritis,
733 331 891 375 quoniam
914 341 969 375 ego
990 334 1120 364 sanctus
1140 341 1231 364 sum:
1254 329 1396 363 bonitas
1419 337 1541 364 autem
1566 330 1726 364 hominis
1749 338 1803 365 est

228 384 352 425 virtus,
368 394 450 429 quae
460 384 549 430 facit
568 384 689 417 bonum
701 383 893 417 habentem:
910 391 944 417 et
961 382 1044 416 ideo
1061 383 1221 429 oportuit
1234 390 1426 429 praecepta
1441 382 1532 429 legis
1546 383 1678 418 vet'eris
1691 383 1802 418 etiam

230 437 273 471 de
297 437 432 471 actibus
455 436 629 470 virtutum
652 436 746 470 dari:
769 444 804 470 et
824 436 916 470 haec
940 444 1022 470 sunt
1044 435 1198 470 moralia
1220 435 1311 481 legis
1337 444 1540 483 praecepta.

301 491 361 525 AD
384 501 533 525 PRIMUM
557 501 644 535 ergo
667 489 874 531 dicendum,
902 489 999 535 quod
1025 489 1082 523 lex
1108 497 1211 524 vetus
1239 489 1470 536 distinguitur
1496 501 1516 524 a
1537 490 1619 536 lege
1640 499 1802 533 naturae,

228 556 303 579 non
325 553 513 590 tamquam
537 544 578 577 ab
607 555 649 577 ea
676 543 828 577 omnino
853 543 981 585 aliena,
1004 543 1066 577 sed
1091 551 1280 589 tamquam
1308 554 1350 577 ea
1377 542 1511 590 aliquid
1538 544 1800 590 superaddens:

228 599 321 633 sicut
345 598 442 632 enim
465 598 579 643 gratia
605 597 865 643 praesupponit
890 605 1079 639 naturam3
1106 597 1155 631 ita
1182 605 1336 643 oportet,
1364 596 1462 643 quod
1483 596 1541 631 lex
1563 597 1685 632 divina
1705 609 1804 644 prae-

228 660 409 698 supponat
430 651 551 697 legem
573 650 789 685 naturalem.

299 706 358 739 AD
382 715 589 739 SECUNDUM
606 704 812 746 dicendum,
829 703 925 750 quod
941 703 1013 750 legi
1028 704 1171 738 divinae
1187 704 1412 739 conveniens
1431 712 1517 746 erat,
1535 712 1575 739 ut
1587 716 1663 739 non
1681 704 1802 739 solum

229 759 435 806 provideret
455 758 599 792 homini
620 758 656 791 in
678 758 746 799 his,
771 757 814 791 ad
842 769 933 804 quae
961 758 1053 792 ratio
1081 769 1155 792 non
1182 765 1313 804 potest,
1341 758 1405 792 sed
1431 758 1541 792 etiam
1562 759 1598 792 in
1618 758 1687 800 his,
1707 758 1803 792 circa

228 824 320 859 quae
343 812 521 858 contingit
542 812 721 846 rationem
744 811 904 845 hominis
927 811 1111 857 impediri:
1135 811 1226 845 ratio
1250 819 1372 845 autem
1398 811 1560 846 hominis
1587 812 1684 846 circa
1704 824 1804 858 prae-

229 875 331 913 cepta
354 866 509 900 moralia
532 874 707 911 quantum
737 865 781 899 ad
801 866 879 911 ipsa
902 865 1206 899 communissima
1228 873 1421 911 praecepta
1443 864 1533 911 legis
1555 873 1705 900 naturae
1726 877 1802 900 non

228 927 370 966 poterat
388 930 505 953 errare
529 919 564 952 in
586 918 798 953 universali:
823 918 885 952 sed
905 926 1028 952 tamen
1052 927 1199 965 propter
1222 919 1524 953 consuetudinem
1546 919 1723 965 peccandi
1744 919 1804 953 ob-

226 974 437 1008 scurabatur
458 973 495 1006 in
517 972 793 1019 particularibus
815 972 984 1018 agendis:
1010 972 1105 1006 circa
1130 972 1199 1006 alia
1217 983 1306 1006 vero
1324 980 1519 1019 praecepta
1536 972 1691 1007 moralia
1709 984 1802 1019 quae

227 1036 310 1061 sunt
331 1027 434 1073 quasi
448 1026 704 1060 conclusiones
720 1026 894 1060 deductae
910 1037 951 1060 ex
968 1026 1226 1060 communibus
1240 1026 1424 1072 principiis
1439 1025 1529 1072 legis
1546 1034 1696 1061 naturae
1713 1026 1804 1060 mul-

226 1091 348 1115 torum
370 1080 462 1115 ratio
490 1080 701 1122 oberrabat3
724 1080 772 1114 ita
794 1088 832 1114 ut
854 1079 1046 1126 quaedam,
1069 1091 1162 1126 quae
1190 1087 1273 1114 sunt
1294 1080 1494 1114 secundum
1517 1092 1556 1115 se
1578 1080 1688 1122 mala,
1710 1081 1802 1115 ratio

226 1134 426 1168 multorum
449 1133 546 1168 licita
569 1134 761 1179 judicaret:
785 1134 880 1167 unde
903 1133 1064 1179 oportuit
1086 1141 1213 1167 contra
1234 1142 1428 1180 utrumque
1451 1133 1636 1168 defectum
1656 1134 1801 1168 homini

227 1188 409 1223 subveniri
437 1199 498 1234 per
525 1187 781 1221 auctoritatem
807 1187 898 1233 legis
925 1187 1087 1221 divinae:
1115 1187 1208 1221 sicut
1235 1187 1344 1221 etiam
1371 1188 1464 1222 inter
1491 1188 1671 1222 credenda
1697 1189 1801 1223 nobis

227 1249 477 1288 proponuntur
499 1253 573 1275 non
596 1240 718 1275 solum
740 1252 793 1283 ea,
817 1241 861 1274 ad
883 1252 981 1287 quae.
996 1241 1088 1275 ratio
1108 1241 1285 1287 attingere
1303 1252 1378 1275 non
1397 1249 1516 1287 potest
1538 1243 1594 1286 (ut
1611 1242 1722 1276 Deum
1740 1254 1801 1277 esse

226 1297 380 1340 trinum),
404 1295 465 1329 sed
494 1295 604 1329 etiam
632 1306 684 1336 ea,
713 1295 756 1328 ad
784 1306 875 1341 quae
903 1295 994 1329 ratio
1023 1302 1120 1329 recta
1146 1295 1351 1341 pertingere
1379 1303 1498 1340 potest
1525 1296 1580 1340 (ut
1605 1296 1717 1330 Deum
1741 1308 1802 1331 esse

227 1350 358 1394 mum),
383 1349 427 1382 ad
450 1349 716 1383 excludendum
739 1348 887 1382 rationis
906 1348 1090 1382 humanae
1112 1359 1284 1390 errorem,
1312 1349 1373 1394 qui
1400 1349 1588 1383 accidebat
1605 1349 1641 1383 in
1664 1349 1799 1384 multis.

299 1403 358 1437 AD
383 1413 554 1437 TERTIUM
578 1402 784 1442 dicendum,
807 1402 903 1448 quod
926 1402 1020 1436 sicut
1041 1402 1194 1448 August.
1217 1402 1345 1448 probat
1371 1402 1408 1436 in
1435 1403 1494 1436 lib.
1522 1402 1565 1436 de
1593 1402 1739 1449 Spiritu,
1767 1411 1802 1438 et

228 1457 349 1491 Litera
373 1456 459 1502 (rap.
483 1456 565 1500 ιφ),
589 1456 699 1490 etiam
718 1455 821 1490 litera
843 1456 934 1501 legis
962 1464 1139 1502 quantum
1166 1456 1209 1490 ad
1236 1465 1428 1503 praecepta
1455 1456 1608 1491 moralia
1634 1457 1801 1491 occidere

226 1511 356 1544 dicitur
377 1509 675 1551 occasionaliter3
695 1510 911 1556 inquantum
927 1509 1066 1544 scilicet
1079 1510 1254 1556 praecipit
1268 1510 1365 1557 quod
1379 1510 1516 1545 bonum
1537 1518 1601 1553 est,
1615 1522 1690 1545 non
1705 1522 1803 1558 prae-

225 1565 314 1599 bens
338 1564 512 1598 auxilium
535 1564 671 1610 gratiae
694 1563 737 1597 ad
760 1563 997 1610 implendum.

780 1725 1125 1771 ARTICULUS
1161 1726 1240 1769 III.
1737 1738 1801 1784 526

301 1835 457 1864 UTRUM
490 1835 573 1864 LEX
607 1835 748 1864 VETUS
784 1834 1041 1864 CONTINEAT
1075 1835 1330 1864 PRAECEPTA
1363 1835 1718 1865 CAEREMONIALIA

791 1901 988 1930 PRAETER
1022 1901 1232 1930 MORALIA.

479 1994 582 2040 (Insr.
606 2000 671 2029 art.
694 2005 726 2039 4.
750 1999 779 2029 et
796 2006 824 2040 5.
848 2001 937 2041 corp.
961 1999 991 2029 et
1013 2006 1042 2040 q.
1065 2007 1134 2030 101.
1158 1999 1221 2029 art.
1243 2007 1271 2030 1.
1294 2006 1325 2030 2.
1347 1999 1376 2030 et
1396 2005 1429 2039 4.
1452 2000 1542 2041 corp.

277 2053 304 2083 ct
330 2060 359 2094 q.
388 2060 453 2094 105.
483 2053 549 2082 art.
574 2060 601 2094 3.
630 2054 721 2095 corp.
745 2053 772 2082 et
799 2048 840 2082 ad
864 2060 892 2094 3.
921 2060 950 2094 q.
978 2060 1053 2093 104.
1081 2053 1144 2083 art.
1171 2060 1205 2093 4.
1231 2053 1260 2083 et
1280 2060 1345 2083 2-2.
1368 2060 1400 2094 q.
1426 2060 1480 2084 22.
1507 2054 1572 2084 art.
1600 2061 1627 2083 ι.
1653 2048 1696 2083 ad
1721 2060 1752 2084 2.

502 2106 529 2136 el
553 2102 678 2146 Quodl.
701 2113 731 2137 2.
754 2107 817 2136 art.
837 2114 863 2148 3.
888 2108 978 2148 corp.
1001 2107 1030 2136 et
1052 2102 1174 2147 Qnodl.
1198 2113 1231 2147 4.
1254 2107 1318 2136 art.
1341 2114 1384 2148 13.
1407 2102 1526 2149 corp).

294 2203 355 2237 AD
375 2212 547 2237 TERTIUM
570 2202 620 2236 sic
642 2203 860 2248 proceditur.
884 2202 1048 2244 Videtur,
1071 2202 1168 2249 quod
1190 2202 1248 2236 lex
1268 2210 1372 2237 vetus
1394 2213 1468 2236 non
1491 2202 1677 2236 contineat
1703 2211 1804 2248 prae-³

225 2264 328 2302 cepta
350 2255 634 2290 caeremonialia
656 2264 797 2302 praeter
819 2256 990 2290 moralia:
1011 2256 1131 2290 omnis
1150 2256 1249 2291 enirn
1265 2255 1334 2298 lex,
1351 2267 1442 2302 quae
1458 2255 1668 2290 hominibus
1685 2256 1817 2298 datur,

224 2318 277 2344 est
298 2310 471 2344 directiva
492 2310 741 2343 humanorum
766 2318 932 2344 actuum:
958 2318 1057 2344 actus
1078 2318 1200 2344 autem
1222 2310 1374 2344 humani
1395 2310 1536 2344 morales
1557 2309 1736 2351 dicuntur,
1761 2316 1801 2344 ut

222 2375 329 2410 supra
352 2364 490 2397 dictum
513 2371 567 2397 est
588 2365 635 2409 (q.
657 2376 683 2398 I.
707 2369 770 2398 art.
791 2365 857 2410 3.);
881 2375 968 2409 ergo
990 2364 1142 2405 videtur,
1166 2363 1263 2409 quod
1285 2363 1322 2397 in
1343 2362 1424 2409 lege
1450 2363 1564 2398 veteri
1589 2363 1799 2398 hominibus

223 2418 305 2451 data
326 2429 400 2451 non
423 2417 577 2451 debeant
600 2417 776 2451 contineri
800 2418 868 2451 nisi
891 2426 1084 2463 praecepta
1106 2417 1273 2451 moralia.

295 2481 324 2504 2.
341 2471 578 2506 PRAETEREA.
594 2470 806 2516 Praecepta,
822 2483 913 2516 quae
929 2471 1096 2504 dicuntur
1111 2470 1382 2513 caerenmnialia,
1397 2470 1564 2504 videntur
1578 2469 1623 2504 ad
1637 2470 1798 2504 divinum

223 2525 360 2559 cultum
380 2525 576 2571 pertinere;
599 2525 660 2558 sed
681 2524 822 2558 divinus
843 2524 959 2558 cultus
979 2532 1033 2558 est
1047 2532 1147 2558 actus
1162 2524 1315 2565 virtutis,
1330 2523 1469 2558 scilicet
1482 2522 1680 2570 religionis,
1695 2533 1798 2570 quae,

222 2587 259 2612 ut
282 2578 425 2612 Tullius
453 2578 539 2612 dicit
565 2578 600 2611 in
627 2589 690 2612 sua
717 2578 868 2612 Rhetor.
898 2579 975 2621 (lib.
1003 2590 1034 2613 2.
1064 2578 1101 2612 de
1126 2578 1256 2612 Inveni.
1283 2577 1444 2623 aliquant.
1472 2581 1546 2612 ante
1568 2577 1645 2622 fin.)
1666 2577 1805 2612 divinae*

222 2637 362 2667 naturae
384 2633 522 2674 cultum,
546 2633 852 2677 caeremonz‘anzqm
875 2632 992 2677 alffius:
1017 2642 1101 2665 cum
1130 2631 1238 2676 igitur
1265 2638 1457 2677 praecepta
1483 2630 1638 2665 moralia
1659 2631 1729 2665 sint
1754 2630 1798 2665 de

223 2686 361 2720 actibus
382 2686 568 2727 virtutum,
592 2693 630 2719 ut
651 2685 788 2719 dictum
811 2693 863 2719 est
883 2687 962 2728 (art.
986 2685 1131 2731 praem),
1159 2685 1311 2726 videtur,
1339 2684 1436 2730 quod
1462 2692 1655 2731 praecepta
1682 2694 1798 2718 caere·

223 2739 397 2774 monialia
419 2750 493 2773 non
517 2739 586 2773 sint
608 2739 862 2784 distinguenda
887 2750 904 2772 a
928 2738 1138 2772 moralibus.

297 2805 326 2838 3.
354 2793 592 2827 PRAETEREA.
621 2793 820 2838 Praecepta
849 2791 1133 2826 caeremonialia
1166 2802 1243 2826 esse
1271 2791 1448 2832 videntur,
1483 2802 1575 2837 quae
1610 2790 1796 2837 figurative

224 2847 357 2893 aliquid
381 2846 601 2893 significant:
618 2846 691 2887 sed,
707 2846 800 2880 sicut
820 2846 972 2891 August.
992 2845 1079 2879 dicit
1092 2845 1128 2879 in
1145 2855 1175 2879 2.
1192 2845 1235 2879 de
1251 2844 1378 2879 Doctr.
1394 2843 1529 2879 Christ.
1547 2844 1635 2891 (cap.
1646 2856 1675 2891 3.
1690 2849 1718 2879 εἰ
1730 2843 1794 2889 4.),

222 2902 326 2935 verba
345 2902 428 2935 inter
451 2901 594 2935 homines
613 2901 826 2935 obtinuerunt
844 2898 1074 2946 principatum
1102 2898 1312 2945 significandi
1320 2911 1331 2939 ;
1360 2909 1448 2944 ergo
1474 2897 1573 2932 nulla
1600 2897 1795 2933 necessitas
