1955 3182
448 287 640 322 QUAESTIO
661 285 710 311 VI.

359 354 398 379 De
417 349 561 378 voluntario
577 352 605 380 ⁴et
624 342 806 371 involuntario.

209 433 232 451 1.
253 422 351 449 Utrum
373 419 400 443 in
419 414 546 442 humanis
566 410 672 437 actibus
691 406 846 433 inveniatur
867 400 965 428 volun-

299 462 410 488 tarium.

213 516 238 533 2.
259 505 357 531 Utrum
377 499 535 526 inveniatur
554 496 581 520 in
601 490 765 518 animalibus
785 486 884 512 brutis.

230 568 235 573 .
258 546 356 572 Utrum
375 538 560 568 voluntarium
580 534 669 570 possit
688 539 747 557 esse
761 529 863 562 absque
892 524 970 551 omni

211 557 223 582 υ)

302 592 375 611 actu.

211 640 237 664 4.
258 628 357 654 Utrum
375 621 509 650 violentia
528 616 665 644 voluntati
684 613 773 648 possit
792 608 901 635 inferri.

216 680 240 705 ς.
263 669 361 695 Utrum
380 662 514 691 violentia
534 663 628 685 causet
648 651 874 681 involontarium.

216 713 242 738 6.
265 710 363 736 Utrum
389 711 478 731 metus
505 706 601 727 causet
625 693 841 723 involuntarium
867 687 972 723 simpli-

307 756 383 775 citer.

239 814 244 818 .
266 792 364 818 Utrum
385 782 624 820 concupiscientia

239 855 244 860 .
265 833 363 859 Utrum
384 826 540 864 ignorantia
561 827 655 848 causet
674 815 902 845 involontarium.

639 783 733 805 causet
746 771 972 800 involontarium.

218 802 233 860 00⁸1

457 902 650 939 QUAESTIO
670 900 734 926 VII.

310 978 350 1004 De
371 971 564 1002 circumstantiis
584 969 748 994 humanorum
768 967 881 990 actuum,

221 1024 251 1048 in
270 1020 357 1056 quibus
374 1014 557 1043 voluntarium,
573 1015 595 1035 et
613 1005 814 1033 involontarium
836 999 976 1026 invenitur.

225 1097 249 1114 1.
271 1085 370 1112 Utrum
391 1076 596 1106 circumstantia
621 1073 657 1098 sit
683 1069 811 1096 accidens
834 1071 911 1090 actus
931 1062 980 1088 hu-

295 1125 379 1155 mani,
400 1121 443 1147 vel
465 1119 528 1153 quid
547 1117 592 1142 sit.

228 1178 253 1195 2.
274 1167 372 1193 Utrum
406 1157 626 1187 circumstantiae
660 1154 842 1178 humanorum
870 1152 980 1172 actuum

315 1207 370 1231 sint
391 1199 605 1229 considerandae
625 1205 640 1221 a
659 1192 821 1225 Theologo.

230 1260 253 1285 3.
273 1249 372 1275 Utrum
388 1243 584 1271 convenienter
598 1239 791 1264 enumerentur
806 1231 982 1256 circumstan-

316 1290 371 1315 tiae
392 1288 419 1312 in
439 1284 522 1311 tertio
543 1281 716 1306 Ethicorum.

229 1342 256 1365 4.
278 1331 376 1357 Utrum
393 1328 447 1352 sint
460 1321 624 1360 principales
639 1314 859 1344 circumstantiae
874 1315 985 1346 propter

319 1371 393 1406 quid,
414 1374 442 1393 et
455 1375 496 1397 ea,
512 1364 610 1399 quibus
625 1367 666 1386 est
683 1357 818 1393 operatio,
834 1360 864 1379 ut
884 1352 984 1378 dicitur

320 1414 348 1438 in
368 1410 450 1437 tertio
471 1406 644 1433 Ethicorum,

465 1483 657 1520 QUAESTIO
677 1480 757 1507 VIII.

320 1553 360 1579 De
379 1551 519 1579 voluntate,
540 1553 644 1581 quorum
662 1543 695 1567 sit
713 1545 740 1565 ut
758 1537 905 1564 volitorum.

239 1630 262 1647 1.
283 1619 382 1645 Utrum
402 1615 532 1642 voluntas
551 1612 587 1636 sit
606 1614 713 1635 tantum
733 1604 810 1630 boni.

239 1670 265 1688 2.
286 1661 384 1686 Utrum
404 1656 533 1683 voluntas
554 1653 589 1678 sit
608 1656 715 1676 tantum
735 1646 808 1676 finis,
827 1651 861 1668 an
887 1647 993 1670 eorum,

330 1708 398 1736 quae
418 1704 482 1723 sunt
502 1696 535 1721 ad
556 1694 647 1719 finem.

245 1753 268 1779 3.
289 1743 387 1770 Utrum
408 1739 547 1768 voluntas,
569 1735 591 1760 si
612 1739 653 1758 est
674 1737 779 1759 eorum,
798 1733 866 1761 quae
887 1728 950 1748 sunt
963 1721 996 1746 ad

329 1784 423 1813 finem,
444 1788 499 1805 uno
522 1784 584 1803 actu
604 1778 747 1800 moveatur
766 1770 793 1794 in
808 1768 901 1797 finem,
924 1770 951 1789 et
968 1764 996 1788 in

331 1834 372 1856 ea,
394 1831 462 1858 quae
483 1826 546 1845 sunt
566 1818 598 1842 ad
618 1816 711 1841 finem.

489 1890 682 1926 QUAESTIO
703 1888 755 1914 IX.

464 1956 504 1981 De
523 1954 618 1980 motivo
637 1947 785 1976 voluntatis.

249 2037 272 2054 1.
292 2026 390 2052 Utrum
410 2021 538 2049 voluntas
558 2021 702 2043 moveatur
721 2012 754 2038 ab
774 2008 927 2036 intellectu.

295 2067 394 2094 Utrum
414 2064 447 2089 ab
468 2061 590 2096 appetitu
610 2056 754 2082 sensitivo.

298 2109 396 2135 Utrum
416 2109 527 2130 moveat
546 2101 674 2135 seipsam,

297 2150 396 2176 Utrum
410 2151 552 2172 moveatur
567 2142 599 2167 ab
612 2140 702 2173 aliquo
715 2134 844 2162 exteriori
859 2130 1004 2167 principio.

299 2191 398 2217 Utrum
418 2192 560 2213 moveatur
581 2192 594 2208 a
615 2187 729 2215 corpore
752 2175 877 2203 coelesti.

299 2232 397 2258 Utrum
418 2233 561 2254 moveatur
581 2233 595 2249 a
614 2223 674 2248 Deo
695 2219 768 2250 solo,
790 2218 862 2242 sicut
881 2215 914 2240 ab
935 2219 1006 2238 exte-

341 2272 407 2298 riori
428 2268 574 2305 principio.

505 2332 699 2368 QUAESTIO
720 2331 756 2356 X.

390 2400 429 2425 De
449 2397 532 2427 modo,
554 2404 599 2429 quo
618 2392 736 2418 voluntas
754 2392 876 2414 movetur.

248 2078 278 2259 PP÷Y⁴P

261 2480 284 2496 1.
305 2468 404 2495 Utrum
424 2463 552 2490 voluntas
573 2459 605 2484 ad
634 2455 736 2490 aliquid
766 2450 927 2478 naturaliter
954 2454 1012 2473 mo-

348 2513 451 2534 veatur.

261 2561 286 2579 2.
309 2551 407 2576 Utrum
419 2551 561 2572 moveatur
572 2542 604 2567 de
619 2538 782 2566 necessitate
798 2544 811 2559 a
826 2542 875 2559 suo
891 2532 1013 2565 objecto,

264 2603 287 2628 3.
309 2592 407 2618 Utrum
428 2592 569 2613 moveatur
589 2584 621 2608 de
647 2579 812 2606 necessitate
832 2575 865 2600 ab
892 2571 1016 2598 infcriori

353 2636 484 2666 appetitu.

265 2685 291 2708 4.
312 2674 409 2700 Utrum
430 2674 572 2695 moveatur
592 2666 624 2690 de
648 2661 812 2688 necessitate
839 2657 871 2682 ab
891 2654 1018 2681 exteriori

336 2714 454 2744 motivo,
476 2709 549 2745 quod
569 2713 610 2733 est
630 2706 715 2731 Deus.

508 2774 700 2810 QUAESTIO
722 2772 773 2799 xl.

359 2842 398 2868 De
412 2840 547 2877 sruiu‘onc,
567 2844 628 2871 quae
649 2839 682 2860 cst
701 2837 769 2858 actm
787 2828 933 2856 voluntatis.

273 2917 297 2935 1.
319 2907 416 2934 Utrum
437 2904 490 2930 frui
510 2903 546 2928 sit
565 2907 641 2926 actus
662 2896 825 2933 aippctitivue
848 2891 997 2927 potentiae.

585 205 721 237 INDEX
753 200 912 232 PRIMAE
947 193 1177 226 SECUNDAE
1209 187 1377 219 PARTIS.

1017 284 1041 301 2.
1065 273 1164 299 Utrum
1184 270 1236 295 frui
1258 267 1407 293 conveniat
1426 269 1539 289 tantum
1563 257 1694 286 rationali
1717 264 1778 282 crea

1108 320 1195 342 turae,
1218 319 1252 335 an
1273 309 1357 334 etiam
1377 304 1540 331 animalibus
1560 301 1656 327 brutis.

1022 366 1046 391 3.
1068 356 1168 382 Utrum
1188 352 1283 377 fruitio
1304 350 1340 374 sit
1359 354 1466 373 tantum
1485 344 1577 370 ultimi
1596 342 1668 368 finis.

1020 408 1047 431 4.
1069 397 1169 423 Utrum
1189 395 1225 419 sit
1246 391 1337 418 solum
1357 389 1419 414 finis
1438 386 1535 413 habiti.

1264 469 1457 504 QUAESTIO
1476 467 1544 494 XII.

1108 537 1147 563 De
1167 535 1314 563 intentione,
1336 539 1397 566 quae
1418 534 1451 555 est
1471 532 1538 553 actus
1555 523 1703 552 voluntatis.

1028 614 1051 631 1.
1074 603 1174 630 Utrum
1194 599 1314 625 intentio
1336 597 1371 621 sit
1391 601 1468 620 actus
1486 590 1653 620 intellectus,
1673 585 1717 613 vel
1735 594 1783 611 vo-

1116 643 1244 669 luntatis,
1608 635 1619 646 ⁶

1076 686 1177 712 Utrum
1202 684 1236 708 sit
1256 687 1363 707 tantum
1383 677 1473 703 ultimi
1492 674 1565 700 finis.

1077 728 1177 754 Utrum
1197 724 1295 758 aliquis
1314 721 1404 756 possit
1422 716 1504 743 simul
1524 715 1578 740 duo
1598 710 1749 738 intendere.

1079 769 1179 795 Utrum
1199 765 1318 791 intentio
1339 762 1401 788 finis
1423 760 1459 784 sit
1476 758 1548 783 idem
1568 761 1645 781 actus
1664 760 1726 778 cum
1738 758 1786 776 vo-

1119 809 1226 835 luntate
1248 807 1318 840 ejus,
1339 802 1413 838 quod
1433 806 1475 825 est
1495 798 1528 824 ad
1547 797 1640 822 finem.

1033 862 1059 887 5.
1079 852 1180 878 Utrum
1201 847 1321 874 intentio
1345 842 1494 870 conveniat
1511 839 1598 865 brutis
1615 833 1787 862 animalibus.

1027 697 1053 714 2.

1031 739 1054 763 3.

1029 781 1055 804 4.

1267 923 1463 960 QUAESTIO
1483 920 1566 948 XIII.

1129 993 1169 1018 De
1190 990 1316 1018 electione,
1339 993 1402 1020 quae
1422 987 1456 1008 est
1475 985 1545 1006 acius
1563 975 1701 1005 voluntatis

1081 1035 1110 1060 in
1133 1031 1320 1067 comparat-ione
1340 1026 1373 1052 ad
1392 1033 1431 1056 ea,
1451 1031 1513 1060 quoe
1531 1024 1589 1046 sunt
1607 1017 1640 1043 ad
1655 1015 1744 1051 finem.

1042 1109 1065 1126 1.
1085 1099 1185 1126 Utrum
1206 1095 1308 1121 electio
1335 1092 1371 1117 sit
1396 1095 1474 1116 actus
1499 1083 1662 1114 voluntatis,
1687 1080 1731 1107 vel
1757 1088 1796 1104 ra-

1124 1139 1222 1165 tionis.

1040 1192 1065 1209 2.
1086 1182 1186 1208 Utrum
1206 1177 1307 1203 electio
1330 1172 1478 1200 conveniat
1496 1168 1583 1195 brutis
1602 1163 1776 1192 animalibus,

1042 1234 1065 1258 3.
1086 1223 1185 1249 Utrum
1207 1219 1308 1245 electio
1330 1216 1366 1241 sit
1382 1213 1472 1240 solum
1486 1217 1593 1240 eorum,
1608 1214 1676 1241 quae
1691 1210 1754 1230 sunt
1766 1203 1799 1228 ad

1128 1263 1211 1288 finem
1225 1259 1269 1297 vel
1284 1259 1367 1283 etiam
1382 1253 1547 1290 quandoque
1562 1249 1647 1284 ipsius
1660 1246 1734 1272 finis.

1040 1317 1066 1340 4.
1090 1305 1188 1331 Utrum
1203 1301 1303 1327 electio
1319 1299 1355 1324 sit
1370 1302 1478 1323 tantum
1492 1300 1598 1322 eorum,
1611 1296 1679 1324 quae
1692 1295 1739 1322 per
1749 1293 1800 1311 nos

1129 1351 1257 1380 aguntur.

1043 1397 1067 1422 5.
1090 1387 1189 1414 Utrum
1205 1383 1305 1410 electio
1326 1382 1362 1406 sit
1377 1378 1469 1405 solum
1488 1373 1674 1411 possibilium.

1043 1431 1069 1457 6.
1090 1429 1189 1455 Utrum
1209 1427 1295 1452 homo
1312 1431 1344 1448 ex
1358 1420 1523 1446 necessitate
1536 1416 1633 1450 eligat,
1651 1411 1694 1439 vel
1706 1410 1800 1436 libere.

1276 1495 1470 1531 QUAESTIO
1489 1493 1568 1520 XIV.

1136 1564 1176 1590 De
1197 1561 1309 1592 consilio,
1331 1556 1396 1594 quod
1411 1553 1540 1592 praecedit
1560 1550 1714 1577 electionem.

1053 1635 1076 1651 1.
1098 1624 1199 1650 Utrum
1220 1618 1367 1646 consilium
1388 1617 1424 1641 sit
1443 1612 1596 1648 inquisitio.

1050 1677 1075 1694 2.
1098 1666 1198 1692 Utrum
1219 1661 1370 1689 consilium
1390 1659 1426 1683 sit
1446 1657 1478 1681 de
1503 1654 1568 1685 fine,
1589 1651 1632 1678 vel
1658 1648 1749 1676 solum
1773 1647 1806 1673 de

1140 1707 1184 1737 iis,
1206 1712 1274 1739 quae
1290 1707 1354 1727 sunt
1375 1700 1409 1726 ad
1427 1698 1520 1724 finem.

1054 1759 1078 1784 3.
1101 1748 1201 1775 Utrum
1222 1743 1369 1770 consilium
1384 1741 1420 1766 sit
1435 1738 1526 1764 solum
1544 1736 1577 1761 de
1591 1735 1635 1766 iis,
1650 1739 1718 1767 quae
1733 1739 1747 1756 a
1760 1738 1809 1755 no-

1144 1790 1159 1815 b
1166 1789 1189 1814 is
1214 1791 1342 1821 aguntur.

1016 1854 1019 1855 ⁷
1054 1842 1080 1865 4.
1102 1831 1200 1857 Utrum
1223 1825 1371 1853 consilium
1387 1824 1422 1848 sit
1443 1822 1475 1846 de
1491 1818 1631 1848 omnibus,
1646 1822 1714 1850 quae
1734 1821 1749 1838 a
1762 1820 1810 1837 no-

1143 1873 1186 1897 bis
1209 1874 1336 1904 aguntur.

1058 1923 1081 1948 5.
1102 1914 1200 1940 Utrum
1220 1908 1352 1945 procedat
1371 1905 1467 1931 ordine
1488 1899 1667 1928 resolutorie.

1057 1957 1082 1982 6.
1104 1955 1203 1981 Utrum
1223 1949 1371 1977 consilium
1391 1945 1522 1982 procedat
1541 1943 1570 1968 in
1584 1940 1730 1967 infinitum.

1303 2025 1496 2061 QUAESTIO
1516 2023 1580 2050 XV.

1166 2094 1205 2120 De
1227 2098 1351 2120 consensu,
1372 2087 1415 2124 qui
1434 2090 1468 2112 est
1487 2089 1556 2110 actus
1574 2080 1714 2108 voluntatis

1078 2139 1105 2164 in
1125 2134 1311 2171 comparatione
1331 2129 1365 2156 ad
1384 2136 1477 2158 eorum,
1498 2133 1560 2160 quae
1580 2127 1636 2148 sunt
1657 2120 1690 2147 ad
1705 2119 1794 2155 finem.

1065 2207 1087 2224 1.
1108 2197 1208 2223 Utrum
1229 2198 1381 2219 consensus
1405 2189 1440 2214 sit
1465 2192 1542 2212 actus
1573 2181 1747 2218 appeddvae,
1775 2177 1818 2204 vel

1153 2234 1367 2271 apprehensivae
1386 2229 1505 2256 virtutis.

1064 2289 1090 2307 2.
1111 2279 1210 2305 Utrum
1232 2275 1380 2302 conveniat
1400 2270 1486 2297 brutis
1505 2265 1678 2294 animalibus.

1067 2331 1090 2356 3.
1113 2321 1212 2346 Utrum
1228 2322 1380 2343 consensus
1395 2313 1431 2338 sit
1443 2311 1476 2336 de
1491 2309 1554 2340 fine,
1575 2306 1619 2334 vel
1631 2306 1664 2331 de
1684 2304 1738 2336 his,
1753 2310 1820 2338 quae

1155 2366 1218 2386 sunt
1239 2359 1271 2384 ad
1291 2357 1384 2382 finem.

1066 2414 1092 2437 4.
1113 2403 1212 2428 Utrum
1234 2404 1385 2425 consensus
1412 2395 1442 2420 in
1461 2398 1552 2419 actum
1578 2389 1712 2424 pertineat
1732 2385 1821 2411 solum

1156 2443 1189 2468 ad
1209 2441 1379 2476 superiorem
1399 2436 1505 2462 animae
1525 2438 1639 2468 partem.

1302 2509 1495 2545 QUAESTIO
1514 2507 1593 2534 XVI.

1213 2576 1252 2601 Dc
1272 2583 1323 2605 usu,
1345 2573 1388 2608 qui
1407 2575 1441 2596 cst
1460 2574 1528 2594 actus
1546 2565 1686 2593 voluntat&

1119 2621 1145 2646 in
1166 2616 1351 2653 comparatione
1371 2612 1404 2638 ad
1424 2620 1462 2642 ra,
1483 2617 1545 2644 quac
1565 2611 1621 2632 sunt
1639 2604 1673 2631 ad
1688 2602 1778 2639 finem.

1075 2689 1098 2705 1.
1120 2677 1218 2704 Utrum
1239 2675 1279 2700 uti
1301 2673 1336 2698 sit
1356 2678 1431 2696 actus
1452 2666 1615 2694 voluntatis.

1075 2730 1099 2747 2.
1124 2719 1221 2745 Utrum
1243 2713 1390 2741 conveniat
1410 2711 1497 2736 brutis
1517 2695 1691 2734 animalibus,

1078 2771 1101 2796 3.
1123 2760 1219 2787 Utrum
1234 2758 1269 2782 sit
1280 2761 1387 2782 tantum
1405 2760 1511 2782 corum,
1530 2756 1598 2784 quae
1614 2753 1677 2773 sunt
1690 2744 1723 2771 ad
1737 2743 1828 2769 finem.

1165 2800 1208 2826 vel
1223 2799 1305 2824 ctiam
1326 2796 1398 2822 finis.

1076 2854 1102 2877 4.
1126 2843 1223 2868 Utrum
1245 2846 1310 2865 usus
1331 2835 1485 2872 praecedat,
1507 2831 1551 2859 vel
1571 2835 1699 2865 sequatur
1718 2826 1831 2854 ele-:tio-

1167 2891 1240 2909 nexu.
