1907 3182
256 197 343 253 408
691 211 912 246 QUAESTIO
947 211 1032 240 LIX.
1067 211 1311 240 ARTICULUS
1347 212 1391 241 II.

255 299 318 332 est,
342 291 402 337 qui
422 302 496 325 non
518 291 668 337 patitur3
691 292 829 338 patiens
855 300 988 333 autem,
1010 291 1071 338 qui
1092 292 1235 338 patitur,
1255 300 1289 326 et
1309 304 1383 326 non
1406 293 1612 328 deducitur:
1636 301 1669 328 et
1691 294 1820 329 eadem

255 344 345 378 ratio
362 352 415 378 est
433 344 476 378 de
495 345 663 379 omnibus
682 345 869 378 virtutibus
889 344 1109 387 moralibus;
1133 356 1220 390 ergo
1244 346 1363 380 omnis
1384 346 1495 380 virtus
1514 347 1662 381 moralis
1678 355 1731 382 est
1743 348 1819 383 sine

255 397 432 443 passione.

325 461 356 484 2.
378 450 614 485 PRAETEREA.
637 450 760 484 Virtus
783 458 835 484 est
857 451 1035 496 quaedam
1063 458 1160 484 recta
1187 451 1361 486 habitudo
1390 452 1545 495 animae,
1567 453 1660 487 sicut
1685 454 1820 488 sanitas

255 504 427 550 corporis,
450 512 487 537 ut
508 504 637 537 dicitur
658 504 694 537 in
717 514 748 548 7.
769 503 878 549 Phys.
904 503 980 547 (tax.
1003 504 1092 549 17.),·
1116 503 1210 538 unde
1229 505 1341 539 virtus
1363 505 1525 551 quaedam
1545 508 1669 541 sanitas
1687 508 1820 542 animae

253 568 330 591 esse
360 557 509 599 videtur,
540 565 577 591 ut
608 557 750 591 Tullius
782 557 866 590 dicit
895 557 931 590 in
952 567 984 599 4.
1008 557 1050 590 de
1082 556 1232 591 Tuscul.
1263 557 1351 599 QQ.
1375 558 1466 602 (ante
1496 559 1609 604 mal).-
1631 560 1817 606 passiones

254 618 373 644 autem
398 610 539 644 animae
563 611 729 644 dicuntur
751 611 859 644 morbi
880 610 1015 655 quidam
1038 611 1181 652 animae,
1204 619 1243 645 ut
1264 611 1300 644 in
1323 611 1453 645 eodem
1475 611 1567 647 libro
1591 613 1697 658 (circa
1717 613 1820 658 med.)

254 662 395 696 Tullius
419 664 518 697 dicit:
551 663 684 697 sanitas
713 671 835 696 autem
860 674 935 697 non
967 664 1185 710 compatitur
1211 675 1337 698 secum
1368 665 1556 708 morbum3
1585 677 1672 713 ergo
1700 677 1819 713 neque

251 716 362 750 virtus
385 716 601 762 compatitur
623 728 748 750 secum
772 718 914 750 animae
937 717 1157 762 passionem.

326 781 353 815 3.
376 769 610 803 PRAETEREA.
634 769 756 803 Virtus
779 769 927 804 moralis
953 770 1101 816 requirit
1122 770 1323 816 perfectum
1344 783 1451 805 usum
1473 772 1621 806 rationis
1645 773 1754 807 etiam
1781 774 1816 807 in

251 822 541 868 particularibus:
566 823 627 856 sed
646 823 703 856 hic
729 823 837 856 etiam
858 823 1053 870 impeditur
1074 834 1136 869 per
1155 823 1357 869 passiones:
1381 824 1466 858 dicit
1496 825 1594 859 enim
1622 825 1759 860 Philos.
1782 826 1818 860 in

251 874 282 910 6.
306 876 420 909 Ethic.
445 875 532 922 (cap.
551 888 578 921 5.
602 877 680 910 circ.
705 876 816 920 med),
840 876 937 922 quod
966 876 1223 910 delectationes
1251 886 1487 924 corrumpunt
1513 878 1818 913 existimationem

251 929 476 975 prudentiae:
501 937 535 963 et
558 929 702 963 Sallust.
725 929 811 963 dicit
832 930 867 962 in
890 929 1105 964 Catilinario
1126 929 1176 973 (in
1195 932 1306 976 princ.
1331 936 1416 966 orat.
1433 930 1616 977 Caesaris),
1632 932 1730 978 quod
1743 944 1818 966 non

251 982 355 1016 facile
385 993 513 1016 verum
540 983 710 1028 perspicit
740 983 893 1024 animus,
924 983 984 1017 ubi
1011 982 1071 1016 illa
1102 982 1276 1026 officiunt,
1307 984 1447 1019 scilicet
1473 985 1586 1019 animi
1610 985 1817 1032 passiones;

250 1035 360 1069 virtus
383 1047 471 1080 ergo
494 1035 642 1069 moralis
665 1047 739 1070 non
761 1044 877 1082 potest
899 1048 976 1070 esse
1000 1048 1083 1070 cum
1105 1037 1285 1082 passione.

323 1089 396 1123 SED
420 1099 575 1123 CONTRA
604 1098 667 1131 est,
699 1090 794 1135 quod
817 1089 911 1135 Aug.
936 1090 1021 1124 dicit
1041 1090 1077 1123 in
1104 1100 1156 1133 14.
1178 1090 1220 1124 de
1244 1090 1324 1124 Civ.
1352 1091 1422 1125 Dei
1449 1091 1537 1138 (cap.
1561 1091 1593 1127 6.
1617 1093 1651 1125 z'n
1669 1093 1813 1138 princ),

250 1142 279 1176 si
299 1153 463 1188 perversa
488 1150 541 1176 est
557 1142 736 1184 voluntas,
758 1154 946 1189 perversos
967 1143 1114 1177 habebit
1135 1143 1202 1178 hos
1225 1152 1358 1186 motus,
1381 1144 1519 1179 scilicet
1540 1146 1757 1191 passionum:
1785 1146 1815 1179 si

251 1204 371 1230 autem
394 1204 490 1230 recta
513 1205 576 1238 est,
598 1207 672 1230 non
694 1196 814 1230 solum
836 1196 1084 1243 inculpabiles,
1106 1208 1234 1231 verum
1256 1198 1365 1231 etiam
1386 1197 1585 1232 laudabiles
1607 1206 1729 1233 erunt:
1752 1199 1815 1232 sed

249 1249 389 1283 nullum
411 1249 590 1283 laudabile
613 1249 810 1284 excluditur
832 1262 895 1296 per
915 1251 1085 1285 virtutem
1109 1250 1307 1293 moralem3
1328 1251 1441 1286 virtus
1463 1262 1550 1297 ergo
1572 1251 1722 1286 moralis
1740 1263 1814 1286 non

251 1303 409 1337 excludit
430 1303 628 1348 passiones,
651 1303 712 1337 sed
734 1311 851 1349 potest
872 1315 950 1338 esse
973 1315 1057 1337 curn
1079 1304 1176 1350 ipsis.

320 1357 549 1391 RESPONm-:o
572 1357 777 1399 dicendum,
799 1358 895 1403 quod
916 1358 1009 1391 circa
1031 1357 1102 1391 hoc
1125 1356 1190 1391 fuit
1211 1357 1393 1391 discordia
1414 1358 1505 1392 inter
1523 1358 1680 1400 Stoicos,
1699 1368 1735 1392 et
1751 1357 1815 1392 Pe-

250 1410 468 1456 ripateticos,
491 1411 582 1444 sicut
602 1411 697 1456 Aug.
721 1410 806 1444 dicit
827 1411 862 1444 in
884 1421 915 1457 9.
940 1411 982 1444 de
1006 1410 1084 1444 Civ.
1108 1411 1178 1444 Dei
1196 1411 1285 1456 (cap.
1304 1422 1337 1455 4.
1360 1412 1395 1444 in
1411 1412 1562 1457 princ.):
1584 1410 1699 1445 Stoici
1717 1411 1815 1445 enirn

250 1472 457 1509 posuerunt,
473 1463 567 1509 quod
584 1464 769 1509 passiones
785 1464 927 1498 animae
942 1475 1015 1497 non
1030 1471 1181 1509 possunt
1199 1475 1276 1498 esse
1297 1464 1334 1497 in
1356 1464 1528 1509 sapiente,
1543 1464 1617 1498 sive
1631 1464 1814 1498 virtuoso:

249 1517 478 1563 Peripatetici
498 1528 598 1559 vero,
621 1528 773 1563 quorum
798 1525 933 1551 sectam
956 1517 1169 1551 Aristoteles
1191 1517 1354 1559 instituit,
1375 1525 1414 1551 ut
1435 1518 1530 1563 Aug.
1553 1518 1639 1551 dicit
1660 1518 1695 1551 in
1717 1529 1750 1564 9.
1770 1518 1812 1552 de

251 1570 330 1604 Civ.
353 1570 422 1604 Dei
443 1570 568 1615 (ibid),
592 1579 799 1616 posuerunt,
822 1571 918 1616 quod
948 1571 1134 1616 passiones
1164 1570 1272 1604 simul
1303 1582 1387 1604 curn
1416 1571 1545 1604 virtute
1577 1570 1709 1604 morali
1739 1582 1818 1605 esse

249 1632 410 1670 possunt,
432 1624 493 1658 sed
513 1623 555 1657 ad
575 1624 737 1657 medium
755 1624 934 1658 reductae.
973 1624 1071 1658 Haec
1095 1632 1215 1658 autem
1238 1624 1436 1666 diversitas,
1458 1624 1551 1658 sicut
1569 1624 1663 1670 Aug.
1682 1624 1816 1658 ibidem

250 1677 346 1719 dicit,
370 1677 485 1723 magis
509 1685 583 1711 erat
604 1677 804 1711 secundum
825 1678 945 1719 verba,
968 1689 1078 1723 quam
1107 1678 1306 1711 secundum
1336 1689 1455 1711 rerum
1487 1678 1701 1712 sententias:
1731 1677 1814 1723 quia

250 1730 347 1765 enim
367 1730 481 1764 Stoici
499 1742 572 1764 non
591 1730 857 1776 distinguebant
876 1732 966 1764 inter
985 1731 1184 1777 appetitum
1202 1730 1477 1773 intellectivum,
1492 1731 1553 1777 qui
1568 1738 1621 1764 est
1632 1730 1814 1772 voluntas,

250 1791 285 1817 et
298 1784 388 1817 inter
403 1784 600 1829 appetitum
614 1784 836 1826 sensitivum,
852 1784 911 1830 qui
926 1796 988 1830 per
1002 1784 1232 1826 irascibilem,
1249 1792 1283 1818 et
1299 1783 1620 1830 concupiscibilem
1636 1783 1817 1826 dividitur,

249 1849 323 1871 non
345 1837 611 1883 distinguebant
632 1837 667 1870 in
689 1838 759 1872 hoc
788 1838 974 1882 passiones
997 1838 1139 1871 animae
1169 1838 1211 1871 ab
1244 1837 1322 1871 aliis
1353 1837 1603 1872 affectionibus
1632 1837 1816 1879 humanis,

249 1892 345 1938 quod
368 1892 552 1937 passiones
577 1891 718 1925 animae
741 1892 811 1925 sint
833 1900 953 1925 motus
974 1891 1149 1937 appetitus
1172 1892 1349 1933 sensitivi3
1373 1890 1463 1925 aliae
1482 1902 1569 1925 vero
1593 1889 1816 1932 affectiones,

250 1956 341 1991 quae
363 1956 436 1979 non
458 1953 540 1979 sunt
561 1945 747 1990 passiones
770 1945 924 1987 animae,
942 1945 1013 1979 sint
1034 1953 1154 1979 motus
1174 1946 1351 1991 appetitus
1371 1944 1592 1987 intellectivi‚
1607 1944 1670 1991 qui
1688 1944 1818 1978 dicitur

249 1998 435 2040 voluntas;
458 1998 549 2032 sicut
571 1998 800 2044 Peripatetici
827 1999 1081 2033 distinxerunt:
1105 1998 1166 2033 sed
1189 1998 1310 2032 solum
1332 2006 1508 2044 quantum
1539 1998 1582 2032 ad
1611 1997 1695 2039 hoc,
1718 1997 1815 2043 quod

250 2052 435 2098 passiones
458 2063 534 2085 esse
557 2052 724 2086 dicebant
745 2063 993 2098 quascumque
1017 2051 1227 2086 affectiones
1250 2052 1379 2086 rationi
1403 2059 1656 2098 repugnantes,
1675 2062 1768 2097 quae
1787 2051 1817 2085 si

251 2117 291 2139 ex
311 2105 567 2139 deliberatione
599 2105 770 2147 oriantur,
793 2106 827 2139 in
851 2106 1023 2151 sapiente,
1045 2117 1107 2139 seu
1130 2105 1165 2139 in
1187 2105 1350 2140 virtuoso
1381 2116 1458 2139 esse
1487 2115 1562 2139 non
1590 2111 1759 2150 possunt:
1786 2104 1816 2138 si

251 2167 370 2193 autem
394 2158 510 2192 subito
533 2159 703 2201 oriantur,
725 2159 796 2193 hoc
820 2159 854 2192 in
876 2160 1038 2193 virtuoso
1062 2167 1180 2205 potest
1198 2159 1382 2201 accidere;
1405 2170 1449 2193 eo
1472 2158 1569 2205 quod
1592 2158 1703 2192 animi
1725 2158 1814 2199 visa,

250 2224 341 2259 quae
364 2211 545 2258 appellant
566 2213 783 2258 phantasias,
806 2224 878 2247 non
902 2221 953 2247 est
975 2213 1011 2247 in
1033 2221 1210 2259 potestate
1240 2221 1363 2246 nostra
1395 2220 1515 2246 utrum
1544 2211 1739 2258 aliquando
1767 2211 1815 2245 in-

251 2266 372 2300 cidant
400 2266 538 2299 animo:
563 2274 597 2299 et
619 2277 701 2299 cum
723 2266 870 2300 veniunt
893 2279 936 2300 ex
957 2266 1171 2301 terribilibus
1201 2267 1318 2308 rebus,
1341 2276 1488 2300 necesse
1512 2273 1565 2300 est
1586 2273 1624 2299 ut
1645 2265 1815 2311 sapientis

251 2319 410 2353 animum
429 2327 617 2352 moveant:
640 2319 687 2353 ita
704 2327 739 2353 ut
755 2319 934 2365 paulisper
952 2319 1010 2354 vel
1024 2328 1194 2366 pavescat
1208 2328 1322 2362 motu,
1338 2319 1395 2353 vel
1409 2319 1551 2353 tristitia
1567 2318 1813 2360 contrahatur,

249 2382 436 2418 tamquam
458 2372 513 2405 his
540 2372 765 2418 passionibus
793 2374 1103 2418 praevenientibus
1131 2373 1278 2407 rationis
1307 2372 1485 2407 officium:
1513 2383 1581 2407 nec
1608 2380 1731 2406 tamen
1759 2383 1817 2418 ap-

251 2426 377 2472 probat
399 2427 476 2466 ista,
499 2425 619 2471 eisque
643 2427 831 2467 consentit,
856 2434 891 2460 ut
914 2427 1008 2472 Aug.
1031 2435 1151 2461 narrat
1170 2427 1205 2460 in
1227 2438 1259 2473 9.
1283 2427 1326 2460 de
1350 2426 1430 2461 Civ.
1452 2426 1523 2460 Dei
1545 2425 1626 2470 (loc.
1648 2432 1717 2472 sup.
1740 2426 1814 2470 cit.)

251 2480 292 2513 ab
317 2478 412 2513 Aulo
437 2478 531 2513 Gell.
555 2479 688 2512 dictum
711 2480 959 2525 (lz'l›.19.N0ct.
977 2481 1077 2514 Attis.
1095 2487 1166 2526 cap.
1184 2481 1240 2525 L).
1261 2480 1299 2514 Si
1320 2480 1426 2526 igitur
1448 2479 1636 2526 passiones
1651 2478 1815 2512 dicantur

249 2533 473 2567 inordinatae
496 2531 717 2574 affectiones,
739 2544 812 2566 non
831 2542 981 2579 possunt
1003 2545 1079 2568 esse
1102 2534 1136 2567 in
1159 2534 1334 2575 virtuoso,
1357 2534 1403 2567 ita
1426 2533 1522 2579 quod
1543 2540 1623 2579 post
1643 2531 1813 2566 delibera-

250 2587 387 2620 tionem
410 2586 460 2620 eis
483 2586 738 2627 consentiatur,
758 2594 794 2620 ut
817 2586 931 2620 Stoici
954 2595 1167 2633 posuerunt:
1191 2587 1219 2621 si
1241 2598 1329 2622 vero
1353 2586 1539 2633 passiones
1559 2585 1723 2620 dicantur
1742 2585 1816 2631 qui-

251 2651 405 2685 cumque
428 2647 547 2672 motus
578 2639 753 2685 appetitus
782 2640 952 2681 sensim-i,
983 2640 1030 2674 sic
1063 2648 1213 2686 possunt
1243 2652 1319 2675 esse
1348 2640 1383 2673 in
1410 2639 1585 2681 virtuoso,
1613 2638 1813 2673 secundum

251 2693 346 2739 quod
369 2701 449 2726 sunt
472 2704 490 2726 a
512 2692 649 2726 ratione
665 2692 870 2734 ordinatae3
894 2694 986 2727 unde
1001 2693 1149 2728 Aristot.
1170 2694 1255 2727 dicit
1270 2694 1303 2727 in
1323 2693 1813 2739 2.Ethicor.(cap.3.p11rum

250 2751 323 2780 attic
346 2746 454 2789 med),
478 2746 574 2791 quod
597 2757 668 2779 nou
692 2747 781 2779 bene
805 2746 950 2791 quidam
967 2747 1207 2781 determinant
1225 2748 1372 2781 virtutes
1389 2745 1693 2793 impassibilitates
1713 2756 1814 2790 quas-

251 2799 346 2841 dam,
369 2808 403 2833 et
425 2801 577 2845 quietes;
601 2799 773 2845 quoniam
796 2799 1006 2845 simpliciter
1028 2800 1170 2842 dicunt;
1193 2800 1254 2835 sed
1277 2800 1448 2834 deberent
1469 2800 1600 2840 dicere,
1616 2798 1712 2845 quod
1731 2806 1813 2832 sunt

249 2853 386 2898 quietes
409 2864 426 2886 a
450 2853 686 2899 passionibus,
709 2865 800 2899 quae
823 2861 904 2887 suut
927 2862 963 2886 ut
985 2865 1057 2887 non
1081 2863 1235 2899 oportet,
1259 2863 1292 2888 et
1314 2854 1460 2900 quando
1479 2864 1551 2887 non
1575 2860 1729 2899 oportet.

323 2906 380 2939 An
404 2917 550 2940 Pitinum
573 2918 660 2952 ergo
684 2907 888 2948 dicendum,
911 2907 1005 2952 quod
1035 2907 1279 2953 Philosophus
1308 2906 1514 2953 exemplum
1544 2905 1630 2940 illud
1663 2905 1813 2947 inducit,
