1907 3198
491 172 716 209 QUAESTIO
749 172 932 202 XXXVIII.
966 171 1213 202 ARTICULUS
1248 171 1292 202 11.
1594 158 1677 214 285

101 255 283 298 homines,
305 256 366 302 qui
387 263 471 290 sunt
491 255 528 289 in
549 255 712 298 tristitiis,
735 255 890 290 exterius
912 266 1018 289 suam
1038 254 1222 289 tristitiam
1243 252 1478 288 manifestant
1500 252 1559 288 vel
1580 252 1679 295 fletu,

101 317 164 345 aut
183 309 334 356 gemitu,
355 309 414 344 vel
436 310 547 344 etiam
568 310 693 352 verbo,
710 309 896 355 mitigatur
909 308 1063 343 tristitia.
1082 307 1241 349 Secundo,
1258 307 1341 354 quia
1357 318 1501 354 semper
1515 306 1680 353 operatio

101 363 323 399 conveniens
344 363 486 398 homini
509 364 712 398 secundum
735 363 1026 410 dispositionem,
1045 362 1082 397 in
1104 373 1175 409 qua
1195 370 1259 404 est,
1280 361 1346 396 sibi
1366 369 1420 396 est
1437 360 1680 395 delectabilis:

100 417 204 453 fletus
227 425 362 460 autem,
384 426 419 452 et
440 418 598 463 gemitus
620 426 704 453 sunt
722 418 904 464 quaedam
923 417 1155 464 operationes
1171 416 1433 450 convenientes
1451 415 1606 457 tristato,
1623 414 1683 449 vel

101 471 250 514 dolenti,
273 480 309 506 et
329 472 412 506 ideo
435 471 641 506 efficiuntur
661 473 712 506 eis
735 471 986 514 delectabiles;
1010 482 1094 505 cum
1120 471 1232 516 igitur
1259 470 1380 504 omnis
1403 469 1598 504 delectatio
1623 469 1683 503 ali-

99 525 253 573 qualiter
273 526 416 572 mitiget
436 526 630 568 tristitiam,
652 526 711 561 vel
733 526 913 568 dolorem,
936 533 974 559 ut
995 525 1135 559 dictum
1159 533 1213 559 est
1232 525 1315 570 (art.
1332 525 1480 571 praec),
1504 524 1678 570 sequitur,

101 580 199 627 quod
221 592 284 627 per
306 580 506 627 planctum,
529 589 564 615 et
586 581 765 627 gemitum
787 580 931 616 tristitia
953 580 1151 625 mitigetur.

172 635 233 670 AD
254 645 405 670 PRIMUM
428 646 516 681 ergo
539 635 746 678 dicendum,
770 635 867 682 quod
889 635 966 682 ipsa
988 634 1164 669 habitudo
1188 645 1321 668 causae
1343 633 1387 668 ad
1408 633 1579 668 effectum
1599 644 1684 668 con-

102 689 272 724 trariatur
289 689 493 724 habitudini
513 690 761 724 contristantis
777 689 821 724 ad
844 689 1116 724 contristatum:
1132 699 1219 722 nam
1231 688 1352 722 omnis
1367 687 1517 722 effectus
1533 695 1586 722 est
1600 699 1685 722 con-

100 743 250 778 veniens
267 754 355 778 suae
373 744 516 786 causae,
535 752 570 778 ct
583 756 646 790 per
667 755 896 790 consequens
920 751 973 778 est
993 743 1026 778 ei
1046 742 1289 777 delectabilis:
1315 742 1534 777 contristans
1559 750 1682 776 autem

103 797 347 832 contrariatur
369 797 600 832 contristato:
629 806 664 832 et
685 798 768 832 ideo
791 796 941 832 effectus
962 797 1128 832 tristitiae
1159 797 1270 831 habet
1292 798 1516 831 contrariam
1543 796 1685 830 habitu-

101 851 224 886 dinem
246 852 364 899 magis
386 852 430 886 ad
453 852 720 894 contristatum,
743 863 854 898 quam
877 851 1097 886 contristans
1125 851 1170 885 ad
1196 851 1340 898 ipsum:
1370 859 1406 886 et
1432 858 1581 897 propter
1606 850 1679 884 hoc

102 906 291 953 mitigatur
310 906 453 941 tristitia
475 917 538 952 per
560 905 731 940 effectum
754 906 919 940 tristitiae
942 906 1084 940 ratione
1107 905 1376 940 contrarietatis
1397 905 1617 952 praedictae.

176 961 238 996 AD
260 970 468 996 SECUNDUM
490 959 699 1002 dicendum,
722 960 820 1006 quod
843 960 1018 994 habitudo
1046 958 1197 994 effectus
1225 959 1268 993 ad
1297 970 1447 994 causam
1474 967 1528 994 est
1554 957 1682 994 similis

101 1014 305 1050 habitudini
325 1012 547 1048 delectantis.
561 1013 605 1047 ad
628 1013 867 1048 delectatum:
891 1014 976 1060 quia
998 1014 1189 1060 utrobique
1209 1013 1467 1048 convenientia
1488 1013 1683 1055 invenitur,

103 1080 214 1104 omne
237 1076 360 1104 autem
381 1067 499 1103 simile
522 1075 632 1113 auget
653 1079 761 1103 suum
783 1067 922 1111 simile3
946 1076 981 1102 et
1002 1068 1086 1103 ideo
1109 1079 1172 1115 per
1198 1068 1324 1110 risum,
1348 1076 1383 1102 et
1411 1067 1502 1103 alios
1531 1066 1682 1102 effectus

103 1123 262 1158 laetitiae
285 1129 436 1169 augetur
457 1120 606 1164 laetitia,
628 1122 699 1156 nisi
719 1121 812 1156 forte
835 1134 899 1169 per
922 1122 1092 1157 accidens
1114 1130 1264 1169 propter
1286 1133 1488 1157 excessum.

175 1178 237 1212 AD
259 1186 430 1212 TERTnJM
456 1175 666 1219 dicendum,
693 1176 792 1222 quod
819 1176 1036 1223 imaginatio
1064 1177 1117 1211 rei
1144 1176 1405 1219 contristantis‚
1428 1184 1608 1223 quantum
1630 1183 1684 1211 est

105 1231 150 1267 de
171 1242 220 1275 se,
242 1239 326 1266 nata
351 1237 405 1265 est
425 1240 559 1276 augere
580 1230 780 1265 tristitiam:
811 1230 874 1265 sed
903 1242 945 1264 ex
971 1230 1044 1265 hoc
1071 1231 1151 1277 ipso
1179 1231 1276 1277 quod
1304 1231 1421 1265 homo
1449 1231 1683 1277 imaginatur,

105 1285 202 1333 quod
223 1284 310 1320 facit
328 1283 429 1327 illud,
451 1284 550 1331 quod
573 1285 746 1320 convenit
768 1285 836 1320 sibi
858 1285 1062 1320 secundum
1083 1284 1196 1320 talem
1219 1294 1366 1328 statum,
1390 1286 1578 1332 consurgit
1598 1286 1682 1321 inde

104 1339 283 1387 quaedam
303 1337 510 1374 delectatio.
527 1338 572 1373 Et
593 1339 723 1373 eadem
742 1339 895 1382 ratione,
915 1339 944 1374 si
964 1338 1073 1374 alicui
1088 1340 1259 1386 subrepat
1273 1340 1364 1374 risus
1380 1340 1416 1374 in
1432 1348 1539 1382 statu,
1554 1340 1590 1374 in
1610 1351 1682 1386 quo

103 1393 243 1428 videtur
263 1393 331 1428 sibi
351 1403 430 1428 esse
452 1392 665 1440 lugendum,
688 1404 732 1428 ex
753 1393 825 1428 hoc
848 1393 928 1440 ipso
951 1393 1063 1436 dolet,
1081 1401 1271 1441 tamquam
1291 1393 1402 1429 faciat
1423 1394 1471 1437 id,
1491 1394 1588 1441 quod
1607 1406 1682 1429 non

103 1447 285 1490 convenit,
307 1455 347 1482 ut
368 1446 514 1483 Tullius
536 1447 624 1482 dicit
643 1447 680 1482 in
706 1459 735 1494 3.
758 1447 802 1482 de
825 1447 1027 1482 Tusculan.
1052 1447 1343 1489 Quaestionibus
1367 1448 1403 1494 (a
1424 1449 1537 1496 med).

663 1574 1015 1620 ARTICULUS
1049 1575 1130 1619 III.
1615 1586 1683 1623 216

394 1685 550 1716 UTRUM
577 1685 745 1726 DOLOR,
773 1686 830 1715 ET
859 1685 1085 1716 TRISTITIA
1112 1685 1391 1716 MITIGENTUR

520 1753 600 1782 PER
634 1752 980 1782 COMPASSIONEM
1007 1752 1258 1783 AMICORUM.

445 1841 525 1887 (Job
552 1853 583 1877 2.
604 1841 668 1889 fin.
696 1847 726 1877 et
752 1847 824 1899 cap.
852 1841 904 1877 16.
932 1847 962 1877 et
989 1842 1083 1877 Rom.
1112 1854 1155 1889 13.
1185 1841 1255 1877 lact.
1280 1842 1338 1889 3).

175 1931 234 1967 AD
253 1942 427 1967 TERT1UM
441 1931 492 1966 sic
515 1932 735 1979 proceditur.
758 1931 923 1974 Videtur,
947 1931 1045 1978 quod
1069 1931 1176 1966 dolor
1199 1931 1310 1966 amici
1333 1931 1590 1978 compatientis
1609 1943 1683 1967 non

104 1985 245 2032 mitiget
257 1986 458 2022 tristitiam:
475 1987 743 2021 contrariorum
755 1987 853 2021 enim
866 1986 1038 2020 contrarii
1050 1994 1134 2020 sunt
1147 1985 1314 2020 effectus:
1331 1986 1406 2028 sed,
1421 1986 1514 2021 sicut
1528 1986 1683 2033 August.

105 2040 191 2076 dicit
210 2041 243 2076 8.
267 2040 435 2076 Confess.
459 2041 549 2088 (cap.
567 2052 601 2086 4.
619 2047 747 2088 parum
769 2053 789 2075 a
805 2041 948 2088 princ),
972 2041 1103 2087 quando
1127 2053 1201 2075 cum
1221 2040 1333 2075 multis
1349 2040 1524 2086 gaudetur,
1561 2042 1595 2075 in
1622 2043 1686 2076 sin-

103 2095 188 2142 gulis
197 2097 332 2130 uberius
345 2100 392 2131 est
403 2095 591 2141 gaudium;
608 2097 688 2142 quia
702 2095 927 2142 fervefizciunt
947 2107 986 2136 se,
1013 2100 1042 2129 et
1062 2095 1320 2141 inflammantur
1341 2107 1380 2129 ex
1393 2095 1574 2136 alternum
1595 2106 1684 2141 ergo

105 2149 182 2196 pari
199 2149 339 2184 ratione
361 2149 508 2196 quando
530 2149 637 2184 multi
658 2149 769 2184 simul
790 2144 995 2194 tristantur,
1011 2149 1155 2183 videtur
1177 2149 1275 2195 quod
1297 2149 1342 2184 sit
1364 2150 1483 2195 major
1504 2150 1658 2184 tristitia.

179 2213 207 2238 2.
231 2203 471 2239 PRAETEREA.
495 2203 577 2238 Hoc
599 2204 752 2250 requirit
779 2203 952 2246 amicitia,
975 2211 1014 2237 ut
1036 2203 1172 2238 amoris
1193 2203 1315 2237 vicem
1337 2204 1417 2250 quis
1438 2204 1624 2251 rependat,
1646 2213 1685 2239 ut

105 2258 296 2304 Augustin.
319 2258 407 2292 dicit
431 2268 465 2301 4.
494 2257 663 2293 Confess.
691 2259 779 2304 (cap.
801 2259 833 2293 8.
861 2264 890 2292 et
917 2257 995 2304 9.):
1023 2257 1086 2292 sed
1115 2257 1255 2292 amicus
1283 2257 1486 2293 condolens
1513 2258 1614 2293 dolet
1640 2259 1684 2293 de

106 2311 231 2348 dolore
253 2313 363 2348 amici
384 2312 560 2356 dolentis;
583 2324 672 2358 ergo
688 2313 765 2359 ipse
787 2311 895 2347 dolor
915 2312 1025 2346 amici
1044 2312 1276 2347 condolentis
1295 2321 1348 2347 est
1367 2313 1488 2348 amico
1507 2314 1604 2360 prius
1624 2314 1686 2349 do-

106 2366 196 2401 lenti
211 2366 256 2402 de
277 2367 426 2414 proprio
449 2366 549 2402 malo
572 2378 683 2401 causa
705 2366 852 2401 alterius
871 2365 1026 2401 doloris:
1047 2375 1082 2401 et
1100 2366 1163 2409 sic,
1183 2366 1368 2413 duplicato
1388 2367 1528 2410 dolore,
1544 2368 1686 2403 videtur

106 2420 245 2456 tristitia
266 2432 441 2456 crescere.

182 2486 209 2522 3.
229 2475 468 2511 PRAETEREA.
493 2475 617 2511 Omne
640 2474 780 2510 malum
803 2475 913 2509 amici
935 2483 988 2510 est
1011 2476 1242 2518 contristans,
1265 2476 1358 2510 sicut
1379 2484 1414 2510 et
1435 2476 1574 2511 malum
1607 2488 1687 2524 pro-

107 2529 239 2577 prium:
258 2541 346 2564 nam
364 2529 504 2564 amicus
523 2537 576 2564 est
591 2529 681 2564 alter
699 2529 792 2576 ipse:
813 2530 874 2564 sed
894 2529 1001 2564 dolor
1015 2538 1069 2564 est
1085 2530 1273 2576 quoddam
1288 2529 1450 2571 malum,·
1472 2542 1560 2576 ergo
1579 2531 1687 2565 dolor

109 2583 214 2618 amici
235 2583 465 2619 condolentis
488 2592 597 2630 auget
617 2583 799 2618 tristitiam
823 2584 957 2626 amico,
981 2584 1038 2618 cui
1062 2584 1290 2618 condoletur.

154 2666 159 2672 .
180 2637 251 2673 SED
273 2648 429 2673 CONTRA
452 2646 516 2679 est,
539 2637 635 2684 quod
658 2637 796 2672 Philos.
815 2638 902 2673 dicit
922 2638 958 2672 in
980 2649 1012 2685 9.
1033 2638 1148 2673 Ethic.
1172 2638 1263 2686 (cap.
1286 2651 1332 2674 Π.
1355 2644 1430 2674 ante
1448 2639 1562 2684 mad),
1586 2640 1684 2686 quod

107 2693 144 2727 in
165 2692 302 2727 tristitiis
321 2693 448 2727 amicus
466 2692 635 2727 condolens
649 2692 848 2727 consolatur.

179 2745 406 2782 RESPONDEO
428 2745 636 2788 dicendum,
652 2746 749 2792 quod
776 2747 976 2781 naturaliter
997 2748 1124 2781 amicus
1145 2747 1317 2782 condolens
1336 2749 1371 2781 in
1391 2748 1534 2782 tristitiis
1556 2753 1598 2783 est
1612 2760 1687 2783 con-

108 2799 281 2835 solativus:
304 2801 406 2846 cujus
427 2799 589 2846 duplicem
612 2800 792 2834 rationem
814 2801 930 2846 tangit
951 2800 1088 2835 Philos.
1109 2801 1145 2834 in
1172 2812 1204 2847 9.
1228 2801 1343 2835 Ethic.
1367 2801 1491 2847 (ibid).
1516 2801 1684 2843 Quarum

104 2854 218 2901 prima
236 2862 300 2897 est,
331 2853 428 2900 quia,
459 2865 543 2888 curn
567 2853 610 2887 ad
631 2854 814 2888 tristitiam
836 2855 1013 2901 pertineat
1040 2866 1252 2901 aggravare,
1287 2855 1397 2890 habet
1419 2856 1599 2890 rationem
1629 2869 1687 2891 cu-

110 2907 247 2954 jusdam
267 2908 402 2950 oneris,
419 2918 439 2942 a
461 2919 534 2954 quo
557 2907 686 2954 aliquis
713 2917 931 2954 aggravatus
954 2909 1114 2944 alleviari
1138 2918 1308 2945 conatur:
1334 2921 1417 2944 cum
1445 2921 1532 2957 ergo
1556 2910 1686 2958 aliquis
