1955 3182
254 198 306 240 14

419 318 611 349 QUAESTIO
632 318 820 344 LXXXVIII.

259 376 298 402 De
314 377 431 412 peccatis,
452 386 514 411 quac
534 377 720 412 distinguuntur
738 376 870 402 secundum
890 381 986 401 reatum

237 2384 253 2573 m-hwkou

443 423 548 454 poeum,
569 423 591 443 et
609 418 639 443 de
657 418 799 443 venialibus

390 465 436 495 per
455 460 666 494 comparationem
686 459 719 484 ad
739 459 855 485 mortale.

265 543 271 548 .
292 523 390 548 Utrum
422 523 528 548 veniale
559 529 702 557 peccatum
732 523 867 548 dividatur
895 530 997 548 conve<

334 565 441 589 nientel‘
462 570 557 589 contra
576 563 692 589 mortale
713 570 866 598 peccatum.

264 625 270 630 .
292 604 390 630 Utrum
410 611 553 639 peccatum
573 604 690 636 veniale,
712 611 739 629 et
767 604 882 630 mortale
904 605 998 630 distin-

333 652 452 680 guantur
471 654 581 680 genere.

264 707 269 712 .
291 687 389 712 Utrum
402 687 509 713 veniale
523 694 665 722 peccatum
680 688 715 712 sit
726 687 871 722 dispositio
884 688 916 712 ad
927 696 998 713 mor-

333 728 398 754 tale.

264 790 269 795 .
291 769 389 795 Utrum
409 769 515 795 veniale
536 776 679 804 peccatum
694 770 782 804 possit
796 769 854 794 fieri
869 770 996 796 mortale.

264 831 269 836 .
291 810 389 836 Utrum
410 811 615 836 circumstantia
636 819 787 845 aggravans
808 812 895 845 possit
908 811 998 837 facere

333 852 364 876 de
384 852 485 878 veniali
505 859 619 886 peccato
640 852 766 877 mortale.

263 913 268 918 .
290 892 388 919 Utrum
407 900 550 928 peccatum
571 893 685 919 mortale
700 894 788 928 possit
808 893 865 918 fieri
880 893 996 919 veniale.

429 993 622 1024 QUAESTIO
642 993 803 1019 LXXXIX.

386 1051 425 1077 De
443 1053 540 1078 veniali
554 1058 656 1088 peccato
675 1052 807 1078 secundum
827 1061 860 1078 sc.

261 1142 267 1148 .
288 1122 386 1148 Utrum
409 1123 516 1148 veniale
536 1129 679 1157 peccatum
701 1128 794 1147 causet
815 1122 948 1148 maculam
969 1124 997 1148 in

331 1164 430 1189 anima.

262 1225 268 1231 .
290 1206 331 1230 De
352 1206 532 1231 distinctione
553 1206 660 1240 peccati
680 1205 805 1237 venialis,
826 1212 907 1240 prout
930 1206 996 1241 figu-

331 1253 405 1272 ratur
415 1255 461 1281 per
472 1246 589 1281 lignum,
602 1246 727 1278 foenum,
741 1253 767 1271 et
778 1246 916 1281 stipulam,
929 1256 951 1273 1.
964 1248 997 1272 ad

331 1287 457 1313 Corinth.
480 1297 505 1313 2.

261 1349 266 1354 .
288 1328 386 1354 Utrum
409 1329 494 1355 homo
521 1330 549 1354 in
575 1335 648 1354 statu
674 1329 850 1354 innocentiae
876 1330 997 1363 potuerit

330 1379 443 1405 peccare
463 1370 618 1396 venialiter.

261 1432 267 1437 .
289 1412 388 1437 Utrum
408 1411 522 1446 angelus
544 1412 644 1444 bonus,
666 1411 710 1437 vel
730 1411 818 1437 malus
832 1412 922 1446 possit
935 1419 996 1446 pec-

331 1462 391 1478 care
412 1453 565 1479 venialiter.

261 1515 266 1520 .
288 1494 387 1520 Utrum
407 1495 486 1529 primi
513 1501 605 1520 motus
630 1493 818 1519 sensualitatis
844 1493 995 1519 infidelium

331 1537 386 1561 sint
406 1542 519 1570 peccata
537 1536 666 1561 venialia.

261 1598 266 1603 .
287 1577 385 1603 Utrum
405 1584 548 1612 peccatum
567 1577 674 1602 veniale
689 1578 778 1611 possit
791 1585 851 1602 esse
872 1577 953 1602 simul
969 1578 996 1602 in

329 1619 422 1654 aliquo
443 1628 504 1644 cum
525 1619 587 1644 solo
607 1625 722 1653 peccato
743 1618 882 1653 originali.

481 1707 674 1739 QUAESTIO
696 1707 756 1733 XC.

352 1749 391 1776 De
404 1751 514 1776 exteriori
525 1750 648 1784 principio
663 1754 763 1774 actuum
777 1754 891 1775 movente

300 1792 333 1817 ad
362 1792 462 1822 bonum,
492 1791 584 1816 scilicet
613 1791 642 1816 cle
675 1791 726 1825 lege
755 1792 781 1815 in
810 1791 936 1817 communi

418 1838 539 1868 quantum
559 1832 592 1857 ad
611 1833 662 1867 ejus
681 1833 821 1858 essentiam.

259 1924 264 1930 .
286 1903 385 1929 Utrum
405 1903 448 1928 lex
468 1904 503 1928 sit
523 1903 625 1937 aliquid
645 1903 770 1930 rationis.

286 1945 327 1970 De
354 1945 407 1970 fine
433 1945 503 1979 ejus,
530 1952 620 1969 utrum
650 1944 757 1969 scilicet
783 1944 825 1969 lex
854 1945 995 1969 ordinetur

329 1995 435 2021 semper
445 1987 478 2011 ad
490 1986 593 2011 bonum
605 1994 763 2017 commune,
776 1986 846 2010 sicut
858 1986 891 2010 ad
903 1985 994 2012 finem.

259 2048 264 2053 .
287 2028 327 2053 De
349 2036 431 2052 causa
450 2028 518 2061 ejus,
540 2033 630 2052 utrum
651 2027 759 2053 scilicet
786 2027 931 2062 cujuslibet
960 2027 995 2052 sit

328 2068 418 2093 facere
439 2068 525 2102 leges,

259 2130 265 2135 .
287 2109 385 2136 Utrum
406 2110 438 2134 de
452 2109 676 2144 promulgatione
694 2110 789 2144 ipsius,
812 2109 919 2135 scilicet
933 2118 995 2144 pro-

328 2150 463 2186 mulgatio
484 2151 519 2176 sit
539 2151 571 2176 de
590 2152 696 2176 ratione
718 2151 798 2185 legis.

470 2245 663 2276 QUAESTIO
684 2245 760 2272 XCI.

294 2304 332 2330 De
354 2305 447 2339 legibus
467 2310 587 2339 quantum
607 2304 641 2330 acl
660 2313 744 2329 carum
764 2304 946 2339 differentiam.

258 2395 264 2401 .
285 2374 383 2401 Utrum
403 2376 438 2400 sit
453 2375 543 2410 aliqua
563 2375 606 2400 lex
626 2382 745 2400 aeterna⁴

257 2436 263 2442 .
285 2416 383 2443 Utrum
404 2417 440 2442 sit
459 2416 549 2451 aliqua
569 2416 611 2442 lex
633 2416 772 2444 naturalis.

258 2478 263 2483 .
285 2458 383 2483 Utrum
404 2459 439 2483 sit
453 2458 543 2492 aliqua
563 2458 604 2483 lex
625 2458 754 2485 humana.

258 2519 263 2525 .
285 2499 384 2525 Utrum
404 2500 439 2524 sit
459 2498 550 2533 aliqua
570 2499 611 2524 lex
632 2499 734 2525 divina.

258 2561 263 2567 .
285 2540 383 2566 Utrum
404 2541 440 2565 sit
459 2549 512 2565 una
531 2547 647 2572 tantum,
669 2540 711 2566 vel
732 2540 833 2575 plures.

463 2639 656 2671 QUAESTIO
678 2639 770 2666 XCII.

363 2698 402 2724 De
423 2699 474 2734 lege
494 2704 615 2733 quantum
635 2698 669 2723 ad
687 2706 741 2725 suos
760 2698 867 2734 effectus,

258 2789 262 2794 .
284 2769 382 2795 Utrum
398 2770 511 2795 effectus
522 2770 591 2805 legis
603 2771 638 2795 sit
650 2770 777 2795 homines
792 2770 880 2795 facere
893 2770 992 2795 bonos.

258 2831 263 2837 .
285 2811 382 2837 Utrum
398 2811 523 2843 effectus,
538 2820 586 2837 seu
601 2818 678 2837 actus
693 2811 762 2845 legis
780 2812 835 2836 sint
851 2813 993 2845 imperare,

326 2859 429 2884 vetare,
451 2854 617 2887 permittere,
639 2860 665 2879 et
688 2854 794 2888 punire,
822 2859 850 2878 ut
877 2853 993 2887 legispe-

328 2895 396 2920 ritus
415 2895 490 2921 dicit.

1052 451 1078 600 ⁴?an

1054 2411 1061 2427 1

1052 2452 1063 2462 „

1053 2544 1062 2560 )

1049 2661 1064 2683 4

632 197 767 226 INDEX
799 196 957 227 PRIMAE
990 196 1219 227 SECUNDAE
1252 198 1417 228 PARTIS.

1268 277 1460 309 QUAESTIO
1480 279 1586 306 XCIII.

1071 336 1110 362 De
1126 337 1219 372 legibus
1233 338 1260 362 in
1273 338 1377 372 speciali
1389 343 1510 372 quantum
1524 338 1557 364 ad
1572 338 1635 374 leges
1646 339 1793 375 singulares,

1257 384 1280 404 et
1299 379 1328 404 de
1348 379 1401 414 ipsa
1422 379 1474 414 lege
1493 384 1605 406 aeterna.

1073 463 1078 468 .
1100 443 1174 473 Quid
1194 443 1229 469 sit
1248 443 1291 469 lex
1311 450 1430 469 aeterna.

1073 504 1079 510 .
1100 484 1198 510 Utrum
1218 485 1254 510 sit
1274 485 1402 510 omnibus
1422 491 1498 511 nota.

1101 526 1199 552 Utrum
1220 527 1310 552 omnis
1330 526 1373 552 lex
1393 527 1426 552 ab
1447 535 1479 552 ea
1499 527 1645 553 derivetur.

1100 567 1198 593 Utrum
1213 569 1377 600 necessaria,
1393 575 1420 594 et
1433 575 1543 594 aeterna
1557 568 1737 603 subjiciantur
1750 568 1806 603 legi

1143 615 1280 635 aeternae.

1072 671 1078 676 .
1100 650 1197 676 Utrum
1210 651 1401 685 contingentia
1412 650 1546 676 naturalia
1557 651 1736 685 subjiciantur
1748 650 1804 686 legi

1141 698 1278 718 aeternae.

1072 754 1078 759 .
1099 732 1197 759 Utrum
1219 742 1315 759 omnes
1335 742 1378 760 res
1403 734 1523 760 humana
1547 733 1726 768 subjiciantur
1750 733 1806 769 legi

1142 781 1280 801 aeternae.

1272 857 1465 888 QUAESTIO
1485 857 1587 884 XCIV.

1301 915 1340 941 De
1361 916 1412 951 lege
1432 916 1556 942 naturali.

1072 1002 1077 1007 .
1100 981 1175 1011 Quid
1195 982 1230 1006 sit
1250 981 1294 1006 lex
1313 981 1455 1006 naturalis.

1100 1023 1179 1053 Quae
1199 1023 1254 1048 sint
1273 1029 1419 1057 praecepta
1437 1022 1507 1057 legis
1527 1022 1670 1048 naturalis.

1072 1085 1077 1090 .
1101 1064 1199 1090 Utrum
1220 1072 1317 1089 omnes
1343 1070 1420 1089 actus
1446 1064 1577 1089 virtutum
1603 1064 1660 1089 sint
1687 1063 1720 1089 de
1744 1063 1806 1098 lege

1141 1105 1267 1131 naturali.

1097 1146 1195 1172 Utrum
1216 1146 1259 1171 lex
1278 1146 1410 1172 naturalis
1429 1147 1464 1172 sit
1484 1155 1538 1172 una
1557 1146 1628 1181 apud
1648 1154 1755 1172 omnes.

1098 1187 1196 1213 Utrum
1216 1188 1252 1212 sit
1272 1187 1421 1213 mutabilis.

1099 1229 1199 1254 Utrum
1219 1229 1308 1264 possit
1326 1238 1342 1254 a
1360 1235 1452 1254 mente
1472 1229 1594 1254 hominis
1613 1229 1709 1254 deleri.

1278 1311 1471 1342 QUAESTIO
1492 1311 1580 1338 XCV.

1206 1371 1244 1396 De
1266 1370 1317 1406 lege
1337 1371 1448 1396 humana
1465 1370 1599 1396 secundum
1618 1379 1652 1397 sc.

1071 1451 1076 1456 .
1098 1430 1138 1456 De
1158 1430 1278 1456 utilitate
1300 1430 1370 1465 legis
1389 1431 1535 1456 humanae.

1071 1491 1076 1497 .
1097 1471 1138 1497 De
1158 1473 1216 1506 ejus
1238 1473 1356 1505 origine,
1377 1478 1468 1497 utrum
1494 1471 1602 1498 scilicet
1628 1472 1764 1498 derivetur
1789 1481 1805 1498 a

1140 1512 1201 1547 lege
1222 1513 1353 1539 naturali.

1072 1573 1077 1579 .
1098 1554 1139 1579 De
1160 1554 1291 1589 qualitate
1311 1555 1380 1589 ejus.

1072 1615 1077 1620 .
1099 1595 1140 1620 De
1161 1596 1297 1621 divisione
1318 1596 1451 1629 ejusdem.

1271 1677 1464 1709 QUAESTIO
1486 1676 1590 1704 XCVI.

1085 1730 1125 1756 De
1146 1731 1197 1766 lege
1218 1731 1329 1757 bumana
1347 1736 1469 1766 quantum
1488 1730 1522 1756 ad
1541 1731 1592 1766 ejus
1607 1735 1765 1766 potestatem.

1069 1811 1075 1816 .
1096 1790 1195 1817 Utrum
1215 1790 1258 1816 lex
1277 1790 1396 1817 humana
1416 1791 1513 1816 debeat
1533 1791 1600 1826 poni
1614 1790 1642 1816 in
1656 1792 1807 1816 communi·

1069 1852 1076 1858 .
1097 1832 1195 1858 Utrum
1216 1832 1259 1858 lex
1277 1832 1395 1858 humana
1415 1832 1512 1858 debeat
1533 1833 1626 1858 omnia
1646 1833 1712 1859 vitia
1732 1833 1808 1858 cohi-

1140 1875 1214 1902 berc.

1070 1936 1075 1942 .
1097 1915 1196 1942 Utrum
1217 1917 1341 1942 omnium
1361 1917 1495 1942 virtutum
1520 1922 1599 1942 actus
1617 1915 1717 1942 habeat
1736 1915 1808 1941 ordi-

1141 1966 1217 1983 nare.

1097 1999 1196 2026 Utrum
1216 2000 1340 2034 imponat
1349 1999 1456 2025 homini
1469 1999 1663 2025 necessitatem
1677 2005 1809 2033 quantum

1140 2042 1173 2066 ad
1193 2041 1284 2067 forum
1306 2041 1505 2067 conscientiae.

1069 2101 1077 2110 .
1098 2082 1197 2109 Utrum
1217 2091 1315 2109 ornnes
1347 2083 1475 2109 homines
1501 2082 1557 2118 legi
1583 2082 1718 2108 humanae
1745 2081 1808 2107 sub-

1142 2125 1250 2151 dantur.
1281 2132 1285 2135 ⁴

1097 2166 1196 2192 Utrum
1216 2166 1269 2198 his,
1291 2167 1337 2201 qui
1357 2172 1421 2192 sunt
1444 2166 1495 2191 sub
1521 2165 1594 2200 lege,
1618 2164 1702 2191 licent
1726 2172 1807 2200 agere

1140 2214 1247 2242 praeter
1265 2207 1348 2233 verba
1367 2207 1448 2242 legis.

1230 2289 1424 2319 QUAESTIO
1444 2289 1563 2315 XCVII.

1079 2342 1117 2368 De
1138 2342 1188 2377 Iege
1209 2342 1320 2368 bumana
1339 2348 1461 2377 quantum
1479 2342 1514 2368 ad
1534 2342 1585 2378 ejus
1603 2342 1778 2368 mutationem.

1070 2422 1076 2428 .
1099 2402 1196 2428 Utrum
1213 2402 1255 2428 lex
1275 2402 1394 2428 humana
1413 2403 1450 2429 sit
1469 2401 1622 2430 mutabilis,

1070 2463 1076 2469 .
1098 2443 1195 2469 Utrum
1217 2443 1259 2469 lex
1288 2444 1407 2469 humana
1435 2444 1533 2470 debeat
1562 2451 1670 2478 semper
1696 2442 1805 2474 mutari,

1139 2486 1248 2520 quando
1268 2485 1371 2520 aliquid
1391 2485 1490 2511 melius
1511 2485 1641 2511 occurrit.

1052 2535 1075 2552 ⁸.
1096 2527 1194 2552 Utrum
1215 2527 1258 2552 lex
1278 2527 1397 2552 humana
1417 2535 1464 2562 per
1483 2526 1714 2552 consuetudinem
1739 2525 1805 2550 abo-

1139 2568 1237 2600 leatur,
1258 2575 1286 2594 et
1305 2575 1396 2594 utrum
1416 2568 1590 2594 consuetudo
1611 2567 1737 2593 obtineat
1748 2567 1805 2592 vim

1140 2609 1219 2643 Iegis.

1070 2671 1076 2676 .
1098 2651 1196 2677 Utrum
1212 2659 1277 2676 usus
1292 2651 1361 2685 legis
1381 2651 1515 2677 humanae
1530 2659 1578 2686 per
1591 2650 1804 2686 dispositionem

1140 2693 1289 2718 Rectorum
1311 2693 1408 2717 debent
1429 2693 1577 2718 immutari.

1251 2774 1444 2806 QUAESTIO
1468 2753 1600 2801 XCVIII.

1222 2828 1261 2854 Dc
1283 2829 1358 2854 reteri
1380 2829 1431 2864 Iege
1449 2828 1582 2854 secundum
1601 2836 1635 2854 se.

1073 2914 1077 2919 .
1099 2893 1196 2919 Utrum
1218 2893 1260 2918 lex
1280 2900 1358 2919 vetus
1379 2894 1414 2919 sit
1435 2893 1516 2919 bona.
