1907 3198
512 170 736 207 Qum-:sno
770 170 843 201 L11.
877 170 1126 200 ARTIcULus
1160 169 1204 199 11.
1568 157 1652 211 367

142 252 204 288 AD
226 262 436 288 SECUNDUM
451 252 660 294 dicendum,
675 252 773 299 quod
789 263 898 287 causa
913 262 1051 298 augens
1065 250 1231 285 habitum
1245 249 1332 284 facit
1346 249 1496 296 quidem
1510 261 1656 295 semper

71 304 208 352 aliquid
237 305 273 340 in
304 305 481 351 subjecto,
511 317 586 340 non
609 313 731 340 autem
759 317 895 340 novam
924 304 1101 340 formam:
1125 304 1188 339 sed
1209 303 1307 346 facit,
1330 303 1427 350 quod
1450 303 1654 348 subjectum

70 357 266 406 perfectius
284 359 476 406 participet
496 358 654 393 formam
677 359 993 406 praeexistentem,
1017 366 1077 393 aut
1099 357 1197 405 quod
1221 357 1376 404 amplius
1399 368 1436 391 se
1459 357 1638 392 extendat.

141 412 203 448 An
226 423 399 448 TERTmM
421 412 630 455 dicendum,
653 413 751 460 quod
774 413 821 455 id,
843 412 941 460 quod
956 412 1122 447 nondum
1138 420 1192 446 est
1207 411 1344 454 album,
1366 419 1420 445 est
1438 411 1474 445 in
1493 410 1655 457 potentia

71 465 116 501 ad
136 465 298 501 formam
320 467 450 513 ipsam,
472 474 662 513 tamquam
684 467 850 501 nondum
872 466 1010 501 habens
1033 465 1209 500 formam:
1234 474 1269 500 et
1290 465 1374 500 ideo
1393 476 1506 511 agens
1529 472 1657 499 causat

70 530 209 554 novam
229 518 389 555 formam
411 521 446 555 in
469 521 652 566 subjecto:
676 521 741 556 sed
761 521 809 563 id,
831 520 929 567 quod
952 528 1005 554 est
1020 520 1141 554 minus
1165 519 1337 561 calidum,
1353 527 1414 553 aut
1429 517 1565 560 album,
1581 528 1656 552 non

71 581 125 609 est
144 573 182 608 in
202 573 366 620 potentia
387 573 432 608 ad
446 572 619 616 formam,
642 575 727 608 cum
748 575 823 620 jam
837 582 920 609 actu
942 572 1102 608 formam
1124 573 1275 615 habeat;
1290 573 1353 608 sed
1370 581 1424 608 est
1437 573 1474 606 in
1493 571 1656 618 potentia

71 627 117 663 ad
129 626 333 675 perfectum
346 628 635 675 participationis
651 628 823 663 modum:
839 636 873 663 et
886 628 959 662 hoc
975 627 1212 674 consequitur
1226 638 1289 674 per
1304 627 1488 662 actionem
1505 625 1655 672 agentis.

592 752 596 756 ’
633 769 982 816 ARTICULUS
1017 770 1097 813 111.
1587 778 1653 825 283

352 879 509 909 UTRUM
536 879 746 915 QUILIBET
773 879 917 910 ACTUS
941 879 1121 909 AUGEAT
1149 878 1365 908 HABITUM.

504 968 555 1013 (4.
577 969 666 1003 Dist.
688 980 738 1004 12.
761 980 791 1014 q.
813 980 845 1003 2.
867 973 932 1003 art.
955 981 982 1003 ι.
1005 979 1036 1014 q.
1058 980 1086 1003 ι.
1108 967 1152 1002 ad
1172 967 1231 1012 1.).

142 1057 205 1093 AD
227 1068 403 1093 TERTIUM
424 1058 475 1093 sic
494 1057 715 1104 proceditur.
730 1057 897 1100 Videtur,
916 1057 1015 1104 quod
1035 1056 1186 1104 quilibet
1201 1065 1303 1092 actus
1324 1063 1457 1103 augeat
1469 1055 1657 1090 habitum:

70 1110 314 1159 multiplicata
336 1111 436 1146 enim
458 1122 580 1154 causa,
603 1111 867 1158 multiplicatur
894 1110 1066 1146 effectus:
1094 1111 1157 1146 sed
1185 1119 1285 1145 actus
1312 1119 1395 1145 sunt
1421 1121 1532 1144 causa
1559 1108 1658 1143 habi-

70 1173 177 1202 tuum
206 1165 428 1213 aliquorum,
455 1174 493 1200 ut
519 1176 627 1212 supra
653 1165 794 1200 dictum
820 1173 874 1200 est
900 1165 949 1212 (q.
967 1177 1016 1212 51·
1038 1170 1104 1200 art.
1125 1166 1191 1210 2.),·
1215 1175 1304 1211 ergo
1332 1163 1477 1198 habitus
1505 1171 1659 1210 augetur

71 1219 322 1266 multiplicatis
344 1219 494 1254 actibus.

143 1283 176 1308 2.
198 1273 440 1309 PRAETEREA.
454 1272 512 1308 De
527 1271 706 1308 similibus
721 1272 820 1307 idem
835 1280 890 1307 est
903 1271 1097 1319 judicium:
1123 1271 1185 1306 sed
1204 1283 1334 1306 omnes
1350 1280 1451 1306 actus
1467 1271 1510 1306 ab
1526 1270 1659 1305 eodem

71 1327 198 1364 habitu
219 1326 462 1374 procedentes
483 1335 568 1361 sunt
588 1326 739 1369 similes,
768 1334 806 1361 ut
827 1326 959 1361 dicitur
981 1327 1017 1361 in
1032 1337 1077 1360 -2.
1104 1326 1223 1360 Ethic.
1252 1326 1340 1373 (cap.
1363 1338 1391 1362 1.
1413 1331 1442 1361 et
1463 1326 1528 1371 2.),·
1557 1336 1659 1371 ergo,

71 1381 104 1418 si
124 1380 237 1428 aliqui
258 1388 360 1416 actus
382 1388 547 1427 augeant·
561 1380 741 1423 habitum,
763 1380 914 1427 quilibet
936 1387 1038 1415 actus
1061 1380 1208 1426 augebit
1229 1380 1362 1427 ipsum.

146 1447 178 1482 3.
198 1434 440 1471 PRAETEREA.
467 1433 596 1470 Simile
619 1441 773 1481 augetur
799 1445 867 1469 suo
895 1433 1022 1469 simili:
1050 1435 1116 1469 sed
1142 1433 1295 1480 quilibet
1321 1442 1422 1469 actus
1450 1441 1504 1468 est
1530 1432 1659 1468 similis

71 1489 225 1532 habitui,
247 1500 268 1524 a
289 1500 363 1536 quo
384 1489 571 1536 procedit;
593 1499 682 1535 ergo
704 1487 855 1535 quilibet
876 1496 977 1523 actus
1000 1496 1112 1534 auget
1128 1487 1307 1523 habitum.

145 1543 222 1580 SED
243 1554 414 1580 CONTRA.
436 1543 540 1578 Idem
560 1554 638 1578 non
661 1551 715 1578 est
736 1542 1007 1577 contrariorum
1030 1554 1159 1577 causa:
1191 1542 1266 1584 sed,
1288 1542 1382 1577 sicut
1412 1541 1543 1576 dicitur
1568 1543 1604 1576 in
1627 1551 1659 1575 2.

14 1609 19 1616 ·
71 1597 190 1634 Ethic.
204 1597 297 1646 (cap.
308 1609 341 1634 2.
351 1599 433 1634 circ.
444 1597 528 1633 med.
527 1597 560 1643 )‚
573 1596 687 1643 aliqui
701 1605 803 1631 actus
819 1596 861 1631 ab
881 1596 1009 1631 habitu
1023 1596 1277 1643 procedentes,
1298 1596 1506 1631 diminuunt
1520 1596 1660 1642 ipsum;

73 1659 198 1700 utpote
219 1663 306 1686 cum
326 1651 559 1699 negligenter
580 1650 690 1693 fiunt3
713 1662 802 1698 ergo
824 1662 901 1685 non
924 1650 1045 1685 omnis
1069 1658 1171 1685 actus
1192 1650 1361 1685 habitum
1383 1658 1504 1696 auget.

144 1705 378 1742 RESPONDEO
400 1705 611 1748 dicendum,
633 1704 732 1751 quod
754 1703 893 1740 similes
917 1712 1019 1739 actus
1041 1703 1180 1739 similes
1202 1704 1347 1738 habitus
1375 1712 1538 1745 causant,
1557 1712 1597 1738 ut
1613 1703 1662 1738 di-

73 1760 166 1796 citur
185 1759 224 1794 in
246 1759 411 1795 secundo
433 1758 652 1794 Ethicorum
676 1758 765 1806 (cap.
784 1771 812 1794 1.
831 1763 860 1793 et
880 1760 952 1804 2.):
975 1757 1176 1792 similitudo
1200 1766 1334 1800 autem,
1354 1766 1389 1792 et
1403 1757 1661 1792 dissimilitudo

71 1824 150 1849 non
169 1812 293 1849 solum
311 1813 508 1848 attenditur
529 1811 734 1848 secundum
756 1811 970 1858 qualitatem
989 1811 1171 1854 eamdem,
1185 1811 1244 1846 vel
1258 1811 1454 1854 diversam,
1472 1811 1534 1846 sed
1550 1811 1662 1846 etiarn

73 1867 277 1903 secundum
298 1867 485 1910 eumdem,
506 1865 567 1901 vel
588 1866 773 1901 diversum
793 1865 1082 1912 participationis
1104 1865 1270 1900 modum.
1293 1865 1357 1900 Est
1371 1865 1470 1900 enim
1485 1864 1661 1899 dissimile

73 1931 150 1956 non
171 1920 295 1956 solum
316 1921 463 1981 nigrum
493 1919 590 1962 albo,
624 1920 688 1955 sed
715 1920 826 1954 etiam
854 1920 974 1954 minus
1003 1918 1126 1954 album
1154 1919 1273 1966 magis
1302 1918 1408 1954 albo:
1436 1930 1524 1953 nam
1551 1919 1662 1954 etiam

74 1982 199 2010 motus
220 1973 260 2010 fit
283 1986 305 2009 a
325 1974 447 2009 minus
470 1973 554 2009 albo
576 1974 614 2008 in
633 1974 752 2020 magis
775 1973 911 2016 album,
930 1982 1121 2020 tamquam
1137 1985 1180 2008 ex
1195 1973 1366 2034 opposito
1386 1973 1422 2007 in
1437 1974 1662 2020 oppositum,

75 2036 116 2064 ut
135 2028 297 2064 dicitur
287 2040 326 2063 m
351 2039 380 2074 5.
402 2028 594 2076 Physicor.
619 2028 697 2073 (tex.
715 2040 756 2075 52
760 2028 801 2073 .)‚·
826 2029 911 2075 quia
925 2039 1013 2062 vero
1037 2039 1122 2062 usus
1138 2027 1353 2062 habituum
1345 2039 1381 2062 m
1395 2026 1585 2062 voluntate
1600 2027 1664 2061 ho-

78 2081 188 2118 minis
210 2082 388 2125 consistit,
409 2090 450 2117 ut
469 2093 513 2118 ex
535 2093 644 2129 supra
665 2082 770 2117 dictis
791 2090 890 2129 patet
916 2082 962 2128 (q.
986 2094 1044 2129 49.
1067 2086 1131 2117 art.
1150 2093 1179 2128 3.
1202 2086 1230 2116 et
1256 2094 1286 2128 q.
1309 2093 1363 2128 50.
1391 2086 1456 2116 art.
1480 2082 1541 2127 5.),
1569 2081 1663 2115 sicut

77 2136 268 2184 contingit,
287 2136 386 2184 quod
407 2135 538 2184 aliquis
560 2136 700 2171 habens
722 2136 889 2171 habitum
909 2147 985 2171 non
1008 2136 1119 2170 utitur
1139 2135 1217 2178 illo,
1239 2135 1298 2170 vel
1319 2135 1432 2170 etiam
1452 2135 1526 2181 agit
1539 2143 1661 2170 actum

77 2189 323 2226 contrarium:
342 2190 393 2225 ita
413 2190 525 2225 etiam
547 2197 669 2238 potest
690 2190 917 2237 contingere,
939 2190 1038 2237 quod
1054 2190 1164 2224 utitur
1178 2189 1304 2225 habitu
1319 2163 1524 2224 secunduom
1540 2197 1663 2223 actum

14 2266 18 2273 ·
75 2254 153 2280 non
172 2243 458 2292 respondentem
479 2243 804 2292 proportionaliter
816 2244 1015 2279 intensioni
1029 2244 1186 2279 habitus.
1210 2243 1250 2279 Si
1263 2244 1374 2291 igitur
1387 2243 1545 2278 intensio
1561 2251 1663 2277 actus

18 2326 25 2334 .
76 2297 400 2345 proportionaliter
419 2306 596 2345 aequetur
617 2298 816 2333 intensioni
837 2298 994 2341 habitus,
1009 2297 1069 2333 vel
1091 2298 1202 2333 etiam
1225 2298 1498 2344 superexcedat,
1512 2296 1664 2344 quilibet

77 2359 180 2388 actus
204 2351 266 2387 vel
286 2359 397 2399 auget
416 2351 596 2394 habitum,
617 2351 676 2387 vel
697 2352 857 2399 disponit
880 2352 924 2387 ad
947 2360 1188 2399 augmentum
1206 2351 1331 2399 ipsius,
1345 2360 1384 2386 ut
1405 2351 1602 2398 loquamur
1618 2351 1662 2386 de

78 2413 280 2453 augmento
300 2405 494 2441 habituum
515 2406 560 2440 ad
581 2406 862 2441 similitudinem
889 2407 1080 2453 augmenti
1106 2405 1292 2441 animalis:
1320 2416 1396 2440 non
1423 2406 1522 2440 enim
1550 2405 1662 2452 quod-

18 2483 35 2508 ³.
76 2457 165 2495 libet
187 2459 404 2495 alimentum
426 2468 655 2506 assumptum
678 2468 762 2494 actu
785 2468 893 2507 auget
912 2459 1067 2503 animal;
1085 2460 1179 2495 sicut
1197 2471 1264 2494 nec
1288 2459 1471 2506 quaelibet
1489 2468 1590 2505 gutta
1609 2470 1666 2494 ca-

13 2526 40 2556 .'
77 2521 141 2549 vat
158 2511 341 2560 lapidem:
370 2514 434 2549 sed
462 2513 707 2560 multiplicato
738 2513 914 2549 alimento
942 2514 1091 2549 tandem
1119 2513 1159 2548 fit
1184 2522 1448 2560 augmentum:
1476 2513 1524 2548 ita
1551 2513 1663 2547 etiam

24 2584 28 2589 ·
78 2565 329 2615 multiplicatis
350 2567 492 2602 actibus
514 2567 646 2602 crescit
666 2567 822 2602 habitus.
851 2567 890 2603 Si
911 2579 1000 2603 vero
1027 2568 1185 2602 intensio
1213 2576 1315 2602 actus
1342 2566 1665 2614 proportionaliter

2 2614 36 2689 *f

15 2726 38 2773 ‚¹

20 2844 41 2925 ξ

80 2619 226 2657 deficiat
246 2620 290 2656 ab
303 2620 510 2656 intensione
525 2621 682 2663 habitus,
704 2620 786 2656 talis
809 2629 910 2656 actus
924 2633 1000 2656 non
1014 2621 1176 2669 disponit
1190 2621 1234 2656 ad
1250 2629 1490 2668 augmentum
1507 2620 1664 2663 habitus,

18 2694 32 2721 ,υ
77 2674 143 2710 sed
163 2674 282 2722 magis
304 2674 349 2710 ad
370 2674 654 2709 diminutionem
675 2675 799 2722 ipsius.

150 2727 195 2764 Et
214 2739 279 2776 per
299 2728 371 2764 hoc
399 2736 498 2776 patet
519 2728 710 2775 responsio
731 2739 783 2764 An
806 2739 986 2776 OBJECTA.
