1907 3182
220 161 307 215 456
637 171 858 207 QUAESTIO
892 170 1006 198 vai.
1040 169 1284 199 ARTICULUS
1317 169 1375 198 1v.

767 338 1111 382 ARTICULUS
1146 338 1222 380 IV.
1709 358 1775 395 347

315 448 467 478 UTRUM
488 448 688 489 JUSTITIA
715 447 782 476 SIT
808 446 1050 476 PRAECIPUA
1075 446 1206 475 INTER
1227 445 1441 475 viRTuTEs
1464 445 1679 474 MoRALEs.

550 535 664 580 (Schr.
686 539 750 568 art.
773 546 800 568 r.
823 540 910 579 corp.
934 538 961 567 et
983 533 1063 579 infr.
1086 545 1116 578 q.
1138 533 1193 567 68.
1217 537 1281 567 art.
1305 543 1334 578 7.
1357 540 1447 579 corp.

218 594 246 622 et
267 600 331 623 2-2.
354 600 382 634 q.
400 589 452 633 58.
475 593 537 621 art.
557 599 606 621 12.
628 592 658 621 ct
679 599 708 632 q.
730 598 796 632 123.
818 591 880 620 art.
903 598 954 622 12.
976 591 1006 620 et
1027 598 1056 631 q.
1075 597 1150 630 140.
1171 590 1234 619 art.
1254 586 1285 620 8.
1305 591 1335 620 et
1351 597 1379 632 3.
1397 586 1485 620 Dist.
1501 597 1546 631 35.
1565 597 1596 631 q.
1614 597 1642 620 1.
1661 590 1726 620 art.
1745 597 1775 632 3.

423 646 452 675 et
471 652 504 684 4.
527 641 613 674 Dist.
633 651 683 685 32.
703 651 732 685 q.
751 651 779 686 3.
807 644 872 674 art.
890 651 918 685 3.
941 645 1030 685 corp.
1053 643 1081 673 et
1109 639 1191 672 Virt.
1213 650 1243 683 q.
1261 649 1290 684 5.
1313 643 1378 673 art.
1395 650 1424 684 3.
1447 638 1567 685 corp).

289 731 349 764 AD
371 739 558 768 QUARTUM
579 729 628 762 sic
651 728 867 774 proceditur.
889 727 1050 769 Videtur,
1068 727 1165 773 quod
1182 727 1315 772 justitia
1333 738 1408 761 non
1422 727 1466 761 sit
1479 727 1672 773 praecipua
1685 727 1778 761 inter

218 784 365 818 virtutes
387 782 564 823 morales;
586 782 703 827 majus
726 781 823 816 enim
843 789 895 815 est
913 781 998 815 dare
1017 780 1125 814 alicui
1143 781 1185 814 de
1204 780 1363 826 proprio,
1378 792 1487 826 quarn
1501 781 1650 814 reddere
1669 780 1777 814 alicui

219 838 314 883 quod
337 837 368 870 ei
390 836 558 870 debetur:
583 835 644 870 sed
666 835 824 881 primum
846 835 999 881 pertinet
1021 834 1065 868 ad
1086 833 1352 876 liberalitatem,
1370 834 1570 868 secundum
1590 842 1711 868 autern
1732 834 1777 869 ad

217 890 410 935 justitiam3
437 900 524 934 ergo
547 888 697 930 videtur,
720 888 815 934 quod
836 887 1031 922 liberalitas
1052 887 1097 921 sit
1117 888 1235 932 maj0r
1255 887 1379 929 virtus,
1401 898 1511 933 quam
1536 887 1680 932 justitia.

289 953 320 976 2.
342 942 577 977 PRAETEREA.
600 941 691 975 Illud
713 941 854 975 videtur
875 952 952 975 esse
975 941 1176 974 maximum
1196 940 1233 973 in
1255 951 1487 986 unoquoque,
1511 940 1606 986 quod
1629 948 1681 974 est
1701 951 1779 987 per-

217 995 454 1030 fectissimum
468 996 503 1029 in
517 996 614 1040 ipso:
636 994 710 1036 sed,
725 994 817 1028 sicut
831 995 959 1028 dicitur
972 994 1099 1039 Jacobi
1120 1005 1167 1027 1.:
1188 994 1353 1042 Patientia
1368 1000 1446 1040 opus
1461 994 1645 1041 perfectum
1658 994 1775 1034 habet;

218 1060 305 1095 ergo
327 1049 476 1090 videtur,
496 1048 592 1094 quod
610 1048 780 1093 patientia
802 1047 846 1082 sit
868 1048 996 1093 major,
1018 1058 1128 1093 quam
1148 1047 1292 1092 justitia.

291 1114 319 1148 3.
338 1102 573 1136 PRAETEREA.
593 1101 874 1147 Magnanimitas
893 1109 1062 1146 operatur
1079 1112 1255 1146 magnum
1275 1100 1312 1133 in
1334 1100 1503 1135 omnibus
1519 1101 1721 1143 virtutibus,
1738 1108 1778 1134 ut

218 1156 346 1190 dicitur
367 1156 403 1188 in
425 1165 457 1197 4.
480 1155 640 1188 Ethicor.
669 1154 756 1201 (cap.
780 1156 848 1200 3.);
877 1165 964 1200 ergo
990 1153 1202 1199 magnificat
1228 1153 1337 1187 etiam
1363 1153 1477 1200 ipsam
1506 1154 1698 1199 justitiam3
1724 1162 1778 1188 est

215 1209 324 1255 igitur
344 1209 472 1254 major,
496 1220 605 1254 quam
626 1208 771 1253 justitia.

288 1262 361 1296 SED
385 1272 539 1296 CONTRA
562 1269 625 1303 est,
648 1261 745 1307 quod
766 1260 902 1294 Philos.
926 1260 1012 1294 dicit
1032 1260 1068 1294 in
1094 1271 1120 1305 5.
1144 1260 1304 1294 Ethicor.
1329 1259 1416 1306 (cap.
1435 1273 1462 1295 1.
1478 1261 1580 1307 paulo
1595 1265 1668 1295 ante
1680 1261 1776 1306 βψ),

217 1315 315 1362 quod
335 1315 469 1361 justitia
491 1322 543 1348 est
563 1314 850 1360 praeclarissima
872 1314 1056 1347 virtutum.

286 1369 516 1403 REspoxozo
543 1368 747 1409 dicendum,
766 1367 863 1413 quod
880 1367 991 1401 virtus
1011 1367 1130 1413 aliqua
1147 1366 1347 1401 secundum
1361 1378 1465 1400 suam
1479 1367 1637 1413 speciem
1657 1374 1777 1413 potest

218 1422 289 1457 dici
310 1422 438 1467 major,
458 1421 515 1455 vel
537 1422 667 1462 minor,
688 1421 740 1455 vel
761 1420 982 1466 simpliciter,
995 1420 1048 1454 vel
1069 1420 1268 1454 secundum
1283 1420 1379 1466 quid.
1396 1420 1616 1466 Simpliciter
1629 1420 1776 1466 quidem

217 1476 344 1510 dicitur
366 1476 493 1520 major,
515 1475 715 1508 secundum
737 1474 834 1520 quod
855 1474 891 1506 in
914 1485 956 1507 ea
978 1474 1094 1518 majus
1114 1473 1253 1506 bonurn
1274 1473 1423 1507 rationis
1444 1473 1592 1515 relucet,
1615 1481 1652 1507 ut
1670 1485 1776 1519 supra

216 1529 352 1562 dictum
381 1536 434 1562 est
461 1528 540 1572 (art.
564 1540 590 1562 ι.
613 1527 680 1573 lmj.
703 1527 772 1572 q.);
803 1534 836 1560 et
862 1527 1062 1561 secundum
1090 1526 1163 1560 hoc
1189 1526 1322 1572 justitia
1352 1527 1443 1560 inter
1471 1537 1598 1560 omnes
1627 1527 1777 1561 virtutes

216 1581 372 1616 morales
394 1580 588 1627 praecellit,
610 1588 797 1626 tamquam
820 1580 1055 1626 propinquior
1077 1580 1219 1621 rationi,
1247 1579 1343 1626 quod
1366 1588 1463 1626 patet
1485 1588 1520 1614 et
1540 1591 1583 1614 ex
1603 1580 1778 1625 subjecto,

216 1643 251 1670 et
272 1647 314 1669 ex
333 1635 493 1680 object03
517 1645 557 1668 ex
579 1634 741 1678 subjecto
769 1634 926 1679 quidem,
949 1633 1031 1678 quia
1059 1641 1111 1667 est
1132 1633 1167 1666 in
1194 1633 1391 1675 voluntate,
1413 1634 1506 1667 sicut
1531 1633 1567 1667 in
1594 1633 1775 1679 subJecto:

214 1688 379 1722 voluntas
395 1695 516 1721 autem
532 1695 585 1721 est
602 1687 777 1732 appetitus
793 1685 988 1727 rationalis,
1004 1694 1043 1719 ut
1060 1697 1103 1719 ex
1117 1686 1220 1719 dictis
1235 1694 1331 1732 patet
1345 1687 1392 1732 (q.
1403 1698 1456 1732 50.
1476 1692 1541 1721 art.
1553 1698 1581 1733 5.
1597 1691 1627 1721 et
1639 1691 1730 1733 part.
1748 1699 1776 1722 1.

215 1754 244 1788 q.
259 1742 347 1786 80).-
366 1740 563 1774 secundum
586 1748 707 1773 autem
729 1739 924 1784 objectum,
939 1740 1012 1773 sive
1035 1739 1236 1782 materiam,
1252 1739 1335 1785 quia
1349 1747 1402 1773 est
1421 1740 1515 1773 circa
1535 1740 1776 1786 operationes,

214 1795 341 1840 quibus
366 1794 481 1827 homo
509 1793 692 1827 ordinatur
717 1804 790 1826 non
817 1792 937 1826 solum
963 1792 1000 1826 in
1026 1792 1157 1838 seipso,
1185 1792 1246 1826 sed
1275 1793 1384 1826 etiam
1411 1792 1454 1826 ad
1482 1792 1655 1835 alterum;
1681 1793 1775 1827 unde

208 1849 343 1893 justitia
363 1852 405 1881 est
420 1847 692 1893 praeclarissima
713 1847 888 1887 virtutum,
912 1853 950 1879 ut
972 1845 1101 1879 dicitur
1124 1846 1159 1879 in
1185 1856 1212 1890 5.
1236 1845 1352 1879 Ethic.
1374 1846 1453 1891 (loc.
1475 1852 1544 1892 sup.
1568 1846 1652 1888 cit).
1679 1846 1777 1881 Inter

215 1900 301 1935 alias
324 1908 443 1934 autem
465 1900 611 1933 virtutes
635 1898 803 1941 morales,
825 1910 916 1945 quae
939 1907 1020 1933 sunt
1042 1899 1136 1933 circa
1159 1899 1358 1945 passiones,
1379 1907 1481 1934 tanto
1503 1901 1538 1934 in
1560 1911 1776 1946 unaquaque

214 1954 330 2000 magis
347 1953 484 1988 relucet
502 1953 649 1988 rationis
667 1953 816 1994 bonum,
831 1960 965 1998 quanto
981 1952 1076 1986 circa
1095 1953 1234 1998 maiora
1249 1961 1369 1987 motus
1386 1953 1600 1999 appetitivus
1615 1953 1778 1988 subditur

214 2007 360 2041 rationi:
384 2006 584 2040 maximum
606 2014 726 2040 autem
749 2006 783 2039 in
806 2006 873 2047 his,
896 2017 987 2051 quae
1011 2005 1053 2039 ad
1074 2005 1265 2039 hominem
1287 2006 1475 2052 pertinent,
1498 2014 1551 2040 est
1572 2006 1655 2048 vita,
1671 2018 1689 2041 a
1705 2017 1776 2053 qua

215 2061 338 2095 omnia
360 2059 428 2093 alia
450 2059 673 2105 dependent3
697 2067 731 2093 et
750 2059 833 2093 ideo
856 2058 1042 2100 fortitudo,
1060 2070 1152 2104 quae
1172 2059 1406 2105 appetitivum
1425 2067 1567 2094 motum
1589 2060 1708 2094 subdit
1725 2071 1779 2094 ra-

213 2114 303 2148 tioni
324 2114 359 2147 in
381 2114 448 2155 his,
476 2124 566 2159 quae
595 2113 636 2147 ad
665 2121 834 2155 mortem,
861 2121 895 2146 et
921 2113 1032 2146 vitam
1059 2112 1248 2159 pertinent,
1268 2114 1420 2159 primum
1447 2113 1554 2147 locum
1581 2118 1664 2148 tenet
1691 2115 1776 2148 inter

213 2168 349 2202 virtutes
375 2167 525 2208 morales,
549 2178 629 2212 quae
656 2171 733 2200 sunt
760 2167 850 2200 circa
876 2167 1063 2212 passiones:
1095 2173 1217 2199 tamen
1245 2165 1430 2200 ordinatur
1459 2165 1550 2200 infra
1582 2167 1774 2211 justitiam3

215 2220 308 2254 unde
329 2219 421 2253 Phil.
445 2219 529 2253 dicit
556 2219 590 2253 in
625 2230 651 2252 1.
679 2219 828 2253 Rhetor.
851 2220 938 2265 (cap.
961 2231 992 2264 9.
1016 2230 1035 2252 a
1051 2220 1193 2265 priua),
1221 2219 1318 2264 quod
1344 2230 1492 2254 necesse
1519 2227 1572 2254 est
1598 2220 1776 2254 maximas

215 2285 291 2308 esse
316 2274 474 2314 virtutes,
497 2284 588 2318 quae
618 2281 699 2306 sunt
733 2272 810 2306 aliis
839 2272 1165 2306 honoratissimae:
1197 2272 1374 2318 siquidem
1402 2280 1455 2306 est
1475 2273 1586 2307 virtus
1614 2273 1776 2318 potentia

214 2325 456 2361 benefactiva:
479 2333 623 2371 propter
644 2325 714 2359 hoc
737 2325 858 2366 fortes,
877 2334 911 2359 et
933 2326 1044 2370 justos
1066 2324 1222 2359 maxime
1240 2325 1440 2360 honorant:
1463 2325 1553 2360 haec
1573 2326 1719 2372 quidem
1737 2326 1773 2360 in

213 2379 309 2428 bello
333 2379 487 2424 (scilicet
501 2378 683 2424 fortitudo)
705 2378 795 2412 haec
824 2386 943 2412 autem
966 2378 1122 2423 (scilicet
1143 2378 1290 2423 justitia)
1319 2386 1353 2412 et
1379 2378 1414 2412 in
1441 2378 1550 2421 bello,
1573 2387 1607 2413 et
1628 2379 1664 2413 in
1685 2390 1774 2426 pace

214 2432 310 2467 utilis
341 2440 403 2467 est.
433 2432 519 2466 Post
541 2431 789 2465 fortitudinem
812 2439 933 2465 autem
957 2431 1142 2465 ordinatur
1172 2431 1421 2478 temperantia,
1444 2443 1535 2478 quae
1558 2432 1700 2478 subjicit
1724 2443 1778 2466 ra-

213 2486 303 2520 tioni
325 2485 520 2532 appetitum
543 2485 637 2518 circa
659 2496 712 2526 ea,
734 2496 825 2530 quae
848 2484 1055 2518 immediate
1075 2484 1285 2518 ordinantur
1307 2485 1349 2518 ad
1368 2485 1491 2527 vitam,
1506 2484 1564 2519 vel
1586 2485 1621 2519 in
1643 2485 1773 2520 eodem

213 2539 411 2574 secundum
433 2549 638 2579 numerum,
664 2537 721 2571 vel
748 2537 782 2570 in
810 2537 939 2571 eodem
967 2538 1168 2571 secundum
1195 2537 1366 2584 speciem,
1393 2537 1530 2572 scilicet
1557 2538 1591 2572 in
1619 2538 1718 2580 cibis,
1739 2546 1774 2573 et

215 2593 393 2627 venereis:
418 2600 452 2626 et
473 2591 521 2625 sic
546 2591 633 2625 istae
654 2599 724 2624 tres
746 2591 894 2624 virtutes
916 2590 1023 2623 simul
1047 2602 1128 2624 cum
1153 2590 1339 2636 prudentia
1362 2590 1528 2625 dicuntur
1550 2602 1626 2626 esse
1648 2591 1775 2638 princi-

215 2645 312 2692 pales
335 2645 442 2679 etiam
465 2644 647 2690 dignitate.
672 2644 879 2677 Secundum
896 2643 979 2689 quid
1003 2652 1123 2677 autem
1146 2643 1274 2678 dicitur
1293 2643 1411 2690 aliqua
1426 2644 1536 2678 virtus
1552 2655 1628 2679 esse
1644 2645 1774 2690 major,

215 2698 413 2733 secundum
442 2698 537 2744 quod
569 2696 844 2737 adminiculum,
875 2695 930 2729 vel
962 2704 1215 2730 ornamentum
1243 2697 1388 2743 praebet
1419 2697 1605 2744 principali
1631 2697 1770 2732 virtuti:

216 2753 305 2786 sicut
327 2751 522 2785 substantia
545 2758 598 2784 est
619 2749 828 2795 simpliciter
851 2749 992 2793 dignior
1011 2749 1214 2791 accidente;
1237 2750 1382 2796 aliquod
1401 2758 1522 2785 tamen
1539 2750 1706 2785 accidens
1720 2758 1774 2784 est

215 2804 412 2839 secundum
435 2804 517 2850 quid
540 2803 681 2849 dignius
703 2801 910 2842 substantia,
935 2801 1145 2847 inquantum
1177 2802 1315 2848 perficit
1335 2803 1570 2838 substantiam
1593 2805 1627 2838 in
1650 2803 1772 2850 aliquo

215 2869 292 2892 csse
315 2856 538 2891 accidentali.
