1875 3198
199 194 282 250 838
601 207 825 242 QUAEsrto
861 207 946 236 c1x.
981 207 1225 236 ARTICULUS
1258 207 1349 236 v111.

196 291 355 336 separari
370 290 490 335 vellet,
509 299 704 324 occurrunt
720 290 844 333 multa,
860 298 1006 336 propter
1020 301 1112 336 quae
1127 290 1395 336 consequenda,
1410 289 1468 325 vel
1486 290 1633 325 vitanda
1646 290 1763 325 homo

198 344 334 378 recedit
356 356 375 378 a
396 344 489 386 Deo,
514 344 782 378 contemnendo
806 351 999 389 praecepta
1020 343 1149 389 ipsius:
1167 344 1263 378 etita
1277 351 1405 390 peccat
1423 343 1643 386 mortaliter3
1665 356 1764 389 prae-

196 398 299 443 cipue
321 398 404 443 quia
427 398 462 431 in
485 398 677 443 repentinis
701 397 815 431 homo
839 404 1008 442 operatur
1030 397 1229 431 secundum
1252 396 1362 431 finem
1384 405 1702 443 praeconceptum,
1730 406 1765 432 et

195 451 395 485 secundum
417 452 581 485 habitum
603 451 915 497 praeexistentem,
939 458 976 484 ut
998 450 1244 496 Philosophus
1267 451 1352 484 dicit
1373 451 1410 484 in
1435 462 1463 496 3.
1483 450 1599 484 Ethic.
1625 451 1712 497 (cap.
1728 452 1761 486 8.

195 504 335 550 adfin.);
349 505 513 550 quamvis
529 516 571 538 ex
586 504 909 550 praemeditatione
925 504 1074 537 rationis
1089 503 1204 537 horno
1219 504 1334 550 possit
1348 503 1481 549 aliquid
1498 515 1605 549 agere
1620 512 1761 549 praeter

198 558 363 592 ordinem
386 558 465 591 finis
487 557 755 603 praeconcepti,
771 565 805 590 et
824 565 965 602 praeter
982 556 1258 591 inclinationem
1277 557 1437 591 habitus:
1460 557 1521 591 sed
1543 557 1626 603 quia
1648 558 1762 592 homo

195 623 269 646 non
285 620 404 657 potest
418 622 561 656 semper
575 622 652 644 esse
674 611 710 643 in
732 610 794 644 tali
817 610 1153 656 praemeditatione,
1175 621 1248 644 non
1271 618 1390 656 potest
1412 611 1622 656 contingere
1644 618 1681 644 ut
1703 611 1763 645 diu

195 672 418 711 permaneat,
442 665 524 710 quia
540 672 709 710 operetur
731 664 929 697 secundum
954 664 1247 697 convenientiam
1271 663 1331 708 [al.
1347 665 1621 709 consequentiam]
1639 664 1764 698 volun-

197 719 279 753 tatis
299 719 531 753 deordinatae
549 730 567 751 a
585 719 679 759 Deo,
694 718 762 751 nisi
782 718 854 752 cito
876 729 939 764 per
960 718 1113 763 gratiam
1137 718 1180 752 ad
1203 718 1364 752 debitum
1387 718 1550 752 ordinem
1568 727 1762 765 reparetur.

267 773 326 806 AD
345 783 494 806 PRIMUM
517 783 604 817 ergo
627 771 834 813 dicendum,
857 772 954 817 quod
976 772 1090 805 homo
1106 779 1226 818 potest
1242 772 1355 806 vitare
1377 772 1540 817 singulos
1563 781 1662 807 actus
1684 784 1764 819 pec-

195 826 275 868 cati,
298 837 371 859 non
393 833 516 859 tamen
539 836 679 867 omnes,
701 825 770 859 nisi
792 837 855 870 per
877 825 1043 871 gratiam,
1062 834 1101 859 ut
1123 825 1259 859 dictum
1282 833 1335 860 est
1353 826 1405 870 (in
1428 827 1550 872 corp.):
1574 833 1609 860 et
1625 833 1761 867 tamen,

194 880 277 926 quia
301 891 341 913 ex
365 881 439 924 ejus
463 878 603 913 defectu
627 886 689 920 est,
705 879 802 925 quod
825 879 939 913 homo
956 891 992 913 se
1009 879 1052 913 ad
1070 879 1223 924 gratiam
1242 879 1448 913 habendam
1467 890 1541 913 non
1563 887 1761 926 praeparet,

192 941 338 979 propter
359 933 430 966 hoc
454 944 473 966 a
495 940 645 978 peccato
668 944 742 966 non
765 940 965 974 excusatur,
981 932 1078 978 quod
1100 933 1177 966 sine
1200 933 1315 978 gratia
1337 940 1530 979 peccatum
1550 933 1665 967 vitare
1687 945 1761 968 non

194 994 322 1032 potest.

264 1040 323 1073 AD
347 1050 555 1074 SECUNDUM
583 1039 788 1081 dicendum,
817 1039 914 1085 quod
938 1039 1119 1085 correptio
1142 1038 1237 1074 utilis
1262 1047 1325 1081 est,
1356 1047 1394 1074 ut
1422 1051 1464 1074 ex
1497 1039 1624 1074 dolore
1648 1051 1763 1075 corre-

191 1094 323 1140 ptionis
345 1093 512 1127 voluntas
535 1093 820 1138 regenerationis
844 1093 996 1136 oriatur;
1016 1093 1045 1127 si
1066 1101 1190 1127 tamen
1210 1093 1270 1138 qui
1290 1093 1491 1140 corripitur,
1506 1093 1600 1127 filius
1617 1102 1669 1128 est
1683 1105 1762 1141 pro-

192 1147 387 1188 missionis,
410 1155 447 1180 ut
469 1147 617 1192 strepitu
641 1147 879 1192 correptionis
901 1146 1102 1180 forinsecus
1124 1146 1328 1189 insonante,
1348 1154 1408 1180 aut
1429 1146 1647 1193 flagellante,
1661 1148 1762 1182 Deus

190 1201 226 1234 in
248 1200 311 1234 illo
334 1200 549 1234 intrinsecus
573 1199 716 1234 occulta
735 1201 971 1246 inspiratione
995 1208 1163 1246 operetur
1182 1208 1216 1234 et
1238 1200 1343 1242 velle,
1365 1208 1404 1234 ut
1425 1200 1651 1245 Augustinus
1675 1201 1760 1235 dicit

193 1255 229 1288 in
251 1254 310 1288 lib.
334 1254 375 1288 de
393 1254 557 1300 Correp.,
580 1262 614 1288 et
630 1253 691 1288 Gr.
715 1254 806 1300 (rzip.
831 1254 904 1298 6.);
929 1254 1010 1288 ideo
1034 1265 1121 1300 ergo
1143 1254 1347 1288 necessaria
1378 1261 1431 1288 est
1460 1254 1651 1300 correptio,
1679 1255 1762 1300 quia

190 1308 359 1342 voluntas
382 1308 541 1342 hominis
564 1307 754 1353 requiritur
781 1307 824 1341 ad
852 1308 935 1349 hoc,
966 1308 1063 1353 quod
1094 1319 1112 1341 a
1143 1315 1295 1353 peccato
1326 1307 1520 1342 abstineat:
1547 1308 1608 1342 sed
1639 1316 1761 1343 tamen

192 1361 371 1407 correptio
394 1372 468 1395 non
491 1369 543 1395 est
565 1360 745 1395 sufficiens
767 1361 843 1395 sine
866 1361 936 1395 Dei
959 1360 1112 1403 auxilio,
1135 1361 1229 1395 unde
1251 1360 1370 1395 Eccle.
1394 1372 1443 1407 7.:
1463 1361 1642 1396 Considera
1661 1369 1762 1409 opera

190 1417 268 1458 Dei,
292 1415 376 1461 qnod
403 1427 496 1449 nemo
514 1416 618 1461 possit
640 1416 816 1459 corrigere,
840 1427 933 1460 quem.
957 1415 1009 1448 ille
1030 1414 1221 1461 despexerit.

263 1469 322 1503 AD
351 1479 522 1503 TERTIUM
550 1469 755 1509 dicendum,
789 1468 897 1514 quod,
929 1468 1021 1502 sicut
1055 1468 1281 1513 Augustinus
1315 1468 1400 1502 dicit
1429 1469 1465 1502 in
1495 1469 1759 1515 Hypognostic.

191 1523 305 1569 (lil⁷.3.
322 1529 392 1569 rap.
408 1536 433 1557 Ι.
454 1528 481 1556 ct
495 1524 558 1567 2.),
574 1522 725 1556 verbum
748 1521 835 1555 illud
858 1521 1071 1567 intelligitur
1093 1522 1136 1556 de
1159 1522 1309 1556 homine
1333 1522 1531 1559 secundum
1555 1530 1687 1557 statum
1702 1535 1762 1557 na-

191 1585 291 1611 turae
314 1579 486 1622 integrae,
505 1576 649 1621 quando
669 1575 832 1609 nondum
853 1583 929 1609 erat
947 1587 1070 1609 servus
1092 1576 1249 1621 peccati,
1272 1575 1366 1609 unde
1389 1584 1529 1622 poterat
1547 1587 1710 1621 peccare,
1726 1585 1761 1611 et

192 1642 267 1665 non
289 1642 459 1677 peccare3
482 1641 577 1663 nunc
601 1629 722 1670 etiam,
745 1629 1002 1674 quodcumque
1024 1628 1101 1662 vult
1126 1629 1254 1670 homo,
1277 1629 1380 1663 datur
1401 1629 1452 1671 ei,
1475 1629 1537 1663 sed
1563 1629 1635 1663 hoc
1663 1630 1759 1676 quod

189 1686 326 1719 bonum
349 1683 444 1726 velit,
468 1684 576 1717 habet
597 1694 639 1717 ex
661 1682 795 1717 auxilio
819 1683 965 1728 gratiae.

758 1829 1104 1875 ARTICULUS
1134 1830 1210 1873 IX.
1482 1897 1489 1899 ξ
1694 1844 1759 1889 584

378 1938 531 1968 UTRUM
564 1938 676 1977 ILLE,
711 1938 787 1973 Qut
815 1938 896 1979 JAM
931 1938 1221 1968 eousaeurus
1255 1939 1334 1969 EST
1364 1939 1572 1980 GRATIAM,

249 2005 326 2035 PER
360 2005 541 2034 SEIPSUM
575 2003 725 2033 Possm*
760 2004 944 2034 OPERARI
979 2004 1143 2044 BONUM,
1175 2006 1230 2034 ET
1264 2006 1423 2036 VITARE
1456 2007 1693 2036 PECCATUM

394 2060 397 2061 ’
664 2069 834 2105 AsssQuE
861 2069 1043 2099 AUXILIO
1075 2070 1278 2100 GRATIAE.

260 2163 320 2198 AD
348 2174 489 2198 NONUM
524 2163 574 2197 sic
606 2163 824 2209 proceditur.
853 2163 1009 2206 Videtur,
1039 2164 1135 2210 quod
1164 2164 1236 2207 ille,
1268 2165 1329 2211 qui
1355 2166 1428 2211 jam
1459 2174 1677 2201 consecutus
1704 2175 1757 2201 est

187 2218 352 2262 gratiam,
376 2229 438 2263 per
460 2217 619 2263 seipsum
642 2217 755 2263 possit
777 2217 919 2263 operari
941 2218 1090 2260 bonum,
1114 2226 1149 2252 et
1170 2219 1283 2254 vitare
1306 2228 1498 2266 peccatum
1526 2220 1660 2267 absque
1683 2220 1755 2255 alio

190 2271 322 2305 auxilio
346 2271 501 2315 gratiae:
526 2271 811 2316 unumquodque
836 2271 933 2304 enim
954 2279 1013 2305 aut
1027 2271 1156 2306 frustra
1179 2280 1242 2314 est,
1265 2281 1324 2307 aut
1345 2273 1609 2320 imperfectum,
1631 2274 1661 2308 si
1681 2286 1755 2309 non

187 2324 313 2370 implet
334 2324 434 2366 illud,
459 2324 502 2358 ad
525 2324 621 2370 quod
644 2324 763 2358 datur:
788 2325 849 2358 sed
872 2325 986 2370 gratia
1009 2325 1052 2359 ad
1075 2326 1146 2360 hoc
1175 2326 1278 2360 datur
1299 2327 1415 2370 nobis,
1438 2335 1476 2362 ut
1497 2328 1678 2374 possimus
1697 2328 1757 2362 bo-

187 2390 275 2411 num
297 2378 428 2420 facere,
452 2385 486 2412 et
506 2378 618 2411 vitare
642 2386 852 2424 peccatum,
876 2379 905 2412 si
926 2379 1035 2423 igitur
1056 2390 1119 2424 per
1141 2380 1295 2425 gratiam
1309 2380 1381 2415 hoc
1396 2381 1510 2416 homo
1529 2393 1603 2416 non
1625 2390 1754 2428 potest,

186 2432 337 2473 videtur,
360 2432 455 2478 quod
479 2431 537 2465 vel
559 2431 673 2476 gratia
695 2433 739 2465 sit
762 2430 891 2465 frustra
914 2433 1007 2473 data,
1030 2432 1087 2467 vel
1109 2433 1154 2467 sit
1174 2433 1398 2479 imperfecta.

259 2496 290 2519 2.
314 2485 550 2520 PRAETEREA.
574 2485 643 2519 Per
665 2485 818 2531 gratiam
842 2486 915 2531 ipse
940 2486 1092 2531 Spiritus
1117 2486 1270 2522 Sanctus
1293 2488 1328 2522 in
1344 2489 1447 2523 nobis
1462 2489 1610 2531 habitat,
1629 2501 1754 2524 secun-

187 2541 273 2574 dum
295 2539 382 2573 illud
410 2550 436 2573 1.
461 2539 503 2573 ad
527 2539 613 2573 Cor.
641 2551 688 2585 3.:
712 2540 862 2581 Nescitis,
885 2541 963 2584 quia
983 2541 1138 2586 templum
1154 2542 1220 2575 Dei
1234 2543 1315 2582 estis,
1339 2547 1368 2577 et
1387 2544 1522 2589 spiritus
1537 2543 1604 2578 Dei
1624 2543 1754 2580 habitat

187 2594 220 2627 in
239 2594 350 2627 vobis?
375 2592 444 2626 Sed
465 2592 618 2638 Spiritus
642 2592 807 2634 Sanctus,
832 2604 915 2626 cum
938 2593 981 2627 sit
1004 2594 1247 2640 omnipotens,
1269 2595 1451 2630 sufficiens
1473 2604 1536 2638 est,
1559 2604 1596 2631 ut
1617 2608 1684 2631 nos
1702 2597 1752 2631 in-

187 2647 294 2680 ducat
316 2646 358 2679 ad
381 2646 471 2680 bene
495 2645 730 2692 operandum,
750 2653 784 2679 et
807 2653 844 2679 ut
866 2657 932 2679 nos
956 2658 974 2679 a
998 2655 1161 2692 peccato
1180 2649 1379 2692 custodiat3
1419 2661 1506 2695 ergo
1541 2649 1655 2685 homo
1678 2662 1754 2696 gra-

187 2701 272 2734 tiam
296 2708 512 2734 consecutus
530 2708 648 2745 potest
672 2708 863 2745 utrumque
888 2700 1155 2745 praedictorum
1176 2702 1309 2747 absque
1332 2702 1402 2736 alio
1426 2702 1558 2737 auxilio
1581 2704 1728 2750 gratiae.

261 2765 289 2799 3.
318 2756 553 2788 Fumi-nium.
583 2754 619 2787 Si
643 2754 757 2787 homo
781 2762 997 2787 consecutus
1021 2755 1174 2798 gratiam
1199 2756 1315 2790 adhuc
1351 2756 1421 2790 alio
1454 2756 1588 2791 auxilio
1615 2758 1752 2802 gratiae

188 2809 324 2853 indiget
347 2809 389 2842 ad
412 2809 482 2842 hoc
506 2808 602 2853 quod
625 2816 720 2842 recte
742 2807 850 2849 vivat,
870 2816 903 2841 et
923 2819 941 2840 a
957 2816 1107 2853 peccato
1131 2809 1316 2851 abstineat,
1334 2810 1409 2856 pari
1431 2810 1569 2845 ratione
1585 2811 1650 2845 etsi
1665 2810 1752 2846 illud

187 2862 282 2897 aliud
311 2862 483 2896 auxilium
508 2861 643 2907 gratiae
672 2869 887 2895 consecutus
916 2860 1031 2902 suerit,
1055 2862 1171 2896 adhuc
1201 2862 1271 2896 alio
1299 2863 1431 2897 auxilio
1457 2864 1592 2909 gratiae
1618 2864 1752 2911 indige-

185 2916 254 2959 bit3
276 2916 491 2963 procedetur
513 2926 599 2962 crgo
622 2915 657 2950 in
686 2915 887 2950 inlinitum:
911 2915 1006 2961 quod
1034 2924 1086 2949 est
1112 2916 1391 2960 inconveniens3
1414 2928 1500 2964 crgo
1522 2917 1582 2954 ille
1613 2918 1673 2965 qui
1699 2927 1752 2954 est
