1875 3198
221 202 306 242 602
609 212 831 247 QUAESTIO
866 212 1040 241 LXXXIV.
1075 211 1334 244 ARTICULUS..
1355 212 1399 242 11.

218 301 286 335 tur,
310 301 344 327 et
364 293 526 336 fovetur;
550 301 584 328 et
605 302 749 340 propter
770 294 841 327 hoc
870 293 1046 339 cupiditas
1069 293 1196 327 dicitur
1218 293 1316 327 radix
1335 306 1344 328 ,·
1367 293 1429 327 sed
1456 293 1621 339 superbia
1642 293 1786 339 respicit

222 354 413 392 peccatum
436 358 478 380 ex
499 355 598 393 parte
622 347 819 381 aversionis
854 358 873 380 a
903 347 996 388 Deo,
1020 347 1120 392 cujus
1150 354 1341 392 praecepto
1363 346 1477 380 homo
1500 346 1604 380 subdi
1623 354 1784 388 recusat3

219 407 254 433 et
274 400 356 434 ideo
375 408 527 434 vocatur
549 402 694 441 initium,
719 400 801 445 quia
822 412 863 434 ex
886 407 985 445 parte
1008 400 1206 433 aversionis
1233 399 1357 446 incipit
1384 400 1474 433 ratio
1502 399 1600 433 mali.
1626 399 1671 433 Et
1691 399 1783 434 haec

217 453 364 498 quidem
389 454 553 499 quamvis
575 465 660 487 vera
687 454 767 494 sint,
789 461 911 487 tamen
938 464 1012 486 non
1046 461 1130 486 sunt
1153 453 1354 487 secundum
1375 453 1615 487 intentionem
1637 452 1784 499 Sapien-

215 506 271 548 tis,
295 507 355 552 qui
377 507 483 540 dicit:
506 508 646 541 Initium
673 508 778 540 onmis
801 507 929 552 peccati
958 511 1000 540 est
1025 507 1199 552 snperbia:
1228 505 1417 540 manifeste
1439 506 1537 540 enim
1557 505 1716 552 loquitur
1737 506 1781 540 de

216 560 393 605 superbia,
417 560 618 594 secundum
641 559 738 604 quod
761 567 813 593 est
834 559 1059 593 inordinatus
1082 559 1257 605 appetitus
1278 559 1443 605 propriae
1465 558 1724 602 excellentiae3
1745 567 1784 593 ut

215 621 313 658 patet
334 624 397 658 per
418 613 489 646 hoc
513 613 608 658 quod
631 613 768 646 subdit:
791 612 883 647 Sedes
898 613 1035 647 Ducum
1055 614 1272 659 superborum
1287 612 1449 647 destruxit
1469 613 1581 647 Deus:
1597 620 1632 646 et
1652 612 1696 646 de
1715 612 1783 647 hac

217 667 371 699 materia
394 666 552 712 loquitur
574 666 621 699 ibi
642 665 716 699 fere
738 666 775 700 in
796 674 874 700 toto
897 665 1074 711 capitulo:
1091 674 1126 699 et
1147 665 1229 699 ideo
1249 666 1443 700 dicendum
1464 673 1528 708 est,
1550 665 1648 712 quod
1668 677 1788 712 super-

217 719 275 752 bia
297 720 408 753 etiam
430 720 632 753 secundum
654 720 752 764 quod
775 727 828 753 est
849 719 1007 765 speciale
1030 727 1233 765 peccatum,
1256 727 1309 754 est
1329 719 1472 753 initium
1494 720 1612 753 omnis
1635 720 1786 765 peccati.

217 772 537 806 Considerandum
559 780 611 806 est
633 773 742 814 enim,
765 773 861 818 quod
887 773 923 806 in
952 772 1088 806 actibus
1110 772 1334 814 voluntariis,
1370 772 1576 818 cujusmodi
1605 780 1688 807 sunt
1708 783 1788 818 pec-

217 834 306 868 cata,
322 826 442 872 duplex
463 826 553 859 ordo
576 826 769 868 invenitur3
791 825 947 860 scilicet:
970 827 1170 868 intentionis,
1186 834 1221 860 et
1233 827 1439 861 executionis.
1454 826 1496 859 In
1505 827 1620 872 primo
1639 826 1787 872 quidem

217 878 342 912 ordine
361 879 469 913 habet
490 881 670 913 rationem
684 879 850 925 principii
871 879 963 921 finis,
979 886 1015 913 ut
1033 891 1140 925 supra
1163 878 1347 913 multoties
1362 879 1500 913 dictum
1515 887 1569 913 est
1587 879 1633 925 (q.
1649 892 1676 914 I.
1691 884 1746 914 art
1758 892 1786 914 Ι.

219 932 261 966 ad
282 944 309 967 I.
332 937 359 966 et
385 938 449 967 art.
476 945 501 977 3.
525 932 566 966 ad
592 944 623 967 2.
646 944 675 978 q.
702 944 758 967 20.
786 937 849 966 art.
876 945 904 967 1.
931 932 973 966 ad
986 944 1015 967 2.
1039 937 1067 967 et
1096 945 1125 978 q.
1152 943 1203 979 57.
1225 937 1289 967 art.
1308 934 1358 978 4.)
1372 945 1382 967 .·
1409 932 1490 967 finis
1512 940 1634 967 autem
1654 933 1691 966 in
1713 943 1789 966 om-

217 985 321 1029 nibus
340 986 444 1020 bonis
467 986 728 1031 temporalibus
756 986 984 1032 acquirendis
1007 994 1070 1028 est,
1093 994 1132 1020 ut
1152 986 1268 1020 homo
1294 997 1358 1032 per
1378 985 1440 1021 illa
1460 986 1658 1032 quamdam
1678 986 1790 1032 perfe-

219 1040 379 1074 ctionem
402 1040 637 1085 singularem,
660 1048 694 1074 et
716 1039 968 1074 excellentiam
991 1040 1145 1082 habeat3
1168 1047 1203 1073 et
1223 1040 1306 1074 ideo
1328 1051 1372 1074 ex
1396 1040 1467 1074 hac
1488 1047 1589 1086 parte
1611 1040 1789 1086 superbia,

216 1104 309 1139 quae
330 1101 384 1127 est
405 1095 581 1139 appetitus
604 1092 850 1135 excellentiae,
872 1093 1018 1139 ponitur
1048 1093 1191 1127 initium
1213 1093 1333 1127 omnis
1355 1093 1495 1139 peccati
1509 1120 1518 1136 ,
1540 1094 1601 1127 sed
1625 1104 1667 1127 ex
1688 1102 1788 1139 parte

217 1147 438 1180 executionis
466 1154 519 1180 est
540 1147 698 1192 primum
725 1146 771 1188 id,
794 1147 891 1192 quod
914 1146 1060 1192 praebet
1087 1147 1398 1193 opportunitatem
1417 1146 1640 1193 adimplendi
1660 1147 1787 1181 omnia

217 1200 396 1234 desideria
417 1200 567 1246 peccati,
590 1199 687 1245 quod
709 1199 818 1233 habet
840 1200 1019 1234 rationem
1046 1200 1188 1242 radicis,
1215 1200 1354 1234 scilicet
1375 1200 1544 1243 divitiae;
1571 1208 1607 1235 et
1641 1200 1725 1235 ideo
1747 1212 1790 1234 ex

218 1253 287 1286 hac
311 1261 411 1299 parte
435 1253 583 1287 avaritia
601 1253 746 1299 ponitur
768 1264 845 1287 esse
868 1253 967 1287 radix
994 1255 1161 1287 omnium
1189 1253 1384 1297 malorum,
1406 1261 1445 1288 ut
1465 1253 1603 1288 dictum
1629 1261 1684 1289 est
1703 1254 1786 1300 (art.

216 1306 359 1352 praes.)-

292 1360 336 1393 Et
357 1371 419 1406 per
441 1359 512 1394 hoc
536 1367 633 1405 patet
653 1360 842 1406 responsio
863 1371 914 1395 AD
936 1371 1098 1395 PRIMUM.

287 1413 347 1447 AD
366 1424 573 1448 SECUNDUM
597 1413 801 1456 dicendum,
818 1414 915 1459 quod
937 1419 1124 1460 apostatare
1139 1414 1242 1448 aDeo
1259 1413 1387 1448 dicitur
1409 1425 1487 1448 esse
1501 1413 1644 1449 initium
1669 1425 1789 1461 super-

217 1466 297 1501 biae
313 1478 355 1501 ex
371 1475 469 1512 parte
489 1467 707 1501 aversionis:
725 1478 766 1500 ex
784 1467 855 1500 hoc
876 1467 1085 1512 eniquuod
1100 1467 1215 1501 homo
1230 1478 1306 1501 non
1316 1466 1392 1501 vult
1406 1467 1612 1510 subdiDeo,
1625 1468 1787 1514 sequitur

220 1521 317 1567 quod
339 1521 542 1554 inordinate
564 1520 650 1554 velit
664 1522 848 1567 propriam
868 1520 1120 1555 excellentiam
1138 1521 1174 1554 in
1189 1521 1293 1555 rebus
1315 1521 1556 1567 temporibus:
1576 1530 1611 1556 et
1631 1522 1682 1556 sic
1706 1533 1790 1568 apo-

219 1574 328 1608 stasia
350 1586 369 1608 a
384 1575 471 1608 >Deo
494 1585 569 1608 non
591 1574 744 1608 sumitur
760 1575 807 1608 ibi
828 1574 930 1620 quasi
948 1573 1103 1620 speciale
1118 1582 1322 1621 peccatum,
1337 1575 1399 1609 sed
1414 1575 1530 1621 magis
1551 1582 1590 1609 ut
1609 1575 1788 1621 quaedam

220 1628 381 1662 conditio
406 1627 584 1673 generalis
608 1628 726 1662 omnis
755 1628 905 1673 peccati,
933 1639 1024 1674 quae
1053 1636 1105 1662 est
1127 1628 1266 1662 aversio
1295 1628 1337 1661 ab
1364 1628 1659 1663 incommutabili
1678 1629 1788 1663 bono.

218 1681 288 1715 Vel
309 1690 427 1727 potest
447 1681 529 1723 dici,
551 1681 649 1727 quod
671 1690 873 1727 apostatare
905 1693 923 1714 a
958 1682 1039 1715 Deo
1062 1681 1192 1715 dicitur
1214 1693 1293 1716 esse
1318 1681 1462 1716 initium
1483 1682 1684 1728 superbiae,
1705 1683 1788 1728 quia

220 1743 274 1769 est
294 1736 410 1780 prima
432 1735 619 1779 superbiae
658 1735 815 1780 species:
845 1735 888 1768 ad
910 1735 1116 1780 superbiam
1142 1734 1241 1769 enim
1270 1735 1426 1781 pertinet
1455 1735 1585 1781 cuique
1611 1736 1789 1782 superiori

218 1789 317 1824 nolle
340 1789 478 1834 subjici,
514 1797 549 1823 et
582 1790 772 1835 praecipue
801 1788 899 1822 nolle
921 1789 1025 1823 subdi
1043 1789 1146 1822 Deo:
1170 1800 1213 1823 ex
1236 1799 1308 1834 quo
1331 1789 1520 1834 contingit,
1553 1789 1652 1834 quod
1672 1789 1788 1824 horno

219 1854 325 1889 supra
347 1842 506 1888 seipsum
524 1842 681 1876 indebite
704 1841 907 1884 extollatur,
926 1850 1102 1887 quantum
1124 1842 1167 1876 ad
1190 1841 1278 1876 alias
1295 1842 1482 1888 superbiae
1497 1842 1646 1888 species.

291 1897 350 1930 AD
382 1906 554 1930 TERTIUM
585 1895 790 1937 dicendum,
821 1895 919 1941 quod
940 1895 975 1929 in
999 1895 1069 1929 hoc
1093 1896 1207 1929 homo
1228 1906 1267 1930 se
1284 1903 1392 1937 amat,
1414 1895 1511 1941 quod
1534 1895 1589 1930 sui
1610 1896 1792 1931 excellen-

217 1950 306 1984 tiam
328 1950 414 1983 vult.
437 1950 523 1984 Ideo
547 1949 643 1983 enim
667 1957 719 1983 est
749 1961 786 1983 se
815 1960 948 1990 amare,
980 1949 1077 1994 quod
1100 1949 1167 1983 sibi
1188 1948 1280 1983 velle
1310 1949 1470 1991 bonum;
1501 1949 1596 1984 unde
1624 1949 1668 1983 ad
1690 1949 1789 1984 idem

218 2005 382 2050 pertinet,
405 2002 501 2049 quod
523 2010 677 2049 ponatur
698 2003 842 2036 initium
864 2002 983 2037 omnis
1005 2002 1146 2048 peccati
1167 2002 1345 2049 superbia,
1363 2002 1422 2037 vel
1437 2013 1541 2037 amor
1564 2003 1740 2050 proprius.

758 2150 1104 2201 ARTICULUS
1140 2151 1218 2194 111.
1718 2172 1789 2209 450

505 2271 657 2301 UTRUM
684 2273 877 2302 PRAETER
904 2271 1156 2311 SUPERBIAM,
1180 2272 1236 2300 ET
1265 2271 1503 2301 AVARITIAM
1593 2307 1596 2309 ‚

265 2337 361 2367 SINT
391 2337 491 2367 ALIA
518 2338 718 2367 PECCATA
742 2337 979 2377 SPECIALIA,
1009 2338 1126 2373 QUAE
1154 2337 1246 2367 DlCl
1274 2337 1475 2368 DEBEANT
1503 2337 1748 2367 CAPITALIA.

719 2437 820 2483 (Insr.
836 2442 898 2471 arl.
914 2448 945 2481 4.
961 2442 988 2471 ut
1003 2437 1080 2471 locis
1096 2438 1142 2471 ibi
1156 2437 1290 2481 citatis).

295 2538 354 2572 AD
383 2549 554 2573 TERTIUM
581 2539 631 2573 sic
659 2539 875 2585 proceditur.
899 2538 1060 2580 Videtur,
1088 2538 1184 2584 quod
1212 2546 1352 2584 praeter
1378 2537 1596 2584 superbiam,
1617 2546 1652 2573 et
1678 2537 1790 2573 avari-

223 2591 312 2625 tiam
335 2603 407 2625 non
431 2592 500 2626 sint
526 2593 704 2638 quaedam
733 2592 801 2625 alia
830 2600 977 2637 peccata
1005 2591 1186 2637 specialia,
1213 2603 1305 2637 quae
1331 2591 1496 2626 dicantur
1521 2591 1708 2638 capitalia:
1736 2591 1785 2626 ita

223 2645 320 2678 enim
342 2657 379 2679 se
401 2645 542 2679 videtur
565 2646 695 2679 habere
720 2654 827 2690 caput
849 2646 892 2679 ad
920 2645 1102 2687 animalia,
1126 2645 1217 2679 sicut
1239 2645 1337 2679 radix
1359 2644 1402 2679 ad
1426 2644 1576 2690 plantas,
1598 2653 1636 2680 ut
1657 2645 1787 2679 dicitur

222 2697 256 2730 in
274 2708 304 2731 2.
321 2698 363 2732 de
382 2698 516 2732 Anima
539 2700 619 2743 (lex.
639 2699 723 2744 38.):
746 2710 829 2732 nam
854 2699 991 2732 radices
1010 2707 1090 2732 sunt
1114 2699 1165 2733 ori
1188 2698 1340 2733 similes:
1363 2698 1394 2733 si
1415 2698 1523 2744 igitur
1544 2698 1720 2745 cupiditas
1738 2698 1787 2733 di-

222 2751 312 2784 citur
334 2751 431 2785 radii·
453 2754 601 2786 omnium
625 2752 803 2793 nudorum,
827 2752 966 2786 videtur
988 2752 1083 2798 quod
1104 2752 1181 2798 ipsa
1203 2751 1281 2786 sola
1303 2751 1432 2786 debeat
1452 2751 1522 2786 dici
1544 2751 1671 2786 vitium
1693 2751 1786 2798 capi-

221 2804 304 2846 talc,
328 2813 362 2838 ct
384 2804 523 2838 nullum
548 2805 642 2838 aliud
667 2813 867 2851 peccatum.

295 2867 324 2891 2.
350 2858 585 2893 PRAi-Ji·1›;1‹e.›x.
610 2858 731 2904 Caput
752 2858 859 2892 habet
882 2858 1077 2904 quemdam
1100 2858 1265 2893 ordinem
1287 2858 1331 2893 ad
1351 2858 1420 2893 alia
1443 2859 1618 2901 membra,
1638 2858 1786 2905 inquan—

222 2918 298 2945 tum
323 2923 340 2944 a
365 2912 480 2957 capite
504 2912 537 2945 in
562 2912 685 2946 omnia
709 2912 871 2946 membra
894 2911 1101 2946 diffunditur
1128 2911 1403 2958 quodammodo
1429 2922 1566 2954 sensus,
1588 2920 1623 2947 et
1644 2920 1782 2946 motus:
