1907 3198
502 152 727 189 QUAESTIO
761 152 862 182 LVII.
896 152 1144 184 ARTICULUS
1177 153 1205 184 1.
1552 155 1630 198 391

584 379 942 442 QUAESTIO
966 380 1115 428 Lvn.

238 505 304 538 DE
330 504 673 538 DISTINCTIONE
695 506 946 538 VIRTUTUM
973 505 1444 548 INTELLECTL·AL1UM‚

530 577 583 610 IN
606 578 693 610 SEX
721 577 986 611 ARTICULOS
1012 578 1189 610 DIVISA.

130 722 276 758 Deinde
301 721 611 758 considerandum
632 730 687 758 est
711 722 755 758 de
782 721 1014 757 distinctione
1045 721 1238 757 virtutum:
1262 729 1298 757 et
1317 722 1435 770 primo
1462 729 1639 769 quantum

60 776 106 812 ad
124 777 275 813 virtutes
300 776 584 813 intellectuales:
618 776 756 813 secundo
791 785 969 824 quantum
996 775 1041 811 ad
1067 776 1243 812 morales:
1271 778 1368 812 tert1'o
1390 775 1568 824 quantum
1595 775 1639 811 ad

58 830 302 879 theologicas.

0 900 9 922 Ρ

551 919 655 956 Circa
671 921 826 968 primum
847 926 1057 968 quaeruntur
1076 933 1142 957 sex.

130 994 270 1030 Primo.
292 993 429 1030 Utrum
444 993 590 1029 habitus
610 993 876 1030 intellectuales
897 993 1112 1042 speculativi
1133 994 1203 1030 sint
1223 993 1384 1030 virtutes.

131 1048 317 1084 Secundo.
339 1048 474 1084 Utrum
499 1048 571 1084 sint
590 1057 674 1091 tres,
695 1047 853 1084 scilicet:
875 1048 1064 1096 sapientia,
1086 1049 1249 1092 scientia,
1271 1058 1306 1084 et
1327 1047 1544 1084 intellectus.

132 1101 274 1138 Tertio.
296 1102 431 1138 Utrum
452 1102 596 1138 habitus
615 1101 883 1146 intellectualis,
904 1103 967 1150 qui
988 1112 1043 1138 est
1063 1115 1133 1146 ars,
1154 1104 1201 1139 sit
1221 1103 1345 1139 virtus.

133 1157 290 1200 Quarto.
311 1157 446 1193 Utrum
466 1156 658 1205 prudentia
682 1157 728 1192 sit
748 1157 861 1192 virtus
882 1157 1052 1192 distincta
1074 1158 1117 1192 ab
1139 1166 1227 1193 arte,

134 1211 290 1254 Quinto.
308 1211 443 1247 Utrum
464 1211 656 1259 prudentia
676 1212 722 1246 sit
741 1211 854 1247 virtus
874 1211 1082 1247 necessaria
1102 1212 1256 1246 homini.

133 1265 258 1302 Sexto.
273 1265 408 1302 Utrum
421 1264 580 1310 eubulia,
593 1265 744 1314 synesis,
758 1273 795 1301 et
807 1277 945 1313 gnome
962 1265 1035 1301 sint
1047 1266 1197 1302 virtutes
1213 1265 1404 1313 adjunctae
1417 1265 1642 1314 prudentiae.

640 1388 991 1435 ARTICULUS
1027 1389 1060 1434 Ι.
1576 1412 1639 1449 301

32 1485 39 1490 “
95 1499 254 1530 UTRUM
279 1498 470 1530 HABITUS
495 1499 888 1530 INTELLECTUALES
917 1499 1207 1531 SPECULATIVI
1234 1499 1334 1531 SINT
1361 1499 1594 1531 VIRTUTES.

131 1587 193 1624 AD
210 1598 362 1624 PRIMUM
375 1587 428 1623 sic
449 1588 668 1635 proceditur.
687 1588 852 1632 Videtur,
867 1589 966 1636 quod
980 1589 1124 1624 habitus
1139 1588 1404 1624 intellectuales
1427 1589 1644 1636 speculativi

26 1667 30 1672 -
59 1653 137 1679 non
156 1642 229 1678 sint
247 1642 416 1678 virtutes:
445 1642 559 1678 virtus
593 1643 692 1678 enim
719 1651 773 1678 est
798 1643 944 1678 habitus
966 1644 1185 1691 operativus,
1208 1651 1247 1678 ut
1275 1655 1384 1691 supra
1417 1643 1556 1678 dictum
1590 1652 1645 1678 est

5 1702 10 1706 '
62 1696 109 1745 (q.
126 1708 173 1745 55.
194 1702 260 1733 art.
281 1698 354 1743 2.):
380 1696 443 1732 sed
464 1697 608 1732 habitus
631 1697 845 1745 speculativi
863 1709 938 1733 non
965 1706 1049 1733 sunt
1070 1698 1267 1746 operativi:
1291 1698 1523 1745 distinguitur
1544 1698 1643 1733 enim

59 1751 324 1800 speculativum
345 1762 366 1786 a
391 1751 567 1798 practico,
589 1751 683 1787 idest
708 1752 918 1798 operativo;
946 1763 1035 1799 ergo
1057 1753 1202 1788 habitus
1228 1751 1494 1787 intellectuales
1520 1763 1645 1799 specu-

4 1807 5 1812 ’
59 1804 163 1841 lativi
181 1816 257 1840 non
275 1812 360 1840 sunt
379 1805 541 1840 virtutes.

7 1856 9 1860 ⁴
132 1869 165 1894 2.
186 1859 426 1895 PRAETEREA.
447 1858 570 1894 Virtus
586 1867 640 1894 est
660 1871 802 1903 eorum,
823 1872 887 1908 per
907 1872 1000 1908 quae
1025 1861 1063 1896 fit
1084 1861 1200 1896 homo
1224 1860 1320 1904 felix,
1336 1861 1411 1896 sive
1432 1860 1575 1903 beatus;
1598 1872 1643 1896 eo

38 1955 42 1958 θ
60 1913 158 1961 quod
170 1913 320 1960 selt'citas
332 1918 380 1949 est
399 1915 535 1949 virtutis
544 1915 752 1962 praemium,
773 1923 811 1950 ut
825 1915 957 1950 dicitur
970 1916 1006 1950 in
1034 1927 1062 1950 1.
1083 1915 1199 1949 Ethic.
1221 1915 1312 1962 (cap.
1330 1915 1404 1962 9.):
1421 1915 1484 1950 sed
1499 1915 1644 1950 habitus

60 1966 326 2004 intellectuales
339 1979 416 2003 non
434 1968 667 2004 considerant
681 1977 783 2004 actus
797 1970 993 2013 humanos,
1008 1978 1071 2005 aut
1089 1969 1159 2004 alia
1173 1970 1270 2005 bona
1285 1970 1458 2012 humana,
1473 1980 1537 2016 per
1551 1981 1644 2016 quae

4 2016 6 2023 '
61 2019 180 2058 homo
208 2022 472 2058 beatitudinem
502 2022 724 2070 adipiscitur,
753 2023 815 2058 sed
847 2025 965 2071 magis
992 2036 1048 2060 res
1081 2024 1277 2067 naturales,
1306 2032 1341 2059 et
1368 2024 1525 2067 divinas3
1556 2035 1644 2071 ergo

7 2116 10 2123 ,
35 2111 37 2114 .
61 2075 274 2124 hujusmodi
293 2077 435 2112 babitus
455 2077 608 2112 virtutes
629 2077 700 2112 dici
722 2089 796 2112 non
818 2087 980 2125 possunt.

78 2131 83 2137 ”
136 2142 167 2179 3.
191 2131 433 2167 Prummu.
456 2130 618 2167 Scientia
641 2140 694 2167 est
720 2132 864 2167 habitus
886 2132 1155 2180 speculativus:
1184 2132 1249 2168 sed
1275 2132 1438 2175 scientia,
1472 2141 1508 2167 et
1532 2132 1645 2168 virtus

22 2218 23 2223 ,
62 2184 343 2234 distinguuntur,
377 2185 471 2222 sicut
491 2185 633 2221 diversa
659 2197 794 2234 genera
828 2198 903 2222 non
924 2187 1204 2223 subalternatim
1232 2187 1362 2234 posita,
1393 2195 1431 2221 ut
1457 2195 1556 2234 patet
1582 2198 1646 2234 per

0 2258 18 2270 v·
41 2233 44 2236 ⁴
61 2227 202 2276 mos.
216 2239 254 2275 in
272 2249 307 2284 4.
323 2238 420 2288 Top.
442 2240 535 2288 (cap.
554 2252 586 2276 2.
608 2241 670 2276 loc.
685 2242 756 2287 2.),·
780 2252 868 2288 ergo
883 2241 1027 2277 habitus
1050 2241 1265 2289 speculativi
1286 2253 1361 2276 non
1377 2250 1458 2276 sunt
1479 2241 1644 2276 virtutes.

65 2317 78 2323 „
134 2293 402 2334 SEDCONTRA.
425 2293 505 2330 Soli
518 2294 663 2330 habitus
684 2295 899 2342 speculativi
918 2296 1150 2331 considerant
1164 2296 1382 2338 necessaria,
1397 2307 1490 2342 quae
1512 2296 1647 2342 impos·
1677 2309 1682 2311 ’

63 2346 167 2387 §bile
187 2356 243 2384 est
262 2347 368 2384 aliter
387 2359 426 2384 se
446 2348 601 2385 habere:
623 2349 686 2384 sed
707 2348 845 2384 Philos.
864 2351 968 2397 ponit
988 2350 1025 2385 in
1047 2349 1080 2386 6.
1103 2350 1320 2386 Ethicorum
1341 2352 1432 2398 (cap.
1451 2362 1478 2386 ι.
1501 2362 1523 2384 ιι
1543 2350 1646 2395 med.)

52 2401 244 2450 Ιιιειειίιιῖκι
262 2403 414 2438 virtutes
433 2401 700 2438 intellectuales
725 2403 762 2437 in
784 2411 884 2450 parte
907 2405 1062 2447 animae,
1085 2416 1177 2452 quae
1200 2403 1409 2439 considerat
1428 2399 1646 2446 necessaria,

63 2466 160 2497 uae
180 2466 256 2492 non
278 2464 432 2504 possunt
457 2455 561 2492 aliter
587 2468 624 2492 se
650 2457 806 2501 habere;
839 2468 927 2505 ergo
957 2458 1102 2494 habitus
1135 2457 1402 2494 intellectuales
1432 2457 1647 2504 speculativi

59 2515 62 2520 '
118 2517 149 2546 ·t
167 2510 328 2546 virtutes.

59 2571 93 2609 ·'.
135 2563 368 2602 Rtsrounto
381 2564 593 2608 dicendum,
611 2565 709 2613 quod
725 2577 809 2600 cum
824 2567 944 2602 omnis
960 2567 1072 2602 virtus
1087 2567 1228 2602 dicatur
1242 2567 1278 2601 in
1294 2566 1421 2601 ordine
1437 2566 1481 2601 ad
1495 2566 1646 2608 bonum,

85 2617 111 2666 ⁰,
129 2624 160 2656 t
176 2629 286 2667 supra
305 2619 444 2655 dictum
478 2628 533 2654 est
557 2620 606 2666 (q.
624 2631 670 2666 55.
693 2625 757 2655 art.
783 2622 841 2667 3.),
868 2621 993 2668 duplici
1019 2621 1160 2656 ratione
1188 2621 1317 2668 aliquis
1347 2621 1490 2655 habitus
1518 2620 1648 2655 dicitur

96 2672 106 2681 ⁵
134 2689 140 2697 .
172 2699 187 2717 ‚
207 2680 247 2709 ut
265 2684 374 2721 supra
400 2673 540 2709 dictum
573 2682 628 2709 est
648 2674 696 2720 (q.
715 2675 770 2721 56.
792 2680 856 2710 art.
876 2676 923 2722 3.)
935 2689 945 2710 .·
968 2687 1034 2710 uno
1066 2675 1175 2719 modo,
1206 2675 1290 2722 quia
1319 2674 1403 2709 facit
1436 2674 1646 2709 facultatem

82 2744 128 2766 ,μ’
148 2742 150 2744 ’
190 2727 387 2775 operandi:
408 2727 476 2763 alio
503 2727 613 2770 modo,
635 2728 718 2775 quia
743 2740 828 2764 cum
857 2728 1028 2765 facultate
1051 2729 1137 2765 facit
1168 2730 1280 2764 etiam
1303 2740 1411 2763 usum
1430 2728 1588 2763 bonum:
1613 2737 1648 2764 et

30 2821 41 2834 ,
71 2817 79 2823 ‚
170 2780 265 2817 sicut
282 2792 392 2829 supra
413 2781 552 2816 dictum
574 2789 629 2816 est
642 2781 772 2828 (ibid),
789 2783 944 2830 pertinet
964 2783 1088 2819 solum
1111 2783 1154 2818 ad
1179 2783 1260 2818 illos
1283 2783 1439 2825 habitus,
1458 2782 1519 2829 qui
1541 2782 1649 2829 respi-

37 2878 43 2882 ⁴
191 2842 333 2882 partem
354 2835 610 2883 appetitivam;
632 2847 677 2871 eo
696 2837 794 2883 quod
814 2837 869 2872 vis
890 2838 1086 2885 appetitiva
1109 2838 1253 2872 animae
1276 2846 1341 2879 est,
1369 2848 1461 2884 quae
1489 2835 1575 2871 facit
1596 2838 1646 2872 uti

109 2887 239 2925 v=··‘bus
258 2889 442 2938 potentiis,
461 2897 498 2925 et
517 2889 711 2926 habitibus.
734 2890 832 2926 Cum
853 2891 963 2939 igitur
983 2892 1129 2927 habitus
1148 2890 1414 2927 intellectuales
1432 2890 1646 2939 speculativi
