1907 3182
257 217 341 260 442
665 216 882 251 QUAESTIO
915 216 1028 246 LXIV.
1062 216 1305 246 ARTICULUS
1339 215 1398 245 111.

327 297 387 331 AD
408 307 556 332 PRIMUM
583 308 669 342 ergo
693 297 898 338 dicendum,
920 296 1016 343 quod
1039 296 1147 330 etiam
1168 296 1278 330 virtus
1300 294 1551 329 intellectualis
1576 294 1686 329 habet
1709 306 1812 330 suam

257 361 476 392 mensuram,
498 358 536 384 ut
557 350 693 384 dictum
716 358 768 384 est
789 351 838 395 (in
861 357 951 397 corp.
974 350 1078 395 art.):
1103 358 1137 384 et
1157 361 1219 395 per
1241 348 1534 384 conformitatem
1557 348 1600 383 ad
1618 349 1735 395 ipsam
1757 359 1814 383 ac-

257 404 384 450 cipitur
402 403 437 437 in
459 404 533 449 ipsa
556 403 726 437 medium.

326 456 386 491 AD
413 467 619 491 SECUNDUM
639 456 843 498 dicendum,
867 456 962 502 quod
984 468 1058 490 non
1081 465 1134 491 est
1154 467 1301 491 necesse
1322 456 1359 490 in
1372 455 1551 490 infinitum
1565 454 1762 502 procedere
1775 454 1812 488 in

256 510 442 544 virtutibus
456 521 462 543 :
482 509 564 555 quia
586 521 765 552 mensura,
788 517 822 544 et
843 509 967 556 regula
985 509 1237 544 intellectualis
1251 509 1389 544 virtutis
1403 521 1477 543 non
1493 517 1545 544 est
1559 508 1704 555 aliquod
1719 507 1814 542 aliud

256 574 368 609 genus
389 563 539 605 virtutis,
561 563 623 597 sed
645 563 722 608 ipsa
743 574 809 597 res.

326 616 385 650 AD
408 626 578 650 TERTIUM
601 615 805 657 dicendum,
828 615 924 661 quod
945 615 1043 662 ipsae
1066 628 1121 650 res
1144 615 1344 650 contrariae
1365 627 1439 650 non
1464 615 1599 650 habent
1625 614 1816 650 contrarie-

255 678 366 704 tatem
388 670 423 703 in
446 669 582 711 anima3
605 669 687 715 quia
710 680 822 703 unum
845 677 896 703 est
917 669 1007 703 ratio
1032 669 1278 716 cognoscendi
1296 669 1466 703 alterurn:
1493 677 1528 703 et
1552 677 1674 703 tamen
1701 669 1737 702 in
1763 668 1814 702 in-

254 722 400 758 tellectu
422 730 474 757 est
497 722 730 756 contrarietas
753 721 1013 765 affirmationis,
1036 731 1070 757 et
1091 722 1306 768 negationis,
1334 734 1425 769 quae
1452 730 1534 757 sunt
1559 722 1750 764 contraria,
1776 730 1814 756 ut

256 776 384 810 dicitur
402 776 437 809 in
457 775 526 809 fine
542 775 831 810 Perihermenias
845 787 851 809 :
872 776 1035 821 quamvis
1051 776 1147 810 enim
1164 788 1233 818 esse,
1251 784 1284 810 et
1297 788 1362 810 non
1377 788 1436 810 esse
1452 787 1526 810 non
1540 775 1610 810 sint
1623 774 1814 817 contraria,

255 830 317 864 sed
340 829 618 863 contradictorie
638 829 815 875 opposita,
845 829 874 863 si
904 829 1176 863 considerentur
1205 830 1282 875 ipsa
1309 828 1510 875 significata
1536 836 1643 875 prout
1671 836 1754 862 sunt
1777 828 1814 861 in

255 884 371 924 rebus,
394 884 476 928 quia
499 881 650 916 alterum
673 890 725 916 est
747 894 821 924 ens,
844 891 878 916 et
900 882 1051 916 alterum
1066 891 1119 916 est
1133 894 1219 929 pure
1234 894 1307 917 non
1323 894 1407 917 ens:
1426 890 1560 925 tamen,
1575 882 1604 917 si
1617 881 1815 916 referantur

256 936 299 970 ad
322 944 442 970 actum
465 936 620 977 animae,
640 944 832 981 utrumque
854 936 955 982 ponit
981 935 1115 981 aliquid
1144 947 1238 979 esse;
1264 935 1357 970 unde
1388 947 1460 977 esse,
1489 943 1524 970 et
1552 947 1618 970 non
1645 947 1704 970 esse
1733 942 1815 969 sunt

256 989 553 1023 contradictoria:
576 989 639 1023 sed
662 989 797 1035 opinio,
815 1000 882 1035 qua
899 989 1100 1034 opinamur,
1116 989 1211 1035 quod
1227 990 1348 1024 bonum
1362 994 1407 1024 est
1421 990 1552 1031 bonum,
1569 996 1621 1023 est
1635 988 1815 1023 contraria

255 1042 428 1089 opinioni,
448 1053 517 1088 qua
540 1042 742 1088 opinamur,
766 1042 862 1088 quod
885 1043 1004 1077 bonum
1026 1054 1091 1077 non
1112 1047 1154 1077 est
1175 1043 1318 1078 bonum:
1341 1050 1375 1077 et
1395 1042 1488 1077 inter
1507 1041 1718 1089 hujusmodi
1732 1052 1816 1076 con-

253 1096 361 1130 traria
382 1095 523 1131 medium
546 1104 598 1130 θεῖ
619 1096 729 1130 virtus
751 1095 1015 1130 intellectualis.

808 1236 1154 1282 ARTICULUS
1183 1238 1257 1280 IV.
1747 1249 1812 1296 338

384 1345 537 1375 UTRUM
562 1345 778 1376 VIRTUTES
806 1346 1125 1375 THEOLOGICAE
1148 1345 1426 1376 CONSISTANT
1455 1344 1500 1375 IN
1527 1345 1681 1375 MEDIO.

506 1436 585 1477 (2-2.
608 1445 637 1479 q.
660 1445 708 1479 17.
731 1438 796 1468 art.
814 1445 842 1479 3.
865 1434 907 1468 ad
927 1445 958 1468 2.
978 1439 1005 1468 et
1022 1446 1050 1480 3.
1072 1434 1161 1468 Dist.
1185 1445 1233 1480 23.
1255 1445 1284 1480 q.
1303 1446 1331 1468 I.
1353 1439 1417 1469 art.
1437 1445 1464 1479 3.
1486 1445 1516 1479 q.
1534 1445 1567 1478 4.

275 1493 305 1522 et
326 1487 408 1522 Virt.
423 1500 452 1532 q.
468 1499 494 1522 ι.
510 1492 575 1521 art.
591 1499 632 1533 13.
648 1493 740 1533 corp.
754 1492 782 1521 et
794 1487 875 1533 adj.
892 1499 941 1533 19.
957 1492 987 1522 et
1000 1499 1029 1533 q.
1045 1499 1076 1522 2.
1091 1492 1154 1522 art.
1170 1499 1200 1522 2.
1217 1487 1323 1523 adro.
1338 1493 1367 1522 et
1381 1499 1423 1533 13.
1438 1492 1467 1521 et
1482 1488 1575 1522 Rom.
1589 1498 1638 1522 12.
1654 1487 1723 1523 lect.
1738 1488 1795 1533 1.).

326 1578 386 1611 AD
409 1587 595 1617 QUARTUM
617 1577 667 1611 sic
690 1577 904 1623 proceditur.
926 1576 1088 1619 Videtur,
1104 1577 1200 1623 quod
1221 1577 1334 1611 virtus
1348 1576 1557 1623 theologica
1584 1576 1757 1612 consistat
1778 1578 1814 1612 in

254 1631 393 1665 medio:
409 1631 545 1664 bonum
559 1630 655 1664 enim
671 1630 821 1664 aliarum
832 1632 1003 1665 virtutum
1019 1630 1182 1664 consistit
1195 1630 1230 1664 in
1246 1630 1385 1665 medio:
1402 1630 1464 1664 sed
1478 1630 1590 1665 virtus
1601 1630 1813 1677 theologica

256 1685 393 1720 excedit
408 1685 444 1719 in
465 1685 623 1719 bonitate
647 1684 733 1719 alias
756 1685 921 1727 virtute53
945 1696 1031 1731 ergo
1054 1685 1163 1719 virtus
1191 1684 1401 1730 theologica
1427 1683 1541 1719 multo
1564 1684 1681 1731 magis
1704 1692 1757 1720 est
1778 1684 1814 1718 in

256 1738 388 1773 medio.

327 1802 358 1826 2.
380 1792 614 1827 PRAETEREA.
638 1791 801 1826 Medium
821 1791 961 1826 virtutis
984 1791 1132 1826 moralis
1149 1791 1320 1838 accipitur
1334 1791 1479 1838 quidem
1498 1791 1699 1826 secundum
1717 1791 1815 1838 quod

257 1845 432 1892 appetitus
460 1845 642 1891 regulatur
667 1857 729 1891 per
757 1847 955 1888 rationem3
986 1845 1238 1880 intellectualis
1257 1856 1343 1879 vero
1370 1845 1568 1880 secundum
1595 1845 1692 1892 quod
1718 1845 1818 1880 intel-

255 1899 368 1933 lectus
390 1906 511 1934 noster
537 1907 762 1933 mensuratur
784 1910 803 1933 a
823 1911 881 1933 re:
906 1898 967 1933 sed
988 1899 1098 1933 virtus
1124 1898 1333 1945 theologica
1356 1906 1390 1933 et
1416 1898 1554 1945 perficit
1578 1898 1814 1941 intellectum,

258 1960 291 1987 et
313 1953 519 1999 appetitum,
536 1959 572 1986 ut
588 1964 693 1999 supra
716 1953 851 1987 dictum
874 1960 926 1987 est
941 1952 987 1998 (q.
1008 1952 1063 1988 62.
1079 1958 1142 1988 art.
1159 1953 1226 1999 3.);
1251 1963 1337 1999 ergo
1357 1952 1466 1987 etiam
1479 1952 1590 1987 virtus
1605 1952 1814 1999 theologica

262 2006 423 2041 consistit
444 2006 480 2040 in
504 2005 635 2040 medio.

332 2071 359 2106 3.
382 2060 617 2095 PRAETEREA.
642 2059 743 2105 SpeS,
766 2071 856 2105 quae
876 2067 928 2094 est
949 2060 1060 2094 virtus
1078 2059 1300 2105 theologica,
1323 2059 1483 2094 medium
1506 2067 1559 2094 est
1579 2059 1672 2094 inter
1693 2059 1815 2106 despe-

257 2114 446 2155 rationem,
469 2121 503 2147 θῖ
524 2113 876 2159 praesumptionem:
894 2112 1063 2147 ‘similiter
1089 2113 1198 2147 etiam
1220 2112 1306 2147 fides
1323 2112 1455 2147 incedit
1478 2113 1596 2147 media
1617 2114 1710 2148 inter
1731 2124 1814 2147 con-

257 2167 383 2201 trarias
409 2167 588 2208 haereses,
612 2174 648 2200 ut
671 2166 815 2201 Boetius
843 2166 928 2200 dicit
949 2167 985 2200 in
1007 2166 1065 2200 lib.
1094 2167 1136 2201 de
1158 2166 1307 2201 Duabus
1332 2166 1478 2201 Naturis
1504 2166 1644 2213 (implic.
1667 2178 1686 2200 a
1702 2168 1814 2213 princ.

257 2225 287 2255 et
308 2219 453 2265 adsim),
469 2220 564 2265 quod
585 2219 680 2253 enim
703 2219 917 2254 confitemur
936 2220 970 2253 in
987 2219 1134 2254 Christo
1155 2231 1264 2254 unam
1282 2231 1488 2266 personam,
1504 2228 1538 2254 et
1551 2220 1640 2254 duas
1657 2228 1814 2262 naturas,

261 2273 420 2308 medium
445 2281 496 2306 est
518 2274 607 2307 inter
628 2273 807 2307 haeresim
828 2273 997 2315 Nestorii,
1012 2273 1072 2319 qui
1093 2273 1178 2308 dicit
1192 2273 1279 2308 duas
1294 2284 1477 2320 personas,
1496 2281 1530 2308 et
1551 2274 1638 2308 duas
1651 2282 1815 2315 naturas;

261 2335 295 2362 et
316 2326 494 2360 haeresim
517 2326 736 2372 Eutychetis,
764 2327 823 2372 qui
846 2327 929 2361 dicit
951 2338 1060 2360 unam
1087 2338 1293 2373 personam,
1320 2335 1354 2362 et
1379 2338 1489 2362 unam
1515 2335 1701 2370 naturam3
1728 2338 1815 2374 ergo

259 2380 369 2414 virtus
391 2379 598 2425 theologica
622 2380 783 2413 consistit
805 2380 838 2413 in
862 2380 993 2415 medio.

332 2434 406 2467 SED
434 2443 599 2468 CONTRA.
627 2433 665 2466 In
695 2433 872 2475 omnibus,
895 2434 930 2467 in
957 2433 1083 2479 quibus
1111 2434 1275 2468 consistit
1300 2434 1410 2468 virtus
1434 2434 1469 2467 in
1492 2433 1613 2469 medio
1641 2434 1817 2480 contingit

260 2498 409 2534 peccare
438 2498 500 2532 per
526 2497 724 2528 excessum,
751 2487 840 2520 sicut
867 2489 973 2521 etiam
1003 2499 1064 2533 per
1092 2486 1291 2522 defectum:
1319 2487 1379 2521 sed
1403 2487 1497 2521 circa
1519 2487 1652 2529 Deum,
1678 2488 1737 2534 qui
1764 2496 1817 2522 cst

261 2541 444 2586 objectum
466 2541 602 2574 virtutis
630 2539 870 2583 theologicae,
894 2552 965 2574 non
994 2541 1170 2585 contingit
1196 2552 1346 2587 peccare
1373 2552 1435 2587 per
1461 2551 1667 2583 excessum;
1689 2541 1817 2575 dicitur

262 2594 356 2628 enim
373 2593 482 2628 Eccli.
505 2603 581 2639 43.:
605 2593 825 2628 Bencdireutcs
847 2594 954 2627 Deum
973 2594 1111 2628 exultat:
1134 2594 1240 2635 illum,
1256 2595 1582 2641 ‹luuntumpotesh's:
1605 2596 1716 2640 major
1728 2595 1813 2629 enim

263 2653 306 2682 cst
328 2649 418 2681 omni
440 2647 550 2684 lande:
575 2658 660 2691 ergo
683 2646 792 2680 virtus
815 2646 1021 2691 theologica
1045 2658 1116 2680 non
1141 2647 1302 2681 consistit
1323 2647 1356 2681 in
1379 2647 1512 2681 medio.

333 2700 560 2735 Rizspomnzo
584 2700 786 2741 dicendum,
810 2700 916 2745 quod,
940 2701 1029 2734 sicut
1049 2701 1183 2734 dictum
1207 2709 1259 2735 est
1282 2700 1484 2745 (11›·t.1.l.v11j.
1499 2701 1560 2746 q),
1577 2700 1735 2735 medium
1751 2700 1815 2734 vir-

261 2755 344 2789 tutis
360 2754 532 2800 accipitur
546 2766 607 2800 per
621 2753 910 2788 conformitatem
930 2754 971 2787 ad
988 2766 1089 2787 suam
1110 2754 1283 2799 regulam,
1299 2753 1355 2788 vel
1371 2765 1597 2795 mensuram;
1617 2753 1814 2788 secundum

262 2808 356 2854 quoti
380 2808 554 2851 contingit
570 2808 679 2854 ipsam
697 2808 958 2848 transcendere,
981 2807 1036 2841 vel
1053 2808 1093 2840 ab
1110 2819 1150 2841 ea
1173 2807 1336 2842 delicere.
1359 2807 1508 2841 Virtutis
1531 2815 1652 2841 autem
1674 2806 1813 2841 theolo-

263 2862 363 2906 gicae
385 2861 504 2908 duplex
522 2870 637 2907 potest
664 2861 777 2907 accipi
801 2871 977 2894 mensura.
1007 2861 1078 2895 L'na
1103 2861 1247 2906 quidem
1275 2860 1474 2895 secundum
1497 2861 1610 2906 ipsam
1638 2859 1814 2894 rationem

263 2915 418 2950 virtutis:
443 2923 476 2949 et
503 2915 550 2949 sic
579 2926 756 2955 mensum,
785 2922 818 2949 et
846 2913 966 2960 regula
994 2914 1131 2948 virtutis
1159 2913 1389 2960 theologicae
1412 2922 1464 2949 est
1486 2913 1560 2960 ipse
1587 2912 1705 2948 Deus:
1728 2912 1814 2948 fides
