1907 3198
441 190 664 227 QUAEsno
699 190 862 220 Lxxm.
897 189 1143 220 ARTICULUS
1177 189 1234 219 vt.
1550 178 1631 232 563

59 273 121 321 [al.
142 273 290 321 quando]
306 274 410 315 ratio,
431 280 467 307 et
487 272 658 307 voluntas
679 283 722 306 ex
744 283 782 307 se
805 271 939 318 aliquid
961 279 1083 317 agunt,
1106 281 1180 305 non
1199 281 1243 305 ex
1264 269 1422 317 impulsu
1445 270 1635 316 passionis,

58 327 175 374 magis
197 334 249 362 est
271 325 531 368 voluntarium,
553 333 589 361 et
610 325 646 360 in
668 325 774 360 nobis
796 325 970 360 existens:
993 333 1028 358 et
1050 324 1251 359 secundum
1271 324 1343 359 hoc
1365 324 1486 370 passio
1506 324 1636 358 minuit

57 388 262 428 peccatum,
283 379 500 426 inquantum
521 379 652 414 minuit
665 378 924 413 voluntarium.
948 378 1076 412 Passio
1100 384 1221 412 autem
1242 388 1468 424 consequens
1491 388 1566 412 non
1589 377 1638 411 di—

58 433 189 469 minuit
209 441 414 481 peccatum,
435 432 498 467 sed
521 432 638 478 magis
662 440 782 478 auget,
803 432 861 466 vel
877 432 996 478 potius
1012 439 1066 466 est
1086 432 1231 478 signum
1254 431 1514 477 magnitudinis
1536 432 1636 477 ejus;

58 487 273 534 inquantum
294 486 435 522 scilicet
456 486 684 521 demonstrat
710 485 954 520 intensionem
982 484 1179 520 voluntatis
1207 484 1251 519 ad
1271 493 1392 519 actum
1415 485 1574 531 peccati:
1602 493 1636 519 et

57 541 108 576 sic
122 551 249 576 verum
265 548 331 582 est,
350 539 447 587 quod
467 547 604 586 quanto
624 539 754 586 aliquis
775 539 907 585 majori
929 539 1088 581 libidine,
1103 537 1161 572 vel
1176 538 1473 585 concupiscentia
1495 546 1635 585 peccat,

56 602 158 630 tanto
180 593 299 641 magis
318 601 455 641 peccat.

129 647 191 683 AD
211 657 363 683 PRmUM
385 658 474 694 ergo
496 646 705 689 dicendum,
727 646 825 693 quod
848 647 968 693 passio
995 654 1048 681 est
1070 656 1178 680 causa
1202 644 1342 692 peccati
1365 657 1407 680 ex
1431 654 1530 692 parte
1553 657 1637 681 con-

57 700 252 736 versionis:
272 701 430 748 gravitas
453 708 575 735 autem
597 700 738 747 peccati
760 700 878 745 magis
901 700 1096 735 attenditur
1117 712 1160 734 ex
1182 707 1282 745 parte
1310 699 1522 742 aversionis,
1542 711 1634 746 quac

0 750 1 754 ¹
57 754 206 802 quidem
227 765 271 789 ex
286 754 528 789 conversione
550 754 711 801 sequitur
733 766 795 800 per
818 754 998 796 accidens,
1020 754 1114 788 idest
1134 761 1274 800 praeter
1295 753 1537 788 intentionem
1557 764 1637 800 pec-

0 836 3 838 .
57 807 190 844 cantis:
215 809 316 854 cujus
335 815 457 843 autem
475 819 538 855 per
560 807 729 842 accidens
753 815 1009 854 augmentatae
1031 818 1106 842 non
1129 815 1367 854 augmentant
1388 806 1550 850 effectus,
1572 807 1633 842 sed

55 861 179 898 solum
199 873 331 897 causae
352 873 415 909 per
436 872 485 897 se.

126 916 189 952 AD
209 926 419 952 SECUNDUM
440 915 649 958 dicendum,
671 915 769 962 quod
784 915 880 950 bona
899 915 1018 962 passio
1042 926 1269 962 consequens
1290 915 1464 962 judicium
1484 915 1634 950 rationis

0 940 6 1012 l
57 977 270 1016 augmentat
290 969 482 1012 meritum;
501 969 530 1004 si
549 979 671 1004 autem
691 969 894 1016 praecedat,
910 978 948 1004 ut
962 969 1101 1004 scilicet
1121 969 1237 1004 homo
1257 970 1373 1016 magis
1388 981 1430 1004 ex
1452 969 1634 1016 passione,

0 1018 6 1027 '
56 1034 166 1071 quam
189 1035 232 1058 ex
252 1023 389 1070 judicio
411 1023 562 1058 rationis
589 1032 782 1058 moveatur
808 1023 852 1057 ad
874 1023 965 1058 bene
988 1023 1183 1069 agendum,
1209 1023 1290 1058 talis
1318 1023 1438 1070 passio
1466 1023 1635 1058 diminuit

0 1035 7 1110 Ι
56 1076 270 1119 bonitatem,
292 1085 328 1112 et
347 1076 495 1112 laudem
517 1085 629 1111 actus.

0 1115 10 1181 Ι
127 1131 190 1166 AD
211 1141 385 1166 TERTmM
412 1131 621 1173 dicendum,
648 1131 745 1178 quod
767 1131 834 1166 etsi
856 1139 977 1165 motus
1003 1130 1200 1166 voluntatis
1227 1132 1272 1166 sit
1301 1132 1477 1166 intensior
1495 1143 1537 1166 ex
1559 1143 1636 1178 pas-

0 1180 9 1212 l
56 1183 161 1220 sione
181 1184 369 1227 incitatus;
396 1195 471 1219 non
497 1193 622 1219 tamen
644 1185 692 1219 ita
719 1192 772 1219 est
793 1184 990 1219 voluntatis
1018 1185 1196 1231 proprius,
1218 1185 1311 1220 sicut
1337 1185 1365 1220 si
1392 1185 1471 1220 sola
1493 1185 1632 1220 ratione

0 1232 9 1274 'A
56 1246 266 1274 moveretur
287 1238 331 1274 ad
353 1239 592 1286 peccandum.

593 1380 941 1425 ARTICULUS
970 1381 1070 1424 vn.
1563 1405 1627 1437 421

0 1473 9 1525 l
263 1489 418 1520 UTRUM
445 1489 596 1520 PASSIO
624 1489 880 1520 TOTALITER
908 1490 1107 1520 EXCUSET
1134 1490 1162 1520 A
1190 1491 1409 1521 PECCATO.

380 1577 485 1625 (Insr.
507 1583 574 1613 art.
596 1579 628 1614 8.
651 1577 694 1613 ad
711 1590 740 1625 3.
762 1583 791 1613 el
813 1578 897 1613 Mal.
920 1591 950 1625 q.
970 1591 998 1625 3.
1021 1584 1086 1614 art.
1110 1592 1162 1615 10.
1185 1580 1308 1626 corp).

102 1669 188 1711 ,AD
215 1677 409 1704 SEPT1MUM
435 1667 486 1703 sic
513 1667 732 1715 proceditur.
766 1667 953 1711 Viedetur,
981 1668 1078 1715 quod
1106 1669 1226 1716 passio
1253 1669 1414 1704 totaliter
1440 1678 1587 1705 excuset
1613 1682 1632 1705 a

55 1730 228 1770 peccato:
250 1721 423 1769 quidquid
451 1721 550 1757 enim
577 1730 702 1756 causat
729 1721 1027 1765 involuntarium,
1054 1731 1202 1758 excusat
1223 1722 1383 1758 totaliter
1410 1735 1429 1758 a
1460 1732 1631 1770 peccato:

17 1782 22 1791 ’
55 1776 118 1812 sed
139 1776 405 1823 concupiscentia
425 1777 548 1818 carnis,
572 1786 664 1822 quae
687 1782 740 1810 est
761 1775 940 1822 quaedam
963 1776 1097 1823 passio,
1119 1785 1245 1811 causat
1265 1776 1564 1820 involuntarium,
1583 1790 1634 1813 se-

56 1829 216 1865 cundum
239 1828 327 1864 illud
358 1828 440 1864 Gal.
474 1839 513 1875 5.:
546 1829 636 1865 Caro
660 1830 860 1876 concupiscit
881 1829 1036 1865 adversus
1063 1831 1234 1877 spiritum,
1264 1836 1297 1865 ut
1323 1843 1388 1865 non
1410 1843 1632 1878 quaecumque

55 1883 166 1926 vultis,
190 1883 249 1918 illa
259 1883 419 1930 saciatis;
443 1893 531 1929 ergo
551 1884 671 1930 passio
693 1882 852 1917 totaliter
874 1891 1021 1918 excusat
1043 1895 1062 1917 a
1083 1892 1246 1930 peccato.

128 1947 160 1972 2.
194 1936 433 1972 PRAETEREA.
460 1936 587 1971 Passio
619 1945 743 1970 causat
776 1936 1021 1982 ignorantiam
1053 1938 1251 1984 quamdam
1278 1938 1313 1972 in
1345 1939 1564 1985 particulari,
1596 1948 1633 1973 ut

56 1990 194 2026 dictum
212 1998 267 2026 est
281 1990 362 2036 (art.
385 2002 417 2026 2.
437 1990 507 2036 huj.
523 2002 553 2037 q.
575 1995 604 2025 ct
621 2002 652 2036 q.
671 1990 726 2036 76.
749 1995 812 2024 art.
832 1991 899 2037 3.):
918 1991 980 2025 sed
1000 1991 1205 2037 ignorantia
1225 1992 1451 2038 particularis
1472 1993 1633 2028 totaliter

55 2051 203 2080 excusat
225 2055 244 2078 a
266 2052 431 2092 peccato,
453 2044 546 2079 sicut
572 2055 678 2090 supra
705 2043 868 2079 habitum
891 2052 946 2079 est
967 2045 1014 2092 (q.
1038 2045 1070 2080 6.
1093 2050 1158 2080 art.
1185 2046 1232 2092 8.)
1245 2059 1257 2086 ,·
1281 2057 1369 2093 ergo
1396 2047 1516 2094 passio
1543 2055 1634 2082 tota-

56 2096 138 2133 liter
157 2105 305 2133 excusat
326 2109 346 2132 a
368 2105 532 2144 peccato.

131 2163 160 2199 3.
183 2151 422 2187 Pugnan.
454 2150 650 2186 infirmitas
677 2151 821 2186 animae
843 2151 989 2197 gravior
1011 2160 1075 2196 est,
1098 2165 1208 2200 quam
1235 2153 1425 2188 infirmitas
1448 2155 1629 2201 corporis:

57 2204 120 2240 sed
141 2204 331 2240 infirmitas
353 2204 516 2252 corporis
544 2203 704 2240 totaliter
726 2214 873 2239 excusat
900 2217 919 2239 a
946 2214 1109 2253 peccato,
1141 2215 1179 2242 ut
1205 2216 1302 2254 patet
1333 2208 1367 2242 in
1392 2208 1630 2255 phreneticis3

57 2269 146 2306 ergo
167 2257 285 2294 multo
308 2259 426 2306 magis
447 2258 582 2306 passio,
605 2270 697 2305 quae
719 2267 773 2293 est
793 2258 984 2294 infirmitas
1007 2260 1163 2296 animae.

128 2311 205 2348 SED
227 2322 384 2348 CONTRA
407 2320 472 2355 est,
498 2312 595 2359 quod
623 2311 824 2358 Apostolus
852 2312 1008 2348 Roman.
1032 2325 1064 2360 7.
1091 2323 1200 2349 vocat
1215 2317 1381 2362 passiones
1402 2322 1629 2363 pcccatorum,

55 2366 202 2409 nonnisi
222 2366 307 2413 quia
325 2374 476 2413 peccata
503 2373 670 2401 causant:
699 2366 796 2412 quod
818 2378 892 2401 non
914 2376 1021 2410 esset,
1042 2368 1072 2403 si
1095 2379 1114 2402 a
1137 2378 1288 2415 peccato
1310 2369 1470 2404 totaliter
1487 2382 1632 2405 excusa-

57 2427 155 2462 rent3
175 2430 266 2466 ergo
292 2420 480 2467 passiones
501 2430 575 2454 non
595 2418 755 2454 totaliter
776 2431 796 2454 a
818 2429 970 2467 peccato
990 2430 1173 2457 excusant.

127 2471 359 2509 stroumzo
381 2473 588 2515 dicendum,
615 2472 712 2519 quod
735 2473 935 2509 secundum
962 2475 1033 2510 hoc
1057 2475 1176 2510 solum
1204 2484 1306 2511 actus
1329 2476 1470 2524 aliquis,
1498 2478 1557 2524 qui
1585 2478 1629 2512 dc

46 2536 191 2574 ,genere
211 2537 279 2562 suo
300 2535 356 2562 est
380 2526 509 2570 malus,
535 2525 696 2562 totaliter
717 2538 736 2561 a
759 2535 912 2573 peccato
939 2537 1142 2571 excusatur,
1165 2529 1262 2576 quod
1285 2530 1445 2566 totaliter
1467 2531 1630 2565 involun-

51 2579 167 2616 'tatius
188 2578 367 2623 redditur;
388 2579 484 2615 unde
506 2580 534 2614 si
561 2580 605 2614 sit
623 2579 704 2615 talis
731 2580 862 2627 passio,
888 2593 982 2628 quae
1004 2581 1164 2617 totaliter
1191 2583 1476 2618 involuntarium
1505 2585 1628 2619 reddat

58 2640 179 2669 actum
200 2641 426 2681 sequentem,
447 2633 608 2669 totaliter
628 2646 648 2668 a
670 2643 821 2681 peccato
843 2644 1005 2678 excusat;
1033 2636 1193 2683 alioquin
1222 2649 1295 2672 non
1323 2638 1493 2673 totaliter.
1521 2639 1630 2674 Circa

57 2686 154 2734 quod
183 2686 247 2722 duo
277 2686 542 2722 consideranda
568 2687 744 2722 videntur.
775 2688 890 2723 Primo
919 2689 1079 2736 quidem,
1109 2691 1205 2737 quod
1237 2691 1371 2738 aliquid
1402 2701 1520 2739 potest
1551 2704 1629 2728 esse

81 2737 303 2776 nluntarium
324 2740 377 2776 vel
397 2740 598 2776 secundum
620 2752 670 2782 se,
693 2740 784 2776 sicut
801 2742 947 2788 quando
969 2742 1138 2778 voluntas
1160 2744 1294 2780 directe
1315 2745 1348 2779 in
1369 2745 1487 2792 ipsum
1507 2745 1629 2788 sertur3

129 2793 330 2829 secundum
352 2805 456 2829 suam
483 2805 645 2836 causam,
671 2794 817 2841 quando
843 2795 1011 2831 voluntas
1042 2795 1153 2832 fertur
1181 2797 1214 2832 in
1243 2809 1404 2840 causam,
1432 2807 1466 2834 et
1492 2810 1565 2834 non
1593 2800 1628 2834 in

58 2891 62 2897 Ι
129 2853 248 2890 ctum3
270 2854 308 2882 ut
328 2855 428 2894 patet
447 2847 484 2882 in
505 2857 563 2889 eo,
578 2847 639 2894 qui
654 2847 857 2883 voluntarie
879 2849 1151 2894 inebriatur3cx
1173 2851 1243 2885 hoc
1261 2851 1357 2886 enim
1381 2853 1480 2898 quasi
1505 2852 1629 2888 volun-

96 2897 190 2935 rium
212 2899 246 2936 ei
266 2899 475 2948 imputatur,
497 2900 594 2948 quod
617 2912 679 2948 per
697 2901 906 2937 ebrietatem
927 2901 1133 2938 committit.
1151 2904 1298 2939 Secundo
1321 2905 1627 2941 considerandum
