1907 3198
503 207 726 244 QUAEsno
761 207 860 237 va.
893 206 1142 237 ART1CULus
1176 206 1236 237 111.
1573 209 1657 251 449

82 291 119 326 in
141 291 327 339 operando
346 297 492 338 propter
511 290 651 337 aliquas
667 290 924 337 dispositiones
940 289 1141 324 contrarias
1156 301 1197 323 cx
1212 289 1509 337 praecedentibus
1522 289 1660 324 actibus

82 343 246 380 relictas:
265 355 357 392 quae
376 344 523 392 quidem
543 343 734 379 difficultas
756 355 831 379 non
847 344 895 378 ita
915 344 1046 381 accidit
1064 343 1100 378 in
1119 343 1308 378 virtutibus
1324 342 1522 378 moralibus
1542 343 1662 390 acqui-

81 398 178 442 sitis;
199 398 283 446 quia
298 410 363 446 per
377 398 586 434 esercitium
606 406 767 441 actuum,
784 409 856 445 quo
873 398 1120 445 acquiruntur,
1133 396 1311 432 tolluntur
1325 398 1436 432 etiarn
1455 397 1659 432 contrariae

0 463 9 487 ι
82 452 349 500 dispositiones.

0 495 9 520 L
151 506 212 542 AD
234 516 407 542 TERTIUM
429 506 636 549 dicendum,
659 506 757 553 quod
780 505 890 553 aliqui
913 505 1030 541 sancti
1057 505 1225 540 dicuntur
1248 505 1387 552 aliquas
1409 505 1559 540 virtutes
1579 516 1654 540 non

83 560 228 603 habere,
249 562 464 608 inquantum
486 560 670 607 patiuntur
688 559 940 595 difficultatem
955 560 991 594 in
1007 560 1145 595 actibus
1161 571 1298 603 earum,
1314 561 1454 596 ratione
1470 562 1544 607 jam
1563 560 1659 594 dicta

80 614 134 661 (in
158 614 255 650 solut.
271 614 415 662 praec),
443 615 609 662 quamvis
632 614 776 650 habitus
799 615 967 650 omnium
988 615 1164 650 virtutum
1185 614 1354 649 habeant.

641 758 991 804 ARTICULUS
1018 759 1095 803 IV.
1591 782 1655 820 342

217 867 373 899 UTRUM
400 868 541 909 FIDES,
567 869 624 899 ET
651 869 748 899 SPES
777 869 961 900 POSSINT
988 869 1091 899 ESSE
1118 869 1214 900 SINE
1242 869 1511 900 CHARITATE.

609 956 711 1004 (Insr.
734 969 764 1004 q.
793 968 842 1004 71.
864 962 928 993 art.
951 969 984 1003 4.
1007 957 1128 1005 corp).

150 1045 212 1081 An
238 1055 428 1086 QUARTUM
450 1046 501 1081 sic
523 1046 742 1094 proceditur.
767 1046 930 1089 Videtur,
953 1047 1050 1094 quod
1073 1046 1173 1090 fides,
1201 1055 1236 1081 et
1262 1058 1342 1094 spes
1364 1059 1567 1095 numquam
1586 1050 1655 1084 sint

78 1099 157 1135 sine
191 1099 385 1135 charitate:
415 1111 499 1134 cum
526 1100 625 1135 enirn
646 1100 717 1135 sint
742 1101 892 1136 virtutes
913 1100 1160 1148 theologicae,
1182 1101 1367 1148 digniores
1391 1113 1468 1137 esse
1490 1103 1658 1138 videntur

78 1153 268 1188 virtutibus
290 1153 489 1189 moralibus
511 1154 622 1189 etiam
644 1153 790 1189 infusis:
814 1155 876 1190 sed
897 1155 1048 1190 virtutes
1070 1156 1230 1191 morales
1249 1155 1390 1192 infusae
1411 1168 1486 1192 non
1504 1166 1657 1204 possunt

81 1219 160 1243 esse
182 1207 259 1242 sine
281 1207 473 1252 charitate;
496 1219 584 1255 ergo
606 1220 724 1256 neque
746 1208 848 1251 fides,
871 1217 906 1244 et
927 1220 1020 1256 spes.

152 1272 183 1297 2.
210 1262 449 1298 PRAETEREA.
480 1262 611 1298 Nullus
643 1263 757 1298 credit
785 1263 855 1298 nisi
884 1263 1024 1306 volens,
1053 1272 1090 1298 ut
1118 1263 1274 1311 August.
1305 1264 1392 1299 dicit
1422 1276 1530 1312 super
1550 1266 1655 1312 Joan.

81 1315 194 1361 (tract.
208 1316 264 1352 26.
274 1322 402 1364 parum
427 1328 447 1352 a
464 1317 595 1364 princ.)
609 1330 619 1352 .·
639 1317 701 1352 sed
721 1317 878 1352 charitas
901 1325 952 1352 est
974 1318 1011 1352 in
1033 1317 1234 1360 voluntate,
1256 1318 1350 1353 sicut
1371 1318 1546 1365 perfectio
1566 1321 1654 1366 ejus,

81 1377 121 1405 ut
140 1381 248 1417 supra
268 1370 406 1405 dictum
428 1378 482 1405 est
502 1371 551 1418 (q.
575 1371 630 1406 62.
652 1376 716 1406 art.
729 1372 799 1418 3.);
823 1382 911 1417 ergo
933 1371 1022 1406 fides
1038 1383 1113 1406 non
1132 1380 1253 1419 potest
1271 1384 1350 1407 esse
1370 1374 1446 1408 sine
1467 1374 1653 1409 charitate.

152 1435 182 1470 3.
203 1423 441 1459 PRAETEREA.
465 1424 620 1471 August.
644 1424 730 1459 dicit
753 1425 789 1460 in
812 1425 959 1460 Enchir.
983 1425 1076 1473 (cap.
1099 1427 1131 1462 8.
1147 1432 1254 1473 prope
1266 1427 1362 1473 fin.),
1379 1428 1477 1474 quod
1498 1435 1568 1475 spes
1587 1430 1655 1463 sinu

77 1489 190 1514 amore
210 1489 272 1514 esse
296 1490 363 1513 non
377 1483 505 1526 potest:
528 1490 634 1513 amor
655 1487 778 1514 autem
806 1487 860 1514 est
886 1479 1062 1515 charitas:
1091 1480 1135 1515 de
1162 1480 1234 1515 hoc
1263 1481 1362 1515 enim
1385 1493 1511 1517 amore
1533 1482 1583 1517 ibi
1605 1483 1655 1518 lo-

78 1531 215 1580 quitur;
237 1543 326 1580 ergo
348 1543 428 1580 spes
450 1544 524 1568 non
546 1540 666 1580 potest
687 1544 765 1568 esse
788 1533 866 1568 sine
890 1533 1078 1569 charitate.

149 1584 225 1621 SED
251 1596 408 1622 CONTRA
430 1594 495 1629 est,
517 1586 614 1634 quod
635 1587 764 1622 Matth.
793 1599 819 1622 1.
843 1587 972 1623 dicitur
993 1588 1030 1623 in
1053 1588 1174 1624 Gloss.
1198 1589 1325 1634 (interl.
1346 1590 1535 1637 inprime),
1555 1592 1652 1638 quod

72 1638 152 1686 fides
174 1645 309 1686 generat
332 1646 430 1688 spem,
457 1646 523 1688 spes
547 1653 627 1676 vero
655 1641 854 1677 charitatem
870 1655 880 1677 :
908 1642 972 1677 sed
999 1654 1178 1689 generans
1206 1651 1259 1678 est
1285 1644 1382 1691 prius
1409 1653 1597 1690 generato,
1619 1654 1655 1681 et

76 1700 195 1741 potest
214 1705 293 1729 esse
314 1695 391 1729 sine
414 1705 477 1738 eo;
499 1706 589 1741 ergo
611 1694 700 1730 fides
722 1704 842 1743 potest
864 1707 943 1731 esse
965 1696 1042 1732 sine
1065 1709 1140 1743 spe,
1163 1705 1199 1732 et
1220 1709 1302 1745 spes
1324 1698 1401 1733 sine
1426 1699 1614 1734 charitate.

145 1747 377 1784 Rssspouneo
399 1748 606 1792 dicendum,
629 1749 727 1797 quod
751 1749 852 1793 fides,
875 1758 910 1785 et
931 1762 1024 1798 spe3‚
1047 1751 1141 1786 sicut
1167 1760 1203 1787 et
1227 1752 1378 1787 virtutes
1401 1753 1572 1797 morales,
1595 1754 1649 1789 ᾱιι-

69 1802 206 1850 pliciter
231 1802 455 1838 considerari
479 1812 649 1850 possunt:
677 1815 742 1839 uno
772 1804 870 1839 modo
898 1805 1104 1840 secundum
1125 1806 1404 1841 inchoationem
1427 1808 1650 1854 quamdam:

75 1856 143 1891 alio
164 1856 262 1892 modo
283 1856 485 1892 secundum
507 1856 710 1905 perfectum
733 1869 812 1893 esse
833 1859 994 1895 virtutis:
1018 1871 1102 1894 cum
1130 1860 1229 1895 enirn
1255 1862 1368 1895 virtus
1391 1862 1580 1896 ordinetur
1607 1863 1650 1898 ad

75 1910 215 1945 bonum
237 1921 329 1958 opus
351 1911 546 1958 agendum,
567 1912 680 1947 virtus
703 1913 884 1959 quaedam
905 1913 1065 1960 perfecta
1089 1914 1220 1949 dicitur
1242 1926 1283 1949 ex
1305 1915 1390 1958 hoc,
1413 1917 1510 1962 quod
1533 1925 1652 1964 potest

75 1963 114 2000 in
134 1975 226 2012 opus
246 1964 406 2012 perfecte
427 1965 582 2001 bonum:
606 1966 703 2013 quod
719 1967 867 2013 quidem
890 1975 953 2010 est,
969 1968 1056 2002 dum
1075 1980 1149 2003 non
1171 1968 1292 2004 solum
1309 1969 1449 2004 bonum
1471 1979 1536 2014 est,
1555 1971 1652 2018 quod

76 2017 126 2062 fit,
148 2019 210 2054 sed
233 2019 342 2054 etiam
363 2019 455 2054 bene
477 2019 534 2056 fit:
558 2019 720 2068 alioquin
742 2021 771 2056 si
793 2021 933 2056 bonum
955 2022 1010 2065 sit,
1033 2023 1131 2069 quod
1153 2022 1203 2066 fit,
1225 2034 1300 2058 non
1323 2032 1445 2059 autem
1468 2025 1558 2060 bene
1578 2025 1651 2069 fiat,

76 2083 152 2108 non
172 2073 239 2108 erit
259 2073 418 2121 perfecte
439 2074 597 2118 bonum3
625 2076 720 2110 unde
748 2087 814 2110 nec
837 2076 992 2119 habitus,
1015 2077 1075 2123 qui
1099 2086 1152 2112 est
1173 2077 1254 2113 talis
1277 2079 1397 2125 operis
1420 2080 1652 2127 principium,

73 2127 386 2175 habebitperfecte
398 2128 577 2163 rationem
592 2129 745 2164 virtutis:
761 2130 853 2164 sicut
867 2130 896 2164 si
912 2130 1040 2177 aliquis
1055 2133 1340 2178 opereturjusta,
1351 2133 1490 2168 bonum
1503 2135 1651 2181 quidem

73 2179 178 2216 facit:
201 2181 264 2216 sed
285 2192 361 2217 non
375 2182 441 2217 erit
456 2193 546 2230 opus
561 2183 742 2230 perfectae
761 2184 912 2226 virtutis,
927 2185 996 2219 nisi
1012 2185 1084 2220 hoc
1099 2186 1190 2220 bene
1204 2185 1324 2229 faciat,
1341 2187 1433 2222 idest
1448 2189 1650 2224 secundum

14 2282 19 2284 .
71 2233 293 2271 electionem
314 2244 465 2279 rectam,
487 2237 585 2284 quod
608 2245 662 2272 est
683 2249 746 2284 per
768 2238 1018 2284 prudentiam;
1042 2247 1078 2273 et
1100 2239 1182 2274 ideo
1204 2241 1339 2286 justitia
1362 2242 1439 2276 sine
1459 2243 1648 2288 prudentia

71 2300 147 2325 non
167 2298 287 2338 potest
308 2301 387 2326 esse
413 2291 527 2326 virtus
553 2291 725 2338 perfecta.
754 2292 813 2326 Sic
841 2292 950 2339 igitur
971 2293 1071 2336 fides,
1095 2302 1130 2329 et
1157 2306 1238 2341 spes
1265 2296 1341 2330 sine
1365 2296 1541 2331 charitate
1564 2309 1648 2344 pos-

7 2358 16 2387 ,¹
72 2350 157 2379 sunt
169 2343 319 2392 quidem
338 2344 543 2392 aliqualiter
560 2356 658 2389 esse3
675 2345 855 2392 perfectae
875 2355 997 2381 autem
1017 2347 1157 2383 virtutis
1177 2349 1357 2384 rationem
1376 2352 1453 2385 sine
1473 2351 1648 2386 charitate

2 2392 29 2423 ³·
72 2408 148 2433 non
169 2397 323 2433 habent:
347 2410 431 2433 cum
454 2399 552 2434 enim
576 2399 658 2434 fidei
681 2411 772 2446 opus
795 2401 839 2434 sit
865 2401 1013 2436 credere
1040 2402 1134 2444 Deo,
1157 2403 1304 2438 credere
1332 2413 1453 2439 autem
1476 2405 1521 2440 sit
1542 2405 1649 2440 alicui

71 2452 219 2499 propria
243 2451 434 2488 voluntate
462 2453 648 2495 assentire,
675 2453 705 2488 si
731 2465 805 2488 non
838 2455 960 2490 debito
990 2456 1103 2491 modo
1138 2456 1236 2500 velit,
1266 2469 1341 2492 non
1365 2459 1431 2493 erit
1452 2458 1535 2493 fidei
1558 2471 1649 2506 opus

71 2505 293 2553 perfectum:
316 2507 414 2554 quod
438 2515 559 2542 autem
582 2507 704 2542 debito
727 2508 840 2543 modo
854 2509 952 2552 velit,
971 2509 1042 2544 hoc
1063 2518 1116 2545 est
1134 2522 1197 2558 per
1212 2511 1440 2555 charitatem,
1456 2525 1548 2560 quae
1572 2527 1647 2561 per-

71 2559 147 2595 ficit
167 2559 407 2596 voluntatem.
430 2561 550 2596 Omnis
570 2563 657 2596 enim
681 2568 787 2597 rectus
808 2569 914 2598 motus
934 2564 1116 2600 voluntatis
1135 2577 1175 2600 ex
1196 2571 1284 2601 racto
1303 2578 1417 2602 amore
1429 2568 1591 2614 procedit,
1612 2577 1651 2603 ut

72 2613 299 2661 Augustinus
321 2614 408 2649 dicit
426 2615 461 2650 in
486 2625 536 2658 14.
553 2614 596 2650 de
613 2615 692 2651 Civ.
709 2616 778 2651 Dei
793 2618 882 2664 (cap.
899 2629 932 2663 9.
947 2620 1105 2665 aprinc.)
1120 2632 1129 2654 :
1145 2619 1195 2653 sic
1209 2620 1317 2665 igitur
1332 2619 1419 2655 fides
1435 2630 1488 2656 est
1503 2622 1648 2668 quidem

72 2667 149 2703 sine
172 2668 360 2711 charitate,
382 2668 444 2703 sed
467 2680 540 2703 non
564 2669 724 2716 perfecta
745 2671 876 2714 virtus;
899 2672 991 2706 sicut
1012 2674 1267 2720 temperantia,
1291 2674 1348 2709 vel
1370 2674 1543 2710 fortitudo
1571 2677 1648 2712 sine

69 2721 282 2770 prudentia;
303 2731 339 2758 et
359 2721 526 2758 similiter
547 2723 742 2758 dicendum
770 2733 823 2759 est
849 2725 892 2760 de
922 2737 995 2773 spe.
1022 2727 1118 2761 Nam
1147 2736 1248 2762 actus
1276 2729 1350 2774 spei
1377 2737 1430 2763 est
1457 2738 1646 2776 expectare

69 2774 230 2811 futuram
246 2776 508 2812 beatitudinem
529 2788 549 2811 a
563 2777 661 2812 Deo:
682 2779 742 2825 qui
757 2779 904 2826 quidem
921 2789 1021 2815 actus
1037 2781 1217 2828 perfectus
1238 2791 1302 2824 est,
1321 2782 1350 2817 si
1365 2782 1425 2817 fiat
1444 2795 1485 2818 ex
1501 2785 1649 2826 meritis,

70 2840 164 2877 quae
185 2830 265 2878 quis
286 2830 416 2874 habet;
438 2831 535 2878 quod
557 2842 632 2866 non
647 2840 765 2879 potest
780 2844 858 2868 esse
881 2834 957 2869 sine
976 2835 1170 2870 charitate:
1190 2836 1218 2870 si
1242 2844 1364 2871 autem
1387 2837 1458 2872 hoc
1482 2847 1647 2885 expectet

70 2893 114 2919 ex
135 2884 286 2927 meritis,
308 2895 402 2932 quae
422 2885 587 2920 nondum
610 2885 730 2929 habet,
751 2887 812 2921 sed
827 2889 998 2935 proponit
1015 2889 1051 2923 in
1066 2888 1225 2924 futurum
1247 2891 1444 2937 acquirere,
1461 2892 1526 2926 erit
1545 2901 1645 2927 actus

70 2935 325 2986 imperfectus:
349 2946 385 2974 et
404 2938 477 2974 hoc
499 2947 621 2987 potest
642 2951 722 2976 esse
747 2941 823 2976 sine
847 2942 1043 2986 charitate3
1065 2952 1100 2978 et
1121 2944 1203 2978 idco
1226 2943 1326 2987 fides,
1348 2953 1383 2980 et
1401 2956 1481 2992 spes
1496 2956 1648 2993 possunt
