1907 3182
233 176 316 218 320
660 176 880 211 QUAESTIO
915 176 1012 205 XLV.
1047 175 1290 205 ARTICULUS
1324 175 1367 204 ΙΙ.

230 258 350 303 quitur
369 258 411 292 ad
429 257 476 300 id,
495 258 591 304 quod
611 266 663 292 est
677 270 738 304 per
758 270 813 300 se;
837 266 871 292 et
888 257 970 291 ideo
989 257 1196 303 prosecutio
1220 256 1306 289 mali
1321 256 1480 302 sequitur
1500 255 1794 302 prosecutionem

229 311 332 353 boni3
355 312 446 345 sicut
468 319 502 345 et
523 311 608 357 fuga
629 312 715 345 boni
737 312 896 357 sequitur
917 310 1041 356 fugam
1064 309 1168 343 mali:
1192 309 1283 342 haec
1308 317 1428 343 autem
1455 314 1596 355 quatuor
1617 310 1796 355 pertinent

231 365 274 397 ad
296 370 438 410 quatuor
463 365 664 410 passiones:
688 376 773 398 nam
800 364 1007 410 prosecutio
1034 363 1121 397 boni
1147 363 1301 408 pertinet
1327 363 1370 396 ad
1396 369 1494 409 spem,
1523 362 1608 408 fuga
1642 363 1728 396 mali
1751 363 1794 396 ad

230 419 392 460 timorem,
415 419 621 463 prosecutio
644 418 731 452 mali
751 417 917 452 terribilis
936 417 1090 463 pertinet
1112 417 1155 450 ad
1182 416 1370 459 audaciam,
1398 416 1483 462 fuga
1504 428 1590 450 vero
1612 416 1699 450 boni
1720 428 1796 463 per-

228 471 318 505 tinet
340 472 383 505 ad
405 472 681 518 desperationam;
705 471 798 505 unde
822 470 992 516 sequitur,
1016 470 1112 516 quod
1135 469 1278 504 andacia
1300 471 1507 515 consequitur
1528 469 1570 504 ad
1590 476 1687 516 spem.

300 524 352 558 Ex
385 525 455 559 hoc
484 525 581 558 enim
608 525 704 570 quod
733 524 859 570 aliquis
887 531 1006 570 sperat
1036 534 1204 569 superare
1238 523 1395 557 terribile
1417 523 1624 565 imminens,
1654 534 1697 557 ex
1722 523 1794 557 hoc

231 578 399 612 audacter
419 579 616 624 insequitur
642 578 777 623 ipsum:
802 577 844 610 ad
867 579 1039 611 timorem
1060 587 1148 610 vero
1170 576 1330 622 sequitur
1351 577 1573 622 desperati03
1592 577 1674 610 ideo
1697 576 1794 610 enim

233 631 360 677 aliquis
383 631 558 677 desperat,
582 631 663 677 quia
686 631 789 664 timet
810 629 1072 672 difficultatem,
1095 641 1186 675 quae
1209 637 1262 663 est
1283 629 1378 663 circa
1404 629 1543 663 bonum
1564 629 1793 676 sperandum.

301 684 360 718 AD
379 695 527 719 PR1MUM
548 695 634 729 ergo
663 684 868 725 dicendum,
896 684 993 729 quod
1015 683 1107 717 ratio
1130 690 1349 728 sequeretur,
1373 683 1402 717 si
1426 683 1576 725 bonum,
1599 691 1634 717 et
1654 682 1793 717 malum

229 746 348 772 essent
374 738 514 783 objecta
540 749 614 771 non
641 738 809 771 habentia
846 738 1012 771 ordinem
1049 737 1092 770 ad
1126 737 1302 770 invicem:
1337 736 1399 770 sed
1426 736 1509 782 quia
1534 737 1660 770 malum
1686 736 1795 771 habet

229 791 386 837 aliquem
401 791 566 825 ordinem
594 791 637 824 ad
660 792 780 825 bonum
804 791 874 835 (est
895 791 992 824 enim
1014 790 1191 836 posterius
1212 790 1323 831 bono,
1345 789 1437 823 sicut
1457 789 1609 835 privatio
1631 789 1793 835 habitu);

229 845 310 879 ideo
333 845 494 886 audacia,
517 856 608 890 quae
627 845 825 890 insequitur
847 844 997 886 malum,
1013 852 1066 878 est
1086 852 1168 889 post
1182 854 1296 889 spem,
1312 854 1403 889 quae
1424 843 1624 889 insequitur
1644 843 1792 877 bonurn.

300 899 360 933 AD
383 909 590 933 SECUNDUM
617 899 822 940 dicendum,
851 898 947 944 quod
983 898 1047 932 etsi
1075 899 1214 931 bonum
1241 896 1452 943 simpliciter
1479 896 1524 931 sit
1549 897 1657 943 prius,
1684 908 1793 943 quam

228 952 386 994 malum3
407 960 530 986 tamen
552 951 637 997 fuga
659 963 721 998 per
740 952 835 997 prius
855 952 1003 985 debetur
1022 950 1132 992 malo,
1148 962 1256 997 quam
1278 951 1394 984 bono:
1418 950 1510 984 sicut
1530 950 1708 984 insecutio
1730 961 1794 996 per

227 1006 323 1052 prius
345 1006 493 1039 debetur
513 1005 623 1047 bono,
647 1017 755 1051 quam
778 1005 895 1047 ma103
919 1013 953 1039 et
973 1005 1055 1038 ideo
1079 1004 1170 1038 sicut
1191 1015 1272 1050 spes
1295 1012 1348 1038 est
1364 1004 1473 1050 prior,
1492 1015 1602 1050 quam
1624 1003 1792 1046 audacia;

226 1060 274 1094 ita
295 1060 405 1094 timor
427 1067 479 1093 est
500 1059 597 1105 prior
618 1070 727 1105 quam
750 1058 963 1105 desperatio,
987 1066 1022 1092 et
1042 1058 1138 1092 sicut
1156 1069 1197 1091 ex
1218 1057 1351 1091 timore
1372 1068 1446 1091 non
1469 1068 1611 1104 semper
1633 1057 1794 1103 sequitur

227 1114 441 1159 desperatio,
463 1113 524 1147 sed
552 1113 696 1159 quando
723 1112 829 1146 fuerit
850 1113 1030 1157 intensus3
1057 1112 1105 1146 ita
1128 1122 1170 1145 ex
1191 1122 1253 1158 spe
1279 1122 1354 1145 non
1381 1122 1524 1157 semper
1550 1111 1709 1157 sequitur
1736 1122 1794 1144 au-

226 1167 340 1209 dacia,
362 1167 423 1201 sed
446 1167 589 1212 quando
612 1166 717 1200 fuerit
738 1166 947 1200 vehemens.

297 1221 357 1254 AD
380 1230 552 1254 TERTIUM
574 1220 779 1262 dicendum,
802 1219 898 1265 quod
922 1218 1073 1253 audacia
1095 1218 1179 1252 licet
1200 1218 1244 1252 sit
1266 1218 1362 1252 circa
1383 1217 1535 1260 malum,
1563 1217 1621 1251 cui
1647 1218 1793 1263 conjun-

227 1282 325 1308 ctum
348 1281 401 1308 est
420 1273 558 1308 bonum
579 1273 753 1307 victoriae
776 1273 975 1307 secundum
1003 1272 1296 1306 aestimationem
1320 1271 1477 1313 audacis,
1505 1279 1627 1306 tamen
1649 1271 1794 1318 respicit

226 1327 383 1361 malum:
405 1328 543 1361 bonum
564 1338 651 1361 vero
675 1327 884 1372 adjunctum
906 1326 1050 1372 respicit
1072 1337 1170 1372 spes:
1191 1334 1225 1359 et
1243 1325 1406 1360 similiter
1424 1325 1626 1371 desperatio
1649 1325 1793 1371 respicit

225 1381 363 1415 bonum
386 1381 531 1422 directe,
560 1381 657 1427 quod
685 1380 834 1426 refugit:
857 1379 996 1414 malum
1017 1391 1104 1414 vero
1140 1379 1350 1424 adjunctum
1377 1378 1521 1424 respicit
1546 1379 1675 1421 timor;
1697 1379 1791 1412 unde

225 1435 368 1480 proprie
390 1434 573 1480 loquendo
597 1435 747 1468 audacia
769 1446 843 1468 non
870 1442 923 1468 est
948 1445 1029 1479 pars
1051 1433 1138 1479 spei,
1161 1433 1222 1466 sed
1245 1434 1320 1478 ejus
1343 1431 1508 1466 effectus:
1532 1432 1625 1466 sicut
1644 1443 1711 1466 nec
1735 1432 1792 1466 de-

225 1488 380 1533 speratio
397 1496 449 1522 est
462 1499 543 1534 pars
558 1488 710 1530 timoris,
730 1487 792 1522 sed
808 1489 883 1533 ejus
903 1486 1068 1529 effectus3
1089 1495 1123 1521 et
1137 1494 1283 1533 propter
1304 1486 1375 1520 hoc
1399 1485 1508 1520 etiam
1528 1485 1679 1519 audacia
1700 1486 1792 1532 prin-

226 1542 350 1588 cipalis
371 1543 491 1589 passio
515 1553 591 1577 esse
612 1553 687 1577 non
708 1551 837 1589 potest.

767 1685 1112 1730 ARTICULUS
1148 1686 1228 1729 III.
1722 1707 1789 1745 249

417 1793 569 1823 UTRUM
604 1793 830 1823 DEFECTUS
864 1793 1040 1830 ALIQUIS
1075 1793 1142 1823 SIT
1177 1793 1319 1823 CAUSA
1351 1793 1590 1823 AUDACIAE.

746 1880 860 1928 (Supr.
884 1893 914 1927 q.
935 1893 982 1927 25.
1006 1886 1070 1916 art.
1093 1893 1124 1916 2.
1147 1882 1264 1927 corp).

293 1970 352 2005 AD
376 1980 546 2005 TERT1UM
574 1971 623 2005 sic
651 1971 869 2016 proceditur.
892 1970 1055 2012 Videtur,
1078 1970 1175 2017 quod
1198 1969 1358 2004 defectus
1381 1969 1509 2016 aliquis
1531 1970 1576 2004 sit
1597 1981 1706 2004 causa
1728 1981 1789 2004 au-

222 2023 364 2058 daciae:
388 2024 473 2058 dicit
496 2024 592 2058 enim
614 2024 750 2058 Philos.
774 2025 808 2057 in
832 2024 890 2058 lib.
915 2024 958 2058 de
980 2024 1272 2058 Problematibus
1294 2025 1383 2069 (sect.
1400 2035 1452 2069 27.
1469 2024 1579 2070 probl.
1602 2024 1666 2068 4.),
1691 2024 1787 2070 quod

221 2083 385 2112 ammom
405 2079 478 2112 vini
498 2083 573 2112 suut
586 2079 701 2124 fortes,
725 2083 755 2113 et
780 2078 939 2113 αιιιῖαεαςς
963 2078 1024 2112 sed
1048 2089 1089 2112 ex
1111 2078 1196 2111 vino
1224 2078 1383 2124 sequitur
1405 2076 1565 2111 defectus
1587 2077 1788 2120 ebrietatis;

222 2142 308 2176 ergo
331 2131 482 2165 audacia
505 2140 672 2166 causatur
694 2144 734 2165 ex
758 2131 898 2166 defectu
925 2131 985 2177 [al.
1009 2144 1047 2166 ex
1065 2133 1230 2166 ebrietatis
1252 2131 1406 2177 defectu}

294 2195 324 2218 2.
347 2185 583 2220 PRAETEREA.
611 2185 760 2231 Phylos.
784 2186 869 2219 dicit
895 2186 929 2219 in
959 2196 988 2219 2.
1018 2185 1122 2219 Rhet.
1151 2186 1242 2231 (sap.
1264 2197 1293 2231 5.
1317 2197 1336 2219 α
1359 2185 1461 2229 med.)
1490 2185 1587 2231 quod
1615 2185 1788 2231 inexperti

222 2238 467 2284 periculorum
490 2247 572 2272 sunt
599 2239 765 2281 audaces,
792 2239 853 2273 sed
881 2239 1138 2285 inexperientia
1167 2238 1325 2273 defectus
1352 2239 1499 2285 quidam
1527 2247 1598 2282 est;
1621 2250 1708 2285 ergo
1731 2244 1800 2273 au-'

221 2292 324 2326 dacia
347 2304 387 2326 ex
407 2291 548 2326 defectu
572 2301 748 2326 causatur.

296 2357 323 2391 3.
347 2345 582 2380 PRAETEREA.
606 2346 740 2391 Iniusta
764 2346 858 2392 passi
881 2345 1092 2380 audaciores
1120 2357 1197 2380 esse
1225 2345 1361 2380 solent:
1385 2346 1478 2380 sicut
1505 2346 1614 2380 etiam
1640 2345 1788 2388 bestiae,

221 2410 303 2433 cum
327 2399 584 2445 percutiuntur,
608 2407 645 2433 ut
667 2400 796 2433 dicitur
817 2400 851 2433 in
879 2411 905 2445 3.
930 2399 1089 2433 Etliicor.
1118 2400 1209 2446 (cap.
1232 2401 1263 2434 S.
1291 2401 1350 2434 cir.
1380 2399 1500 2445 mcd.):
1524 2399 1585 2434 sed
1615 2399 1786 2445 injustum

220 2453 292 2498 pati
316 2453 358 2486 ad
381 2452 562 2486 defectum
586 2453 756 2498 pertinet;
780 2464 866 2497 ergo
891 2453 1040 2487 audacia
1068 2464 1108 2487 ex
1132 2453 1252 2499 aliquo
1276 2452 1416 2487 defectu
1440 2462 1617 2488 causatur.

292 2506 365 2540 SED
389 2517 543 2541 CONTRA
573 2515 636 2548 est,
670 2507 765 2552 quod
798 2506 932 2540 Philos.
957 2507 1042 2540 dicit
1064 2507 1098 2540 in
1123 2517 1153 2540 2.
1177 2506 1325 2540 Rhetor.
1351 2507 1438 2553 (cap.
1462 2519 1490 2552 5.
1517 2518 1538 2541 α
1562 2506 1661 2552 med.)
1690 2507 1786 2553 quod

221 2571 328 2593 causa
344 2560 516 2593 audaciae
540 2568 602 2601 est,
626 2571 709 2593 cum
733 2560 767 2593 in
789 2560 976 2605 phantasia
992 2571 1071 2605 spes
1088 2559 1192 2594 suerit
1213 2560 1424 2594 salutarium
1447 2568 1484 2594 ut
1506 2571 1617 2606 prope
1640 2560 1788 2595 existen-

219 2613 321 2654 tium,
344 2614 587 2647 timendorum
612 2622 730 2647 autem
749 2622 895 2647 autnon
915 2614 1064 2655 entium,
1081 2622 1140 2647 aut
1154 2614 1263 2659 longe
1279 2614 1432 2648 entium:
1456 2614 1516 2648 sed
1537 2615 1582 2655 id,
1598 2614 1694 2660 quod
1714 2625 1787 2660 per-

219 2667 307 2700 tinet
330 2667 372 2700 ad
395 2667 588 2708 desectum,
610 2667 667 2700 vel
683 2668 834 2712 pert⁷net
857 2667 898 2700 ad
922 2667 1130 2700 salutarium
1156 2668 1410 2709 remotionem,
1429 2667 1486 2701 vel
1509 2667 1550 2701 ad
1574 2667 1785 2701 terribilium

220 2721 542 2766 propinquitatem3
566 2732 652 2765 ergo
675 2720 775 2761 nihil,
799 2721 894 2765 quod
919 2721 961 2753 ad
982 2720 1162 2755 desectum
1186 2721 1348 2766 pertinet,
1372 2729 1424 2755 est
1443 2732 1550 2755 causa
1574 2721 1757 2755 audaciae.

292 2774 520 2808 Ruseoxnuo
548 2774 753 2815 dicendum,
781 2774 890 2819 quod,
918 2774 1008 2807 sicut
1037 2786 1141 2820 supra
1170 2775 1306 2809 dictum
1334 2782 1386 2808 est
1414 2775 1493 2819 (art.
1512 2774 1783 2821 prat-sedentib),

221 2826 369 2860 audacia
401 2828 633 2873 consequitur
661 2839 773 2873 spem,
801 2835 835 2861 et
862 2828 1100 2861 contrariatur
1128 2829 1269 2869 timori;
1299 2828 1392 2863 unde
1421 2839 1671 2874 quaecumque
1702 2836 1784 2862 nata

221 2888 301 2914 sunt
323 2892 471 2915 causare
494 2893 606 2927 spem,
629 2881 685 2915 vel
708 2881 897 2915 excludere
920 2881 1102 2923 timorem,
1129 2890 1210 2916 sunt
1237 2893 1342 2916 causa
1367 2882 1550 2916 audaciae.
1576 2881 1672 2922 Quia
1695 2892 1783 2916 vero

1904 2724 1907 2733 e
1900 2571 1907 2714 Αἱ».ψᾷ
1902 2543 1907 2558 Α
1906 2525 1907 2530 Α
1904 2424 1907 2511 ψ-ᾼ.
