1875 3198
213 188 299 243 814
637 200 858 234 QUAESTIO
893 200 994 229 cv11.
1028 199 1270 229 ARTICULUS
1304 199 1348 228 11.

281 282 340 316 AD
355 292 504 316 PRIMUM
519 292 606 328 ergo
623 281 827 323 dicendum,
851 281 946 327 quod
968 280 1025 315 lex
1045 292 1141 315 nova
1159 291 1234 314 non
1257 287 1407 314 evacuat
1429 279 1697 314 observantiam
1713 291 1771 315 ve-

211 335 295 369 teris
317 335 418 381 legis,
440 335 509 369 nisi
531 343 705 381 quantum
729 335 771 369 ad
795 333 1086 376 caeremonialia,
1101 341 1140 367 ut
1153 344 1259 379 supra
1275 333 1412 367 dictum
1434 341 1486 367 est
1501 333 1546 379 (q.
1569 345 1636 379 193.
1660 338 1722 368 art.
1740 346 1769 380 3.

211 395 241 424 et
257 390 306 434 4.)
319 402 328 423 .·
350 389 440 423 haec
465 398 584 423 autern
609 397 708 423 erant
724 390 758 422 in
774 388 927 434 figuram
950 387 1078 429 futuri3
1100 387 1195 421 unde
1211 398 1253 421 ex
1274 387 1344 420 hoc
1368 387 1447 433 ipso
1469 387 1567 433 quod
1589 397 1774 421 caeremo-

210 443 320 477 nialia
342 451 533 489 praecepta
555 450 635 477 sunt
656 442 816 488 impleta,
840 441 1006 487 perfectis
1035 441 1102 483 his,
1133 452 1224 487 quae
1254 440 1510 486 figurabantur,
1528 451 1603 474 non
1621 448 1703 474 sunt
1723 440 1773 474 ul-

211 497 321 531 terius
344 496 589 538 observanda3
612 496 694 542 quia
717 496 745 529 si
768 495 1054 536 observarentur,
1078 494 1195 528 adhuc
1219 493 1482 539 significaretur
1504 493 1639 540 aliquid
1665 502 1704 528 ut
1723 493 1775 528 fu-

209 559 342 592 turum,
366 558 400 584 et
420 561 493 584 non
516 550 722 596 impletum:
746 549 837 582 sicut
859 549 968 582 etiam
990 548 1183 594 promissio
1205 547 1313 581 futuri
1340 547 1427 581 doni
1451 547 1575 581 locum
1596 548 1671 594 jam
1696 558 1772 581 non

209 603 329 645 habet,
352 604 594 649 promissione
615 603 689 648 jam
711 601 859 648 impleta
881 613 944 648 per
966 601 1051 635 doni
1074 601 1325 635 exibitionem:
1349 608 1384 635 et
1411 611 1475 647 per
1494 601 1592 634 hunc
1619 601 1771 635 modum

211 657 464 691 caeremoniae
487 656 577 702 legis
599 655 784 697 tolluntur,
808 666 891 689 cum
913 655 1118 701 implentur.

280 710 339 744 AD
359 720 566 744 SECUNDUM
593 709 799 750 dicendum,
830 709 938 754 quod,
965 709 1058 742 sicut
1078 708 1302 754 Augustinus
1334 707 1420 742 dicit
1446 715 1572 741 contra
1598 707 1769 742 Faustum

213 765 286 808 (lib.
310 777 359 811 19.
383 772 454 811 cap.
474 766 535 809 2.),
557 771 749 810 praecepta
772 762 832 797 illa
854 763 1006 797 Domini
1028 774 1102 797 non
1124 770 1207 797 sunt
1221 762 1401 796 contraria
1422 763 1620 808 praeceptis
1641 762 1771 796 veteris

211 818 319 864 legis:
343 818 439 865 quod
462 818 560 851 enim
581 817 762 851 Dominus
784 817 966 863 praecepit
988 817 1031 851 de
1053 828 1165 851 uxore
1186 828 1262 850 non
1284 816 1508 858 dimittenda,
1525 827 1600 850 non
1619 824 1673 850 est
1689 827 1772 850 con-

210 871 359 905 trarium
391 871 434 913 ei,
465 871 562 917 quod
591 870 649 905 lex
682 870 876 916 praecepit,
914 882 1032 917 neque
1066 871 1163 904 enim
1187 870 1235 904 ait
1255 869 1327 904 lex:
1351 869 1411 916 qui
1432 868 1598 911 voluerit,
1617 869 1772 903 dimittat

209 936 371 967 uxorem,
394 925 451 958 cui
473 932 567 958 esset
589 924 811 958 contrarium
832 935 907 958 non
929 924 1126 958 dimittere:
1149 924 1211 958 sed
1232 923 1354 969 utique
1375 922 1523 957 nolebat
1536 922 1668 956 dimitti
1687 933 1772 956 uxo—

208 989 285 1012 rem
312 989 331 1011 a
352 978 441 1020 viro,
464 978 524 1024 qui
552 978 646 1011 hanc
675 978 891 1024 interposuit
921 989 1076 1019 moram,
1098 985 1137 1012 ut
1157 977 1193 1011 in
1216 977 1405 1011 dissidium
1435 976 1577 1011 animus
1599 987 1770 1023 praeceps

209 1031 320 1066 libelli
342 1032 609 1078 conscriptione
635 1030 808 1065 refractus
836 1031 1041 1074 absisteret3
1063 1031 1158 1065 unde
1184 1031 1367 1064 Dominus
1394 1030 1437 1064 ad
1462 1030 1534 1064 hoc
1557 1029 1772 1064 confirman-

209 1086 306 1127 dum,
329 1094 367 1119 ut
386 1096 461 1119 non
483 1085 588 1119 facile
610 1096 702 1119 uxor
728 1084 937 1127 dimittatur,
959 1085 1078 1119 solam
1101 1095 1248 1118 causam
1271 1083 1522 1118 fornicationis
1548 1083 1702 1130 excepit.
1727 1083 1772 1117 Et

208 1139 304 1173 idem
319 1139 428 1173 etiam
444 1139 638 1173 dicendum
654 1146 707 1173 est
720 1138 755 1172 in
769 1139 1013 1184 prohibitione
1029 1139 1233 1184 juramenti,
1248 1138 1341 1172 sicut
1354 1137 1491 1172 dictum
1506 1145 1560 1172 est
1575 1137 1624 1182 (in
1637 1137 1770 1184 corp.);

209 1201 243 1227 et
263 1193 359 1227 idem
383 1193 491 1227 etiam
513 1200 610 1239 patet
631 1193 667 1226 in
690 1192 933 1239 prohibitione
954 1192 1118 1226 talionis:
1141 1191 1277 1226 taxavit
1298 1191 1395 1226 enim
1415 1191 1567 1225 modum
1592 1191 1771 1225 vindictae

209 1247 276 1289 leX,
298 1255 336 1281 ut
356 1259 430 1281 non
460 1247 716 1293 procederetur
746 1246 789 1280 ad
811 1246 1094 1280 immoderatam
1117 1246 1334 1288 vindictam;
1362 1256 1382 1279 a
1403 1256 1473 1291 qua
1494 1245 1676 1279 Dominus
1698 1255 1773 1291 per-

208 1300 336 1335 fectius
359 1301 514 1335 removit
536 1312 631 1342 eum,
654 1312 763 1347 quem
785 1301 928 1334 monuit
942 1300 1094 1334 omnino
1109 1311 1128 1334 a
1142 1299 1302 1334 vindicta
1317 1299 1512 1334 abstinere:
1536 1299 1632 1333 circa
1646 1299 1772 1333 odium

209 1366 295 1389 vero
317 1355 550 1388 inimicorum
572 1354 728 1388 removit
744 1353 877 1388 falsum
896 1354 1178 1388 Pharisaeorum
1200 1352 1437 1395 intellectum,
1458 1364 1527 1387 nos
1548 1363 1715 1394 monens,
1733 1359 1772 1386 ut

208 1419 362 1454 persona
385 1408 470 1442 odio
492 1419 566 1442 non
584 1408 786 1449 haberetur,
818 1408 879 1441 sed
910 1407 1034 1453 culpa:
1066 1407 1162 1440 circa
1191 1407 1449 1440 discretionem
1477 1417 1564 1440 vero
1594 1406 1771 1447 ciborum,

209 1473 301 1508 quae
324 1461 601 1496 caeremonialis
625 1470 710 1503 erat,
732 1461 914 1495 Dominus
936 1472 1010 1494 non
1037 1460 1222 1494 mandavit
1242 1468 1281 1494 ut
1300 1468 1385 1494 tunc
1407 1471 1482 1494 non
1509 1459 1770 1500 observaretur,

210 1515 272 1550 sed
295 1515 460 1558 ostendit,
483 1515 580 1562 quod
602 1514 691 1548 nulli
723 1515 791 1549 cibi
820 1514 1021 1549 secundum
1043 1525 1147 1548 suam
1168 1520 1335 1547 naturam
1361 1521 1462 1547 erant
1490 1513 1682 1555 immundi,
1707 1512 1770 1547 sed

208 1569 328 1604 solum
355 1570 555 1604 secundum
578 1569 741 1615 figuram,
765 1577 802 1603 ut
823 1580 929 1615 supra
952 1568 1088 1602 dictum
1111 1575 1164 1602 est
1191 1567 1235 1614 (q.
1258 1579 1332 1603 102.
1352 1573 1416 1602 art.
1439 1567 1472 1602 6.
1495 1566 1537 1602 ad
1557 1566 1614 1612 L).

278 1624 337 1658 AD
358 1634 528 1658 TERTIUM
543 1623 748 1664 dicendum,
771 1623 867 1668 quod
886 1630 1002 1656 tactus
1023 1621 1156 1668 leprosi
1179 1628 1252 1655 erat
1273 1621 1474 1667 prohibitus
1489 1621 1525 1654 in
1545 1620 1660 1654 veteri
1677 1619 1769 1666 lege,

207 1678 289 1724 quia
312 1689 353 1711 ex
375 1678 446 1712 hoc
468 1677 672 1711 incurrebat
693 1676 808 1710 homo
831 1676 1028 1722 quamdam
1043 1674 1313 1721 irregularitatis
1329 1674 1610 1716 immunditiam,
1626 1675 1717 1709 sicut
1735 1682 1770 1708 et

207 1743 249 1765 ex
269 1739 366 1765 tactu
394 1731 539 1772 mortui,
574 1738 613 1764 ut
641 1741 746 1776 supra
776 1729 912 1763 dictum
936 1737 990 1763 est
1011 1729 1059 1775 (q.
1082 1741 1155 1764 102.
1187 1734 1250 1762 art.
1270 1740 1298 1774 5.
1321 1728 1364 1762 ad
1384 1729 1455 1773 4.).·
1482 1728 1544 1763 sed
1575 1728 1769 1770 Dominus,

206 1785 267 1831 qui
290 1793 364 1819 erat
380 1784 575 1818 mundator
589 1784 736 1830 leprosi,
751 1783 1022 1817 immunditiam
1041 1783 1223 1816 incurrere
1238 1793 1312 1816 non
1327 1789 1486 1829 poterat:
1501 1792 1563 1828 per
1581 1793 1621 1816 ea
1638 1789 1770 1824 autern,

209 1850 300 1884 quae
322 1838 406 1873 fecit
428 1839 463 1872 in
487 1838 658 1879 Sabbato,
690 1837 888 1871 Sabbatum
918 1848 992 1870 non
1022 1835 1131 1870 solvit
1152 1835 1353 1870 secundum
1380 1835 1432 1869 rei
1452 1835 1653 1877 veritatem,
1679 1835 1772 1869 sicut

209 1892 361 1938 ipsemet
383 1892 418 1926 in
440 1891 641 1937 Evangelio
664 1891 791 1925 Matth.
820 1900 870 1924 12.
894 1890 1070 1925 ostendit:
1092 1898 1169 1924 tum
1185 1891 1268 1936 quia
1284 1889 1499 1935 operabatur
1517 1888 1692 1923 miracula
1705 1889 1772 1923 vir-

205 1953 279 1979 tute
302 1946 433 1987 divina,
457 1957 548 1992 quae
570 1956 713 1990 semper
735 1952 904 1990 operatur
926 1943 961 1977 in
984 1944 1104 1977 rebus:
1127 1951 1205 1977 tum
1227 1943 1309 1989 quia
1325 1942 1448 1977 salutis
1462 1942 1645 1977 humanae
1660 1953 1770 1988 opera

206 1998 371 2041 faciebat,
394 2011 476 2033 cum
499 1998 684 2032 Pharisaei
707 1999 816 2032 etiam
839 1997 944 2031 saluti
967 1997 1179 2031 animalium
1208 1997 1244 2030 in
1267 1996 1324 2031 die
1347 1994 1495 2031 Sabbati
1520 1996 1768 2043 providerent:

205 2061 283 2087 tum
303 2053 411 2087 etiam
433 2053 515 2099 quia
537 2053 676 2086 ratione
691 2051 914 2086 necessitatis
929 2049 1125 2096 discipulos
1137 2050 1320 2084 excusavit
1334 2050 1370 2084 in
1386 2049 1545 2084 Sabbato
1563 2050 1680 2096 spicas
1699 2049 1771 2084 col-

206 2106 376 2153 ligentes:
400 2107 461 2141 sed
483 2106 670 2140 videbatur
692 2105 832 2139 solvere
855 2105 1055 2139 secundum
1077 2104 1367 2150 superstitiosum
1398 2103 1622 2138 intellectum
1649 2103 1771 2137 Phari-

207 2171 387 2202 saeorum,
410 2160 470 2206 qui
493 2159 684 2194 credebant
707 2159 814 2193 etiam
839 2169 858 2191 a
880 2158 1093 2192 salutaribus
1116 2158 1284 2203 operibus
1306 2168 1384 2192 esse
1406 2157 1442 2191 in
1464 2157 1521 2191 die
1544 2156 1692 2191 Sabbati
1713 2156 1770 2191 ab·

207 2214 412 2249 stinendum
436 2213 532 2260 quod
552 2220 626 2247 erat
649 2221 774 2246 contra
798 2212 1037 2246 intentionem
1060 2211 1161 2257 legis.

277 2269 337 2302 An
360 2277 546 2307 QUARTUM
569 2266 775 2308 dicendum,
807 2266 902 2312 quod
935 2264 1214 2299 caeremonialia
1244 2272 1435 2311 praecepta
1465 2263 1554 2310 legis
1575 2275 1650 2298 non
1673 2274 1770 2298 com-

207 2329 455 2356 memorantur
481 2320 608 2354 Matth.
637 2331 684 2364 5.;
708 2320 790 2365 quia
813 2331 938 2353 eorum
967 2318 1194 2353 observantia
1217 2318 1376 2352 totaliter
1398 2317 1598 2352 excluditur
1620 2329 1682 2364 per
1707 2317 1771 2351 im-

207 2375 415 2422 pletionem,
438 2382 476 2408 ut
497 2374 633 2407 dictum
664 2381 716 2407 est
740 2373 788 2417 (1'11
812 2380 899 2419 corp.
928 2378 957 2407 ct
978 2372 1020 2406 <ld
1042 2373 1085 2417 1.)
1096 2385 1108 2413 ;
1133 2372 1175 2406 de
1202 2371 1430 2418 judicialibus
1456 2382 1542 2406 vero
1569 2371 1769 2418 praeceptis

208 2428 513 2463 commemoravit
535 2435 765 2473 praeceptum
789 2426 946 2468 talionis,
969 2435 1005 2460 ut
1029 2426 1124 2472 quod
1155 2426 1197 2460 de
1221 2426 1290 2459 hoc
1319 2426 1508 2465 diceretur,
1531 2425 1574 2459 de
1601 2424 1770 2459 omnibus

207 2482 284 2516 aliis
307 2490 399 2516 esset
420 2481 714 2527 intelligendum:
738 2480 771 2513 111
794 2491 866 2525 quo
889 2480 1035 2525 quidem
1060 2473 1252 2526 praecepto
1274 2479 1398 2513 docuit
1419 2478 1507 2525 legis
1529 2479 1767 2513 intentionem

207 2547 278 2569 non
302 2547 378 2570 esse
402 2536 444 2569 ad
464 2536 546 2576 hoc,
564 2534 658 2580 quod
676 2545 792 2580 poena
814 2533 959 2566 talionis
979 2541 1208 2579 quaereretur
1237 2541 1381 2579 propter
1406 2532 1560 2566 livorem
1578 2532 1769 2573 vindictae,

206 2601 312 2635 quem
336 2590 409 2635 ipse
433 2588 600 2630 excludit,
631 2598 784 2621 monens
815 2587 910 2632 quod
942 2587 1056 2620 homo
1080 2587 1183 2621 debet
1205 2597 1282 2620 esse
1305 2595 1448 2632 paratus
1479 2586 1588 2620 ctiam
1611 2586 1768 2630 majores

208 2643 352 2688 injurias
366 2642 525 2684 sufferre,
541 2642 600 2676 sed
621 2641 738 2676 solum
757 2649 899 2687 propter
916 2652 1077 2674 amorem
1095 2641 1269 2685 justitiae:
1284 2640 1381 2686 quod
1395 2639 1513 2674 adhuc
1528 2639 1563 2674 in
1578 2650 1674 2673 nova
1688 2638 1768 2685 lege

208 2706 379 2731 remanet.
