1875 3198
232 170 315 212 682
655 182 877 217 QUAESTIO
911 181 1012 210 xcv.
1046 180 1292 211 ARTICULUS
1325 181 1383 210 1v.

231 263 326 298 unde
349 264 392 298 de
409 263 508 298 facili
524 264 562 298 in
579 264 791 310 hujusmodi
812 263 981 297 homines
997 270 1275 297 consenserunt:
1300 262 1530 309 distinguitur
1546 270 1670 297 tamen
1686 262 1801 309 alege

231 317 397 360 naturali,
425 318 583 352 maxime
612 318 653 351 ab
682 328 738 359 eo,
766 317 863 362 quod
891 324 945 351 est
969 317 1138 350 omnibus
1166 315 1382 350 animalibus
1413 327 1622 351 commune.
1859 309 1861 317 ¹

302 371 363 406 AD
384 382 474 406 ALIA
496 379 594 418 patet
614 372 802 417 responsio
826 381 867 404 ex
888 370 957 412 his,
980 381 1071 416 quae
1094 370 1189 404 dicta
1210 378 1294 404 sunt
1314 371 1365 415 (in
1386 376 1476 417 corp.
1497 371 1592 416 art).

731 646 1088 707 QUAESTIO
1129 645 1313 693 XCVI.

265 771 329 802 DE
355 770 627 802 POTESTATE
653 770 791 802 LEGIS
819 771 1076 810 HUMANAE,
1107 771 1158 802 IN
1185 771 1272 803 SEX
1298 770 1562 803 ARTICULOS
1588 771 1764 804 DIVISA.

300 891 443 926 Deinde
466 889 773 924 considerandum
801 896 853 923 est
876 889 918 922 de
940 895 1119 934 potestate
1140 887 1231 933 legis
1252 886 1448 922 humanae.

737 979 782 1013 Et
802 979 893 1013 circa
914 978 973 1013 hoc
995 983 1206 1024 quaeruntur
1224 990 1291 1013 sex.

300 1050 438 1084 Primo.
462 1049 595 1083 Utrum
621 1049 784 1082 humana
805 1047 862 1082 lex
885 1048 1013 1082 debeat
1033 1048 1121 1095 poni
1141 1048 1179 1081 in
1203 1047 1405 1082 communi.

302 1103 484 1138 Secundo.
505 1103 638 1136 Utrum
660 1102 718 1136 lex
739 1102 903 1136 humana
924 1102 1052 1136 debeat
1075 1103 1200 1136 omnia
1219 1102 1306 1135 vitia
1328 1101 1512 1136 cohibere.

302 1157 441 1192 Tertio.
462 1157 595 1191 Utrum
618 1156 784 1190 omnium
806 1157 981 1190 virtutum
1003 1164 1104 1189 actus
1123 1155 1255 1189 habeat
1277 1155 1456 1189 ordinare.

304 1210 457 1251 Quarto.
495 1210 628 1244 Utrum
654 1209 820 1256 imponat
853 1209 999 1243 homini
1024 1209 1280 1243 necessitatem
1307 1216 1484 1255 quantum
1511 1207 1556 1242 ad
1581 1207 1702 1242 forum
1725 1218 1808 1242 con-

229 1266 414 1300 scientiae.

304 1318 456 1358 Quinto.
480 1317 613 1351 Utrum
637 1327 765 1351 omnes
786 1316 957 1351 homines
978 1316 1051 1363 legi
1071 1316 1256 1351 humanae
1278 1316 1490 1351 subdantur.

303 1372 426 1406 Sexto.
446 1371 580 1405 Utrum
601 1371 669 1413 his,
695 1371 755 1417 qui
777 1379 860 1405 sunt
881 1370 945 1404 sub
969 1370 1061 1416 lege,
1085 1369 1194 1404 liceat
1216 1382 1323 1416 agere
1340 1379 1482 1416 praeter
1502 1370 1612 1404 verba
1633 1368 1734 1416 legis.

816 1538 1164 1584 ARTICULUS
1190 1539 1224 1581 Ι.
1743 1550 1807 1595 508

458 1649 615 1679 UTRUM
641 1648 725 1677 LEX
755 1648 942 1677 HUMANA
971 1648 1145 1677 DEBEAT
1172 1647 1277 1677 PONI
1299 1648 1343 1677 IN
1371 1646 1580 1677 COMMUNI

669 1714 801 1743 MAGIS
831 1714 961 1749 QUAM
988 1713 1033 1743 IN
1059 1712 1366 1743 PARTICULARI.

427 1814 533 1860 (Infr.
556 1826 586 1860 q.
610 1814 666 1860 98.
689 1819 754 1849 art.
778 1813 811 1848 6.
831 1813 873 1847 ad
894 1825 926 1848 2.
948 1818 978 1848 et
998 1825 1068 1848 2-2.
1091 1824 1122 1859 q.
1144 1824 1218 1859 147.
1241 1818 1306 1847 art.
1325 1824 1353 1858 3.
1376 1817 1405 1847 et
1424 1823 1458 1858 4.
1480 1812 1603 1859 corp).

301 1915 360 1949 AD
383 1925 535 1949 PRIMUM
558 1915 607 1949 sic
632 1914 850 1961 proceditur.
873 1914 1038 1957 Videtur,
1053 1915 1151 1961 quod
1173 1914 1229 1949 lex
1248 1914 1411 1949 humana
1429 1925 1505 1949 non
1520 1913 1650 1949 debeat
1669 1913 1759 1960 poni
1771 1913 1809 1947 in

230 1969 431 2010 communi,
456 1968 518 2003 sed
533 1969 652 2014 magis
670 1968 706 2002 in
729 1968 956 2014 particulari:
980 1968 1067 2002 dicit
1085 1970 1184 2003 enim
1205 1967 1346 2002 Philos.
1365 1968 1403 2002 in
1428 1978 1456 2014 5.
1476 1967 1638 2002 Ethicor.
1653 1967 1743 2014 (cap.
1759 1967 1808 2014 7.)

229 2023 327 2070 quod
349 2023 468 2068 legalia
490 2028 564 2057 sunt
581 2034 804 2068 quaecumque
827 2024 861 2056 in
879 2023 1104 2068 singularibus
1126 2022 1226 2068 legem
1246 2027 1390 2069 ponunt,
1412 2027 1442 2057 et
1467 2023 1569 2057 etiam
1589 2021 1808 2064 sententialia‚

229 2088 322 2123 quae
345 2085 428 2110 sunt
452 2076 562 2110 etiam
585 2075 801 2122 singularia:
818 2076 902 2122 quia
924 2076 967 2110 de
982 2075 1226 2122 singularibus
1249 2076 1389 2110 actibus
1411 2075 1611 2110 sententiae
1628 2074 1808 2118 feruntur3

229 2142 318 2177 ergo
341 2129 398 2164 lex
419 2141 494 2176 non
516 2129 638 2164 solum
661 2130 807 2176 ponitur
829 2131 864 2164 in
887 2130 1087 2172 communi,
1111 2129 1173 2164 sed
1193 2130 1303 2164 etlam
1324 2129 1361 2163 in
1383 2128 1569 2176 singulari.

301 2194 332 2218 2.
360 2184 600 2218 PRAETEREA.
624 2184 698 2217 Lex
717 2192 770 2217 est
791 2183 965 2217 directiva
979 2184 1228 2217 humanorum
1245 2190 1405 2225 actuum,
1422 2191 1461 2218 ut
1478 2194 1586 2230 supra
1604 2182 1741 2218 dictum
1757 2191 1810 2218 est

231 2238 276 2285 (q.
297 2250 353 2284 90.
376 2243 441 2272 art.
470 2250 496 2272 r.
520 2243 548 2272 et
574 2239 641 2281 2.):
669 2237 731 2271 sed
759 2238 912 2271 humani
939 2246 1039 2272 actus
1066 2238 1102 2271 in
1129 2237 1372 2284 singularibus
1396 2237 1618 2281 consistunt3
1641 2248 1729 2283 ergo
1751 2236 1809 2272 lex

227 2292 391 2326 humana
412 2303 487 2325 non
510 2291 614 2325 debet
636 2292 671 2325 in
694 2291 890 2325 universali
911 2291 1007 2334 ferri,
1029 2291 1092 2326 sed
1115 2292 1234 2338 magis
1255 2291 1291 2325 in
1314 2291 1500 2337 singulari.

305 2357 333 2392 3.
356 2345 595 2380 PRAETEREA.
619 2345 693 2378 Lex
716 2353 768 2379 est
787 2345 923 2390 regula,
947 2353 982 2379 et
1003 2356 1174 2380 mensura
1195 2345 1445 2379 humanorum
1464 2353 1623 2388 actuum,
1642 2352 1682 2379 ut
1699 2355 1810 2391 supra

230 2399 368 2434 dictum
391 2407 445 2433 est
467 2398 599 2443 (ilvid.):
615 2398 677 2432 sed
693 2409 862 2432 mensura
878 2399 984 2433 debet
999 2410 1075 2433 esse
1093 2398 1304 2440 certissima,
1320 2406 1359 2433 ut
1373 2398 1504 2433 dicitur
1520 2399 1557 2433 in
1576 2409 1628 2434 10.
1644 2398 1807 2445 Metaph.

230 2453 310 2498 (tex.
328 2454 393 2499 3.);
418 2464 502 2486 cum
521 2463 609 2498 ergo
631 2453 668 2486 in
691 2453 828 2487 actibus
850 2453 1020 2487 humanis
1043 2464 1118 2487 non
1141 2453 1254 2499 possit
1272 2464 1351 2488 esse
1373 2452 1522 2500 aliquod
1540 2452 1744 2488 universale
1759 2453 1809 2488 ita

230 2515 382 2548 certum,
405 2506 491 2552 quin
513 2506 549 2540 in
572 2506 846 2552 particularibus
867 2506 1020 2550 deficiat,
1042 2507 1184 2541 videtur
1207 2506 1304 2553 quod
1326 2517 1477 2542 necesse
1493 2507 1538 2542 sit
1557 2505 1658 2553 leges
1680 2517 1756 2541 non
1770 2506 1808 2540 in

231 2560 437 2602 universali,
460 2561 522 2595 sed
541 2560 577 2594 in
596 2559 838 2606 singularibus
862 2561 959 2606 poni.
1845 2563 1848 2566 ⁴

302 2614 376 2649 SED
407 2625 563 2649 CONTRA
587 2622 650 2656 est,
673 2614 770 2660 quod
788 2614 1020 2660 Jurisperitus
1042 2615 1128 2649 dicit
1151 2614 1369 2661 (Pomponius
1394 2619 1425 2650 et
1445 2615 1566 2657 Celsus,
1589 2619 1625 2649 ut
1650 2614 1829 2660 refertur„

230 2669 286 2703 lib.
309 2681 336 2703 1.
365 2670 414 2703 tit.
439 2680 466 2715 3.
491 2668 529 2714 ff.
552 2668 588 2702 de
615 2668 728 2713 Legib.
756 2673 784 2703 ct
816 2668 1072 2714 SamzttaesconsQ,
1096 2669 1193 2715 quod
1215 2669 1295 2715 jura
1318 2669 1490 2704 constitui
1511 2676 1657 2715 oportet
1681 2668 1718 2702 in
1739 2667 1808 2710 his,

231 2733 322 2768 quae
344 2722 487 2768 saepius
511 2722 696 2756 accidunt:
721 2733 763 2756 cx
784 2722 840 2755 his
865 2730 999 2764 autem,
1022 2734 1114 2768 quae
1137 2721 1230 2757 forte
1252 2733 1326 2757 uno
1350 2733 1435 2758 casu
1459 2722 1623 2758 accidere
1645 2729 1807 2769 possunt,

230 2786 308 2821 jura
330 2786 403 2809 non
427 2783 706 2810 constituuntur.

303 2828 534 2864 RESPONDEO
557 2829 764 2871 dicendum,
787 2829 884 2876 quod
908 2831 1207 2876 unumquodque,
1230 2830 1329 2877 quod
1358 2839 1411 2865 est
1437 2837 1585 2877 propter
1605 2828 1728 2870 finem,
1749 2838 1809 2862 ne-

230 2894 334 2918 nesse
350 2891 403 2917 est
421 2883 518 2929 quod
534 2884 578 2917 sit
593 2882 655 2917 fini
669 2883 1006 2930 proportionatum:
1031 2883 1110 2918 finis
1127 2892 1246 2918 autem
1264 2884 1356 2930 legis
1371 2892 1425 2919 est
1441 2884 1581 2918 bonum
1597 2891 1805 2918 commune:
