1955 3182
283 176 337 231 78
730 185 952 221 QUAESTIO
987 185 1044 214 vr.
1079 183 1324 214 ARTICULUS
1357 184 1398 212 v.

280 267 374 302 modo
398 267 596 301 secundum
619 266 838 313 principium
861 266 1056 312 passivum,
1074 265 1155 311 quia
1169 264 1308 299 scilicet
1324 264 1513 299 estinnata
1528 264 1715 298 inclinatio
1739 264 1782 299 ad
1799 276 1850 299 re-

282 321 489 367 cipiendum
517 321 699 354 actionem
728 331 745 353 a
773 320 951 366 principio
982 319 1202 353 extrinseco:
1230 319 1322 353 sicut
1349 326 1469 352 motus
1498 318 1590 352 coeli
1617 319 1746 352 dicitur
1772 330 1850 354 esse

282 374 454 408 naturalis
476 382 622 420 propter
645 373 882 419 aptitudinem
897 372 1101 407 naturalem
1124 372 1290 407 coelestis
1316 372 1477 419 corporis
1501 372 1544 406 ad
1566 372 1674 406 talem
1696 380 1850 415 motum,

281 427 366 461 licet
395 439 546 461 movens
574 427 618 461 sit
644 426 903 460 voluntarium.
932 427 975 460 Et
1009 426 1173 461 similiter
1199 426 1447 460 voluntarium
1475 434 1593 472 potest
1621 426 1754 472 aliquid
1781 426 1852 460 dici

282 481 466 528 dupliciter.
493 481 563 514 Uno
583 480 677 514 modo
701 479 1119 526 secundum‘actionem3
1142 488 1227 526 puta
1243 492 1326 514 cum
1343 479 1470 525 aliquis
1488 479 1563 513 vult
1579 479 1712 526 aliquid
1732 491 1852 525 agere.

282 535 361 570 Alio
380 534 475 568 modo
499 533 699 567 secundum
722 533 950 579 passionem3
973 534 1111 568 scilicet
1133 546 1215 568 cum
1240 533 1367 580 aliquis
1389 532 1466 567 vult
1487 533 1560 579 pati
1575 533 1616 567 ab
1638 533 1720 567 alio.
1744 533 1851 568 Unde

284 600 367 622 cum
387 588 481 621 actio
504 586 654 621 infertur
673 587 715 620 ab
740 587 860 633 aliquo
885 588 1063 630 exteriori,
1087 596 1257 622 manente
1284 588 1320 621 in
1349 598 1391 621 eo
1419 587 1479 633 qui
1506 587 1638 633 patitur
1659 586 1847 622 voluntate

283 642 451 688 patiendi,
473 653 547 675 non
574 649 627 676 θεῖ
647 642 861 688 simpliciter
886 643 1089 677 violentum:
1114 643 1196 688 quia
1223 642 1307 676 licet
1328 641 1388 675 ille
1416 641 1476 687 qui
1503 641 1646 687 patitur,
1667 653 1743 676 non
1771 646 1854 676 con-

283 695 373 730 ferat
402 695 558 740 agendo,
581 695 721 730 confert
734 703 857 730 tamen
872 695 1030 730 volendo
1045 697 1137 742 pati:
1157 697 1251 730 unde
1267 707 1339 730 non
1357 703 1475 741 potest
1487 695 1557 729 dici
1571 695 1851 730 involmztarizmz.

356 749 415 783 AD
439 759 609 783 TERTIUM
621 749 827 792 dicendum,
843 750 951 796 quod,
967 750 1059 784 sicut
1074 750 1209 784 Philos.
1227 750 1313 783 dicit
1331 749 1365 783 in
1379 750 1410 783 8.
1426 749 1535 795 Phys.
1553 748 1631 793 (tex.
1646 750 1716 795 27.)
1733 757 1853 783 motus

283 802 461 844 animalis,
484 814 554 848 quo
570 802 935 838 interdum¹movetur
954 803 1089 838 animal
1106 812 1232 837 contra
1247 802 1449 838 naturalem
1469 802 1747 837 inclinationem
1779 813 1855 837 cor—

285 856 393 902 poris,
416 856 481 890 etsi
499 868 573 890 non
599 857 644 891 sit
664 857 837 891 naturalis
862 857 1017 903 corpori,
1053 865 1105 892 est
1135 865 1258 891 tamen
1286 857 1561 903 quodammodo
1588 856 1761 891 naturalis
1784 857 1856 891 ani-

286 909 389 952 mali3
413 910 469 943 cui
491 910 653 944 naturale
673 919 736 951 est,
759 911 856 957 quod
872 911 1073 945 secundum
1089 911 1288 957 appetitum
1304 914 1512 944 moveatur:
1537 918 1573 944 et
1587 910 1669 944 ideo
1688 910 1760 945 hoc
1779 921 1853 944 non

285 971 337 997 est
357 963 559 997 violentum
581 964 804 1010 simpliciter,
827 965 887 998 sed
911 964 1112 998 secundum
1127 964 1222 1010 quid.
1237 963 1281 997 Et
1299 963 1466 998 similiter
1482 971 1534 998 est
1549 963 1755 1006 dicendum,
1771 975 1855 997 cum

285 1017 412 1063 aliquis
435 1017 584 1052 inflectit
605 1018 769 1052 membra
792 1025 917 1052 contra
940 1017 1143 1052 naturalem
1166 1017 1463 1064 dispositionem;
1485 1017 1557 1051 hoc
1581 1017 1678 1051 enim
1705 1025 1758 1051 est
1783 1017 1857 1052 vio-

284 1070 423 1104 lentum
437 1071 636 1105 secundum
652 1071 747 1117 quid,
763 1071 902 1105 scilicet
917 1079 1093 1118 quantum
1109 1071 1152 1105 ad
1167 1071 1374 1106 membrum
1389 1070 1626 1118 particulare;
1643 1083 1718 1106 non
1732 1079 1855 1106 tamen

285 1123 507 1171 simpliciter,
531 1132 706 1171 quantum
734 1125 776 1159 ad
797 1125 917 1172 ipsum
939 1125 1141 1159 hominem.

840 1255 1188 1301 ARTICULUS
1222 1257 1298 1300 VI.
1807 1266 1853 1311 46

458 1365 612 1395 UTRUM
628 1366 773 1396 METUS
799 1366 968 1395 CAUSET
991 1365 1363 1396 INVOLUNTARIUM
1383 1365 1672 1394 SIMPLICITER.

383 1459 488 1504 (Infr.
508 1465 572 1495 art.
593 1471 622 1506 7.
643 1460 685 1494 cccl
706 1473 733 1495 Ι.
756 1465 785 1495 et
807 1472 838 1495 2.
862 1465 889 1494 et
907 1471 940 1505 4.
959 1460 1047 1494 Dist.
1067 1471 1121 1506 29.
1142 1472 1171 1505 q.
1191 1472 1218 1494 I.
1238 1464 1304 1494 art.
1321 1471 1352 1494 2.
1375 1463 1403 1493 et
1423 1458 1544 1503 Quocll.
1563 1470 1593 1505 5.
1616 1463 1681 1493 art.
1702 1470 1754 1494 Io.

588 1519 617 1549 ct
630 1526 661 1549 2.
679 1515 756 1549 Cor.
773 1521 845 1561 cap.
862 1526 893 1560 9.
909 1526 992 1549 com.
1005 1527 1032 1560 3.
1049 1520 1116 1560 et3.
1131 1514 1206 1548 ΕΝ).
1223 1525 1305 1548 com.
1325 1525 1356 1548 2.
1372 1517 1401 1548 et
1414 1513 1549 1559 4.fin.).

359 1609 418 1644 AD
453 1620 604 1644 SEXTUM
632 1610 681 1644 sic
710 1609 926 1656 proceditur.
954 1609 1118 1651 Videtur,
1147 1609 1244 1655 quod
1267 1617 1384 1644 metus
1420 1616 1543 1643 causet
1571 1607 1856 1643 involuntarium

288 1663 517 1709 simpliciter:
541 1664 633 1698 sicut
659 1664 756 1698 enim
775 1663 948 1698 violentia
977 1671 1029 1698 θεῖ
1050 1671 1215 1710 respectu
1248 1664 1335 1709 ejus,
1363 1663 1459 1709 quod
1495 1663 1735 1697 contrariatur
1760 1673 1858 1709 prae-

287 1717 483 1751 sentialiter
508 1717 706 1760 voluntati;
730 1718 777 1752 ita
805 1725 921 1752 metus
945 1725 997 1752 θεῖ
1023 1725 1189 1764 respectu
1216 1716 1325 1751 futuri
1353 1716 1451 1760 mali,
1475 1716 1571 1763 quod
1600 1725 1777 1764 repugnat
1798 1728 1858 1751 vo-

287 1771 432 1814 luntati3
455 1772 516 1806 sed
538 1771 710 1806 violentia
734 1780 858 1806 causat
879 1771 1166 1806 involuntarium
1187 1770 1416 1818 simpliciter:
1441 1782 1528 1817 ergo
1556 1777 1591 1805 et
1616 1778 1733 1805 metus
1760 1770 1858 1804 invo-

287 1825 483 1859 luntarium
502 1825 714 1871 simpliciter
735 1834 868 1860 causat.

359 1889 389 1913 2.
409 1879 645 1914 PRAETEREA.
671 1880 781 1920 Quod
806 1888 857 1913 est
879 1879 1081 1914 secundum
1103 1891 1139 1913 se
1162 1878 1245 1921 tale,
1262 1878 1423 1925 quolibet
1447 1878 1569 1913 addito
1588 1886 1752 1913 remanet
1765 1877 1856 1913 tale:

287 1934 489 1979 sicut'quod
506 1934 705 1968 secundum
725 1945 761 1968 εθ
783 1942 834 1968 θεῖ
853 1933 1023 1976 calidum,
1044 1933 1261 1980 cuicumque
1282 1934 1535 1979 conjungatur,
1550 1932 1788 1967 nihilominus
1807 1940 1860 1967 est

289 1987 446 2021 calidum
470 1987 546 2034 ipso
569 1996 762 2022 manente:
792 1988 853 2022 sed
875 1987 963 2021 illud
986 1988 1083 2034 quod
1110 1999 1173 2034 per
1195 1995 1334 2021 metum
1362 1986 1490 2033 agitur,
1513 1986 1715 2021 secundum
1742 1997 1779 2020 se
1806 1993 1859 2020 est

289 2041 588 2083 involuntarium3
613 2053 699 2087 ergo
723 2042 844 2083 etiam,
869 2042 1082 2076 adveniente
1105 2049 1215 2084 metti,
1238 2049 1292 2075 est
1313 2040 1610 2075 involontarium.

364 2106 392 2140 3.
415 2095 651 2130 PRAETEREA.
677 2095 787 2136 Quod
808 2095 870 2129 sub
895 2095 1104 2129 conditione
1119 2094 1190 2129 tale
1206 2103 1269 2137 est,
1284 2094 1483 2129 secundum
1499 2094 1584 2140 quid
1599 2101 1652 2128 est
1666 2093 1749 2136 tale3
1761 2093 1858 2140 quod

291 2156 412 2182 autem
435 2149 567 2195 absque
591 2149 800 2183 conditione
824 2158 877 2183 est
898 2149 980 2191 tale,
1004 2148 1216 2196 simpliciter
1238 2157 1291 2183 est
1312 2148 1403 2191 tale3
1426 2148 1518 2183 sicut
1540 2148 1637 2194 quod
1665 2155 1717 2182 θεῖ
1738 2158 1859 2182 neces-

290 2203 425 2236 sarium
448 2214 489 2236 ex
513 2203 734 2246 conditione,
757 2211 809 2237 θεῖ
831 2203 1078 2237 necessarium
1101 2203 1302 2237 secundum
1330 2202 1434 2249 quid;
1457 2202 1555 2249 quod
1577 2210 1700 2236 autem
1727 2209 1781 2236 est
1801 2213 1859 2235 ne-

291 2257 488 2291 cessarium
517 2256 691 2299 absolute,
721 2265 773 2291 est
799 2258 1045 2291 necessarium
1081 2257 1310 2304 simpliciter:
1338 2257 1399 2291 sed
1434 2256 1480 2298 id,
1508 2255 1605 2302 quod
1631 2266 1694 2302 per
1720 2263 1859 2290 metum

292 2311 418 2356 agitur,
442 2318 493 2344 est
515 2310 801 2345 involontarium
824 2311 1002 2345 absolute:
1027 2323 1101 2345 non
1117 2319 1169 2345 θεῖ
1192 2319 1313 2345 autem
1326 2310 1585 2352 voluntarium,
1607 2309 1676 2344 nisi
1694 2309 1756 2344 sub
1777 2321 1861 2344 con-

291 2365 439 2406 ditione,
462 2364 601 2399 scilicet
623 2373 660 2399 ut
681 2365 812 2399 vitetur
835 2364 985 2407 malum,
1009 2365 1106 2411 quod
1132 2365 1299 2408 timetur3
1322 2375 1408 2411 ergo
1436 2363 1483 2407 id,
1506 2363 1602 2410 quod
1630 2374 1694 2410 per
1720 2371 1858 2398 metum

292 2418 419 2464 agitur,
444 2426 496 2452 est
518 2418 731 2465 simpliciter
753 2418 1049 2453 involuntarium.

364 2472 437 2506 SED
461 2483 617 2507 CONTRA
640 2481 703 2514 θεῖ,
727 2472 823 2519 quod
848 2473 1047 2518 Gregorius
1069 2472 1257 2519 Nyssenus
1280 2473 1366 2507 dicit
1389 2472 1455 2517 (vel
1469 2472 1638 2508 Nemesim
1655 2472 1710 2507 lib.
1725 2472 1762 2507 de
1780 2472 1859 2507 Nat.

290 2527 392 2561 Hom.
419 2533 490 2573 sap.
514 2528 581 2573 30.)
599 2535 633 2561 et
655 2527 764 2561 etiam
787 2526 923 2560 Philos.
948 2526 1020 2571 (mv.
1048 2539 1073 2572 3.
1095 2527 1170 2561 ΕΝ).
1188 2533 1257 2573 cap.
1278 2539 1305 2562 r.
1326 2538 1390 2561 non
1413 2526 1543 2573 procui.
1567 2527 1743 2574 aprinc.)‚
1763 2525 1859 2572 quod

290 2580 512 2626 hujusmodi,
540 2592 630 2627 quac
665 2592 727 2627 per
761 2589 899 2614 metum
936 2589 1101 2626 aguntur,
1123 2588 1205 2615 sunt
1239 2580 1354 2627 magis
1387 2579 1592 2615 voluntaria
1627 2591 1736 2627 quam
1762 2580 1861 2614 invo-

291 2634 456 2668 luntaria.

363 2688 593 2723 RESPONDEO
617 2688 823 2730 dicendum,
839 2688 948 2734 quod,
970 2688 1061 2722 sicut
1077 2687 1213 2722 Philos.
1231 2688 1316 2723 dicit
1338 2688 1372 2722 in
1399 2700 1426 2735 3.
1443 2687 1558 2722 Ethic.
1581 2687 1690 2734 (ibid.)
1711 2695 1746 2722 et
1763 2687 1860 2722 idern

293 2742 379 2776 dicit
407 2742 560 2787 Gregor.
584 2742 737 2789 Nyssen.
767 2742 801 2775 in
829 2741 888 2776 lib.
911 2753 977 2776 suo
1005 2742 1048 2776 de
1078 2742 1236 2776 Homine
1271 2742 1404 2788 (ilvid.);
1432 2741 1653 2788 hujusmodi,
1680 2752 1771 2788 quae
1799 2752 1861 2788 per

294 2804 431 2830 metum
459 2804 624 2841 aguntur,
648 2796 758 2830 mixta
786 2805 867 2830 sunt
894 2808 935 2830 cx
962 2795 1181 2838 voluntario,
1205 2804 1238 2830 et
1266 2795 1535 2830 involuntario:
1563 2795 1598 2830 id
1626 2795 1735 2838 enim,
1762 2794 1858 2842 quod

293 2861 356 2896 per
378 2857 515 2884 metum
535 2850 662 2896 agitur,
685 2851 719 2884 in
743 2862 779 2884 se
803 2850 1072 2884 consideratum
1094 2861 1169 2883 non
1197 2858 1249 2884 θεῖ
1271 2849 1536 2892 voluntarium3
1566 2849 1627 2884 sed
1640 2849 1678 2884 fit
1698 2847 1862 2884 volunta-

294 2903 386 2937 rium
409 2903 442 2937 in
464 2915 560 2946 casu,
583 2903 721 2938 scilicet
744 2903 786 2938 ad
809 2904 996 2938 vitandum
1025 2903 1176 2946 malum,
1199 2904 1294 2950 quod
1318 2904 1473 2938 timetur.
