1955 3182
231 187 286 216 20
710 183 931 219 QUAESTIO
966 182 993 211 Ι.
1027 182 1272 212 ARTICULUS
1305 181 1333 210 Ι.

305 280 334 314 3.
356 268 593 302 PRAETEREA.
615 266 721 300 Tunc
736 266 876 299 videtur
890 265 1004 298 homo
1021 274 1127 309 agere
1142 270 1288 308 propter
1298 261 1419 303 finem,
1438 262 1583 308 quando
1602 261 1797 304 deliberat;

231 322 292 355 sed
318 320 433 354 multa
453 320 568 354 homo
591 320 665 365 agit
686 319 819 364 absque
842 317 1112 357 deliberatione,
1134 316 1176 349 de
1199 315 1327 360 quibus
1343 315 1453 348 etiam
1472 315 1688 360 quandoque
1707 314 1799 348 nihil

230 374 383 419 cogitat:
407 374 498 407 sicut
520 384 603 406 cum
626 372 753 417 aliquis
776 379 900 405 movet
922 371 1063 416 pedem,
1084 368 1143 402 vel
1165 379 1316 401 manum
1339 367 1416 400 aliis
1435 367 1605 409 intentus,
1620 367 1678 401 vel
1692 367 1797 401 fricat

228 427 397 469 barbam,
419 438 493 460 non
515 437 601 471 ergo
624 425 739 459 homo
763 424 886 458 omnia
909 424 984 468 agit
1006 430 1153 469 propter
1174 421 1296 454 finem.

302 480 376 514 SED
399 489 565 514 CONTRA.
591 478 740 519 Omnia,
762 489 853 523 quae
873 485 954 510 sunt
975 477 1011 509 in
1034 475 1155 521 aliquo
1179 484 1322 519 genere,
1345 473 1552 507 derivantur
1575 484 1594 506 a
1621 473 1796 519 principio

229 532 324 567 illius
346 532 506 578 generis,
529 532 590 565 sed
609 531 688 565 finis
708 538 760 564 est
778 529 995 576 principium
1014 529 1050 562 in
1066 527 1308 574 operabilibus
1325 527 1366 560 ab
1386 526 1549 568 homine,
1572 534 1610 560 ut
1627 534 1724 572 patet
1737 536 1800 571 per

230 585 366 619 Philos.
388 586 423 618 in
447 595 477 618 2.
500 585 687 630 Physicor.
715 584 795 628 (tex.
822 584 871 629 85.
893 588 922 617 ct
942 583 1037 628 89.);
1059 592 1145 627 ergo
1170 580 1320 614 homine
1344 579 1515 613 convenit
1544 579 1670 612 onmia
1692 590 1800 624 agere

230 646 375 684 propter
396 638 516 672 finem.

302 692 531 726 RESPONDEO
547 690 751 732 dicendum,
767 689 863 735 quod
883 689 1080 729 actionum,
1096 698 1186 733 quae
1203 687 1244 721 ab
1260 687 1407 720 nomine
1423 693 1588 731 aguntur,
1603 684 1686 718 illae
1700 684 1800 719 solae

232 745 373 791 proprie
393 745 558 778 dicuntur
571 744 746 783 lnmziztme,
767 754 858 788 quae
880 750 962 776 sunt
982 741 1148 787 propriae
1170 739 1342 780 hominis,
1364 739 1580 784 inquantum
1599 746 1652 772 est
1672 738 1799 780 homo,

232 797 347 832 differt
362 805 482 832 autem
496 798 611 831 homo
627 797 668 830 ab
684 795 949 830 irrationalibus
964 794 1135 829 creaturis
1150 794 1184 827 in
1200 794 1284 834 hoc,
1306 792 1402 838 quod
1418 800 1471 825 est
1485 803 1634 826 suorum
1654 799 1800 825 actuum

232 851 420 893 dominus3
440 851 532 884 unde
554 850 636 884 illae
655 849 755 883 solae
778 850 938 883 actiones
960 855 1135 881 vocantur
1154 846 1296 892 proprie
1312 846 1487 886 hnmanae,
1511 856 1664 890 quarum
1685 844 1802 878 homo

232 912 285 938 est
306 904 498 945 dominus3
526 912 579 937 est
605 911 726 936 autem
755 903 870 936 homo
902 902 1072 935 dominus
1099 911 1248 934 suorum
1279 907 1425 933 actuum
1458 909 1520 944 per
1550 898 1741 940 rationem,
1769 906 1804 932 et

231 956 475 998 voluntatem,
490 957 583 990 unde
595 956 791 990 etliberum
807 955 991 995 arbitrium
1002 965 1079 987 esse
1094 952 1376 998 diciturfaczcltas
1388 952 1581 993 voluntatis,
1597 956 1625 986 et
1638 952 1799 992 rationis,-

231 1009 314 1043 illae
336 1021 423 1055 ergo
446 1010 608 1043 actiones
641 1008 785 1054 proprie
815 1008 979 1041 humanae
1008 1007 1186 1047 dicuntur,
1209 1016 1300 1050 quae
1329 1016 1371 1038 ex
1391 1003 1578 1038 voluntate
1607 1003 1803 1038 deliberata

231 1063 449 1108 procedunt:
473 1062 502 1095 si
535 1073 626 1107 quae
661 1069 782 1094 autem
814 1060 904 1094 aliae
935 1060 1097 1093 actiones
1126 1057 1270 1092 homini
1291 1057 1521 1099 conveniant,
1551 1065 1703 1102 possunt
1732 1057 1803 1091 dici

231 1116 377 1162 quidem
405 1116 546 1149 hominis
567 1116 720 1156 actiones,
748 1113 810 1148 sed
837 1125 911 1147 non
933 1113 1077 1158 proprie
1104 1112 1281 1153 lmmanae,
1318 1122 1402 1144 cum
1430 1122 1505 1144 non
1532 1110 1603 1144 sint
1629 1110 1804 1152 hominis,

231 1170 445 1214 inquantum
473 1176 525 1202 est
550 1168 676 1201 homo.
711 1166 945 1201 Manifestum
968 1174 1020 1200 est
1047 1173 1181 1207 autem,
1208 1164 1305 1210 quod
1340 1175 1468 1198 omnes
1500 1164 1673 1206 actiones,
1709 1175 1802 1210 quae

231 1221 433 1268 procedunt
447 1221 488 1254 ab
504 1221 623 1267 aliqua
638 1222 810 1265 potentia,
834 1227 1026 1254 causantur
1041 1219 1082 1252 ab
1099 1230 1141 1253 ea
1162 1218 1363 1252 secundum
1385 1218 1565 1252 rationem
1580 1217 1635 1251 sui
1651 1217 1803 1262 objecti,

232 1276 415 1321 objectum
438 1283 558 1308 autem
593 1273 788 1308 voluntatis
812 1272 868 1308 θεῖ’
885 1273 976 1314 finis,
1008 1279 1042 1306 et
1067 1272 1222 1305 bonum:
1246 1271 1340 1305 unde
1368 1278 1522 1316 oportet,
1550 1270 1648 1316 quod
1676 1281 1805 1304 omnes

232 1329 394 1363 actiones
415 1329 597 1361 humanae
620 1335 768 1373 propter
788 1326 898 1360 finem
920 1326 1000 1360 sint.

303 1382 363 1416 AD
385 1392 534 1416 PRIMUM
557 1391 643 1426 ergo
666 1380 873 1421 dicendum,
900 1379 996 1425 quod
1019 1378 1098 1412 finis
1121 1377 1187 1411 etsi
1209 1377 1253 1411 sit
1279 1384 1484 1422 postremus
1511 1377 1547 1410 in
1575 1376 1799 1418 executione,

234 1443 286 1469 est
299 1443 422 1469 tamen
440 1434 576 1480 primus
598 1434 634 1466 in
656 1433 854 1467 intentione
878 1432 1035 1477 agentis:
1059 1439 1093 1465 θῖ
1114 1431 1185 1464 hoc
1201 1431 1313 1464 modo
1329 1430 1438 1464 habet
1459 1430 1639 1464 rationem
1659 1440 1801 1463 causae.

304 1488 364 1522 AD
396 1498 602 1522 SECUNDUM
630 1487 835 1527 dicendum,
864 1486 960 1531 quod
994 1486 1023 1519 si
1050 1496 1120 1530 qua
1151 1485 1245 1518 actio
1268 1484 1429 1517 humana
1462 1484 1506 1518 sit
1534 1483 1682 1517 ultimus
1712 1483 1804 1525 finis,

234 1550 377 1587 oportet
392 1553 473 1575 eam
492 1552 569 1575 esse
584 1540 826 1574 voluntariam
843 1553 850 1581 3
867 1539 953 1573 alias
968 1550 1043 1572 non
1062 1546 1155 1572 esset
1168 1538 1342 1579 humana,
1362 1546 1399 1572 ut
1414 1538 1552 1571 dictum
1567 1545 1620 1572 est
1641 1538 1695 1582 (in
1713 1543 1802 1583 corp.

234 1595 336 1640 ‹zrt.).·
365 1595 459 1628 actio
483 1602 603 1628 autem
627 1593 745 1639 aliqua
768 1593 942 1639 dupliciter
964 1592 1093 1626 dicitur
1114 1591 1329 1625 voluntaria.
1360 1592 1431 1626 Uno
1458 1591 1567 1633 modo,
1591 1591 1674 1637 quia
1695 1591 1807 1636 impe-

234 1656 330 1682 ratur
353 1659 371 1681 a
392 1647 590 1689 voluntate,
613 1647 705 1681 sicut
726 1645 923 1688 ambulare,
945 1645 1003 1679 vel
1022 1645 1132 1690 loqui.
1153 1645 1231 1679 Alio
1250 1645 1358 1686 modo,
1379 1644 1462 1690 quia
1485 1644 1625 1678 elicitur
1644 1655 1663 1677 a
1681 1643 1806 1678 volun-

233 1710 316 1743 tate,
339 1701 431 1735 sicut
451 1701 570 1747 ipsum
592 1700 695 1734 velle.
730 1698 957 1745 Impossibile
981 1706 1101 1732 autem
1129 1705 1193 1739 est,
1216 1698 1312 1744 quod
1348 1698 1423 1743 ipse
1447 1705 1546 1731 actus
1577 1709 1597 1731 a
1618 1696 1805 1731 voluntate

234 1754 373 1789 elicitus
395 1755 439 1788 sit
467 1754 614 1788 ultimus
636 1753 731 1787 finis:
754 1765 840 1786 nam
863 1753 1047 1798 objectum
1068 1750 1264 1785 voluntatis
1293 1759 1346 1785 est
1379 1750 1470 1793 finis,
1503 1751 1596 1784 sicut
1623 1751 1807 1796 objectum

234 1808 330 1842 visus
353 1816 406 1842 est
428 1807 548 1841 color:
573 1807 666 1841 unde
696 1807 788 1841 sicut
808 1805 1032 1851 impossibile
1055 1813 1119 1847 est,
1151 1805 1247 1851 quod
1270 1804 1429 1850 primum
1450 1803 1589 1838 visibile
1616 1804 1661 1838 sit
1687 1804 1806 1850 ipsum

234 1861 373 1903 videre3
396 1861 479 1906 quia
506 1872 614 1894 omne
640 1860 762 1894 videre
786 1867 838 1894 est
867 1859 1018 1904 alicujus
1053 1858 1185 1903 objecti
1210 1857 1378 1891 visibilis:
1409 1857 1458 1891 ita
1488 1857 1712 1903 impossibile
1742 1864 1808 1898 est,

235 1914 331 1960 quod
353 1915 511 1960 primum
543 1913 746 1959 appetibile,
774 1913 871 1959 quod
899 1920 952 1946 est
980 1912 1072 1953 finis,
1095 1913 1139 1945 sit
1164 1911 1283 1957 ipsum
1308 1910 1413 1945 velle.
1444 1910 1551 1944 Unde
1583 1909 1807 1956 relinquitur,

235 1968 331 2014 quod
354 1968 382 2001 si
404 1979 473 2013 qua
496 1967 591 2001 actio
613 1967 774 2000 humana
793 1966 837 2000 sit
858 1965 1005 2000 ultimus
1027 1965 1119 2006 finis,
1140 1965 1216 2010 ipsa
1239 1965 1283 1998 sit
1304 1964 1480 2010 imperata
1503 1975 1522 1997 a
1543 1963 1746 1998 voluntate:
1771 1971 1806 1997 et

234 2022 282 2055 ita
304 2022 352 2054 ibi
375 2021 493 2066 aliqua
516 2021 610 2054 actio
632 2020 804 2061 hominis,
830 2020 873 2053 ad
896 2019 1014 2052 minus
1042 2019 1160 2064 ipsum
1181 2017 1286 2059 velle,
1309 2026 1362 2051 est
1388 2025 1534 2064 propter
1554 2017 1680 2051 finem:
1709 2016 1807 2063 quid-

236 2075 320 2120 quid
337 2086 424 2120 ergo
440 2075 554 2108 homo
569 2073 688 2115 faciat,
702 2084 829 2107 verum
844 2080 896 2107 est
910 2072 1041 2113 dicere,
1057 2071 1154 2117 quod
1172 2071 1287 2105 homo
1303 2079 1386 2117 agat
1400 2078 1546 2117 propter
1560 2070 1682 2113 finem,
1698 2070 1807 2104 etiam

238 2128 380 2173 agendo
404 2128 598 2168 actionem,
621 2138 711 2172 quae
736 2134 788 2160 est
810 2126 957 2160 ultimus
976 2125 1066 2159 finis.

308 2181 368 2215 AD
397 2191 568 2215 TERTIUM
595 2180 802 2221 dicendum,
825 2179 921 2225 quod
948 2178 1158 2223 hujusmodi
1179 2178 1340 2212 actiones
1362 2188 1436 2211 non
1463 2185 1545 2211 sunt
1574 2178 1717 2223 proprie
1743 2177 1806 2211 hu-

238 2246 379 2276 manae,
398 2235 481 2280 quia
502 2245 575 2267 non
591 2233 791 2278 procedunt
814 2244 855 2266 ex
877 2232 1135 2266 deliberatione
1158 2231 1318 2272 rationis,
1342 2242 1433 2276 quae
1448 2238 1501 2264 est
1515 2230 1702 2276 proprium
1717 2231 1810 2276 prin-

239 2288 372 2334 cipium
399 2288 646 2321 humanorum
669 2294 832 2320 actuum:
864 2294 899 2319 et
919 2286 1002 2320 ideo
1031 2285 1164 2318 habent
1191 2284 1293 2330 quasi
1314 2284 1424 2318 finem
1453 2284 1706 2330 imaginatum,
1732 2294 1807 2318 non

239 2350 360 2376 autem
382 2353 444 2387 per
466 2341 645 2374 rationem
667 2340 928 2386 praestitutum.

803 2457 1149 2502 ARTICULUS
1186 2456 1241 2499 ΙΙ.
1782 2477 1801 2500 2

240 2556 391 2586 UTRUM
419 2555 559 2584 AGERE
586 2555 785 2584 PROPTER
810 2554 942 2583 Fmffit
970 2553 1037 2582 SIT
1060 2552 1279 2582 PROPRIUM
1300 2551 1567 2582 RATIONALIS
1589 2551 1809 2582 NATURAE.

509 2631 613 2676 (Infr.
636 2642 664 2675 q.
684 2642 737 2676 50.
760 2634 822 2663 art.
842 2641 873 2663 2.
896 2634 983 2674 corp.
1004 2633 1031 2662 ct
1053 2628 1108 2662 lili.
1131 2639 1162 2662 2.
1183 2626 1298 2661 Contr.
1320 2639 1349 2672 g.
1373 2633 1444 2673 cap.
1464 2627 1522 2671 46.

259 2690 288 2720 ct
310 2685 364 2719 lilv.
384 2697 411 2731 3.
435 2691 505 2730 cap.
528 2697 555 2718 1.
577 2684 674 2718 216.
698 2694 752 2727 24.
772 2694 846 2717 [00.
866 2694 941 2727 109.
964 2694 1033 2716 110.
1056 2686 1083 2714 ct
1106 2693 1168 2715 ιη.
1189 2685 1216 2714 ct
1235 2680 1270 2714 dc
1299 2681 1427 2714 Uniona
1456 2680 1554 2714 Verbi
1575 2684 1639 2714 art.
1655 2691 1684 2725 5.
1704 2685 1794 2726 corp.

538 2742 565 2772 et
587 2749 605 2771 2
629 2737 723 2782 Phys.
746 2736 815 2770 luci.
833 2746 866 2779 4.
890 2742 960 2781 cap.
983 2746 1014 2769 2.
1032 2735 1143 2780 prins.
1166 2739 1195 2768 ct
1216 2734 1284 2767 lect.
1308 2733 1514 2779 1‹›.princ.).

312 2820 371 2854 AD
395 2830 601 2854 SECUNDUM
624 2819 673 2853 sic
697 2818 914 2864 proceditur.
937 2816 1099 2858 Videtur,
1123 2816 1218 2861 quod
1243 2827 1348 2861 agere
1372 2824 1518 2862 propter
1540 2814 1650 2849 finem
1672 2814 1716 2848 sit
1733 2824 1813 2860 pro-

241 2873 357 2919 prium
374 2873 558 2907 rationalis
573 2881 738 2906 naturae:
751 2873 865 2905 homo
882 2871 991 2912 enim,
1008 2871 1107 2915 cujus
1123 2878 1175 2903 est
1189 2881 1296 2914 agere
1312 2877 1458 2915 propter
1473 2868 1593 2909 finem,
1610 2878 1811 2914 numquam
