1907 3198
503 171 742 208 -QUAEsrro
776 171 865 201 X1x.
900 169 1149 201 ARTICULUS
1183 171 1225 200 v.
1583 161 1659 214 165

76 258 162 294 dicit
179 257 217 292 in
239 269 270 304 7.
293 255 457 291 Ethicor.
483 255 571 303 (cap.
591 268 619 291 r.
642 260 671 290 et
692 256 756 302 2.),
780 254 879 302 quod
901 266 966 302 per
988 266 1025 289 se
1047 253 1236 301 loquendo
1263 254 1497 289 incontinens
1516 262 1580 297 est,
1601 254 1663 301 qui

75 324 151 348 non
171 312 334 359 sequitur
355 310 538 345 rationem
559 317 716 352 rectam3
738 320 803 356 per
825 309 996 344 accidens
1020 316 1154 351 autem,
1177 308 1239 355 qui
1260 319 1336 342 non
1364 309 1526 355 sequitur
1552 309 1659 344 ratio-

75 378 162 402 nem
183 365 326 400 falsam.
348 364 457 399 Unde
479 364 688 405 dicendum,
710 363 809 410 quod
831 362 1045 410 simpliciter
1067 363 1188 397 omnis
1210 362 1381 397 voluntas
1404 363 1618 398 discordans
1642 375 1662 398 a

77 411 229 462 ratione,
251 421 326 455 sive
348 427 459 460 recta,
481 418 556 453 sive
579 425 734 459 errante,
757 428 903 464 semper
930 425 984 452 est
1006 416 1114 451 mala.

146 474 208 509 AD
221 483 375 509 PRIMUM
390 484 479 519 ergo
498 471 707 514 dicendum,
730 472 829 518 quod
850 471 1029 517 judicium
1051 471 1202 506 rationis
1225 471 1390 513 errantis,
1409 470 1495 506 licet
1512 482 1588 506 non
1607 471 1664 506 de-

74 528 213 565 rivetur
234 539 255 562 a
275 527 372 570 Deo,
392 534 521 561 tamen
542 526 635 560 ratio
659 537 782 560 errans
804 525 982 572 judicium
1005 536 1112 560 suum
1134 526 1306 572 proponit
1324 534 1364 560 ut
1383 536 1525 568 verum,
1548 533 1583 560 et
1601 536 1664 573 per

18 615 19 618 ,
76 593 306 629 consequens
327 589 367 615 ut
388 592 409 615 a
430 581 512 615 Deo
536 581 752 622 derivatum,
775 591 795 614 a
818 591 890 626 quo
914 587 968 614 est
990 579 1111 614 omnis
1132 580 1278 614 veritas.

147 636 209 671 AD
232 645 442 671 SECUNDUM
465 634 672 676 dicendum,
694 634 792 681 quod
814 633 968 668 verbum
996 634 1194 680 Augustini
1215 633 1325 667 habet
1351 632 1489 675 locum,
1518 633 1665 680 quando

76 689 326 738 cognoscitur,
345 689 443 736 quod
466 688 615 723 inferior
633 695 795 735 potestas
815 688 994 735 praecipit
1012 687 1148 735 aliquid
1167 695 1294 722 contra
1312 695 1550 734 praeceptum
1565 699 1668 735 supe-

74 745 181 780 rioris
201 743 410 792 potestatis:
432 743 497 777 sed
519 744 547 778 si
575 742 706 790 aliquis
730 742 905 785 crederet,
932 742 1032 789 quod
1053 750 1290 789 praeceptum
1311 741 1544 788 proconsulis
1572 750 1668 777 esset

74 806 312 847 praeceptum
325 798 571 845 imperatoris,
587 797 862 832 contemnendo
876 805 1112 844 praeceptum
1127 796 1396 844 pronconsulis,
1412 804 1667 831 contemneret

75 860 314 902 praeceptum
334 851 578 899 imperatoris.
602 851 647 886 Et
667 851 836 886 similiter
857 851 887 886 si
909 851 1039 898 aliquis
1054 851 1171 886 homo
1195 859 1439 897 cognosceret
1457 851 1554 898 quod
1573 851 1666 886 ratio

75 908 240 943 humana
273 907 427 942 dictaret
456 905 593 952 aliquid
628 914 756 940 contra
786 913 1023 952 praeceptum
1054 905 1136 949 Dei,
1167 917 1242 940 non
1271 913 1456 940 teneretur
1484 905 1667 940 rationem

75 961 200 1009 sequi:
223 961 286 997 sed
306 969 394 996 tunc
416 960 510 995 ratio
531 971 608 995 non
630 960 792 995 totaliter
815 968 911 995 esset
924 972 1068 995 errans:
1092 960 1155 995 sed
1170 961 1317 1007 quando
1339 961 1431 994 ratio
1452 971 1575 995 errans
1589 971 1670 1007 pro-

76 1016 181 1064 ponit
202 1014 338 1063 aliquid
353 1023 393 1050 ut
406 1023 644 1062 praeceptum
659 1015 741 1057 Dei,
763 1022 848 1049 tunc
865 1014 964 1050 idem
983 1023 1038 1050 est
1051 1023 1291 1050 contemnere
1306 1015 1491 1049 dictamen
1505 1015 1668 1057 rationis,

77 1078 114 1106 et
132 1070 205 1106 Dei
225 1077 473 1117 praeceptum.

150 1125 212 1159 AD
232 1135 407 1160 TERTIUM
429 1123 640 1166 dicendum,
655 1123 753 1170 quod
768 1124 873 1166 ratio,
889 1124 1036 1170 quando
1053 1124 1293 1171 apprehendit
1315 1123 1449 1171 aliquid
1465 1131 1503 1158 ut
1516 1123 1669 1167 malum,

76 1190 223 1227 semper
244 1178 486 1226 apprehendit
506 1177 596 1213 illud
618 1178 684 1213 sub
707 1178 828 1225 aliqua
851 1179 993 1213 ratione
1016 1179 1122 1214 mali:
1144 1187 1230 1226 puta
1253 1179 1338 1226 quia
1361 1179 1604 1213 contrariatur
1622 1179 1670 1213 di-

76 1233 165 1268 vino
186 1240 397 1281 praecepto,
417 1232 477 1267 vel
500 1233 585 1280 quia
607 1241 663 1267 est
690 1232 918 1274 scandalum,
945 1232 1005 1267 vel
1031 1242 1181 1280 propter
1208 1233 1357 1280 aliquod
1382 1233 1609 1280 hujusmodi,
1635 1242 1671 1268 et

77 1296 164 1324 tunc
187 1287 232 1323 ad
251 1286 366 1323 talem
387 1281 550 1335 speciem
574 1286 736 1322 malitiae
759 1287 944 1322 reducitur
964 1287 1045 1322 talis
1069 1287 1169 1322 mala
1189 1288 1371 1323 voluntas.

647 1430 1000 1476 ARTICULUS
1032 1430 1112 1473 VI.
1605 1452 1670 1478 120

150 1542 306 1573 UTRUM
331 1541 570 1572 VOLUNTAS
600 1527 903 1572 CONCORDANS
932 1541 1119 1571 RATIONI
1145 1542 1335 1572 ERRANTI
1364 1542 1433 1572 SIT
1462 1542 1594 1572 BONA.

536 1629 651 1677 (Supr.
675 1634 740 1664 art.
758 1641 788 1676 5.
811 1634 840 1664 et
861 1629 941 1664 locis
964 1630 1011 1664 ibi
1033 1629 1206 1676 inductis).

151 1721 213 1756 AD
244 1730 399 1756 SEXTUM
422 1719 473 1755 sic
502 1719 723 1766 proceditur.
754 1718 919 1762 Videtur,
951 1720 1050 1766 quod
1081 1719 1253 1755 voluntas
1281 1721 1512 1756 concordans
1539 1722 1672 1756 rationi

82 1775 216 1811 erranti
236 1776 282 1810 sit
302 1775 419 1817 bona;
442 1775 535 1809 sicut
549 1774 648 1808 enim
669 1773 842 1808 voluntas
864 1773 1079 1809 discordans
1103 1786 1122 1808 a
1145 1775 1287 1810 ratione
1309 1775 1425 1810 tendit
1445 1776 1482 1810 in
1504 1776 1552 1818 id,
1575 1776 1672 1823 quod

79 1831 174 1866 ratio
195 1829 334 1877 judicat
353 1828 516 1871 malurn3
538 1829 588 1863 ita
608 1828 781 1863 voluntas
797 1829 1027 1863 concordans
1049 1829 1182 1864 rationi
1204 1830 1320 1864 tendit
1340 1831 1377 1864 in
1399 1831 1447 1872 id,
1466 1831 1564 1877 quod
1579 1832 1672 1865 ratio

78 1885 216 1932 judicat
235 1884 395 1919 bonum:
418 1883 482 1918 sed
503 1882 675 1918 voluntas
703 1883 918 1918 discordans
949 1895 968 1917 a
999 1884 1142 1918 ratione
1166 1885 1277 1918 etiam
1304 1893 1448 1919 errante
1479 1893 1533 1920 est
1554 1885 1672 1928 mala;

79 1950 169 1986 ergo
189 1937 361 1973 voluntas
383 1937 614 1972 concordans
636 1938 771 1972 rationi
793 1939 904 1972 etiam
927 1939 1061 1972 erranti
1083 1946 1138 1972 est
1154 1938 1263 1972 bona.

153 2003 186 2028 2.
200 1992 443 2028 PRAETEREA.
458 1991 641 2026 Voluntas
657 1992 888 2027 concordans
904 2000 1102 2039 praecepto
1117 1992 1200 2035 Dei,
1212 2001 1247 2027 et
1257 1992 1330 2039 legi
1346 2002 1515 2028 aeternae
1529 2004 1674 2041 semper

83 2055 137 2084 est
157 2047 274 2082 bona:
297 2046 361 2082 sed
383 2046 443 2081 lex
461 2054 621 2089 aeterna,
641 2054 676 2081 et
693 2055 931 2093 praeceptum
953 2047 1026 2081 Dei
1040 2048 1256 2094 proponitur
1269 2048 1376 2083 nobis
1394 2060 1458 2095 per
1477 2048 1675 2096 apprehen-

83 2102 230 2138 sionem
250 2101 402 2136 rationis
425 2102 536 2135 etiam
561 2101 734 2143 errantis,
762 2112 850 2147 ergo
873 2100 1044 2135 voluntas
1073 2102 1304 2137 concordans
1331 2103 1443 2138 etiam
1465 2104 1598 2138 rationi
1624 2114 1676 2138 er-

83 2156 179 2192 ranti
199 2163 254 2191 est
269 2155 380 2190 bona.

157 2221 187 2257 3.
209 2209 451 2245 PRAETEREA.
473 2208 656 2244 Voluntas
684 2209 898 2244 discordans
922 2221 942 2243 a
968 2210 1110 2244 ratione
1137 2218 1282 2246 errante
1309 2220 1363 2246 est
1388 2211 1507 2255 mala3
1529 2214 1558 2247 si
1585 2223 1673 2259 ergo

82 2263 253 2300 voluntas
275 2264 507 2299 concordans
528 2263 663 2298 rationi
686 2263 820 2298 erranti
841 2264 887 2298 sit
908 2264 1019 2298 etiam
1039 2264 1149 2307 mala,
1171 2265 1325 2308 videtur,
1348 2266 1447 2313 quod
1471 2266 1593 2301 omnis
1611 2278 1673 2301 vo-

81 2318 202 2354 luntas
222 2318 390 2353 habentis
412 2320 594 2353 rationem
617 2326 801 2353 errantem
823 2318 869 2353 sit
889 2318 1004 2361 mala3
1020 2327 1055 2353 et
1069 2320 1119 2353 sic
1142 2319 1224 2354 talis
1246 2320 1363 2355 homo
1387 2322 1454 2356 erit
1467 2320 1671 2368 perplexuS,

85 2380 122 2408 et
141 2384 185 2408 ex
205 2374 423 2408 necessitate
444 2372 622 2420 peccabit,
645 2373 744 2419 quod
766 2381 820 2407 est
840 2372 1126 2416 inconveniens;
1149 2385 1239 2420 ergo
1253 2375 1425 2410 voluntas
1441 2375 1672 2410 concordans

83 2427 216 2462 rationi
238 2428 373 2462 erranti
394 2435 449 2462 est
469 2427 579 2462 bona.

159 2481 236 2517 SED
254 2492 424 2518 CONTRA.
447 2481 630 2517 Voluntas
646 2481 895 2517 occidentium
917 2481 1120 2529 Apostolos
1141 2491 1218 2517 erat
1238 2483 1355 2518 mala:
1371 2484 1434 2519 sed
1452 2492 1576 2519 tamen
1592 2495 1677 2518 con-

89 2535 265 2571 cordabat
288 2536 422 2571 rationi
448 2536 583 2570 erranti
609 2537 786 2583 ipsorum,
813 2537 1018 2570 secundum
1044 2535 1134 2571 illud
1156 2537 1261 2583 Joan.
1295 2537 1366 2572 16.:
1397 2539 1493 2574 Venit
1519 2539 1614 2581 hora,
1643 2543 1677 2573 ut

89 2591 207 2633 omnis,
229 2591 288 2637 qui
314 2590 472 2637 interficit
496 2602 569 2634 vos,
596 2591 783 2626 arbitretur
809 2591 999 2637 obsequium
1020 2603 1051 2626 se
1072 2597 1245 2638 praestare
1271 2593 1365 2635 Deo‚·
1389 2604 1478 2640 ergo
1505 2593 1675 2628 voluntas

87 2644 319 2680 concordans
339 2644 475 2679 rationi
493 2646 627 2680 erranti
647 2652 769 2693 potest
791 2656 870 2680 esse
893 2645 1002 2680 mala.

154 2697 388 2734 RESPONDEO
419 2698 630 2742 dicendum,
660 2699 759 2746 quod
790 2699 883 2734 sicut
911 2700 1114 2746 praemissa
1145 2702 1310 2747 quaestio
1346 2702 1476 2736 eadem
1507 2710 1561 2736 cst
1590 2713 1675 2736 cum

83 2753 310 2799 quaestione,
332 2764 404 2800 qua
426 2754 630 2800 quaeritur3
652 2762 776 2788 utrum
798 2754 1026 2789 conscientia
1048 2766 1202 2790 erronea
1220 2755 1328 2802 liget3
1347 2755 1396 2790 ita
1418 2757 1485 2791 ista
1508 2756 1674 2803 quaestio

85 2806 215 2842 eadem
237 2815 292 2843 est
313 2818 398 2842 curn
421 2806 495 2850 illa,
518 2819 588 2854 qua
610 2807 815 2855 quaeritur;
834 2816 954 2843 utrum
972 2811 1196 2844 conscientia
1217 2821 1371 2844 erronea
1394 2819 1550 2846 excuset.
1574 2811 1675 2845 Haec

86 2867 209 2896 autem
229 2861 396 2908 quaestio
418 2857 599 2909 dependet
621 2862 664 2896 ab
681 2873 738 2904 eo,
753 2862 851 2909 quod
873 2874 981 2910 supra
994 2863 1038 2897 de
1057 2864 1263 2910 ignorantia
1283 2864 1422 2899 dictum
1446 2873 1518 2907 est3
1538 2865 1677 2899 dictum

85 2921 141 2951 est
159 2914 259 2951 enim
281 2926 389 2964 supra
419 2916 466 2962 (q.
489 2915 523 2952 6.
552 2921 617 2951 art.
639 2916 700 2962 8.),
735 2916 834 2964 quod
864 2918 1071 2964 ignorantia
1103 2919 1326 2966 quandoque
1357 2927 1483 2954 causat
1511 2918 1678 2954 involun-

230 2997 261 3026 S.
283 2997 408 3026 Tuome
432 2998 541 3026 Summa
570 2999 733 3037 Theologica.
755 2998 820 3028 vol.
843 2999 882 3027 ΙΙ.
1501 3011 1531 3029 12
