1907 3198
0 191 25 250 ζ,
475 203 698 240 αυΑΕετῐο
732 202 909 233 Lxxx1x.
943 201 1189 232 armemus
1222 200 1266 231 11.
1567 189 1650 243 639

85 285 244 328 mittunt,
264 293 300 321 et
316 284 606 332 frequentissime
628 296 692 331 per
712 284 893 319 fervorem
917 283 1101 318 charitatis
1119 290 1337 330 purgantur;
1360 281 1454 315 unde
1474 280 1563 316 tales
1578 291 1652 314 non

84 338 386 389 superaedificant
406 338 582 380 venialia;
603 338 687 384 quia
709 338 744 372 in
767 338 818 373 eis
839 338 1027 372 modicum
1046 344 1213 371 manent:
1237 335 1298 370 sed
1321 343 1471 382 peccata
1497 333 1653 368 venialia

83 393 260 440 ipsorum,
273 394 334 440 qui
352 392 447 427 circa
462 400 603 428 terrena
619 400 854 438 occupantur,
868 392 1001 426 diutius
1016 399 1183 432 manent3
1198 390 1282 436 quia
1299 400 1372 423 non
1388 389 1436 423 ita
1448 387 1654 434 frequenter

81 457 268 482 recanere
289 453 441 493 possunt
467 446 510 480 ad
532 445 742 491 hujusmodi
763 454 911 492 peccata
938 444 1093 479 venialia
1115 443 1268 479 delenda
1295 454 1358 490 per
1385 442 1568 477 charitatis
1590 440 1656 476 ser-

83 511 223 536 vorem.

154 553 217 588 An
241 562 430 593 QUARTUM
451 551 659 595 dicendum,
682 551 792 598 quod,
814 551 906 586 sicut
925 551 1061 586 Philos.
1084 551 1171 586 dicit
1191 550 1227 585 in
1251 560 1278 584 1.
1294 550 1337 584 de
1357 548 1475 584 Coelo
1496 550 1576 593 (tex.
1591 549 1654 593 2.),

83 606 209 642 omnia
224 606 336 642 tribus
357 605 601 648 includuntur,
623 605 776 641 scilicet:
796 605 986 652 principio,
1008 605 1142 647 medio,
1161 613 1196 639 et
1210 603 1296 638 fine:
1314 611 1348 638 et
1362 602 1563 638 secundum
1582 602 1653 636 hoc

83 671 214 696 omnes
234 660 366 707 gradus
388 659 584 695 venialium
606 667 842 706 peccatorum
869 659 912 693 ad
935 660 1003 694 tria
1025 659 1262 699 reducuntur3
1284 657 1421 692 scilicet
1449 656 1492 690 ad
1514 656 1654 701 lignmn,

8 730 21 755 ι,
83 713 181 761 quod
201 713 335 748 diutius
355 721 480 748 manet
500 713 536 748 in
554 713 658 759 igne3
676 712 719 747 ad
735 712 906 760 stipulam,
925 723 1017 758 quae
1041 712 1214 746 citissime
1233 711 1438 758 expeditur;
1453 709 1652 756 acljbcnum,

83 767 181 815 quod
214 767 338 802 medio
364 766 478 801 modo
507 777 546 802 se
579 766 709 801 habet.-
736 766 937 800 secundum
965 765 1061 800 enim
1089 765 1186 811 quod
1215 772 1363 812 peccata
1390 762 1546 798 venialia
1572 769 1654 797 sunt

83 821 245 867 majoris,
265 820 325 856 vel
345 820 497 856 minoris
512 819 780 862 adhaerentiae,
794 819 853 854 vel
867 819 1064 866 gravitatis,
1087 819 1203 861 citius,
1224 817 1283 853 vel
1303 817 1440 852 tardius
1454 828 1517 864 per
1530 816 1652 863 ignem

82 882 294 922 purgantur.

637 1004 983 1050 ARTICULUS
1019 1004 1098 1047 111.
1583 1013 1654 1061 476

79 1110 236 1143 UTRUM
249 1111 380 1143 HOMO
395 1112 438 1144 IN
453 1113 598 1144 STATU
614 1113 917 1144 INNOCENTIAE
931 1112 1153 1142 POTUERIT
1168 1111 1363 1142 PECCARE
1376 1111 1652 1142 VENIALITER.

389 1200 436 1246 (2.
459 1201 548 1236 Dist.
570 1213 620 1237 2t.
642 1213 672 1247 q.
695 1213 726 1237 2.
748 1206 814 1236 art.
831 1213 858 1247 3.
881 1205 909 1235 et
931 1201 1018 1236 Dist.
1035 1212 1086 1247 34.
1110 1206 1175 1235 art.
1193 1211 1226 1244 4.
1249 1199 1292 1234 ad
1312 1212 1346 1245 4.

468 1259 497 1290 et
516 1255 599 1290 Mal.
618 1267 649 1301 q.
667 1266 698 1290 2.
720 1259 784 1290 art.
807 1255 839 1290 8.
861 1254 904 1289 acl
925 1267 952 1290 1.
971 1259 999 1290 et
1013 1266 1043 1300 q.
1066 1265 1096 1301 7.
1119 1258 1183 1290 art.
1201 1254 1264 1299 8.).

153 1349 215 1385 AD
245 1359 418 1385 'reanum
451 1349 503 1384 sic
533 1349 750 1396 proceditur.
778 1348 942 1390 Videtur,
972 1349 1069 1395 quod
1097 1348 1213 1383 homo
1240 1349 1276 1383 in
1303 1356 1396 1384 statu
1423 1348 1654 1384 innocentiae

81 1402 240 1451 potuerit
260 1413 413 1450 peccare
434 1401 634 1438 venialiter.
658 1402 755 1444 Quia
778 1414 884 1450 super
905 1402 993 1437 illud
1020 1413 1047 1437 1.
1070 1402 1114 1436 ad
1138 1401 1303 1437 Timoth.
1323 1413 1375 1437 2.:
1398 1402 1509 1438 Adam
1525 1415 1589 1437 non
1611 1408 1655 1438 cst

81 1455 242 1499 seductus,
265 1456 352 1491 dicit
373 1454 496 1491 Gloss.
520 1456 645 1501 (ordin.
666 1457 808 1503 August.
831 1468 882 1501 14.
904 1455 941 1491 de:
965 1456 1041 1491 Civ.
1064 1457 1131 1491 Dei
1144 1462 1215 1503 cap.
1234 1468 1280 1492 11.
1298 1458 1332 1491 in
1348 1457 1445 1500 fin.):
1463 1457 1655 1503 Inexpcrtus

80 1508 216 1546 divinae
231 1511 419 1545 severitatis
438 1511 474 1544 in
494 1521 531 1545 eo
545 1510 628 1556 salli
643 1511 765 1557 poluit,
789 1515 824 1545 ut
844 1509 987 1545 crederet
1007 1509 1135 1544 veniale
1161 1522 1221 1545 essa
1247 1511 1478 1545 commissum:
1504 1510 1566 1544 sed
1582 1510 1652 1544 hoc

81 1573 157 1599 non
174 1562 396 1606 credidisset,
416 1563 486 1599 nisi
507 1562 696 1598 venialiter
716 1575 868 1611 peccare
890 1563 1086 1610 potuisset;
1108 1575 1196 1610 ergo
1214 1563 1404 1598 venialiter
1421 1575 1572 1611 peccare
1594 1574 1655 1610 po-

81 1616 149 1653 tuit
168 1628 244 1653 non
265 1617 454 1664 peccando
475 1617 689 1652 mortaliter.

154 1680 186 1706 2.
207 1670 447 1707 PRAETEREA.
469 1671 624 1718 August.
639 1671 726 1706 dicit
751 1682 802 1706 11.
822 1682 929 1718 super
944 1670 1077 1706 Genes.
1101 1671 1144 1706 ad
1159 1670 1301 1706 literam
1317 1671 1408 1718 (cap.
1422 1683 1451 1717 5.
1466 1673 1499 1706 in
1509 1672 1654 1719 princ.).·

81 1723 161 1761 Non
180 1729 226 1761 est
245 1724 496 1768 arbitrandum,
518 1725 604 1772 quod
625 1730 702 1760 esset
721 1725 886 1760 hominem
912 1724 1094 1771 dejecturus
1121 1730 1275 1767 tentator,
1295 1726 1359 1760 nisi
1372 1726 1597 1772 praecessisset
1619 1726 1654 1759 in

81 1779 199 1814 anima
218 1778 361 1814 hominis
377 1777 540 1825 quaedam
561 1779 659 1814 elatio
685 1778 952 1826 comprimenda.-
971 1778 1081 1813 elatio
1104 1786 1226 1813 autem
1249 1778 1492 1824 dejectionem
1514 1790 1656 1826 praece-

81 1831 182 1874 dens,
203 1843 297 1879 quae
325 1830 421 1867 facta
442 1840 497 1868 est
522 1843 586 1879 per
607 1840 798 1880 peccatum
830 1832 997 1875 mortale,
1023 1843 1097 1867 non
1126 1833 1242 1878 potuit
1264 1843 1342 1868 esse
1370 1832 1438 1867 nisi
1461 1841 1653 1880 peccatum

80 1885 241 1922 veniale:
263 1885 431 1922 similiter
452 1886 562 1922 etiam
583 1887 620 1921 in
635 1887 767 1922 eodem
782 1886 873 1921 libro
895 1887 1049 1933 August.
1072 1886 1159 1921 dicit
1179 1887 1267 1934 (cap.
1291 1887 1349 1921 ult.
1368 1888 1429 1922 cir.
1443 1887 1536 1933 jin),
1557 1887 1654 1934 quod

78 1938 199 1975 virum
215 1939 410 1975 solicitavit
431 1939 551 1987 aliqua
573 1940 780 1987 experiendi
802 1940 991 1987 cupiditas,
1014 1951 1098 1975 cum
1121 1940 1314 1975 mulierem
1332 1941 1492 1983 vidisset,
1508 1949 1654 1987 sumpto

80 1992 193 2029 vetito
213 2003 327 2040 pomo
347 2004 422 2028 non
445 2004 523 2029 esse
545 2001 738 2030 mortuam.
762 1993 914 2029 Videtur
935 1994 1046 2028 etiam
1068 1992 1177 2029 fuisse
1200 1995 1235 2028 in
1258 1993 1333 2028 Eva
1355 1993 1482 2040 aliquis
1507 1993 1656 2029 infideli·

80 2046 164 2083 tatis
184 2054 306 2083 motus
327 2046 364 2082 in
385 2047 470 2090 hoc,
491 2048 588 2094 quod
611 2048 654 2083 de
675 2047 794 2083 verbis
817 2048 968 2082 Domini
991 2047 1184 2090 dubitavit3
1204 2056 1242 2082 ut
1263 2056 1361 2094 patet
1382 2059 1445 2094 per
1465 2048 1536 2083 hoc
1556 2048 1652 2094 quod

80 2099 187 2136 dixit:
208 2100 259 2137 Na
274 2101 359 2146 sorte
379 2102 583 2145 moriamur,
611 2109 650 2136 ut
674 2101 826 2136 habetur
854 2101 948 2137 Gen.
975 2113 1022 2148 3.:
1051 2101 1143 2137 haec
1166 2110 1286 2136 autern
1309 2101 1476 2136 videntur
1496 2101 1653 2137 venialia

80 2161 252 2202 peccata;
285 2165 374 2202 ergo
406 2154 523 2190 homo
557 2155 674 2202 potuit
701 2155 891 2190 venialiter
920 2166 1084 2202 peccare,
1114 2162 1309 2202 antequam
1343 2155 1546 2190 mortaliter
1575 2167 1655 2203 pec-

81 2215 192 2243 caret.

155 2273 186 2309 3.
198 2261 437 2298 PRAETEREA.
451 2262 649 2298 Peccatum
665 2262 818 2298 mortale
833 2263 950 2309 magis
972 2263 1167 2311 opponitur
1188 2263 1382 2309 integritati
1405 2264 1508 2310 primi
1526 2272 1652 2305 status,

78 2325 191 2363 quam
211 2323 402 2363 peccatum
423 2315 583 2351 veniale:
606 2317 668 2351 sed
691 2316 806 2351 homo
829 2317 945 2363 potuit
971 2328 1121 2364 peccare
1150 2317 1363 2360 mortaliter,
1385 2328 1458 2352 non
1487 2318 1652 2352 obstante

80 2366 286 2415 integritate
307 2369 414 2416 primi
434 2377 563 2412 status;
586 2381 674 2416 ergo
697 2370 806 2405 etiam
830 2371 946 2417 potuit
972 2382 1123 2417 peccare
1146 2370 1346 2406 venialiter.

152 2421 229 2458 sr-:n
255 2433 411 2459 CONTRA
434 2431 498 2466 est,
520 2424 617 2470 quod
645 2423 791 2458 cuilibet
813 2432 964 2469 peccato
993 2424 1140 2459 debetur
1168 2424 1287 2471 aliqua
1311 2436 1448 2471 poena:
1472 2424 1533 2458 sed
1563 2423 1652 2458 nihil

79 2475 236 2523 poenale
265 2486 344 2512 esse
369 2477 487 2524 potuit
515 2477 551 2511 in
582 2485 675 2512 statu
710 2476 951 2520 innocentiae,
987 2486 1023 2512 ut
1045 2478 1199 2523 August.
1223 2478 1308 2512 dicit
1336 2489 1385 2521 14.
1413 2478 1456 2512 de
1481 2478 1560 2512 Civ.
1585 2477 1651 2512 Dei

80 2529 171 2577 (cap.
191 2530 276 2576 ιο.);
298 2540 388 2576 ergo
408 2541 482 2565 non
505 2531 622 2577 potuit
644 2542 796 2577 peccare
820 2530 942 2578 aliquo
965 2540 1127 2578 peccato,
1143 2543 1215 2578 quo
1232 2543 1304 2566 non
1325 2532 1515 2576 ejiceretur
1531 2531 1573 2565 ab
1590 2531 1652 2565 illo

79 2580 294 2631 integritatis
315 2591 428 2620 statu:
450 2584 511 2619 sed
531 2592 720 2630 peccatum
741 2584 881 2620 veniale
896 2597 969 2620 non
987 2593 1102 2620 mutat
1122 2594 1256 2620 statum
1279 2585 1651 2631 11‹m1inis;crg0non

78 2636 198 2685 potuit
218 2647 371 2684 peccare
391 2636 590 2673 venialiter.

152 2688 384 2726 Rl-:svonmzo
406 2690 613 2733 dicendum,
635 2690 731 2738 quod
751 2693 970 2727 communiter
990 2694 1140 2739 ponilur,
1165 2693 1251 2739 qnod
1269 2693 1364 2727 homo
1392 2694 1424 2726 ιή
1451 2698 1536 2727 statu
1562 2694 1652 2726 inno-

141 2744 207 2780 Βία
235 2754 302 2779 non
324 2744 436 2792 potuit
459 2744 636 2780 venialiter
656 2751 813 2791 peccare:
841 2744 911 2779 hoc
940 2754 1061 2780 autem
1090 2757 1162 2780 non
1194 2754 1245 2781 est
1278 2747 1326 2780 sic
1362 2745 1651 2791 intelligendum,

106 2796 184 2832 nasi
197 2795 245 2840 id,
257 2796 355 2844 quod
374 2796 479 2834 nobis
500 2805 554 2832 est
568 2797 721 2839 veniale,
737 2797 765 2833 si
782 2797 856 2844 ipsc
872 2800 1129 2842 committeret,
1145 2808 1237 2834 esset
1251 2799 1316 2833 sibi
1334 2799 1487 2834 mortale
1507 2808 1652 2846 propter

133 2848 309 2886 'tudinem
342 2850 397 2886 sui
422 2857 554 2886 status:
581 2851 737 2898 dignitas
763 2851 860 2886 enim
887 2863 1064 2899 personae
1091 2861 1144 2888 est
1170 2854 1349 2899 quaedam
1377 2853 1648 2888 circumstantia

174 2913 284 2940 avana
304 2912 517 2952 peccatum3
538 2915 612 2940 non
631 2913 753 2940 tamen
775 2904 941 2941 transfert
964 2906 998 2941 in
1015 2905 1122 2941 aliam
1146 2906 1318 2953 speciem,
1332 2906 1399 2942 nisi
1419 2905 1510 2943 sorte
1532 2918 1651 2954 super-
