1907 3198
487 198 707 234 QUAESTIO
741 198 886 228 Lxxw.
922 197 1168 228 ARTICULUS
1204 198 1246 228 11.
1574 199 1651 241 551

80 288 204 315 tamen
226 291 269 315 ea
287 281 378 314 scire
397 288 555 322 tenetur;
578 280 670 314 sicut
690 279 918 314 theoremata
941 279 1154 325 geometria,
1177 287 1212 313 et
1234 279 1483 325 contingentia
1506 279 1661 326 particu—

80 333 181 375 laria,
202 333 272 367 nisi
292 333 328 367 in
351 344 448 368 casu.
474 332 708 367 Manifestum
731 341 785 367 est
812 341 946 375 autem,
968 332 1066 379 quod
1088 333 1310 379 quicumque
1332 332 1486 379 negligit
1511 333 1659 374 habere,

80 385 140 422 vel
167 385 286 421 facere
309 386 356 429 id,
389 386 487 433 quod
513 394 656 421 tenetur
681 386 828 428 habere,
855 386 912 421 vel
933 385 1064 428 facere,
1092 395 1220 433 peccat
1246 394 1398 432 peccato
1427 387 1657 428 omissionis;

81 439 176 475 unde
197 448 344 487 propter
364 439 626 486 negligentiam
649 440 854 485 ignorantia
877 450 1018 482 eorum,
1045 451 1137 486 quae
1161 439 1290 486 aliquis
1311 440 1404 474 scire
1426 448 1579 482 tenetur,
1602 448 1658 474 cst

80 501 291 541 peccatum:
306 504 380 528 non
404 502 525 528 autern
549 494 746 540 imputatur
760 493 901 527 homini
926 493 968 527 ad
991 493 1265 539 negligentiam,
1288 493 1316 527 si
1335 494 1474 528 nesciat
1489 504 1542 535 ea,
1565 505 1658 540 quae

79 547 170 582 scire
191 557 265 582 non
288 555 423 593 potest;
439 547 532 582 unde
556 547 689 581 horum
707 547 912 593 ignorantia
933 547 1138 587 invincibilis
1156 547 1298 589 dicitur,
1318 547 1401 593 quia
1416 547 1535 581 studio
1555 558 1660 594 supe-

80 600 152 635 rari
171 611 245 635 non
267 608 404 647 potest:
428 609 463 635 et
484 608 631 647 propter
652 600 724 634 hoc
750 599 832 634 talis
854 600 1073 646 ignorantia,
1097 611 1180 634 cum
1202 611 1277 634 non
1300 600 1344 635 sit
1365 600 1583 643 voluntaria,
1611 612 1656 635 eo

80 653 178 701 quod
198 664 274 688 non
295 661 349 688 est
368 654 404 688 in
426 662 604 700 potestate
630 662 753 688 nostra
781 665 863 688 eam
885 653 1071 700 repellere,
1093 665 1167 688 non
1196 662 1248 688 cst
1275 662 1487 700 peccatum:
1516 666 1559 689 cx
1585 666 1658 701 quo

81 714 189 755 patet,
210 707 308 754 quod
330 706 430 742 nulla
452 707 657 754 ignorantia
672 707 890 742 invincibilis
913 716 966 742 est
985 717 1196 754 peccatum:
1216 707 1422 753 ignorantia
1445 715 1566 742 autem
1586 707 1661 742 vin-

81 759 196 795 cibilis
223 768 277 796 est
302 769 506 807 peccatum,
525 761 555 795 si
577 761 622 795 sit
647 772 788 803 eorum,
810 772 902 808 quae
938 761 1066 808 aliquis
1088 761 1180 796 scire
1202 769 1354 803 tenetur,
1382 772 1456 795 non
1479 769 1600 796 autem
1628 762 1657 796 si

81 814 127 850 sit
143 825 284 857 eorum,
304 826 397 862 quae
418 814 497 862 quis
520 815 613 849 scire
633 826 707 849 non
730 822 883 849 tenetur.

153 869 214 904 An
236 878 386 904 PRlMUM
407 879 494 915 ergo
517 868 727 911 dicendum,
749 868 859 915 quod,
881 868 974 903 sicut
1000 879 1108 915 supra
1137 868 1274 903 dictum
1302 876 1355 902 est
1384 868 1433 914 (q.
1461 879 1509 914 71.
1531 873 1596 902 art.
1624 869 1656 903 6.

81 921 125 957 acl
137 923 195 968 1.),
218 922 253 956 in
268 921 339 957 hoc
355 922 451 969 quod
466 921 597 956 dicitur
617 921 740 957 dictum
756 921 967 968 velsactum,
982 921 1040 956 vel
1054 923 1278 969 concupitum,
1300 929 1383 956 sunt
1400 921 1656 968 intelligendae

81 975 192 1010 etiam
212 975 427 1022 negationes
441 975 642 1022 oppositae,
665 976 866 1010 secundum
886 975 983 1022 quod
1003 975 1155 1010 omissio
1174 975 1283 1010 habet
1298 975 1477 1010 rationem
1493 976 1652 1022 peccati:

82 1036 118 1064 et
138 1028 186 1064 ita
207 1029 442 1075 negligentia,
469 1029 670 1064 secundum
692 1040 802 1076 quam
829 1029 1034 1076 ignorantia
1057 1038 1110 1064 est
1131 1037 1336 1076 peccatum,
1359 1029 1566 1063 continetur
1592 1029 1656 1063 sub

81 1082 265 1130 praedicta
287 1082 497 1118 definitione
520 1083 679 1129 peccati;
701 1083 917 1129 inquantum
936 1083 1232 1130 praetermittitur
1255 1082 1402 1129 aliquid,
1419 1083 1516 1129 quod
1536 1083 1659 1117 debuit

81 1135 163 1177 dici,
184 1135 243 1170 vel
264 1135 352 1178 fieri,
375 1135 432 1170 vel
451 1137 662 1183 concupisci
685 1136 728 1170 ad
750 1136 940 1172 scientiam
963 1137 1122 1171 debitam
1145 1137 1416 1183 acquirendam.

152 1189 213 1224 AD
234 1199 443 1225 SECUNDUM
464 1190 672 1232 dicendum,
695 1190 791 1236 quod
814 1190 967 1236 privatio
990 1190 1126 1236 gratiae
1151 1191 1216 1224 etsi
1236 1190 1436 1224 secundum
1459 1202 1497 1225 se
1518 1201 1593 1225 non
1613 1190 1658 1225 sit

81 1250 286 1290 peccatum,
299 1250 423 1278 tamen
439 1243 579 1278 ratione
597 1243 842 1289 negligentiae
857 1244 1095 1290 praeparandi
1110 1255 1147 1278 se
1163 1244 1205 1278 ad
1222 1244 1376 1290 gratiam
1393 1252 1510 1290 potest
1523 1244 1656 1279 habere

81 1295 261 1331 rationem
282 1296 435 1343 peccati,
449 1296 543 1332 sicut
563 1304 598 1331 et
619 1297 843 1343 ignorantia:
864 1305 899 1332 et
912 1306 1035 1331 tamen
1050 1306 1227 1344 quantum
1243 1298 1286 1331 ad
1302 1297 1374 1331 hoc
1391 1306 1444 1332 est
1462 1297 1657 1332 dissimile:

80 1349 165 1397 quia
185 1349 302 1385 homo
335 1357 456 1397 potest
476 1350 636 1397 aliquam
658 1350 849 1386 scientiam
872 1351 1058 1397 acquirere
1082 1362 1145 1397 per
1178 1361 1264 1385 suos
1287 1359 1404 1385 actus:
1435 1351 1548 1397 gratia
1570 1362 1657 1385 vero

81 1413 156 1438 non
177 1403 374 1450 acquiritur
399 1415 441 1438 ex
463 1403 595 1439 nostris
617 1404 768 1446 actibus,
790 1404 852 1438 sed
874 1415 917 1438 ex
939 1404 1008 1438 Dei
1027 1415 1189 1439 munere.

152 1457 214 1493 AD
235 1468 408 1494 TERTlUM
434 1458 642 1501 dicendum,
665 1458 762 1505 quod
785 1458 877 1493 sicut
903 1458 938 1492 in
961 1466 1113 1505 peccato
1140 1458 1437 1504 transgressionis
1465 1467 1656 1505 peccatum

80 1522 155 1547 non
177 1511 342 1547 consistit
361 1511 398 1547 in
420 1511 501 1547 solo
525 1520 606 1546 actu
627 1512 838 1554 voluntatis,
862 1512 924 1546 sed
947 1512 1057 1546 etiam
1079 1512 1114 1546 in
1138 1521 1220 1546 actu
1242 1512 1369 1554 volito,
1389 1512 1450 1559 qui
1472 1521 1526 1547 est
1546 1513 1659 1559 impe-

81 1573 178 1601 ratus
199 1577 220 1600 a
240 1565 447 1601 voluntate:
469 1566 518 1601 ita
539 1566 575 1600 in
598 1574 750 1613 peccato
773 1566 982 1601 omissionis
1008 1577 1082 1600 non
1105 1565 1225 1600 solum
1257 1574 1357 1600 actus
1386 1565 1583 1601 voluntatis
1605 1574 1659 1601 est

9 1613 25 1633 ‘⁴³
81 1627 286 1666 peccatum,
307 1619 368 1654 sed
396 1619 506 1655 etiam
529 1621 605 1667 ipsa
631 1620 796 1662 omissio,
826 1621 1042 1666 inquantum
1069 1628 1122 1654 est
1144 1619 1348 1666 aliqualiter
1373 1619 1598 1655 voluntaria:
1622 1628 1658 1655 et

81 1672 152 1708 hoc
167 1673 281 1708 modo
299 1673 376 1720 ipsa
390 1673 613 1721 negligentia
627 1674 776 1716 sciendi,
798 1673 856 1708 vel
871 1674 980 1709 etiam
997 1674 1072 1721 ipsa
1088 1674 1371 1709 inconsideratio
1387 1682 1440 1709 est
1450 1683 1658 1720 peccatum.

10 1766 14 1774 ι
153 1726 214 1762 AD
240 1737 429 1767 QUARTUM
456 1727 662 1769 dicendum,
689 1727 787 1774 quod
813 1727 898 1762 licet
922 1736 1130 1762 transeunte
1157 1736 1257 1762 reatu
1290 1739 1353 1775 per
1379 1729 1656 1774 poenitentiam,

34 1789 38 1796 ·
82 1789 271 1816 remaneat
292 1781 508 1828 ignorantia,
531 1781 733 1816 secundum
755 1782 852 1828 quod
875 1790 929 1816 est
950 1782 1105 1828 privatio
1132 1782 1325 1825 scientiac;
1353 1793 1426 1816 non
1454 1790 1577 1817 tamen
1606 1794 1657 1818 re-

81 1842 231 1870 maneat
251 1834 475 1881 negligentia
497 1835 698 1870 secundum
721 1846 830 1881 quam
854 1835 1058 1881 ignorantia
1081 1844 1273 1881 peccatum
1296 1835 1436 1869 dicitur.

153 1889 216 1924 AD
237 1898 419 1928 QUINTUM
441 1888 650 1931 dicendum,
672 1888 770 1935 quod
792 1889 886 1923 sicut
906 1889 942 1923 in
966 1888 1044 1923 aliis
1070 1889 1229 1936 peccatis
1257 1889 1466 1924 omissionis
1489 1889 1570 1924 solo
1592 1889 1656 1924 illo

80 1950 247 1990 tempore
268 1942 385 1977 homo
407 1950 490 1977 actu
517 1950 656 1989 peccat,
683 1953 748 1990 pro
776 1954 847 1989 quo
876 1950 1109 1989 praeceptum
1138 1941 1396 1977 affirmativum
1424 1942 1581 1989 obligat3
1608 1943 1657 1978 ita

82 2003 138 2031 est
156 1997 267 2032 etiam
289 1995 333 2031 de
355 2004 508 2043 peccato
531 1996 779 2043 ignorantiae;
802 2007 875 2030 non
899 1996 997 2030 enim
1021 1996 1195 2031 continuo
1218 1996 1391 2042 ignorans
1414 2006 1495 2031 actu
1518 2006 1657 2044 peccat,

15 2048 38 2090 s·
81 2049 144 2085 sed
165 2049 287 2085 solum
308 2049 454 2097 quando
477 2058 531 2085 est
551 2058 694 2097 tempus
718 2050 927 2096 acquirendi
950 2050 1153 2092 scientiam,
1176 2061 1286 2097 quam
1309 2050 1443 2085 habere
1465 2059 1618 2086 tenetur.

638 2209 985 2255 ARTICULUS
1021 2210 1100 2253 111.
1587 2232 1654 2268 413

262 2331 418 2362 UTRUM
444 2330 718 2362 IGNORANTIA
746 2330 945 2360 EXCUSET
975 2331 1029 2360 Ex
1057 2330 1179 2361 TOTO
1209 2332 1234 2360 Α
1257 2331 1476 2361 PECCATO.

129 2430 248 2479 (Supr.
269 2442 300 2478 q.
322 2442 376 2478 74.
398 2436 462 2466 art.
485 2443 512 2466 r.
531 2430 574 2466 ad
595 2443 625 2466 2.
648 2436 677 2465 ct
697 2436 760 2465 art.
780 2443 807 2476 5.
827 2437 919 2478 corp.
941 2436 971 2466 et
992 2431 1035 2466 αιὶ
1056 2443 1082 2467 1.
1105 2437 1134 2466 et
1155 2443 1186 2467 2.
1207 2432 1293 2466 Disl.
1317 2443 1370 2466 22.
1393 2443 1423 2477 q.
1440 2442 1470 2466 2.
1493 2436 1558 2466 art.
1578 2442 1608 2466 2.

83 2484 257 2530 ⁶84.D¹'sl.
279 2496 310 2531 q.
328 2496 360 2521 2.
379 2490 445 2521 art.
462 2496 488 2531 3.
512 2489 541 2520 ιι
564 2485 648 2519 Mal.
664 2496 730 2531 q.3.
745 2489 809 2518 art.
824 2485 856 2520 8.
871 2489 901 2519 et
916 2484 1038 2530 Quodl.
1054 2497 1086 2531 9.
1102 2490 1165 2519 art.
1186 2497 1229 2531 15·
1249 2491 1340 2532 corp.
1355 2490 1383 2519 a!
1397 2485 1447 2520 Ps.
1465 2497 1514 2529 14.
1530 2496 1612 2519 com.
1625 2496 1657 2528 4.

617 2543 644 2573 ct
668 2539 762 2574 Rom.
786 2550 811 2573 1.
835 2538 904 2574 lect.
935 2550 964 2585 7.
981 2539 1122 2585 princ).

154 2638 216 2675 AD
238 2649 410 2675 'rt-:nuum
432 2639 483 2674 sic
505 2639 724 2686 proceditur.
748 2638 910 2682 Videtur,
933 2640 1030 2686 quod
1053 2639 1258 2687 ignorantia
1287 2651 1328 2674 ex
1355 2647 1433 2674 toto
1461 2647 1607 2673 excuset
1635 2650 1653 2672 a

40 2704 59 2739 2}
84 2700 254 2740 peccato:
277 2693 373 2740 quia,
390 2701 429 2728 ut
446 2694 600 2739 August.
623 2693 709 2727 dicit
723 2692 798 2737 (lib.
820 2705 847 2729 ι.
872 2694 1013 2729 Rctract.
1036 2701 1108 2741 cap.
1131 2706 1163 2739 9.
1179 2706 1199 2728 a
1216 2693 1343 2738 ηιατυς
1369 2695 1656 2739 Omncpcccatmn

40 2751 58 2795 ἦ,
83 2745 314 2782 voluntarium
334 2751 400 2783 est:
422 2746 484 2782 sed
507 2746 712 2793 ignorantia
739 2755 864 2782 causat
890 2747 1186 2789 involuntarium,
1209 2755 1247 2782 ut
1274 2758 1379 2794 supra
1408 2747 1572 2781 habiturn
1600 2754 1653 2781 est

59 2797 61 2802 ’
83 2798 133 2847 (q.
153 2799 189 2836 6.
211 2805 277 2836 art.
298 2801 368 2847 8.),·
391 2812 480 2847 ergo
503 2800 706 2847 ignorantia
728 2799 888 2836 totaliter
909 2810 1057 2836 excusat
1079 2809 1282 2848 peccatum.

156 2862 189 2889 2.
203 2853 440 2890 PRAETEREA.
457 2854 495 2889 Id
514 2854 610 2901 quod
627 2853 756 2901 aliquis
771 2852 855 2888 facit
871 2862 1012 2901 praeter
1028 2855 1282 2896 intentionem,
1302 2865 1362 2900 per
1378 2853 1547 2888 accidens
1563 2853 1655 2899 agit:

54 2909 74 2939 ἰ
87 2905 151 2942 κά
172 2906 324 2943 intentio
346 2918 420 2943 non
443 2916 560 2956 potest
579 2919 656 2943 esst·
679 2908 722 2942 de
738 2919 794 2949 cO,
809 2908 906 2955 quod
926 2917 980 2943 cst
994 2908 1181 2955 ignotum;
1204 2919 1292 2954 ergo
1315 2908 1348 2942 id
1365 2907 1461 2954 quod
1481 2919 1544 2954 per
1559 2907 1659 2953 igno-

42 3101 101 3198 ξι
153 3194 162 3198 ,
