1907 3182
232 185 316 240 258
642 193 861 229 QUAESTIO
893 192 1041 221 XXXIV.
1069 189 1314 220 ARTICULUS
1348 189 1375 217 Ι.

232 276 430 311 moralibus
452 275 592 317 dicitur,
614 274 815 309 secundum
845 273 942 319 quod
973 271 1143 305 convenit
1171 269 1313 311 rationi,
1334 267 1392 302 vel
1413 266 1595 302 discordat
1617 266 1658 300 ab
1682 277 1736 307 ea,
1757 274 1795 300 ut

231 341 338 376 supra
360 329 497 363 dictum
520 336 573 363 est
596 327 640 373 (q.
660 339 710 373 19.
733 332 799 361 art.
818 328 876 372 3.),
900 325 992 359 sicut
1012 324 1049 357 in
1070 323 1176 357 rebus
1197 321 1419 356 naturalibus
1438 319 1571 366 aliquid
1590 319 1719 353 dicitur
1739 330 1797 352 na-

232 384 338 418 turale
359 394 402 417 ex
423 393 467 416 eo
490 381 587 427 quod
609 388 757 414 naturae
780 378 969 420 convenit3
991 376 1181 411 innaturale
1198 386 1285 409 vero
1308 386 1349 408 ex
1369 385 1412 408 eo
1435 373 1532 419 quod
1553 380 1608 407 est
1627 383 1647 406 a
1668 379 1795 405 natura

231 436 454 471 discordans.
478 435 580 469 Sicut
601 434 709 479 igitur
730 433 766 466 in
787 431 1010 465 naturalibus
1030 437 1083 464 est
1100 429 1279 475 quaedam
1301 427 1401 473 quies
1417 425 1601 467 naturalis,
1620 436 1712 471 quae
1734 423 1799 458 sci-

232 490 319 524 licet
349 498 402 523 est
422 489 458 522 in
481 500 538 530 eo,
561 486 657 533 quod
680 485 850 519 convenit
870 492 1040 525 naturae3
1062 491 1101 517 ut
1123 494 1206 516 curn
1233 492 1342 527 grave
1373 480 1525 526 quiescit
1550 479 1741 523 deorsum:
1763 485 1798 511 et

232 542 411 589 quaedam
429 540 650 581 innaturalis,
671 549 762 584 quae
783 546 836 572 est
853 538 889 571 in
907 548 963 578 eo,
979 537 1075 582 quod
1090 543 1268 581 repugnat
1288 541 1455 568 naturae:
1474 533 1566 567 sicut
1587 543 1672 566 cum
1689 541 1797 576 grave

233 595 385 642 quiescit
406 605 567 629 sursum:
590 593 638 626 ita
660 599 694 626 et
715 591 751 625 in
773 590 972 625 moralibus
992 598 1044 624 est
1062 588 1240 635 quaedam
1263 586 1456 621 delectatio
1476 586 1584 627 bona,
1599 583 1799 619 secundum

233 648 331 695 quod
354 648 530 694 appetitus
553 646 726 691 superior,
749 652 810 678 aut
831 643 978 678 inferior
999 643 1192 688 requiescit
1209 641 1246 675 in
1268 652 1323 683 eo,
1341 640 1439 686 quod
1461 639 1632 673 convenit
1647 638 1797 672 rationi:

233 711 268 736 et
288 701 468 748 quaedam
489 699 598 740 mala,
621 710 662 732 ex
684 708 728 732 eo
751 697 848 743 quod
871 697 1023 742 quiescit
1042 694 1158 737 ineo,
1180 694 1277 740 quod
1299 705 1319 727 a
1341 693 1480 727 ratione
1507 691 1700 732 discordat,
1723 698 1758 724 et
1780 701 1799 723 a

232 756 314 801 lege
327 755 409 789 Dei.
425 754 506 789 Alia
521 753 611 786 ratio
628 751 743 797 accipi
764 759 882 797 potest
897 762 939 784 ex
960 758 1060 795 parte
1082 748 1349 795 operationum,
1368 757 1522 792 quarum
1539 744 1699 791 quaedam
1718 750 1801 778 sunt

232 808 362 850 malae,
385 815 420 842 et
441 806 600 852 quaedam
621 806 750 839 bonae.
775 804 1058 850 Operationibus
1086 810 1208 836 autem
1234 801 1351 847 magis
1381 807 1464 834 sunt
1491 798 1615 833 affines
1649 796 1801 832 delecta-

231 863 362 903 tiones,
381 871 472 906 quae
494 867 577 893 sunt
597 858 647 892 eis
678 859 905 902 conjunctae,
934 868 1044 902 quam
1072 854 1400 901 concupiscentiae,
1431 863 1523 899 quae
1552 860 1718 897 tempore
1740 860 1801 884 eas

233 914 471 961 praecedunt;
500 911 594 945 unde
621 922 705 945 cum
733 910 1051 956 concupiscentiae
1080 909 1261 942 bonarum
1290 906 1546 953 operationum
1572 905 1642 938 sint
1670 904 1800 944 bonae,

233 967 413 1002 malarum
433 976 520 999 vero
540 964 669 1006 malae,
691 963 808 997 multo
830 964 946 1010 magis
969 962 1229 997 delectationes
1246 961 1427 995 bonarum
1446 958 1701 1005 operationum
1719 964 1803 990 sunt

233 1021 363 1062 bonae,
385 1018 564 1053 malarum
585 1028 672 1051 vero
695 1017 826 1051 malae.

305 1075 365 1108 AD
387 1082 536 1107 PRmUM
559 1082 646 1117 ergo
674 1070 880 1113 dicendum,
908 1070 1016 1116 quod,
1046 1069 1139 1103 sicut
1164 1079 1271 1114 supra
1293 1067 1431 1100 dictum
1453 1073 1506 1099 est
1528 1064 1573 1110 (q.
1591 1076 1636 1110 33.
1659 1068 1723 1098 art.
1742 1064 1801 1109 3.),

235 1127 504 1167 delectationes,
527 1135 619 1171 quae
646 1132 729 1158 sunt
756 1124 799 1157 de
830 1131 911 1157 actu
939 1122 1099 1163 rationis,
1132 1133 1207 1155 non
1241 1119 1442 1166 impediunt
1466 1118 1658 1159 rationem,
1684 1126 1802 1162 neque

235 1187 472 1226 corrumpunt
493 1177 742 1225 prudentiam3
765 1177 827 1211 sed
850 1176 1109 1210 delectationes
1139 1182 1341 1215 extraneae,
1369 1171 1574 1217 cujusmodi
1599 1177 1683 1204 sunt
1709 1168 1802 1203 dele-

235 1234 411 1269 ctationes
435 1231 658 1277 corporales:
683 1241 774 1276 quae
796 1229 943 1275 quidem
964 1229 1112 1263 rationis
1139 1239 1245 1262 usum
1271 1225 1484 1272 impediunt,
1510 1225 1603 1259 sicut
1628 1234 1735 1268 supra
1756 1222 1804 1255 di-

235 1296 334 1322 ctum
357 1294 408 1321 est
430 1284 559 1330 (ibid),
581 1284 640 1318 vel
661 1295 723 1329 per
745 1284 1039 1317 contrarietatem
1067 1281 1256 1328 appetitus,
1286 1279 1348 1326 qui
1377 1277 1529 1324 quiescit
1560 1277 1597 1311 in
1627 1287 1684 1318 eo,
1706 1275 1803 1322 quod

237 1347 414 1386 repugnat
435 1338 584 1379 rationi;
607 1345 641 1371 et
662 1348 704 1371 ex
725 1336 796 1370 hoc
815 1336 924 1370 habet
938 1335 1132 1369 delectatio
1147 1334 1244 1380 quod
1262 1333 1307 1368 sit
1329 1331 1516 1366 moraliter
1537 1329 1651 1372 mala3
1673 1328 1732 1363 vel
1750 1339 1803 1363 se-

236 1394 395 1428 cundum
418 1391 615 1438 quamdam
637 1390 850 1436 ligationem
871 1389 1018 1423 rationi:
1041 1388 1135 1422 sicut
1151 1388 1188 1421 in
1207 1386 1401 1421 concubitu
1420 1382 1619 1430 conjugali3
1639 1382 1803 1429 quamvis

236 1446 429 1481 delectatio
445 1446 489 1479 sit
502 1445 543 1478 in·
553 1455 610 1486 eo,
623 1443 719 1490 quod
735 1444 906 1477 convenit
919 1442 1061 1483 rationi,
1075 1449 1198 1476 tamen
1212 1439 1363 1486 impedit
1374 1438 1523 1473 rationis
1537 1447 1643 1471 usum
1658 1443 1805 1482 propter

238 1499 467 1546 corporalem
488 1497 830 1532 transmutationem
853 1496 1079 1541 adjunctam:
1103 1495 1165 1529 sed
1187 1505 1229 1528 ex
1254 1493 1326 1528 hoc
1348 1503 1423 1526 non
1450 1490 1683 1536 consequitur
1705 1488 1805 1523 mali-

235 1556 325 1589 tiam
347 1552 544 1587 moralem:
569 1552 661 1585 sicut
681 1562 747 1584 nec
782 1561 943 1591 somnus,
973 1560 1045 1595 quo
1076 1548 1207 1594 ligatur
1236 1557 1320 1581 usus
1348 1545 1508 1586 rationis,
1538 1542 1725 1578 moraliter
1752 1551 1806 1576 est

238 1607 367 1648 malus,
395 1606 422 1640 si
445 1606 489 1639 sit
510 1605 710 1639 secundum
732 1604 909 1637 rationem
932 1610 1115 1648 receptus:
1139 1612 1224 1634 nam
1247 1608 1281 1634 et
1310 1599 1387 1645 ipsa
1416 1598 1508 1632 ratio
1529 1597 1601 1631 hoc
1623 1595 1744 1637 habet,
1767 1603 1806 1628 ut

236 1660 453 1707 quandoque
477 1660 625 1692 rationis
647 1669 731 1691 usus
754 1658 1008 1702 intercipiatur.
1031 1655 1196 1689 Dicimus
1215 1661 1350 1694 tamen,
1369 1651 1466 1698 quod
1488 1648 1700 1695 hujusmodi
1720 1648 1806 1694 liga-

237 1722 402 1748 mentum
423 1713 570 1746 rationis
593 1722 635 1745 ex
657 1710 896 1744 delectatione
915 1709 950 1742 in
971 1717 1051 1742 actu
1075 1706 1270 1753 conjugali,
1290 1705 1356 1740 etsi
1376 1716 1452 1739 non
1472 1703 1606 1738 habeat
1626 1701 1804 1736 malitiam

237 1767 428 1808 moralem,
452 1767 535 1812 quia
556 1777 631 1799 non
653 1773 706 1798 est
735 1771 927 1810 peccatum
957 1761 1124 1802 mortale,
1150 1771 1218 1794 nec
1240 1758 1393 1800 veniale,
1423 1757 1591 1804 provenit
1618 1764 1741 1790 tamen
1763 1765 1805 1788 ex

237 1821 394 1867 quadam
422 1819 552 1853 morali
575 1818 725 1859 malitia,
744 1815 883 1851 scilicet
901 1827 943 1849 ex
961 1822 1112 1861 peccato
1134 1814 1241 1859 primi
1263 1812 1439 1859 parentis;
1457 1821 1544 1845 narn
1561 1810 1634 1844 hoc
1653 1809 1690 1843 in
1711 1816 1804 1842 statu

238 1874 468 1908 innocentiae
483 1884 557 1907 non
573 1880 658 1913 erat,
675 1877 820 1916 utpatet
834 1880 876 1903 ex
890 1869 958 1910 his,
973 1879 1065 1914 quae
1087 1868 1123 1901 in
1149 1867 1268 1913 primo
1287 1866 1382 1899 dicta
1404 1871 1487 1899 sunt
1507 1864 1556 1910 (q.
1578 1863 1633 1910 98.
1657 1866 1720 1896 art.
1743 1861 1803 1905 2.)-

309 1926 369 1959 AD
391 1934 598 1959 SECUNDUM
621 1923 827 1964 dicendum,
847 1922 943 1968 quod
962 1929 1181 1968 temperatus
1197 1931 1270 1954 non
1286 1918 1377 1965 fugit
1391 1928 1519 1952 omnes
1533 1915 1804 1956 delectationes,

237 1979 301 2014 sed
323 1979 594 2019 immoderatas,
618 1985 652 2010 et
669 1976 801 2010 rationi
821 1987 896 2009 non
919 1975 1196 2015 conveniente53
1219 1972 1316 2019 quod
1339 1980 1460 2006 autem
1482 1970 1594 2017 pueri,
1617 1977 1652 2004 et
1668 1968 1803 2003 bestiae

238 2032 497 2066 delectationes
519 2037 794 2077 prosequantur,
817 2040 891 2062 non
912 2028 1069 2063 ostendit
1095 2038 1154 2062 eas
1184 2024 1434 2060 universaliter
1460 2034 1538 2058 esse
1559 2021 1694 2064 malas;
1722 2021 1805 2067 quia

237 2086 274 2119 in
305 2085 355 2119 eis
382 2093 434 2118 est
459 2083 631 2118 naturalis
659 2082 836 2129 appetitus
863 2093 883 2115 a
909 2082 1003 2123 Deo,
1031 2081 1091 2127 qui
1117 2087 1285 2114 movetur
1310 2078 1346 2112 in
1372 2077 1420 2120 id,
1448 2076 1545 2123 quod
1571 2084 1624 2110 est
1657 2075 1689 2109 ei
1723 2085 1806 2108 con—

239 2150 397 2173 vemens.

312 2193 371 2226 AD
395 2202 566 2226 TERTmM
588 2190 792 2231 dicendum,
823 2189 920 2235 quod
949 2200 1024 2223 non
1051 2187 1170 2222 omnis
1200 2186 1287 2220 boni
1317 2193 1371 2220 est
1400 2196 1468 2226 ars,
1497 2183 1559 2218 sed
1587 2182 1804 2218 exteriorum

239 2245 465 2286 factibilium,
487 2253 525 2278 ut
546 2243 636 2277 infra
659 2243 796 2276 dicetur
818 2244 865 2288 (q.
884 2254 934 2288 57.
958 2247 1020 2276 art.
1040 2242 1106 2288 3.).·
1131 2240 1226 2274 circa
1249 2238 1478 2285 operationes
1508 2244 1641 2278 autem,
1669 2244 1704 2270 et
1730 2245 1806 2282 pas·

239 2299 371 2341 siones,
394 2310 485 2344 quae
507 2305 589 2331 sunt
610 2297 645 2330 in
663 2296 779 2337 nobis,
802 2296 918 2342 magis
940 2303 993 2330 est
1013 2294 1213 2341 prudentia,
1235 2301 1270 2327 et
1283 2292 1407 2334 virtus,
1421 2302 1531 2338 quam
1546 2301 1619 2332 ars;
1635 2298 1669 2324 et
1681 2297 1804 2324 tamen

240 2351 359 2397 aliqua
382 2363 438 2385 ars
461 2359 513 2385 est
533 2350 664 2384 factiva
686 2349 949 2390 delectationis,
976 2348 1114 2382 scilicet
1143 2345 1394 2393 pulmentaria,
1425 2353 1460 2379 et
1488 2343 1740 2390 pigmentaria,
1767 2351 1804 2376 ut

240 2405 369 2439 dicitur
390 2405 425 2438 in
450 2415 480 2449 7.
504 2404 661 2438 Ethicor.
684 2404 770 2448 (rap.
793 2414 842 2437 12.
865 2403 925 2436 cir.
946 2402 1030 2445 sim).

803 2518 1149 2564 ARTICULUS
1183 2518 1239 2560 ῙῙ.
1741 2535 1801 2571 195

568 2617 720 2648 UTRUM
753 2617 886 2646 OMNIS
920 2615 1204 2646 DELECTATIO
1239 2614 1306 2644 SIT
1341 2613 1470 2644 BONA.

399 2695 446 2739 (4.
469 2694 555 2728 Disl.
579 2705 635 2740 49.
655 2705 684 2739 q.
704 2705 730 2739 3.
754 2698 817 2727 art.
837 2705 864 2739 3.
888 2692 929 2726 ad
951 2704 980 2727 2.
1004 2697 1030 2726 cl
1051 2697 1114 2726 art.
1137 2703 1169 2736 4.
1192 2703 1222 2737 q.
1245 2703 1272 2726 r.
1288 2696 1350 2737 per
1371 2694 1428 2725 tot.
1449 2693 1524 2723 ⁶12.
1547 2693 1638 2734 corp.

734 2751 762 2780 el
783 2758 832 2781 ιω.
856 2746 929 2780 Eth.
953 2745 1022 2779 lert.
1047 2757 1071 2779 1.
1095 2756 1124 2780 2.
1144 2757 1172 2791 3.
1195 2748 1224 2778 ct
1244 2744 1306 2788 4.).

312 2830 372 2864 AD
395 2840 600 2864 SECUNDUM
623 2829 672 2863 sic
696 2828 910 2874 proceditur.
939 2827 1100 2867 Videtur,
1127 2826 1223 2872 quod
1251 2824 1370 2860 omnis
1396 2823 1588 2858 delectatio
1614 2821 1659 2856 sit
1684 2821 1801 2855 bona:

241 2883 332 2916 sicut
353 2883 450 2916 enim
472 2883 506 2916 in
529 2883 646 2928 primo
669 2882 805 2916 dictum
825 2889 878 2915 cst
898 2880 982 2926 (²I·)'·
1000 2885 1063 2913 art.
1079 2880 1142 2923 (1.),
1162 2880 1300 2913 bonum
1314 2878 1350 2912 in
1364 2879 1432 2913 tria
1446 2876 1631 2918 dividitur;
1646 2874 1802 2909 scilicet:
