1875 3198
206 153 292 206 696
611 162 831 198 QUAESTIO
865 162 1016 192 xcvm.
1051 161 1297 192 ARTICULUS
1331 161 1358 191 1.

279 257 306 291 3.
329 245 554 280 PRAETEREA
582 245 639 278 Ad
660 244 861 278 bonitatem
888 244 978 290 legis
1005 244 1168 290 pertinet,
1195 243 1292 290 quod
1314 243 1358 277 sit
1379 243 1560 289 possibilis
1587 243 1631 278 ad
1654 244 1772 279 obser-

203 299 373 341 vandum,
397 307 431 333 et
452 299 653 333 secundum
667 306 846 339 naturam,
865 305 899 331 et
920 297 1121 331 secundum
1139 297 1341 331 humanam
1364 297 1685 332 consuetudinem:
1709 297 1771 332 sed

203 353 275 387 hoc
297 364 372 386 non
393 352 519 386 habuit
539 351 595 386 lex
616 359 738 386 vetus:
761 351 847 384 dicit
869 351 966 385 enim
988 351 1114 384 Petrus
1137 350 1218 384 Act.
1242 360 1310 394 15.:
1336 350 1428 395 Quid
1450 352 1580 386 tentatis
1605 352 1772 398 imponere

199 409 318 452 jugum
344 412 440 452 super
462 407 621 440 servicem
647 404 896 450 discipulorum,
920 404 1006 450 qnod
1031 416 1131 450 mque
1152 416 1220 445 nos,
1248 415 1349 449 neque
1369 409 1480 450 patres
1506 405 1612 440 nostri
1632 409 1773 451 portare

198 461 391 507 potuimus?
413 459 508 504 Ergo
532 458 683 499 videtur,
706 457 803 504 quod
821 456 878 491 lex
898 465 1001 491 vetus
1022 468 1096 491 non
1118 457 1224 492 fuerit
1244 457 1352 491 bona.

276 513 349 547 SED
373 523 529 547 CONTRA
551 519 614 553 est,
637 511 733 557 quod
756 510 957 557 Apostolus
979 511 1065 545 dicit
1086 511 1193 545 Rom.
1218 522 1266 556 7.:
1294 511 1410 557 Itaque
1431 511 1482 545 lex
1509 511 1639 557 quidem
1659 516 1773 547 sancta

202 572 258 609 est,
280 572 308 601 et
329 566 524 600 mcmdatmn
542 570 704 606 sanctum,
727 570 757 599 et
773 567 912 610 justum,
936 570 966 599 et
988 565 1120 599 borium.

273 620 504 654 RESPONDEO
516 617 722 659 dicendum,
738 618 835 664 quod
849 619 966 664 absque
981 619 1071 652 omni
1085 618 1184 653 dubio
1199 618 1250 652 lex
1265 623 1356 653 vetus
1371 619 1535 664 bonasuit
1548 618 1662 654 :sicut
1676 619 1773 653 enim

202 673 366 708 doctrina
389 672 589 706 ostenditur
611 682 688 705 esse
714 682 799 705 vera
822 682 863 705 ex
890 671 974 713 hoc,
997 671 1094 717 quod
1122 680 1301 706 consonat
1322 671 1473 714 rationi3
1500 672 1550 706 ita
1578 672 1687 707 etiam
1714 672 1771 706 lex

204 727 323 773 aliqua
346 725 546 760 ostenditur
568 736 645 759 esse
667 725 763 758 bona
783 736 825 758 ex
847 725 931 767 hoc,
955 725 1051 771 quod
1068 733 1246 759 consonat
1260 725 1392 759 rationi
1410 733 1549 760 rectae:
1573 725 1630 760 lex
1652 733 1773 760 autem

202 788 305 815 vetus
328 779 459 814 rationi
480 778 715 820 consonabat,
738 778 821 824 quia
844 778 1180 824 concupiscentiam
1203 779 1430 825 reprimebat,
1450 790 1543 825 quae
1564 779 1697 814 rationi
1719 779 1777 813 ad-

204 842 384 875 versatum
406 841 444 867 ut
462 840 559 879 patet
575 832 612 866 in
634 831 698 866 illo
721 832 911 866 mandato:
935 833 1012 867 Non
1035 834 1239 879 concupisces
1255 845 1325 867 rem
1342 834 1496 879 proximi
1517 834 1576 876 tui,
1600 833 1696 879 quod
1715 845 1777 880 po-

204 888 299 922 nitur
320 887 433 921 Exod.
457 896 528 921 20.:
552 886 627 932 ipsa
643 886 753 920 etiam
773 886 897 919 omnia
912 893 1061 932 peccata
1080 886 1305 932 prohibebat,
1328 898 1420 932 quae
1435 894 1517 921 sunt
1531 895 1657 921 contra
1671 887 1777 921 ratio-

203 953 287 976 nem
298 953 305 983 ;
317 941 411 974 unde
426 939 660 974 manifestum
676 947 739 981 est,
755 939 851 985 quod
866 939 961 973 bona
978 946 1069 973 erat:
1087 947 1121 973 et
1136 940 1226 973 haec
1239 948 1292 974 est
1305 940 1395 974 ratio
1414 939 1586 986 Apostoli
1599 940 1707 975 Rom.
1722 951 1753 986 7.
1767 953 1774 975 ε

205 994 430 1036 Conclclcctor,
452 993 577 1039 inquit,
593 993 654 1038 legi
668 994 734 1026 Das
748 992 923 1027 secundum
946 994 1135 1027 interiorem
1157 994 1344 1028 hominem:
1369 1001 1404 1028 et
1424 993 1574 1029 iterum:
1600 994 1775 1029 Consentio

203 1049 275 1094 legi,
300 1049 458 1093 quoniam
482 1048 567 1081 bona
587 1051 639 1080 cst.
664 1046 735 1080 Sed
754 1046 956 1080 notandum
971 1054 1034 1088 est,
1058 1046 1155 1092 quod
1173 1047 1310 1081 bonum
1327 1047 1489 1082 diversos
1505 1047 1636 1094 gradus
1655 1048 1777 1090 habet,

204 1110 242 1136 ut
262 1101 415 1147 Dionys.
450 1100 536 1134 dicit
557 1110 589 1142 4.
613 1111 690 1146 cap.
714 1099 757 1133 de
779 1100 862 1133 Div.
885 1100 996 1134 Nom.
1022 1100 1122 1146 (part.
1145 1111 1178 1145 4.
1207 1101 1277 1135 lact.
1300 1100 1391 1144 16.).·
1425 1108 1478 1135 est
1504 1101 1601 1135 enim
1629 1101 1776 1147 aliquod

202 1156 341 1189 bonum
363 1153 574 1200 perfectum,
597 1162 631 1187 et
654 1153 800 1199 aliquod
822 1154 961 1187 bonum
987 1153 1253 1200 imperfectum.
1278 1153 1444 1189 Perfecta
1466 1154 1613 1200 quidem
1634 1155 1777 1189 bonitas

205 1217 257 1243 est
278 1209 314 1242 in
335 1208 403 1249 his,
426 1218 517 1253 quae
534 1207 577 1241 ad
600 1207 710 1240 finem
733 1207 956 1249 ordinantur,
972 1207 1117 1253 quando
1141 1207 1275 1254 aliquid
1291 1215 1344 1242 est
1365 1207 1447 1250 tale,
1463 1207 1560 1254 quod
1582 1219 1645 1254 per
1665 1220 1703 1243 se
1726 1217 1777 1243 est

205 1261 386 1296 sufficiens
408 1261 578 1294 inducere
601 1261 645 1294 ad
672 1260 794 1294 finem.
816 1260 1074 1307 Imperfectum
1097 1269 1219 1295 autem
1240 1261 1379 1295 bonum
1402 1269 1466 1304 est,
1489 1261 1586 1308 quod
1609 1270 1778 1309 operatur

207 1316 340 1362 aliquid
364 1316 407 1349 ad
428 1315 499 1349 hoc
523 1315 620 1360 quod
642 1314 871 1360 perveniatur
893 1314 936 1348 ad
958 1314 1088 1357 finem;
1115 1326 1189 1348 non
1211 1322 1335 1349 tamen
1357 1314 1488 1349 sufficit
1510 1316 1554 1349 ad
1580 1315 1652 1350 hoc
1680 1315 1777 1362 quod

207 1371 251 1404 ad
272 1369 383 1403 finem
405 1369 595 1415 perducat:
619 1368 710 1401 sicut
733 1367 913 1402 medicina
939 1367 1097 1414 perfecte
1119 1368 1215 1402 bona
1238 1376 1301 1410 est,
1324 1379 1416 1414 quae
1442 1368 1635 1403 hominem
1657 1377 1776 1404 sanat:

207 1422 418 1470 imperfecta
440 1430 561 1456 autem
584 1429 647 1463 est,
670 1433 762 1467 quae
785 1421 976 1456 hominem
997 1422 1153 1467 adjuvat,
1175 1421 1236 1456 sed
1258 1429 1382 1456 tamen
1402 1433 1528 1456 sanare
1546 1433 1621 1456 non
1640 1430 1777 1468 potest:

207 1485 260 1511 est
281 1484 403 1511 autem
422 1475 623 1517 sciendum,
639 1474 735 1521 quod
756 1482 808 1509 est
828 1474 918 1509 alius
937 1474 1017 1509 finis
1032 1475 1121 1521 legis
1136 1475 1331 1518 humanae,
1354 1483 1389 1510 et
1404 1475 1493 1510 alius
1508 1475 1599 1522 legis
1618 1476 1776 1510 divinae:

206 1531 295 1577 legis
313 1530 410 1564 enim
428 1530 611 1563 humanae
634 1528 712 1562 finis
729 1538 781 1562 est
798 1528 1009 1575 temporalis
1030 1528 1270 1575 tranquillitas
1289 1529 1460 1563 civitatis:
1485 1529 1528 1563 ad
1543 1540 1652 1575 quem
1667 1529 1778 1564 finem

208 1584 370 1631 pervenit
390 1583 446 1618 lex
470 1583 676 1617 cohibendo
699 1583 894 1617 exteriores
911 1589 1022 1624 actus,
1042 1590 1217 1628 quantum
1241 1582 1284 1616 ad
1306 1581 1367 1617 illa
1390 1583 1498 1625 mala,
1514 1594 1605 1629 quae
1628 1591 1779 1630 possunt

207 1638 413 1684 perturbare
436 1636 629 1683 pacificum
653 1644 786 1670 statum
806 1636 978 1670 civitatis:
1001 1635 1081 1670 finis
1101 1644 1223 1670 autem
1244 1635 1334 1682 legis
1350 1636 1492 1670 divinae
1512 1644 1565 1671 est
1581 1637 1778 1683 perducere

204 1693 395 1725 hominem
419 1691 461 1724 ad
484 1690 594 1724 finem
609 1689 791 1724 felicitatis
815 1698 999 1724 aeternae:
1020 1690 1081 1736 qui
1103 1689 1251 1736 quidem
1269 1689 1349 1724 finis
1368 1690 1563 1736 impeditur
1583 1702 1647 1737 per
1669 1691 1779 1737 quod-

206 1757 361 1792 cumque
379 1753 583 1792 peccatum,
603 1752 638 1778 et
658 1755 733 1778 non
755 1743 875 1778 solum
898 1756 961 1790 per
984 1752 1083 1778 actus
1106 1744 1316 1786 exteriores,
1339 1744 1402 1778 sed
1421 1744 1532 1779 etiam
1553 1756 1618 1790 per
1638 1745 1781 1780 interio-

205 1811 277 1842 res;
295 1808 328 1834 et
345 1800 426 1833 ideo
442 1798 542 1840 illud,
565 1798 661 1844 quod
681 1797 813 1832 sufficit
831 1799 874 1832 ad
893 1797 1156 1844 perfectionem
1175 1797 1265 1843 legis
1280 1798 1476 1840 humanae,
1488 1806 1527 1833 ut
1545 1798 1684 1833 scilicet
1701 1811 1782 1845 pec—

206 1862 285 1888 cata
312 1853 515 1900 prohibeat,
539 1860 573 1886 et
594 1863 752 1898 poenam
776 1859 951 1897 apponat,
974 1863 1048 1885 non
1071 1850 1203 1885 sufficit
1225 1851 1269 1885 ad
1290 1851 1554 1898 perfectionem
1581 1852 1671 1898 legis
1694 1853 1780 1887 divi-

205 1919 272 1941 nae
285 1920 292 1949 3
306 1907 368 1941 sed
385 1914 538 1953 oportet,
567 1905 663 1951 quod
686 1905 877 1939 hominem
896 1905 1056 1939 totaliter
1074 1904 1183 1939 faciat
1204 1905 1379 1940 idoneum
1406 1906 1450 1940 ad
1465 1906 1781 1953 participationem

205 1960 384 1995 felicitatis
408 1967 597 1994 aeternae:
622 1959 718 2005 quod
748 1958 895 2004 quidem
922 1959 1000 1993 fieri
1021 1970 1095 1993 non
1118 1966 1236 2005 potest
1265 1959 1335 1993 nisi
1360 1970 1423 2006 per
1446 1960 1601 2005 gratiam
1629 1960 1781 2007 Spiritus

207 2015 341 2056 Sancti,
364 2025 426 2060 per
449 2025 558 2059 quam
574 2013 773 2058 diffunditur
788 2013 931 2047 charitas
953 2014 987 2046 in
1007 2012 1158 2047 cordibus
1181 2014 1310 2055 nostris,
1334 2024 1426 2059 quae
1448 2012 1568 2059 legem
1588 2014 1778 2061 adimplet:

209 2069 331 2104 Gratia
353 2069 439 2102 enim
466 2068 532 2101 Das
552 2068 624 2100 vilic
651 2072 799 2108 ιῑωιέενηιῑ,
832 2074 870 2100 ut
892 2066 1022 2100 dicitur
1056 2066 1164 2100 Rom.
1192 2064 1243 2100 6.;
1271 2066 1366 2100 hanc
1395 2074 1516 2101 autem
1543 2069 1697 2113 gratiam
1724 2067 1781 2102 lex

204 2131 308 2158 vetus
331 2121 495 2156 conferre
517 2132 590 2154 non
619 2121 751 2166 potuit:
775 2120 1025 2154 reservabatur
1047 2120 1144 2154 enim
1171 2120 1243 2154 hoc
1272 2120 1440 2156 Christo:
1464 2121 1559 2167 quia,
1586 2129 1624 2156 ut
1651 2122 1781 2156 dicitur

201 2177 304 2222 Joan.
323 2187 368 2210 1.:
397 2176 462 2209 Lux·
474 2181 536 2221 par
559 2176 702 2220 ,Unitum
719 2174 798 2208 data
816 2179 878 2209 est:
896 2175 1023 2220 gratia,
1039 2179 1068 2208 at
1085 2175 1279 2220 writasper
1292 2174 1403 2218 sesam
1419 2173 1589 2210 Christum
1600 2176 1698 2222 sacta
1715 2181 1780 2211 est:

207 2238 241 2265 et
258 2230 341 2264 inde
364 2237 427 2271 est,
450 2228 546 2274 quod
570 2227 625 2261 lex
648 2235 750 2261 vetus
773 2228 867 2261 bona
892 2227 1039 2273 quidem
1061 2235 1125 2270 est,
1148 2227 1210 2261 sed
1230 2227 1455 2274 imperfecta,
1477 2228 1679 2263 secundum
1692 2229 1779 2264 illud

208 2284 298 2318 Heb.
323 2294 376 2329 7.:
399 2283 496 2318 Nihil
517 2282 559 2316 ud
574 2282 762 2328 perjuriunt
785 2282 925 2316 adduxit
946 2282 1006 2315 lux.

279 2338 339 2372 AD
358 2347 508 2372 PRIMUM
524 2346 611 2381 ergo
628 2335 834 2377 dicendum,
850 2335 946 2381 quod
962 2335 1144 2369 Dominus
1160 2334 1319 2381 loquitur
1334 2335 1382 2369 ibi
1397 2335 1439 2370 de
1454 2336 1654 2383 praeceptis
1666 2347 1783 2372 caerc-

207 2391 445 2432 monialibus;
468 2401 560 2436 quae
583 2389 730 2435 quidem
753 2388 922 2422 dicuntur
943 2401 1008 2423 non
1032 2390 1129 2430 bona,
1149 2389 1233 2435 quia
1255 2389 1409 2435 gratiam
1430 2401 1505 2424 non
1536 2389 1782 2433 conferebant,

207 2457 269 2492 per
291 2456 401 2491 quam
423 2444 593 2478 homines
617 2454 635 2476 a
663 2450 815 2489 peccato
851 2442 1123 2484 mundarentur,
1155 2454 1239 2477 cum
1260 2451 1383 2477 tamen
1413 2454 1477 2489 per
1506 2443 1716 2489 hujusmodi
1745 2456 1782 2479 se

206 2507 418 2546 peccatores
433 2498 682 2539 ostenderent3
700 2496 795 2530 unde
810 2496 995 2542 signanter
1013 2496 1160 2530 dicitur:
1184 2497 1227 2531 Et
1237 2496 1379 2542 judicia,
1395 2498 1561 2543 inquibus
1574 2509 1640 2532 non
1653 2499 1780 2540 vivent,

207 2553 299 2587 idest
322 2564 384 2598 per
409 2563 502 2598 quae
524 2551 637 2585 vitam
660 2550 796 2596 gratiae
832 2550 994 2584 obtinere
1018 2561 1092 2584 non
1120 2558 1282 2596 possunt,
1311 2558 1345 2585 et
1370 2558 1497 2597 postea
1523 2551 1703 2586 subditur:
1739 2553 1784 2587 Et

201 2607 309 2653 pollui
327 2618 377 2640 eos
394 2607 429 2639 in
444 2605 635 2639 muneribus
648 2605 724 2645 suis,
741 2603 831 2637 idest
849 2603 1009 2650 pollutos
1024 2604 1177 2645 ostendi,
1193 2615 1267 2638 cum
1282 2604 1433 2650 offerrent
1447 2616 1552 2648 omne,
1573 2605 1659 2651 quod
1676 2607 1783 2652 aperit

207 2660 360 2701 vulvam,
375 2664 512 2706 propter
526 2658 644 2693 delicta
662 2669 731 2692 saiz.

281 2714 339 2747 AD
360 2723 567 2748 SECUNDUM
583 2711 789 2752 dicendum,
813 2711 909 2756 quod
932 2710 988 2744 lex
1011 2711 1141 2745 dicitur
1163 2711 1341 2746 occidisse
1356 2722 1430 2746 non
1449 2712 1595 2758 quidem
1617 2711 1781 2748 effective

209 2767 270 2801 sed
286 2766 565 2801 occasionaliter
587 2777 629 2799 ex
648 2776 711 2799 sua
730 2763 1018 2810 imperfectione,
1041 2765 1255 2811 inquantum
1279 2764 1418 2800 scilicet
1438 2766 1593 2812 gratiam
1607 2778 1681 2801 non
1701 2777 1784 2801 con-

210 2820 356 2862 serebat,
379 2832 441 2866 per
464 2831 573 2865 quam
596 2819 765 2853 homines
784 2817 935 2864 implere
958 2827 1106 2864 possent
1128 2819 1225 2865 quod
1248 2819 1454 2861 mandabat,
1474 2819 1532 2854 vel
1553 2820 1665 2854 vitare
1684 2821 1780 2866 quod

209 2874 370 2908 vetabat:
395 2882 429 2908 et
452 2875 501 2908 sic
529 2872 676 2907 occasio
704 2872 770 2906 ista
801 2882 875 2906 non
898 2880 973 2906 erat
1000 2872 1093 2913 data,
1116 2872 1178 2906 sed
1209 2880 1352 2918 sumpta
1375 2873 1417 2907 ab
1439 2872 1669 2915 hominibus3
1688 2873 1782 2908 unde
