1907 3198
0 1415 1 1436 η

0 1490 2 1525 l

0 1544 1 1581 l

0 1610 2 1633 >

502 152 724 189 QUAESTIO
758 151 908 181 XXVIII.
944 150 1193 182 ARTICULUS
1226 150 1283 181 IV.
1605 151 1690 194 219

179 236 254 272 SED
277 245 434 271 CONTRA
457 243 522 278 est,
543 235 641 282 quod
661 234 817 281 Dionys.
840 233 926 269 dicit
946 243 979 277 4.
1004 244 1082 281 cap.
1103 233 1147 268 de
1160 233 1244 267 Div.
1260 232 1372 267 Nom.
1389 231 1478 278 (lect.
1494 233 1575 279 τα),
1594 233 1691 280 quod

106 290 208 326 Deus
229 289 433 337 appellatur
453 289 590 324 zelotes
611 297 759 336 propter
779 288 939 323 multum
962 299 1141 330 amorem,
1165 300 1274 335 quem
1296 287 1407 322 habet
1430 287 1473 322 ad
1489 288 1691 323 existentia.

176 344 406 380 Rnspoxnm
428 343 636 386 dicendum,
659 343 756 390 quod
778 342 890 385 zelus,
913 353 1149 390 quocumque
1173 343 1286 377 modo
1313 350 1488 385 sumatur,
1514 354 1556 377 ex
1580 342 1695 377 inten-

92 400 208 435 sione
231 398 366 433 amoris
388 398 577 445 provenit:
601 396 835 433 manifestum
861 406 914 432 est
937 397 1047 440 enim,
1071 397 1166 444 quod
1191 405 1328 444 quanto
1353 396 1473 444 aliqua
1499 397 1613 431 virtus
1640 396 1690 430 in-

103 454 240 488 tensius
253 452 369 487 tendit
386 452 422 486 in
442 451 588 499 aliquid,
607 451 734 487 fortius
749 450 893 499 repellit
907 463 1018 486 omne
1034 451 1271 493 contrarium,
1285 450 1346 486 vel
1360 462 1587 497 repugnans;
1607 462 1692 484 cum

103 507 213 554 igitur
233 518 339 541 amor
360 506 406 542 sit
427 507 574 553 quidam
599 515 719 541 motus
742 506 780 540 in
802 514 978 548 amatum,
1002 514 1041 540 ut
1062 505 1218 551 August.
1247 505 1334 540 dicit
1361 505 1397 539 in
1424 504 1484 539 lib.
1512 504 1569 551 83.
1600 504 1690 546 QQ.

103 562 152 609 (q.
170 573 217 609 35.
238 567 269 597 et
281 561 366 609 36),
389 561 553 596 intensus
576 572 680 596 amor
702 560 842 608 quaerit
863 559 1056 595 excludere
1079 571 1190 594 omne
1212 559 1260 602 id,
1284 559 1382 606 quod
1405 559 1473 594 sibi
1499 568 1691 606 repugnat.

103 615 222 652 Aliter
241 623 365 651 tamen
386 615 459 650 hoc
483 615 664 662 contingit
683 615 721 650 in
744 626 869 650 amore
886 614 1219 662 concupiscentiae,
1243 622 1278 648 et
1293 613 1396 648 aliter
1410 614 1447 648 in
1463 625 1589 648 amore
1606 614 1694 648 ami-

103 670 227 706 citiae:
251 681 338 704 nam
359 670 397 704 in
419 681 545 705 amore
568 669 901 716 concupiscentiae,
924 669 985 716 qui
1012 669 1154 703 intense
1182 667 1318 716 aliquid
1346 668 1585 714 concupiscit,
1613 679 1690 703 mo-

101 733 207 761 vetur
227 733 356 760 contra
378 736 490 760 omne
511 723 612 767 illud,
639 725 737 771 quod
763 732 942 772 repugnat
970 723 1237 766 consecutioni,
1266 722 1325 758 vel
1352 722 1516 758 fruitioni
1546 723 1690 770 quietae

102 780 191 827 ejus,
212 779 311 827 quod
333 787 493 814 amatur:
516 787 552 814 et
571 778 644 814 hoc
667 778 781 813 modo
803 778 872 812 viri
893 778 1062 813 dicuntur
1083 777 1202 812 zelare
1225 788 1369 820 uxores,
1391 789 1437 812 ne
1456 788 1521 825 per
1543 788 1692 811 consor-

102 834 195 870 tium
210 834 366 870 aliorum
380 834 600 882 impediatur
614 832 858 880 singularitas,
874 844 984 880 quam
1000 832 1036 867 in
1052 843 1165 867 uxore
1184 840 1382 879 quaerunt:
1399 831 1566 867 similiter
1581 831 1691 866 etiam

103 889 165 936 qui
186 896 366 937 quaerunt
387 887 654 931 excellentiam,
677 895 874 923 moventur
889 895 1016 922 contra
1032 898 1107 930 eos,
1123 886 1184 934 qui
1199 886 1377 922 excellere
1393 886 1573 929 videntur,
1587 886 1692 933 quasi

101 943 342 991 impedientes
364 942 621 979 excellentiam
644 953 793 978 eorum:
818 950 852 978 et
872 943 940 977 iste
962 950 1017 977 est
1037 940 1137 977 zelus
1160 941 1331 984 invidiae,
1354 942 1397 976 de
1420 952 1494 988 quo
1510 940 1641 975 dicitur
1654 940 1692 974 in

100 997 160 1033 Ps.
190 996 262 1045 36.:
294 997 377 1034 Noli
401 997 570 1033 aemulari
596 998 631 1031 in
658 997 933 1043 malignantibus,
962 1008 1063 1043 neque
1089 995 1250 1042 zelaveris
1273 996 1434 1042 facientes
1463 996 1689 1042 iniquitatem.

100 1052 222 1087 Amor
242 1060 366 1088 autem
388 1053 559 1088 amicitiae
581 1051 722 1098 quaerit
742 1051 883 1086 bonum
906 1051 1035 1085 amici:
1059 1051 1155 1086 unde
1178 1051 1325 1097 quando
1346 1058 1400 1085 est
1413 1050 1590 1093 intensus,
1606 1049 1693 1085 facit

99 1105 294 1142 hominem
315 1106 460 1142 moveri
477 1114 605 1141 contra
624 1117 736 1140 omne
752 1104 852 1148 illud,
867 1104 966 1152 quod
982 1113 1162 1152 repugnat
1174 1105 1275 1140 bono
1291 1105 1417 1139 amici:
1434 1113 1470 1140 et
1484 1104 1690 1140 secundum

99 1160 172 1196 hoc
196 1160 326 1209 aliquis
347 1160 480 1196 dicitur
496 1159 615 1196 zelare
629 1171 696 1207 pro
713 1160 847 1203 amico,
862 1160 1021 1206 quando,
1033 1159 1063 1194 si
1078 1170 1171 1206 quae
1187 1159 1368 1202 dicuntur,
1383 1159 1443 1194 vel
1457 1159 1547 1194 fiunt
1563 1167 1691 1194 contra

99 1215 241 1250 bonum
263 1215 384 1258 amici,
405 1215 523 1250 homo
544 1214 722 1261 repellere
744 1214 882 1249 studet:
906 1221 943 1249 et
963 1225 1028 1260 per
1048 1213 1147 1248 hunc
1170 1214 1282 1248 etiam
1304 1214 1459 1249 modum
1483 1213 1614 1261 aliquis
1641 1213 1690 1248 di—

99 1269 192 1305 citur
211 1268 330 1305 zelare
351 1280 418 1317 pro
439 1269 535 1312 Deo,
557 1268 704 1316 quando
727 1279 781 1311 ea,
804 1280 896 1315 quae
918 1275 1003 1302 sunt
1024 1275 1153 1302 contra
1170 1267 1366 1311 honorem,
1384 1267 1445 1302 vel
1456 1267 1688 1303 voluntatem

97 1323 180 1367 Dei,
194 1323 373 1372 repellere
387 1324 591 1359 secundum
601 1334 710 1370 posse
726 1330 891 1365 conatur,
902 1322 1106 1357 secundum
1121 1321 1211 1357 illud
1229 1334 1258 1369 3.
1274 1322 1364 1370 Reg.
1384 1334 1453 1370 19.:
1470 1322 1603 1358 Zelatus
1615 1335 1687 1358 sum

90 1383 158 1426 pro
172 1378 324 1413 Domino
338 1379 562 1414 exercituum:
584 1385 619 1412 et
627 1377 721 1424 Joan
737 1387 767 1412 2.
784 1388 892 1424 super
912 1375 1000 1411 illud
1014 1388 1020 1410 :
1037 1376 1133 1412 Zelus
1147 1376 1262 1412 domus
1277 1382 1350 1412 taaz
1365 1377 1506 1412 comedit
1517 1390 1580 1420 me,
1601 1377 1689 1412 dicit

99 1431 222 1468 Gloss.
245 1432 374 1479 (ordin.
396 1444 436 1468 ex
456 1433 547 1480 Aug.
567 1437 664 1468 tract.
682 1444 734 1468 ro.
753 1433 789 1466 in
799 1432 915 1477 joan.)
932 1431 1031 1478 quod
1051 1431 1152 1466 bono
1168 1431 1249 1466 zelo
1265 1431 1484 1474 comeditur,
1503 1431 1565 1479 qui
1583 1443 1690 1479 quae-

99 1485 189 1522 libet
208 1498 332 1534 prava,
354 1498 447 1535 quae
464 1487 608 1530 viderit,
631 1487 816 1534 corrigere
835 1486 986 1533 satagit3
1008 1486 1037 1521 si
1059 1486 1196 1533 nequit,
1218 1486 1364 1529 tolerat,
1388 1494 1424 1521 et
1445 1486 1571 1533 gemit.

170 1541 233 1577 AD
254 1552 406 1578 PRIMUM
428 1553 518 1588 ergo
541 1541 750 1584 dicendum,
772 1541 871 1588 quod
893 1539 1096 1587 Apostolus
1118 1541 1167 1574 ibi
1183 1540 1345 1588 loquitur
1359 1541 1403 1576 de
1418 1540 1499 1576 zelo
1517 1541 1688 1584 invidiae,

97 1595 160 1644 qui
180 1595 329 1643 quidem
351 1604 406 1631 est
426 1607 536 1631 causa
559 1595 818 1638 contentionis,
832 1606 909 1630 non
924 1603 1053 1630 contra
1067 1607 1146 1630 rem
1163 1604 1337 1639 amatam,
1352 1595 1416 1631 sed
1429 1607 1496 1643 pro
1511 1607 1549 1631 re
1565 1604 1687 1631 amata

95 1657 228 1685 'contra
247 1650 512 1698 impedimenta
534 1650 656 1697 ipsius.

170 1704 232 1740 An
251 1715 462 1740 SECUNDUM
480 1704 690 1747 dicendum,
713 1704 811 1751 quod
832 1704 973 1739 bonum
997 1713 1150 1748 amatur,
1174 1705 1393 1752 inquantum
1412 1713 1466 1740 est
1481 1705 1687 1740 communi-

99 1758 215 1794 cabile
238 1759 396 1803 amanti;
417 1759 513 1794 unde
535 1770 647 1794 omne
669 1758 770 1801 illud,
792 1759 890 1806 quod
912 1758 1179 1806 perfectionem
1199 1760 1307 1806 hujus
1336 1759 1686 1794 communicationis

98 1813 263 1861 impedit,
285 1812 440 1848 efficitur
461 1813 650 1848 odiosum:
673 1821 709 1848 et
730 1813 781 1848 sic
805 1825 848 1848 ex
871 1824 997 1848 amore
1018 1813 1107 1848 boni
1127 1813 1227 1849 zelus
1254 1822 1442 1849 causatur:
1471 1825 1512 1849 ex
1540 1813 1685 1850 defectu

100 1876 224 1903 autem
243 1867 417 1903 bonitatis
439 1868 630 1915 contingit,
657 1868 755 1915 quod
785 1867 967 1915 quaedam
994 1880 1105 1915 parva
1137 1869 1236 1903 bona
1260 1880 1336 1903 non
1364 1877 1518 1916 possunt
1543 1869 1684 1916 integre

99 1921 211 1957 simul
231 1922 411 1969 possideri
432 1934 452 1957 a
474 1922 616 1966 multis;
638 1930 674 1958 et
695 1933 737 1957 ex
761 1933 887 1957 amore
916 1921 1047 1957 talium
1078 1931 1247 1958 causatur
1276 1923 1375 1958 zelus
1404 1923 1582 1967 invidiae3
1608 1935 1684 1958 non

96 1984 220 2012 autem
240 1977 386 2024 proprie
408 1988 452 2012 ex
472 1977 541 2020 his,
564 1988 657 2024 quae
678 1977 819 2024 integre
841 1985 996 2024 possunt
1017 1988 1037 2012 a
1059 1977 1182 2012 multis
1210 1978 1405 2025 possideri:
1434 1977 1556 2013 nullus
1584 1979 1683 2013 enim

95 2031 234 2066 invidet
254 2030 359 2066 alteri
379 2031 424 2067 de
442 2032 655 2079 cognitione
677 2031 850 2074 veritatis,
873 2043 966 2078 quae
995 2043 1013 2066 a
1041 2031 1165 2068 multis
1188 2033 1330 2080 integre
1353 2033 1530 2080 cognosci
1551 2041 1683 2080 potest,

96 2085 160 2121 sed
181 2084 275 2121 forte
297 2086 342 2121 de
365 2085 581 2122 excellentia
603 2086 700 2121 circa
722 2086 977 2133 cognitionem
997 2086 1117 2133 hujus.

168 2139 230 2175 AD
252 2149 427 2176 TERTIUM
449 2140 658 2183 dicendum,
680 2141 779 2188 quod
797 2140 870 2176 hoc
886 2141 1008 2188 ipsum
1023 2141 1121 2188 quod
1137 2140 1267 2189 aliquis
1282 2141 1368 2177 odio
1383 2142 1494 2177 habet
1516 2153 1569 2185 ea,
1589 2153 1682 2190 quae

96 2202 302 2242 repugnant
323 2203 459 2237 amato,
490 2206 534 2230 ex
563 2206 690 2230 amore
717 2195 900 2242 procedit;
928 2195 1024 2231 unde
1052 2195 1152 2231 zelus
1181 2197 1327 2245 proprie
1353 2197 1502 2245 ponitur
1530 2196 1680 2233 effectus

96 2248 232 2285 amoris
254 2249 384 2296 magis,
407 2261 518 2297 quam
541 2249 627 2284 odii.

663 2381 1012 2427 ARTICULUS
1041 2384 1095 2427 V.
1612 2396 1678 2433 162

352 2485 509 2517 UTRUM
540 2487 665 2517 AMOR
697 2486 764 2517 SIT
798 2487 948 2518 PASSIO
983 2488 1168 2518 LAESIVA
1201 2488 1414 2519 AMANTIS.

165 2573 227 2609 AD
249 2584 433 2614 QUINTUM
455 2574 506 2609 sic
529 2574 749 2621 proceditur.
771 2574 935 2618 Videtur,
957 2575 1057 2622 quod
1080 2587 1184 2610 amor
1206 2576 1251 2611 sit
1271 2577 1391 2623 passio
1419 2575 1579 2612 laesiva:
1607 2576 1680 2612 lan-

94 2639 188 2675 guor
209 2629 308 2663 enirn
330 2628 511 2676 significat
537 2628 739 2664 laesionem
766 2630 965 2676 quamdam
991 2630 1216 2677 languentis:
1246 2631 1308 2665 sed
1331 2642 1436 2665 amor
1459 2640 1584 2666 causat
1606 2632 1679 2666 lan-

95 2693 266 2730 guorem:
289 2683 420 2718 dicitur
441 2683 539 2718 enim
563 2682 669 2718 Cant.
693 2694 743 2718 2.:
766 2685 893 2720 fulcita
916 2685 1261 2733 mafloribus,5tipate
1278 2698 1329 2720 me
1345 2686 1454 2729 malis,
1471 2688 1549 2732 quia
1565 2699 1679 2722 amore

95 2736 257 2784 langueo;
281 2748 370 2784 ergo
394 2748 498 2772 amor
520 2746 574 2772 est
594 2738 716 2785 passio
739 2737 886 2773 laesiva.

168 2800 200 2825 2.
228 2790 468 2827 PRAETEREA.
498 2791 727 2839 Liquefactio
755 2801 808 2828 est
833 2793 1015 2840 quaedam
1041 2793 1237 2829 resolutio:
1266 2795 1328 2830 sed
1358 2805 1463 2829 amor
1489 2803 1544 2830 est
1570 2794 1681 2842 lique-

94 2842 266 2880 factivus:
289 2845 420 2880 dicitur
441 2845 540 2880 enim
563 2845 705 2881 Cantic.
730 2857 778 2892 5.:
801 2848 931 2882 Anima
963 2860 1036 2883 mea
1063 2848 1243 2895 liquefacta
1271 2854 1328 2892 est,
1362 2854 1399 2884 ut
1424 2848 1559 2884 dilectus
1589 2862 1679 2886 meus

95 2897 220 2935 locutus
240 2904 306 2941 est;
329 2911 418 2947 ergo
442 2910 547 2935 amor
567 2908 622 2935 est
642 2900 881 2945 resolutivus;
904 2909 957 2937 est
979 2913 1068 2949 ergo
1090 2903 1331 2950 corruptivus,
1355 2911 1390 2938 et
1411 2902 1579 2939 laesivus.
