1907 3182
235 195 321 238 424
659 191 879 227 QUAESTIO
919 190 1004 220 LXI.
1037 189 1281 219 ARTICULUS
1314 189 1371 219 IV.

235 276 376 322 generis
397 286 472 309 non
494 273 732 308 denominant
758 284 794 306 se
821 272 997 314 invicem3
1025 282 1111 316 ergo
1138 270 1342 316 praedictae
1368 270 1517 305 virtutes
1537 280 1612 304 non
1638 277 1721 304 sunt
1747 269 1789 304 ab

234 329 392 363 invicem
414 328 612 362 distinctae.

305 393 335 416 2.
359 382 594 416 PRAETEREA.
617 379 765 420 Eorum,
788 389 879 424 quae
908 378 948 411 ab
976 377 1134 411 invicem
1160 384 1244 411 sunt
1270 375 1447 419 distincta,
1475 375 1571 422 quod
1598 384 1652 410 est
1671 376 1789 418 unius,

234 447 307 469 non
331 435 531 469 attribuitur
547 433 668 467 alteri:
688 432 748 466 sed
768 431 867 473 illud,
887 431 982 476 quod
1002 437 1053 464 est
1066 429 1338 476 temperantiae,
1354 430 1555 464 attribuitur
1572 428 1790 464 fortitudini:

236 489 323 522 dicit
345 488 442 522 enim
465 487 634 520 Ambros.
658 485 693 518 in
720 495 746 518 1.
769 484 828 518 lib.
853 484 895 518 de
919 482 1026 518 Offic.
1052 483 1140 529 (cap.
1161 482 1212 529 36.
1226 483 1328 529 paulo
1351 494 1370 517 a
1387 484 1536 529 princ.):
1559 483 1640 527 sure
1665 494 1702 517 ea
1720 483 1794 529 sor-

235 541 339 576 titndo
373 546 526 581 vocatur,
562 538 689 585 quando
718 538 933 583 zciznsqztisqzae
959 538 1097 582 seipsmn.
1121 537 1240 577 vincit,
1267 535 1388 570 nullius
1419 536 1578 570 illecebris
1611 535 1788 577 emollitur,

234 600 329 640 atque
351 595 549 640 inflectitur:
573 592 615 626 de
637 590 874 636 temperantia
897 590 1005 624 etiam
1027 590 1113 623 dicit
1135 589 1221 636 (cap.
1241 600 1289 634 43.
1309 594 1336 623 et
1356 589 1449 634 45.):
1473 588 1569 635 quod
1583 589 1795 631 modum‚vel

236 648 385 687 ordinum
403 651 512 681 servat
534 646 693 687 omnium,
714 655 795 689 quaa
812 644 864 678 vel
885 643 1020 688 agenda,
1040 643 1092 676 vel
1121 642 1256 676 dicenda
1274 643 1506 683 arbitramur;
1529 653 1616 688 ergo
1642 641 1793 684 videtur,

236 701 333 748 quod
359 699 570 745 hujusmodi
590 699 738 731 virtutes
760 708 833 730 non
857 704 938 730 sunt
961 697 1001 729 ab
1026 695 1183 729 invicem
1207 695 1405 729 distinctae.

310 766 338 800 3.
362 754 596 787 PRAETEREA.
620 750 756 784 Philos.
781 750 866 783 dicit
887 749 923 783 in
947 759 977 782 2.
1000 749 1115 782 Ethic.
1139 749 1225 794 (cap.
1247 749 1311 793 4.),
1328 747 1424 794 quod
1447 747 1490 782 ad
1511 747 1681 781 virtutem
1702 748 1793 782 haec

236 808 485 853 requiruntur.-
502 806 652 851 primam
680 803 822 849 qnidam,
844 804 871 837 si
892 803 1015 836 sciens:
1037 801 1160 843 deinde,
1183 803 1210 836 si
1231 801 1359 847 eligans,
1382 806 1409 835 et
1427 801 1543 846 eligens
1556 806 1695 847 propter
1716 801 1793 836 hoc:

237 862 369 896 turtimn
386 865 506 900 aulem,
523 859 549 892 51'
563 859 675 903 firme,
696 862 724 891 ct
747 856 960 890 immobiliter
978 856 1094 890 habeat
1114 867 1154 897 se,
1173 860 1203 889 at
1222 859 1393 901 operetur:
1413 854 1475 888 sed
1492 854 1624 888 horum
1643 855 1795 900 primum

235 914 375 947 videtur
397 913 439 946 ad
458 910 686 957 prudentiam
706 909 895 955 pertinere,
915 920 1006 954 quae
1022 916 1074 942 est
1096 913 1184 943 rectit
1202 909 1290 942 ratio
1309 908 1505 953 agibilium:
1527 907 1714 949 secundum,
1731 908 1795 942 sci-

236 967 330 1009 licet,
353 967 478 1011 eligere,
504 964 546 998 ad
568 963 856 1009 temperantiam,
880 971 917 996 ut
939 962 1065 1007 aliquis
1087 973 1160 995 non
1188 972 1229 995 ex
1255 961 1433 1007 passione,
1460 960 1523 994 sed
1550 971 1591 994 ex
1618 959 1795 996 electione

237 1027 329 1065 agat,
351 1018 578 1065 passionibus
601 1016 826 1050 refraenatis:
851 1017 995 1057 tertiam,
1018 1014 1166 1056 scilicet,
1188 1019 1225 1049 ut
1245 1014 1364 1059 aliquis
1380 1018 1517 1060 propter
1535 1013 1679 1048 debitum
1692 1014 1796 1060 finam

237 1078 388 1119 operetur
406 1070 659 1106 rectitudinem
680 1068 875 1115 quamdam
891 1068 1063 1109 continet,
1079 1079 1169 1114 quae
1187 1067 1328 1101 videtur
1347 1067 1389 1100 ad
1408 1066 1579 1112 justitiam
1599 1066 1794 1113 pertinere:

237 1126 340 1168 aliud,
363 1124 511 1165 scilicet,
525 1124 679 1167 firmitas,
700 1128 729 1157 et
751 1122 976 1164 immobilitas,
996 1121 1150 1167 pertinet
1165 1121 1208 1154 ad
1226 1120 1493 1162 fortitudinem;
1513 1131 1598 1166 ergo
1618 1119 1798 1166 quaelibet

236 1181 365 1214 harum
386 1178 559 1212 virtutum
581 1184 632 1211 est
655 1175 833 1222 generalis
857 1175 899 1209 ad
920 1186 1047 1209 omnes
1068 1175 1233 1216 virtutes3
1257 1185 1344 1220 ergo
1366 1185 1440 1207 non
1463 1173 1730 1220 distinguuntur
1751 1173 1793 1208 ab

238 1234 406 1268 invicem.

311 1287 384 1321 SED
407 1296 562 1321 CONTRA
589 1292 652 1326 est,
679 1283 775 1329 quod
798 1282 950 1329 August.
979 1282 1064 1316 dicit
1089 1282 1125 1316 in
1152 1281 1210 1316 lib.
1239 1281 1282 1316 de
1309 1281 1438 1315 Morib.
1466 1279 1562 1315 Eccl.
1588 1280 1674 1328 (cap.
1698 1292 1740 1327 15.
1762 1281 1798 1314 in

232 1340 361 1387 princ.)
384 1339 481 1385 quod
508 1337 762 1384 quadripartita
792 1336 919 1370 dicitur
940 1337 1050 1370 virtus
1074 1348 1115 1370 ex
1137 1335 1245 1381 ipsius
1278 1334 1412 1369 amoris
1439 1334 1541 1368 vario
1570 1334 1731 1380 quodam
1752 1333 1799 1368 af-

239 1393 352 1428 fectu:
376 1401 409 1427 et
430 1391 609 1437 subjungit
632 1391 674 1424 de
696 1389 885 1436 praedictis
908 1397 1062 1435 quatuor
1082 1388 1288 1429 virtutibus3
1310 1388 1512 1434 praedictae
1534 1398 1621 1433 ergo
1644 1395 1797 1434 quatuor

240 1447 386 1481 virtutes
408 1453 489 1480 sunt
512 1445 552 1479 ab
575 1444 730 1478 invicem
750 1443 947 1477 distinctae.

311 1500 539 1534 ResPONDEo
554 1497 758 1538 dicendum,
777 1496 884 1542 quod,
899 1496 991 1529 sicut
1005 1506 1108 1541 supra
1123 1494 1258 1528 dictum
1274 1502 1326 1529 est
1342 1493 1420 1538 (art.
1432 1493 1577 1540 praefi),
1593 1494 1797 1540 praedictae

241 1561 394 1600 quatuor
415 1552 561 1586 virtutes
580 1550 754 1597 dupliciter
776 1561 794 1583 a
816 1549 963 1582 diversis
983 1548 1223 1594 accipiuntur:
1246 1547 1379 1593 quitiam
1403 1547 1499 1581 enirn
1522 1547 1703 1593 accipiunt
1725 1558 1797 1589 eas,

240 1614 346 1653 prout
372 1604 574 1651 significant
594 1603 768 1649 quasdam
795 1601 981 1648 generales
1010 1601 1236 1635 conditiones
1262 1600 1413 1634 humani
1441 1600 1562 1642 animi,
1590 1611 1682 1646 quae
1704 1600 1800 1635 inve-

240 1660 384 1694 niuntur
406 1659 440 1692 in
463 1657 629 1691 omnibus
647 1656 852 1690 virtutibus:
877 1655 923 1689 ita
946 1654 1082 1688 scilicet
1097 1654 1192 1700 quod
1202 1653 1381 1700 prudentia
1396 1653 1486 1687 nihil
1500 1653 1544 1687 sit
1563 1653 1670 1696 aliud,
1689 1665 1798 1700 quam

240 1713 418 1760 quaedam
440 1711 614 1745 rectitudo
634 1709 858 1743 discretionis
873 1709 908 1741 in
924 1708 1209 1754 quibuscumque
1231 1707 1379 1749 actibus,
1394 1706 1452 1741 vel
1471 1707 1647 1741 materiis:
1668 1708 1799 1753 justitia

239 1778 326 1801 vero
348 1766 391 1800 sit
412 1764 589 1811 quaedam
612 1762 787 1797 rectitudo
816 1762 937 1803 animi,
960 1773 1023 1807 per
1045 1772 1153 1806 quam
1174 1761 1290 1794 homo
1317 1768 1486 1806 operatur
1513 1760 1610 1807 quod
1632 1761 1737 1795 debet
1763 1761 1798 1795 in

239 1830 466 1866 quacumque
493 1817 660 1851 materia:
690 1816 905 1862 temperantia
931 1826 1016 1848 vero
1044 1814 1089 1848 sit
1115 1813 1292 1859 quaedam
1328 1813 1515 1860 dispositio
1551 1813 1673 1856 animi,
1707 1825 1798 1861 quae

239 1873 390 1907 modum
413 1871 696 1918 quibuscumque
719 1868 954 1915 passionibus,
970 1867 1028 1902 vel
1048 1867 1315 1914 operationibus
1337 1867 1503 1913 imponit,
1524 1878 1570 1902 ne
1592 1867 1683 1902 ultra
1705 1867 1798 1902 debi-

239 1935 315 1961 tum
338 1923 727 1971 efferantur:fortitudo
749 1934 835 1957 vero
859 1922 903 1956 sit
923 1921 1101 1968 quaedam
1129 1921 1315 1967 dispositio
1343 1921 1497 1964 animae,
1524 1933 1588 1968 per
1613 1933 1723 1968 quam
1746 1921 1800 1956 fir-

240 1988 357 2014 metur
378 1980 412 2012 in
436 1990 490 2020 eO,
513 1978 608 2024 quod
632 1985 683 2011 est
705 1975 904 2011 secundum
927 1975 1116 2016 rationem,
1132 1982 1256 2008 contra
1275 1985 1525 2021 quoscumque
1547 1975 1702 2021 impetus
1724 1986 1801 2021 pas-

240 2035 395 2074 sionum,
422 2032 478 2066 vel
505 2031 757 2077 operationum
792 2029 945 2063 labores.
969 2029 1067 2062 Haec
1101 2036 1221 2062 autem
1255 2035 1408 2073 quatuor
1441 2028 1490 2062 sic
1525 2028 1691 2063 distincta
1725 2039 1798 2063 non

241 2088 435 2133 important
456 2085 697 2118 diversitatem
721 2083 909 2116 habituum
931 2082 1175 2115 virtuosorum
1197 2089 1371 2127 quantum
1394 2081 1437 2115 ad
1458 2081 1643 2126 justitiam,
1664 2089 1798 2128 tempe-

242 2140 405 2180 rantiam,
428 2147 461 2173 et
479 2138 735 2171 fortitudinem.
754 2135 938 2170 Cuililibet
961 2135 1057 2169 enim
1079 2134 1199 2168 virtuti
1214 2133 1341 2168 morali
1358 2145 1398 2168 ex
1417 2134 1487 2168 hoc
1511 2135 1606 2180 quod
1629 2143 1682 2169 est
1703 2135 1801 2168 habi-

240 2202 308 2235 tus,
331 2192 498 2227 convenit
517 2190 693 2236 quaedam
717 2190 875 2231 firmitas,
898 2197 936 2222 ut
958 2200 975 2222 a
999 2187 1180 2222 contrario
1206 2199 1279 2221 non
1308 2196 1514 2230 moveatur3
1536 2188 1633 2234 quod
1661 2188 1797 2223 dictum

242 2255 294 2281 est
317 2247 359 2280 ad
382 2245 624 2279 fortitudinem
648 2243 839 2289 pertinere:
863 2254 903 2276 ex
925 2243 994 2276 hoc
1023 2253 1109 2276 vero
1132 2241 1228 2287 quod
1251 2249 1304 2276 est
1321 2241 1444 2283 virtus,
1463 2241 1571 2275 habet
1588 2241 1685 2288 quod
1705 2242 1799 2276 ordi-

242 2309 344 2334 netur
366 2299 407 2332 ad
430 2299 577 2339 bonum,
600 2297 634 2330 in
659 2308 729 2342 quo
751 2297 964 2342 importatur
986 2296 1076 2329 ratio
1099 2296 1190 2336 recti,
1209 2294 1266 2328 vel
1287 2294 1406 2335 dubia,-
1429 2295 1526 2340 quod
1549 2294 1733 2329 dicebatur
1755 2295 1798 2329 ad

241 2353 412 2399 justitiam
435 2351 628 2398 pertinere:
654 2351 686 2383 in
709 2350 779 2383 hoc
798 2361 883 2383 vero
903 2349 997 2395 quod
1018 2357 1069 2382 est
1088 2350 1198 2382 virtus
1213 2347 1360 2382 moralis
1376 2348 1553 2382 rationem
1569 2348 1798 2395 participans,

240 2407 348 2440 habet
366 2405 460 2451 quod
476 2404 625 2437 modum
642 2403 787 2436 rationis
804 2403 837 2435 in
853 2403 1019 2435 omnibus
1038 2410 1166 2443 servet,
1186 2409 1219 2435 et
1238 2401 1327 2435 ultra
1347 2412 1383 2435 se
1402 2412 1475 2435 non
1497 2402 1682 2444 extendat3
1702 2403 1798 2448 quod

241 2460 424 2494 dicebatur
438 2458 612 2504 pertinere
629 2456 670 2490 ad
686 2456 977 2501 temperantiam:
1002 2455 1120 2489 solum
1141 2462 1259 2488 autem
1276 2454 1345 2488 hoc
1362 2455 1457 2500 quod
1474 2463 1526 2488 est
1541 2455 1798 2490 discretionem

239 2514 384 2555 habere,
411 2512 506 2558 quod
535 2510 789 2544 attribuebatur
816 2509 1034 2554 prudentiae,
1062 2509 1201 2542 videtur
1227 2508 1396 2552 distingui
1424 2508 1466 2542 ab
1495 2508 1572 2542 aliis
1599 2508 1729 2550 tribus;
1751 2509 1800 2543 in-

240 2575 413 2614 quantum
436 2566 505 2599 hoc
529 2572 579 2598 est
602 2563 710 2609 ipsius
726 2563 871 2596 rationis
887 2574 948 2608 per
963 2562 1171 2596 essentiam:
1189 2561 1257 2595 alia
1273 2573 1358 2595 vero
1374 2561 1440 2595 tria
1462 2561 1659 2608 important
1677 2573 1800 2608 quam-

241 2621 323 2654 dam
347 2618 656 2665 participationem
681 2616 827 2649 rationis
850 2627 910 2661 per
932 2616 1081 2648 modum
1110 2614 1358 2660 applicationis
1380 2615 1566 2660 cujusdam
1594 2615 1638 2648 ad
1664 2615 1797 2662 passio-

242 2685 316 2715 nes,
339 2673 394 2707 vel
419 2671 664 2718 operationes:
688 2669 737 2702 sic
766 2669 870 2713 igitur
894 2668 1091 2702 secundum
1116 2668 1307 2713 praedicta,
1330 2667 1515 2714 prudentia
1538 2667 1684 2714 quidem
1706 2676 1799 2703 esset

240 2727 350 2760 virtus
378 2725 542 2759 distincta
572 2723 612 2756 ab
641 2722 717 2756 aliis
739 2722 866 2755 tribus:
892 2721 951 2754 sed
981 2721 1070 2754 aliae
1097 2729 1167 2755 tres
1193 2732 1266 2754 non
1295 2728 1412 2755 essent
1437 2721 1584 2755 virtutes
1611 2721 1798 2756 distinctae

243 2780 284 2814 ab
308 2779 481 2812 invicem:
505 2775 732 2811 manifestum
762 2783 813 2808 est
835 2774 942 2814 enim,
967 2774 1061 2819 quod
1086 2785 1154 2807 una
1178 2782 1212 2807 et
1234 2774 1360 2808 eadem
1382 2773 1492 2808 virtus
1515 2782 1548 2808 et
1570 2781 1622 2808 est
1642 2774 1797 2814 habitus,

243 2842 275 2867 et
297 2841 349 2867 est
371 2832 491 2872 virtus,
515 2839 547 2864 et
570 2838 621 2864 est
644 2828 801 2863 moralis.
824 2828 893 2861 „Ilii
915 2839 1012 2867 vero,
1040 2835 1072 2860 et
1101 2826 1228 2860 melius
1256 2827 1436 2873 accipiunt
1462 2826 1526 2861 has
1554 2834 1707 2873 quatuor
1733 2827 1798 2861 vir-

243 2894 346 2928 tute-S,
368 2884 564 2920 secundum
587 2882 682 2930 quod
705 2881 988 2917 determinantur
1011 2881 1052 2914 ad
1077 2880 1243 2914 materias
1264 2879 1450 2926 speciales,
1473 2891 1708 2927 unaquaeque
1725 2881 1797 2927 qui-
