1907 3198
8 2306 33 2414 νῆ(
13 2235 29 2267 ⁴·
10 2135 33 2221 ’fs-
7 2010 31 2122 “ut-‘a
4 1918 27 1992 μη..
2 1899 3 1902 ‘
8 1858 25 1884 ι..
13 1827 25 1836 .-

11 2422 42 2624 -22212

517 175 743 215 QUAESTIO
777 173 864 203 XIV.
898 166 1145 201 ARTICULUS
1179 165 1241 195 111.
1598 158 1674 201 123

665 312 1012 363 ARTICULUS
1046 310 1126 354 ΠΙ.
1638 311 1680 358 83

151 431 306 463 UTRUM
329 425 570 460 CONSILIUM
593 423 660 453 SIT
684 421 833 451 SOLUM
860 419 918 448 DE
946 417 1032 456 HIS,
1055 413 1175 450 QUAE
1202 411 1229 440 A
1253 408 1383 440 NOBIS
1412 404 1637 436 AGUNTUR.

107 511 194 556 (2-2.
215 520 246 555 q.
267 518 323 554 47.
346 510 409 541 art.
432 516 463 540 2.
486 509 575 549 corp.
597 506 625 537 et
640 513 668 547 3.
692 500 780 534 Dist.
800 509 845 545 35.
868 509 898 543 q.
921 507 952 530 2.
974 498 1038 528 art.
1067 503 1099 536 4.
1123 503 1152 537 q.
1176 502 1203 525 r.
1226 493 1318 534 corp.
1341 490 1369 521 et
1386 497 1414 532 3.
1438 483 1513 518 ΕΗ).
1536 481 1605 516 lact.
1626 480 1684 526 7.).

180 592 241 627 AD
263 599 436 626 TERTluM
463 588 513 622 sic
546 584 764 633 proceditur.
792 581 957 621 Videtur,
985 576 1082 625 quod
1111 572 1306 609 consilium
1334 580 1409 604 non
1432 567 1477 602 sit
1498 565 1619 601 solum
1642 563 1686 597 de

109 647 178 689 his,
199 656 292 693 quae
315 651 470 691 aguntur
493 653 512 676 a
534 640 655 675 nobis:
680 636 876 672 consilium
898 633 997 669 enim
1021 629 1260 666 collationem
1279 623 1478 672 quamdam
1496 621 1688 667 importat:

110 700 174 737 sed
195 698 345 734 collatio
366 698 460 732 inter
482 694 618 730 multos
645 699 765 740 potest
792 690 868 725 fieri
887 688 998 723 etiam
1021 686 1064 720 de
1087 685 1193 719 rebus
1215 678 1477 720 immobilibus,
1501 686 1593 723 quae
1615 684 1690 708 non

110 755 202 791 fiunt
223 765 242 788 a
256 752 380 796 nobis3
403 759 488 799 puta
510 750 554 785 de
576 747 715 783 naturis
736 756 879 787 rerum;
902 753 990 790 ergo
1015 738 1211 776 consilium
1232 747 1308 771 non
1330 733 1451 769 solum
1473 738 1527 766 est
1552 729 1596 764 de
1622 727 1692 770 his,

112 820 205 858 quae
227 814 382 855 aguntur
403 817 423 840 a
444 804 561 840 nobis.

185 873 217 898 2.
239 862 477 897 PRAETEREA.
501 857 682 893 Homines
704 853 886 890 interdum
910 849 1064 886 consilia
1092 853 1316 895 quaeruntur
1342 842 1385 878 de
1407 841 1476 884 his,
1498 849 1591 887 quae
1613 844 1696 873 sunt

113 917 194 965 lege
217 923 360 958 statuta,
387 913 482 948 unde
511 921 546 948 et
567 909 804 958 jurisconsulti
832 907 1019 942 dicuntur:
1049 911 1083 938 et
1108 911 1232 937 tamen
1261 909 1402 940 eorum,
1429 894 1492 942 qui
1517 898 1696 940 quaerunt

113 969 327 1019 hujusmodi
348 967 556 1009 consilium,
577 976 652 1000 non
675 972 728 999 est
748 962 849 1009 leges
867 960 1007 1002 facea-:3
1026 968 1114 1004 ergo
1135 953 1331 990 consilium
1348 961 1424 986 non
1443 948 1563 984 solum
1586 954 1640 981 est
1653 944 1697 980 de

114 1026 184 1070 his,
205 1035 298 1072 quae
320 1035 340 1058 a
361 1022 467 1058 nobis
490 1028 657 1068 aguntur.

191 1091 221 1127 3.
248 1079 487 1114 PRAETEREA.
515 1075 697 1110 Dicuntur
723 1071 834 1107 etiam
861 1068 1010 1116 quidam
1038 1062 1326 1102 consultationes
1353 1059 1474 1094 facete
1501 1056 1545 1091 de
1571 1053 1700 1090 futuris

117 1134 318 1176 eventibus,
339 1132 401 1180 qui
421 1139 546 1166 tamen
565 1140 640 1163 non
660 1134 743 1162 sunt
759 1126 795 1160 in
815 1130 994 1172 potestate
1007 1128 1152 1162 nostra;
1171 1128 1259 1165 ergo
1275 1113 1471 1151 consilium
1485 1122 1560 1146 non
1579 1108 1700 1145 solum

119 1198 173 1226 est
194 1189 238 1224 de
259 1188 328 1230 his,
349 1197 442 1234 quae
470 1196 490 1219 a
511 1183 616 1218 nobis
638 1181 739 1216 fiunt.

189 1253 223 1287 4.
245 1242 483 1278 PRAETEREA.
507 1238 547 1273 Si
569 1234 765 1271 consilium
788 1240 882 1268 esset
903 1230 1024 1266 solum
1039 1229 1083 1263 de
1105 1228 1161 1263 his
1181 1236 1273 1273 quae
1296 1236 1315 1259 a
1337 1222 1442 1258 nobis
1464 1220 1566 1262 fiunt,
1581 1217 1702 1253 nullus

121 1296 374 1334 consiliaretur
395 1294 439 1329 de
456 1293 525 1335 his,
545 1301 638 1339 quae
657 1297 741 1325 sunt
758 1298 822 1335 per
841 1285 952 1321 alium
973 1282 1132 1331 agenda:
1156 1280 1218 1316 sed
1241 1280 1313 1314 hoc
1329 1284 1427 1325 patet
1446 1286 1524 1310 esse
1550 1272 1704 1313 falsum3

121 1363 208 1401 ergo
231 1349 428 1386 consilium
449 1358 524 1383 non
547 1345 669 1381 solum
691 1351 745 1378 est
767 1342 810 1376 de
832 1341 901 1382 his,
924 1349 1016 1386 quae
1040 1348 1059 1371 a
1081 1335 1186 1371 nobis
1208 1334 1309 1369 fiunt.

194 1407 270 1442 Si-:n
292 1413 449 1441 CONTRA
471 1410 536 1444 est,
559 1398 656 1447 quod
681 1397 792 1444 Greg.
815 1395 1004 1442 Nyssenus
1028 1391 1095 1436 (vel
1117 1390 1245 1425 Nemes.
1261 1386 1298 1422 dc
1320 1386 1400 1422 Nat.
1420 1384 1524 1419 Hom.
1542 1388 1615 1429 cap.
1635 1380 1705 1428 34.)

123 1461 226 1497 dicit:
253 1458 482 1496 Consiliamur
502 1455 539 1491 de
561 1455 622 1498 his,
645 1463 728 1501 quae
749 1455 824 1486 sunt
845 1451 879 1484 in
902 1449 1007 1489 uobis,
1031 1450 1059 1481 el
1078 1451 1141 1492 per
1161 1455 1219 1478 νιος
1231 1442 1312 1489 fieri
1328 1443 1475 1488 possunt.

194 1514 427 1550 RESPONDEO
449 1508 658 1550 dicendum,
673 1505 771 1554 quod
787 1502 983 1538 consilium
1002 1499 1146 1548 proprie
1166 1498 1340 1543 importat
1355 1492 1594 1528 collationem
1613 1489 1705 1524 inter

124 1569 246 1618 plures
263 1567 445 1603 habitam:
469 1563 567 1612 quod
587 1570 621 1597 et
634 1562 754 1609 ipsum
769 1569 906 1594 nornen
926 1555 1106 1601 designat:
1129 1551 1260 1587 dicitur
1278 1549 1375 1584 enim
1395 1546 1582 1588 consilium,
1602 1543 1705 1591 quasi

125 1623 323 1666 considium,
351 1632 396 1657 eo
423 1618 522 1668 quod
549 1616 655 1653 multi
681 1613 873 1650 consident
895 1611 938 1646 ad
961 1608 1070 1645 simul
1092 1604 1368 1642 conferendum.
1391 1602 1454 1637 Est
1476 1609 1599 1636 autern
1622 1609 1707 1633 con-

126 1677 372 1720 siderandum,
383 1674 481 1723 quod
492 1674 528 1709 in
540 1669 818 1720 particularibus
834 1663 1141 1712 contingentibus,
1158 1660 1202 1695 ad
1216 1660 1288 1694 hoc
1305 1656 1402 1705 quod
1416 1654 1551 1702 aliquid
1567 1661 1707 1688 certum

127 1739 386 1781 cognoscatur,
401 1729 522 1777 plures
537 1725 779 1766 conditiones,
795 1733 858 1757 seu
879 1716 1170 1755 circumstantias
1194 1713 1426 1749 considerare
1449 1716 1605 1757 oportet,
1621 1717 1709 1754 quas

129 1789 172 1824 ab
194 1799 268 1823 uno
289 1797 364 1821 non
386 1783 492 1819 facile
515 1789 570 1817 est
597 1777 831 1819 considerari,
854 1775 916 1810 sed
945 1785 964 1808 a
990 1771 1152 1820 pluribus
1180 1768 1312 1803 certius
1340 1765 1598 1814 percipiuntur,
1621 1761 1708 1795 dum

129 1842 227 1892 quod
249 1851 342 1876 unus
361 1837 579 1879 considerat,
595 1835 656 1869 alii
674 1845 748 1868 non
768 1829 945 1866 occurrit:
962 1828 998 1862 in
1013 1823 1227 1864 necessariis
1247 1829 1381 1862 autem,
1397 1827 1431 1854 et
1447 1815 1711 1852 universalibus

130 1905 184 1934 est
205 1895 417 1937 absolutior,
439 1900 475 1928 et
495 1889 698 1938 simplicior
721 1883 979 1926 consideratio,
1001 1882 1049 1916 ita
1072 1878 1170 1927 quod
1192 1876 1310 1922 magis
1333 1875 1376 1909 ad
1398 1871 1610 1920 hujusmodi
1629 1880 1714 1904 con-

130 1951 390 1988 siderationem
412 1957 505 1982 unus
527 1956 590 1993 per
612 1954 649 1979 se
673 1940 839 1978 sufficere
861 1944 998 1986 potest;
1020 1943 1055 1970 et
1076 1933 1159 1968 ideo
1190 1930 1376 1978 inquisitio
1400 1926 1545 1963 consilii
1565 1923 1709 1972 proprie

131 2006 286 2055 pertinet
306 2004 351 2039 ad
373 1999 622 2048 contingentia
645 1995 853 2044 singularia.

204 2058 380 2106 Cognitio
403 2064 526 2092 autem
546 2052 706 2089 veritatis
729 2051 764 2084 in
785 2048 916 2084 talibus
938 2057 1012 2080 non
1030 2043 1141 2078 habet
1164 2039 1298 2087 aliquid
1321 2047 1511 2083 magnum,
1530 2041 1569 2068 ut
1589 2044 1654 2081 per
1675 2043 1712 2067 sc

133 2116 179 2152 sit
199 2112 414 2162 appetibilis,
435 2111 529 2146 sicut
550 2106 713 2154 cognitio
740 2100 1014 2142 universalium,
1042 2105 1076 2133 et
1102 2094 1410 2131 necessariorum:
1434 2090 1496 2125 sed
1526 2088 1715 2136 appetitur,

134 2168 336 2206 secundum
357 2165 455 2214 quod
478 2171 531 2199 est
551 2161 649 2197 utilis
676 2159 721 2195 ad
749 2156 1025 2205 operationem
1048 2151 1132 2199 quia
1156 2149 1318 2184 actiones
1346 2153 1429 2181 sunt
1456 2144 1552 2178 circa
1580 2141 1719 2176 contin-

135 2223 258 2272 gentia
279 2219 488 2268 singularia,
511 2225 546 2252 et
567 2216 649 2251 ideo
672 2211 871 2248 dicendum
890 2217 954 2251 est,
970 2206 1068 2255 quod
1090 2203 1234 2253 proprie
1258 2200 1453 2237 consilium
1473 2206 1526 2233 est
1545 2197 1640 2231 circa
1663 2206 1716 2237 ea,

136 2289 228 2326 quae
251 2283 407 2323 aguntur
425 2284 445 2308 a
465 2271 582 2307 nobis.

208 2332 269 2367 An
290 2338 441 2366 PRIMUM
463 2337 551 2373 ergo
579 2322 787 2363 dicendum,
815 2317 913 2367 quod
941 2314 1137 2351 consilium
1164 2314 1337 2359 importat
1364 2306 1614 2347 collationem,
1644 2314 1718 2338 non

138 2394 422 2434 quamcumque,
457 2381 520 2417 sed
555 2378 793 2414 collationem
832 2373 875 2408 de
913 2371 1020 2406 rebus
1060 2367 1221 2416 agendis,
1255 2365 1395 2400 ratione
1430 2364 1504 2409 jam
1539 2360 1635 2394 dicta
1667 2358 1718 2404 (in

139 2446 228 2489 corp.
250 2440 345 2486 art).

211 2495 272 2530 AD
294 2499 504 2529 SECUNDUM
526 2486 734 2528 dicendum,
757 2482 855 2531 quod
878 2481 926 2523 id,
953 2478 1052 2527 quod
1080 2485 1133 2512 est
1159 2475 1240 2522 lege
1267 2472 1439 2521 positum,
1455 2468 1621 2516 quamvis
1647 2477 1722 2501 non

140 2550 186 2587 sit
211 2561 254 2584 ex
279 2546 493 2595 operatione
520 2540 724 2590 quaerentis
752 2536 960 2577 consilium,
987 2542 1111 2568 tamen
1139 2538 1192 2565 cst
1218 2527 1435 2563 directivum
1463 2525 1539 2570 ejus
1567 2522 1610 2556 ad
1639 2532 1723 2568 ope-

142 2603 317 2640 randum:
339 2601 423 2649 quia
449 2599 516 2634 ista
542 2605 597 2632 est
617 2607 689 2630 una
709 2595 801 2630 ratio
825 2590 960 2638 aliquid
988 2587 1175 2636 operandi,
1198 2584 1338 2620 scilicet
1359 2580 1574 2616 mandatum
1596 2577 1698 2624 legis.

215 2658 276 2693 AD
291 2664 464 2692 TERTIUM
480 2650 687 2693 dicendum,
703 2647 802 2696 quod
825 2644 1020 2681 consilium
1042 2653 1117 2677 non
1141 2639 1262 2675 solum
1285 2646 1338 2672 est
1359 2637 1402 2671 de
1424 2635 1480 2669 his
1503 2644 1595 2680 quae
1616 2642 1725 2678 agun-

144 2721 213 2756 tur,
235 2711 296 2747 sed
319 2710 363 2745 de
384 2708 441 2744 his
463 2718 555 2754 quae
582 2705 795 2741 ordinantur
823 2700 866 2735 ad
894 2697 1142 2746 operationes:
1172 2702 1206 2729 et
1233 2700 1379 2741 propter
1405 2690 1476 2724 hoc
1505 2685 1726 2722 consultatio

146 2767 277 2803 dicitur
297 2764 375 2800 fieri
396 2763 439 2798 de
465 2760 592 2796 futuris
619 2757 819 2800 eventibus,
847 2755 1064 2801 inquantum
1091 2750 1207 2785 homo
1235 2758 1298 2794 per
1324 2744 1465 2780 futuros
1492 2749 1643 2776 eventus
1671 2750 1729 2774 co-

148 2821 268 2870 gnitos
289 2817 455 2865 dirigitur
476 2815 520 2851 ad
542 2813 676 2861 aliquid
698 2809 919 2851 faciendum,
937 2806 995 2842 vel
1016 2804 1217 2840 vitandum.

220 2875 281 2910 An
307 2880 497 2914 QUARTUM
523 2867 731 2908 dicendum,
757 2863 855 2912 quod
883 2862 926 2897 de
955 2860 1111 2896 aliorum
1138 2856 1242 2892 sactis
1277 2851 1473 2889 consilium
1507 2849 1728 2897 quaerimus,

149 2929 364 2976 inquantum
391 2933 474 2962 sunt
499 2919 776 2971 quodammodo
805 2927 916 2953 unum
944 2915 1158 2955 nobiscum;
1184 2909 1242 2945 vel
1269 2919 1332 2956 per
1359 2905 1535 2942 unionem
1559 2902 1728 2945 affectus;
