1907 3198
516 187 740 224 Qmuzsno
768 158 848 219 Xeu.
882 187 1128 219 Alimentus
1161 187 1218 218 iv.
1572 189 1654 233 755

89 270 128 318 in
143 270 304 306 novitate
320 268 441 312 lunae,
458 280 533 305 non
551 278 673 305 autern
692 269 727 304 in
747 270 823 315 ejus
841 269 1074 316 plenitudine,
1089 269 1133 304 ad
1156 269 1363 305 evitandum
1382 269 1658 305 idololatrarum

89 322 241 367 cultum,
257 323 320 371 qui
343 323 380 359 in
402 322 465 358 tali
491 331 654 370 tempore
679 323 802 359 Lunae
825 322 1095 359 sacrificabant:
1117 322 1206 358 haec
1236 331 1357 358 autem
1384 323 1456 358 duo
1484 323 1658 359 beneficia

32 396 35 398 ·
88 384 172 414 sunt
191 378 403 412 communia
432 376 499 412 toti
526 376 688 412 humano
719 377 860 423 generi:
887 385 922 411 et
956 377 1038 411 ideo
1066 375 1285 423 frequentius
1307 376 1556 412 iterabantur:
1589 377 1658 412 alia

87 441 176 466 vero
201 430 359 478 quinque
388 429 478 465 festa
505 430 735 465 celebrabant
761 430 873 465 semel
897 431 931 465 in
963 442 1079 465 anno:
1111 438 1147 465 et
1173 429 1425 465 recolebantur
1455 431 1490 465 in
1521 431 1572 466 eis
1603 432 1659 466 be-

86 482 219 521 neficia
237 482 440 532 specialiter
461 483 512 518 illi
534 483 672 531 populo
695 483 870 519 exhibita:
894 483 1143 519 celebrabatur
1164 484 1262 518 enim
1276 484 1401 531 festum
1423 485 1523 520 l’lmse
1539 485 1657 531 primo

91 548 217 574 mense
242 537 288 573 ad
313 537 682 573 commemorandum
717 537 940 572 liberationis
975 537 1192 572 beneficium
1219 549 1262 573 ex
1287 538 1476 585 Aegypto:
1505 538 1661 574 celebra-

87 591 192 628 batur
212 598 334 627 autem
348 591 471 638 festum
499 591 691 626 Pentecostcs
714 599 795 638 post
817 591 1077 638 quinquaginta
1105 591 1192 634 dies,
1220 591 1263 626 ad
1291 591 1529 627 recolendum
1555 592 1659 627 bene-

88 643 213 681 ficium
233 643 324 691 legis
345 643 461 679 datae.
484 643 568 679 Alia
589 655 676 680 vero
697 644 765 680 tria
786 643 875 680 festa
903 645 1178 680 celebrabantur
1198 645 1233 680 in
1257 656 1381 681 mense
1408 646 1576 693 septimo,
1598 646 1660 693 qui

88 697 192 746 quasi
211 705 310 734 totus
335 697 430 745 apud
457 709 521 733 eos
546 706 622 733 erat
647 697 834 740 solemnis,
861 698 953 733 sicut
979 707 1014 733 et
1040 699 1215 745 septimus
1241 699 1328 734 dies.
1355 699 1396 734 In
1423 699 1538 746 prima
1561 700 1658 734 enim

88 751 147 789 die
175 750 311 787 mensis
343 751 488 798 septimi
513 762 574 786 era
595 751 718 798 festum
756 752 943 794 Τιιὺανιιηι,
971 752 1007 786 in
1034 752 1253 787 memoriam
1287 752 1509 789 liberationis
1544 753 1658 796 Isaac,

88 804 235 854 quando
260 803 450 840 Abraham
478 804 616 840 invenit
641 805 791 840 arietem
824 805 1035 840 haerentem
1066 806 1247 849 cornibus,
1274 818 1383 853 quem
1417 815 1659 854 repracsenta-

86 858 175 897 bant
200 868 266 906 per
293 869 442 902 cornua,
469 858 598 906 quibus
636 858 892 894 buccinabant:
926 868 1003 894 erat
1034 868 1155 895 autem
1185 859 1317 895 festum
1353 861 1521 895 tubarum
1556 860 1659 908 quasi

87 910 268 960 quaedam
287 911 464 955 invitatio,
490 920 528 947 ut
547 921 804 960 praepararent
824 923 862 948 se
884 912 927 947 ad
947 924 1102 960 sequens
1129 912 1272 956 festum,
1291 914 1388 960 quod
1411 914 1659 950 celebrabatur

87 964 234 1013 decimo
254 965 331 1002 die:
351 974 386 1002 et
406 966 478 1001 hoc
497 974 573 1001 erat
585 967 709 1014 festum
733 967 945 1014 Expiationis
965 966 1001 1001 in
1024 967 1242 1002 memoriam
1265 966 1360 1002 illius
1386 967 1563 1010 beneficii,
1585 979 1658 1015 quo

87 1018 191 1056 Deus
213 1018 428 1068 propitiatus
454 1027 509 1056 est
534 1028 686 1067 peccato
713 1020 838 1067 populi
865 1020 908 1055 de
936 1019 1148 1056 adoratione
1175 1020 1277 1056 vituli
1299 1021 1343 1056 ad
1366 1033 1491 1068 preces
1518 1021 1657 1069 Moysi:

88 1072 256 1121 posthoc
278 1080 400 1108 autem
423 1072 670 1109 celebrabatur
681 1074 805 1121 festum
819 1074 1070 1121 Scenopocgiae,
1086 1074 1177 1109 idest
1191 1075 1496 1118 talernaculormn,
1519 1084 1659 1122 septem

87 1125 227 1169 diebus,
247 1125 293 1162 ad
315 1127 684 1162 commemorandum
707 1127 924 1162 beneficium
947 1128 1090 1162 divinae
1109 1128 1358 1174 protectionis,
1376 1137 1411 1164 et
1432 1129 1660 1164 deductionis

88 1191 152 1229 per
172 1180 368 1223 desertum,
393 1180 454 1215 ubi
474 1180 511 1216 in
532 1180 774 1216 tabernaculis
796 1181 1068 1224 liabitaverunt;
1095 1181 1190 1216 unde
1213 1181 1247 1216 in
1270 1182 1340 1217 hoc
1368 1181 1460 1217 sesto
1482 1183 1662 1218 debebant

93 1233 228 1270 habere
231 1233 387 1282 fructum
403 1235 535 1270 arboris
542 1234 801 1282 pulclmrrimuc,
817 1235 908 1270 idest
922 1235 1065 1277 citrum,
1080 1244 1115 1270 et
1129 1236 1253 1281 lignum
1275 1236 1451 1271 densarum
1466 1236 1659 1283 frondium,

0 1287 12 1329 l
90 1287 183 1323 idest
203 1295 376 1335 myrtum,
397 1298 490 1335 quae
510 1297 594 1323 sunt
616 1287 808 1330 odorifera,
823 1297 857 1323 et
877 1289 1020 1335 spatulas
1036 1289 1246 1336 palmarum,
1268 1295 1297 1325 ct
1317 1290 1428 1325 salices
1449 1290 1486 1326 de
1504 1295 1658 1333 torrente,

0 1337 2 1345 ’
90 1351 185 1389 quae
203 1340 266 1377 diu
286 1341 442 1377 retinent
457 1352 563 1376 suum
591 1341 767 1384 virorem3
789 1350 824 1377 et
851 1342 940 1377 haec
963 1342 1195 1377 inveniuntur
1217 1343 1251 1377 in
1272 1351 1365 1378 terra
1387 1345 1660 1391 promissionis;

91 1393 137 1431 ad
155 1392 448 1443 significandum,
465 1395 563 1442 quod
576 1406 639 1442 per
661 1395 800 1430 aridam
821 1404 955 1430 terram
971 1396 1103 1431 deserti
1118 1408 1182 1432 eos
1200 1397 1396 1432 deduxerat
1409 1398 1510 1433 Deus
1532 1399 1576 1433 ad
1594 1408 1662 1434 ter-

90 1458 170 1484 ram
189 1446 415 1484 deliciosam.
438 1447 584 1485 Octavo
606 1457 728 1484 autem
747 1449 804 1484 die
827 1449 1075 1485 celebrabatur
1088 1450 1183 1486 aliud
1196 1450 1341 1496 festum,
1355 1451 1510 1487 scilicet:
1526 1452 1657 1495 Coetus,

88 1506 186 1550 atqua
208 1501 381 1544 Collectae,
402 1502 440 1537 in
461 1513 535 1549 quo
561 1501 826 1549 colligebantur
853 1514 872 1537 a
899 1503 1036 1551 populo
1063 1515 1117 1547 ea,
1144 1516 1235 1551 quae
1262 1514 1364 1540 erant
1389 1506 1592 1541 necessaria
1613 1507 1657 1541 ad

87 1565 263 1604 expensas
283 1554 402 1591 cultus
421 1555 552 1591 divini:
575 1564 610 1591 et
635 1556 905 1604 significabatur
932 1558 1103 1594 adunatio
1130 1558 1267 1606 populi,
1288 1567 1324 1594 et
1341 1571 1408 1606 pax
1431 1560 1600 1607 praestita
1621 1560 1658 1595 in

87 1615 184 1645 terra
200 1608 464 1656 promissionis.

154 1661 333 1710 figuralis
353 1671 474 1698 autern
498 1663 588 1699 ratio
618 1663 752 1700 horum
781 1663 958 1700 festorum
985 1673 1050 1707 est,
1072 1666 1155 1712 quia
1177 1677 1241 1713 per
1258 1669 1336 1715 jzgge
1355 1668 1557 1714 sacrificium
1579 1670 1658 1714 agni

83 1714 258 1765 figmatur
277 1717 497 1764 perpetuitas
518 1716 668 1760 Christi,
689 1717 750 1765 qui
772 1727 826 1753 est
846 1730 962 1765 agnus
983 1718 1065 1762 Dei,
1087 1720 1289 1755 secundum
1315 1720 1402 1756 illud
1433 1721 1543 1757 Hebr.
1574 1721 1657 1757 ult.:

37 1805 42 1810 ,
77 1769 170 1816 Jms
195 1769 344 1807 Christus
364 1770 449 1814 heri,
470 1775 499 1806 et
519 1770 625 1813 hodie,
648 1773 711 1818 ipsc
732 1777 761 1807 ct
783 1773 817 1806 in
836 1772 990 1808 saecula.-
1014 1785 1077 1819 per
1100 1773 1284 1809 Sabbatum
1307 1782 1429 1810 autem
1449 1775 1658 1822 designatur

82 1822 278 1872 spiritualis
297 1823 440 1871 requies
460 1824 566 1859 nobis
587 1824 670 1860 data
692 1837 755 1872 per
778 1825 979 1868 Christum,
1003 1835 1040 1861 ut
1062 1826 1214 1862 habetur
1235 1828 1278 1862 ad
1303 1828 1393 1863 Heb.
1415 1839 1468 1872 4.:
1491 1841 1553 1876 per
1575 1830 1660 1865 Neo-

83 1879 229 1914 meniam
254 1885 391 1921 autem,
411 1889 505 1926 quae
527 1887 581 1914 est
602 1878 760 1926 inceptio
782 1890 900 1914 novae
924 1880 1060 1922 Lunae,
1082 1880 1307 1927 significatur
1339 1882 1558 1918 illuminatio
1591 1883 1658 1930 pri-

83 1931 231 1968 mitivae
264 1930 450 1968 Ecclesiae
475 1944 539 1980 per
561 1931 763 1975 Christum,
785 1944 829 1968 eo
851 1934 1095 1980 praedicante,
1117 1944 1152 1970 et
1173 1935 1349 1970 miracula
1385 1936 1559 1972 faciente:
1593 1949 1658 1984 per

74 1984 199 2034 sestam
220 1993 342 2022 autem
365 1986 560 2022 Penucoslcs
581 1986 805 2032 significatur
838 1987 1034 2023 descensus
1057 1988 1211 2035 Spiritus
1233 1989 1358 2025 Sancti
1379 1990 1414 2025 in
1436 1991 1656 2038 Apostolos:

82 2049 149 2087 per
158 2038 284 2087 festum
305 2047 428 2075 autem
456 2040 628 2075 Tubarum
651 2039 874 2086 significatur
899 2041 1122 2089 praedicatio
1144 2043 1428 2090 Apostolorum:
1452 2056 1515 2091 per
1532 2046 1654 2092 firstum

83 2099 207 2129 autem
228 2092 444 2140 Expialionis
475 2093 699 2140 significatur
732 2094 942 2130 emundatio
964 2107 984 2130 a
1007 2096 1164 2142 peccatis
1197 2096 1320 2144 populi
1355 2098 1559 2133 christiani:
1594 2111 1658 2146 per

80 2145 200 2192 [aslum
225 2154 348 2182 autem
375 2147 682 2183 'sabernaculormn
711 2148 954 2195 peregrinatio
976 2161 1104 2185 eorum
1123 2150 1158 2185 in
1178 2151 1248 2186 hoc
1269 2153 1418 2194 mundo,
1437 2153 1473 2187 in
1492 2165 1564 2200 quo
1584 2165 1657 2188 am-

82 2197 210 2236 bulant
227 2199 265 2235 in
285 2198 476 2236 virtutibus
497 2199 740 2248 proficiendo:
763 2213 825 2248 per
845 2202 961 2245 [aslum
981 2211 1102 2239 autem
1120 2210 1236 2246 coetus,
1257 2214 1363 2252 atque
1382 2207 1532 2243 collectae
1549 2207 1657 2253 signi-

82 2250 211 2290 fleatur
230 2253 468 2301 congregatio
494 2253 657 2289 fidelium
680 2255 714 2289 in
738 2266 851 2302 regno
873 2255 1085 2300 coelorum;
1106 2266 1141 2293 et
1161 2258 1245 2294 idco
1267 2259 1361 2294 istud
1395 2259 1526 2295 festum
1561 2262 1654 2296 dice-

81 2305 187 2343 batur
205 2306 477 2343 sanctissimum
497 2319 587 2343 esse.
610 2307 654 2343 Et
674 2308 764 2343 haec
787 2309 853 2344 tria
875 2308 964 2345 festa
987 2319 1089 2346 erant
1110 2312 1282 2347 continua
1305 2314 1347 2347 ad
1371 2314 1543 2349 invicem:
1571 2315 1653 2361 quia

83 2367 230 2408 oportet
255 2360 418 2409 expiatos
438 2372 460 2396 a
480 2361 574 2397 vitiis
609 2361 785 2408 proficere
818 2362 854 2398 in
887 2363 1030 2407 virtute,
1063 2376 1252 2413 quousque
1287 2367 1497 2413 perveniant
1518 2368 1562 2403 ad
1584 2369 1654 2404 Dei

81 2412 275 2458 visionem,
294 2421 335 2451 ut
352 2413 483 2451 dicitur
502 2415 539 2450 in
562 2414 709 2451 Psalmo
730 2416 787 2462 83.

88 2564 104 2569 —
648 2539 996 2586 ARTICULUS
1030 2543 1083 2586 v,
1589 2569 1655 2603 550

405 2639 560 2672 UTRUM
587 2640 976 2674 SACRAMENTORUM
1001 2644 1182 2676 VETERIS
1210 2645 1333 2675 LEGIS

485 2705 762 2738 couveniens
789 2707 929 2739 CAUSA
956 2709 1056 2740 ESSE
1084 2709 1249 2741 POSSIT.

155 2783 217 2823 An
237 2795 419 2828 <20me
435 2786 490 2823 sic
512 2787 729 2835 proceditur.
751 2787 915 2833 Videtur,
941 2790 1038 2838 quod
1062 2791 1383 2827 Sacramentorum
1406 2792 1535 2828 veteris
1561 2793 1653 2840 legis

84 2838 307 2889 Gonvetssns
326 2850 437 2878 causa
456 2851 535 2877 esse
557 2852 632 2877 non
654 2842 783 2889 possit:
805 2854 849 2878 ea
869 2843 1093 2892 enim‚-quae
1115 2844 1159 2879 ad
1182 2844 1319 2880 cultum
1353 2845 1516 2881 divinum
1551 2846 1652 2889 liunt,

83 2901 163 2944 pon
179 2891 315 2933 debent
331 2904 411 2931 esse
431 2893 565 2932 similia
585 2894 654 2938 his,
675 2907 768 2944 quae
790 2895 1004 2934 idololatrae
1019 2898 1276 2943 observabant3
1299 2899 1392 2935 unde
1411 2899 1541 2936 dicitur
1558 2901 1654 2937 Deu-
