1907 3198
7 1076 20 1137 π-ᾼ

0 1466 24 1546 'U'

537 178 762 214 Qum-:sno
796 177 914 208 xcw.
947 177 1196 208 ARTlcutus
1230 177 1257 207 1.
1597 166 1678 223 683

106 261 202 310 quia,
223 269 262 296 ut
282 261 442 296 Isidorus
463 260 551 296 dicit
571 261 608 295 in
629 260 690 295 lib.
717 271 745 305 5.
768 259 979 307 Etymolog.
1001 260 1093 308 (cap.
1115 261 1198 305 21.),
1218 260 1308 294 nullo
1331 261 1470 307 privato
1497 260 1682 304 commodo,

105 314 159 352 sod
170 320 239 363 pro
264 316 433 350 communi
454 314 598 350 utilitate
620 315 746 349 civium
773 314 826 348 lcx
850 313 940 348 debet
965 325 1026 349 esse
1052 315 1263 361 conscripta,·
1287 313 1383 349 unde
1405 321 1560 361 oportet,
1582 314 1683 361 leges

105 368 287 404 humanas
308 379 387 403 esse
407 368 703 415 proportionatas
725 367 768 402 ad
791 367 931 402 bonum
946 378 1164 403 commune:
1187 368 1326 402 bonum
1343 376 1466 402 autem
1485 378 1683 402 commune

106 429 251 458 constat
270 432 315 457 ex
335 421 476 464 multis;
499 430 534 456 et
554 421 639 456 ideo
660 429 816 468 oportet,
838 421 936 468 quod
958 420 1015 456 lex
1038 421 1082 456 ad
1100 420 1215 456 multa
1234 422 1416 468 respiciat,
1431 430 1467 456 et
1481 421 1683 456 secundum

105 485 293 523 personas,
302 482 339 510 et
351 474 554 510 secundum
571 474 732 521 negotia,
747 482 783 509 et
796 475 999 509 secundum
1020 483 1206 521 tempora:
1227 475 1459 510 constituitur
1473 475 1570 509 enim
1586 486 1684 509 com-

107 529 265 564 munitas
286 528 441 564 civitatis
462 540 504 563 ex
527 528 650 563 multis
672 528 854 575 personis;
877 536 913 562 et
933 529 1010 574 ejus
1031 528 1171 563 bonum
1193 539 1257 576 per
1278 528 1499 575 multiplices
1520 528 1684 563 actiones

105 590 341 631 procuratur:
361 593 430 617 nec
452 582 497 616 ad
519 582 591 617 hoc
614 582 820 623 instituitur,
843 582 941 628 quod
969 581 1092 628 aliquo
1120 591 1287 629 tempore
1314 582 1464 616 modico
1486 582 1602 624 duret,
1620 582 1683 617 sed

106 635 206 684 quod
227 635 331 671 omni
350 643 516 683 tempore
538 643 745 683 perseveret
765 646 829 682 per
851 635 988 670 civium
1010 636 1298 678 successionem,
1316 644 1355 670 ut
1369 636 1524 682 August.
1543 635 1631 670 dicit
1646 635 1682 670 in

106 699 140 726 2.
161 689 207 725 de
225 688 307 726 (Σίν.
328 689 400 725 Dei
421 689 510 737 (cap.
532 701 583 725 21.
605 694 635 724 et
660 689 718 724 lib.
738 700 792 724 22.
819 695 892 735 cap.
915 689 948 724 6.
970 701 1054 724 vers.
1069 690 1160 736 fin).

177 743 240 779 ΑΒ
257 753 408 779 Panum
429 753 518 789 ergo
539 742 748 785 dicendum,
769 742 868 789 quod
891 742 1106 790 Philosoph.
1128 743 1164 778 in
1192 754 1220 788 ς.
1242 742 1359 778 Ethic.
1389 743 1482 790 (cap.
1505 743 1553 790 7.)
1581 742 1685 790 ponit

108 802 172 834 tres
194 797 335 844 species
361 797 448 843 juris
474 796 615 844 legalis,
643 796 741 844 quod
769 804 824 831 est
843 797 899 842 jus
920 796 1138 843 positivum:
1162 805 1244 831 sunt
1265 797 1363 832 enim
1390 796 1567 843 quaedam,
1589 807 1683 843 quae

107 850 322 898 simpliciter
341 851 379 886 in
400 850 592 886 communi
613 858 816 897 ponuntur:
839 858 875 885 et
895 849 987 885 haec
1009 859 1094 885 sunt
1119 850 1200 896 leges
1219 862 1427 886 communes:
1450 859 1487 885 et
1506 858 1684 897 quantum

106 905 152 941 ad
171 904 384 951 hujusmodi
403 904 503 946 dicit,
524 904 623 951 quod
645 903 765 951 legale
787 911 852 946 est,
875 903 973 951 quod
1001 915 1043 939 ex
1070 904 1247 951 principio
1275 904 1423 951 quidem
1448 903 1540 938 nihil
1566 902 1685 938 differt

106 958 171 1002 sic,
190 957 251 993 vel
270 957 387 1001 aliter,
404 957 551 1005 quando
573 966 696 992 autem
716 957 873 1004 ponitur,
893 956 1027 992 differt:
1043 966 1128 1004 puta
1148 958 1245 1004 quod
1268 958 1400 1005 captivi
1418 966 1553 992 statuto
1567 957 1684 1004 pretio

107 1011 341 1048 redimantur.
369 1010 547 1057 Quaedam
572 1021 661 1046 vero
688 1019 783 1053 sunt,
810 1022 903 1058 quae
929 1019 1014 1045 sunt
1035 1012 1249 1046 communia
1270 1019 1447 1058 quantum
1469 1011 1514 1046 ad
1536 1011 1684 1058 aliquid,

106 1073 144 1102 et
169 1064 368 1113 singularia
387 1073 567 1112 quantum
597 1064 641 1099 ad
673 1064 829 1112 aliquid:
859 1072 895 1099 et
922 1064 1136 1110 hujusmodi
1163 1065 1332 1100 dicuntur
1353 1065 1552 1112 privilegia,
1582 1065 1684 1111 quasi

106 1119 187 1166 leges
199 1120 361 1167 privatae
368 1130 382 1160 ;
404 1118 490 1166 quia
512 1118 709 1166 respiciunt
730 1117 933 1165 singulares
954 1129 1148 1165 personas;
1171 1127 1207 1153 et
1226 1127 1351 1153 tamen
1373 1126 1534 1165 potestas
1555 1129 1684 1154 eorum

107 1172 313 1210 extenditur
332 1172 378 1208 ad
399 1171 515 1208 multa
535 1172 700 1219 negotia:
724 1179 760 1206 et
780 1179 958 1218 quantum
981 1172 1025 1206 ad
1051 1172 1124 1206 hoc
1151 1172 1288 1207 subdit:
1316 1172 1435 1207 Adhuc
1461 1183 1685 1218 quaecumque

106 1227 143 1262 in
162 1226 386 1274 singularibus
410 1225 511 1273 legem
530 1231 684 1273 ponunt:
712 1225 882 1260 dicuntur
909 1225 1019 1260 etiam
1053 1225 1215 1272 quaedam
1238 1225 1382 1271 legalia,
1411 1236 1485 1260 non
1508 1226 1592 1272 quia
1614 1226 1685 1260 sint

105 1279 220 1327 leges,
240 1278 304 1316 sed
324 1287 472 1327 propter
496 1278 782 1326 applicationem
809 1278 935 1325 legum
961 1279 1216 1313 communium
1241 1279 1285 1313 ad
1307 1278 1428 1325 aliqua
1450 1278 1684 1325 particularia

107 1332 221 1376 facta3
241 1333 336 1368 sicut
354 1339 439 1368 sunt
454 1333 641 1375 sententiae,
661 1342 754 1378 quae
772 1342 838 1379 pro
853 1333 931 1377 jure
945 1332 1143 1367 habentur:
1160 1340 1196 1366 et
1209 1341 1386 1378 quantum
1401 1333 1446 1367 ad
1460 1332 1533 1367 hoc
1548 1333 1683 1367 subdit.

106 1386 152 1423 Et
167 1385 384 1423 tamdia.

177 1439 240 1475 An
265 1449 475 1475 summum(
501 1439 710 1481 dicendum,
733 1439 831 1486 quod
858 1438 947 1474 illud
973 1439 1072 1486 quod
1100 1448 1154 1475 est
1179 1439 1409 1482 directivum,
1436 1447 1581 1487 oportet
1607 1451 1684 1475 esse

106 1491 267 1540 plurium
292 1491 528 1528 directivum:
558 1492 654 1527 unde
681 1493 716 1527 in
748 1503 800 1528 10.
827 1492 1068 1540 Metaphysic.
1103 1494 1184 1538 (tex.
1208 1495 1261 1539 4.)
1293 1493 1431 1528 Philos.
1462 1493 1560 1536 dicit,
1586 1494 1683 1540 quod

105 1546 244 1589 omnia,
263 1556 358 1594 quae
378 1554 463 1581 sunt
483 1547 590 1581 unius
611 1546 768 1593 generis,
791 1555 1047 1581 mensurantur
1069 1547 1194 1594 aliquo
1216 1558 1302 1589 uno,
1324 1547 1422 1594 quod
1447 1556 1502 1582 est
1522 1547 1683 1594 primum

102 1599 143 1636 in
162 1610 297 1647 genere
316 1599 400 1635 illo:
422 1599 454 1635 si
475 1599 575 1635 enim
596 1608 718 1634 essent
737 1608 792 1635 tot
813 1599 974 1647 regulae,
994 1600 1053 1635 vel
1080 1612 1286 1643 mensurae,
1313 1609 1404 1648 quot
1430 1609 1514 1636 sunt
1542 1612 1685 1636 mensu-

103 1660 195 1697 rata,
214 1653 275 1689 vel
295 1653 472 1701 regulata,
494 1662 653 1689 cessaret
672 1654 798 1700 utique
819 1653 955 1689 utilitas
976 1654 1139 1701 regulae,
1161 1655 1220 1689 vel
1241 1666 1446 1697 mensurae,
1469 1666 1561 1702 quae
1576 1663 1630 1690 est
1647 1663 1686 1690 ut

103 1717 150 1743 ex
168 1717 244 1743 uno
269 1707 387 1742 multa
411 1707 554 1755 possint
578 1709 774 1754 cognosci:
802 1716 838 1742 et
867 1709 916 1742 ita
944 1707 1045 1742 nulla
1077 1716 1174 1743 esset
1202 1708 1338 1743 utilitas
1369 1707 1472 1755 legis,
1499 1709 1529 1743 si
1550 1719 1625 1743 non
1647 1719 1685 1743 se

104 1761 314 1796 extenderet
333 1761 403 1796 nisi
424 1761 468 1796 ad
491 1772 606 1796 unum
628 1760 852 1808 singularem
872 1769 1040 1797 actuum:
1063 1762 1108 1796 ad
1130 1761 1334 1808 singulares
1355 1762 1454 1796 enim
1477 1770 1580 1796 actus
1606 1762 1686 1797 diri-

104 1814 246 1863 gendos
266 1815 397 1850 dantur
411 1815 598 1862 singularia
607 1820 790 1863 praecepta
804 1815 1031 1862 prudentum:
1055 1817 1118 1851 sed
1133 1815 1189 1850 lex
1205 1824 1259 1851 est
1267 1821 1482 1863 praeceptum
1497 1827 1684 1859 c,0mmune

104 1876 146 1904 ut
164 1879 273 1916 supra
294 1868 433 1904 dictum
455 1877 510 1904 est
531 1869 578 1916 (q.
600 1880 658 1915 94.
676 1874 742 1904 art.
764 1880 796 1904 2.
817 1874 847 1904 ει
864 1871 922 1915 3.).

178 1922 240 1959 AD
261 1933 435 1959 mrum
453 1923 663 1966 dicendum,
684 1922 783 1984 quod
801 1933 876 1958 non
899 1931 953 1958 est
974 1923 1103 1959 eadem
1128 1923 1307 1958 certitudo
1328 1922 1567 1970 quaerenda
1558 1934 1594 1957 m
1610 1933 1687 1957 om·

103 1976 223 2020 nibus,
243 1984 283 2012 ut
303 1977 340 2012 in
366 1987 395 2012 1.
416 1976 535 2012 Ethic.
556 1978 647 2024 (cap.
663 1988 691 2023 3.
715 1978 750 2011 in
759 1977 871 2024 princ.
887 1982 915 2012 et
936 1983 1009 2024 cap.
1033 1988 1062 2024 7.
1081 1978 1139 2012 sub
1150 1977 1232 2023 fin.)
1251 1977 1400 2011 dicitur:
1418 1976 1513 2011 unde
1529 1977 1563 2011 in
1578 1977 1685 2012 rebus

106 2029 414 2078 contingentibus,
435 2030 530 2066 sicut
549 2038 634 2065 sunt
653 2029 845 2073 naturalia,
867 2038 903 2065 et
924 2041 980 2065 res
1001 2030 1199 2072 humanae,
1226 2029 1358 2065 sufficit
1380 2030 1462 2064 talis
1484 2030 1685 2073 cerditudo,

104 2091 146 2120 nt
166 2083 302 2132 aliquid
322 2084 370 2120 sit
388 2095 519 2120 verum
540 2092 580 2119 ut
601 2085 636 2118 in
658 2083 831 2131 pluribus,
853 2083 938 2119 licet
963 2084 1147 2119 interdum
1169 2084 1314 2120 deficiat
1335 2085 1370 2119 in
1394 2085 1636 2132 paucioribus.

671 2219 1022 2266 ARTICULUS
1051 2221 1108 2265 II.
1621 2245 1685 2282 509

135 2327 292 2360 UTRUK
316 2328 377 2360 AD
404 2327 552 2359 LEGEM
574 2328 794 2359 HUMANAM
822 2329 1070 2361 PERTINEAT
1098 2329 1242 2360 OMNIA
1268 2330 1393 2361 vrrm
1419 2330 1652 2361 COHIBERE.

343 2415 462 2464 (Supr.
491 2428 522 2464 q.
549 2428 601 2464 91.
628 2422 694 2452 art.
721 2428 754 2461 4.
781 2423 873 2464 corp.
899 2417 964 2464 fin.
999 2422 1028 2452 et
1061 2429 1091 2464 q.
1119 2429 1168 2465 93.
1204 2423 1270 2454 art.
1294 2430 1322 2465 3.
1350 2418 1443 2464 ad3.

151 2468 1195 2518 dinsrmq90.art...tcorpet2-2...q69ar12adr
1218 2477 1300 2519 etq
1324 2471 1635 2518 77...arttad4

390 2528 477 2571 atq.
505 2524 558 2570 78.
585 2529 651 2559 art.
678 2536 706 2560 1.
732 2523 834 2568 ad4.
860 2524 1001 2560 etMaI.
1028 2537 1060 2572 q.
1082 2537 1111 2572 3.
1140 2530 1205 2560 art.
1232 2538 1264 2569 4.
1292 2525 1396 2561 αάό.

489 2582 521 2613 et
543 2577 666 2623 Quodl.
682 2588 714 2613 2.
731 2582 796 2612 art.
812 2589 863 2613 10.
878 2576 962 2614 adt.
984 2583 1014 2614 et
1036 2590 1067 2614 2.
1089 2584 1118 2614 ct
1134 2579 1198 2624 Job
1217 2579 1294 2624 11.).

177 2665 241 2701 AD
265 2674 475 2702 stennon!
502 2665 553 2701 sic
581 2666 801 2713 proceditur.
827 2665 992 2710 Videtur,
1019 2667 1116 2715 quod
1147 2669 1191 2703 ad
1224 2667 1345 2715 legem
1376 2668 1577 2703 humanam
1609 2679 1684 2716 per-

104 2717 222 2755 tinent
240 2718 367 2755 omnia
386 2719 474 2754 vitia
491 2719 686 2755 cohibere.
708 2720 795 2756 dicit
815 2720 915 2756 enim
936 2720 1125 2756 Isidorus'
1117 2733 1153 2756 m
1172 2721 1232 2756 lib.
1257 2733 1286 2766 5.
1305 2722 1374 2768 Ety
1378 2721 1466 2756 mol.
1487 2722 1577 2769 (cap.
1595 2724 1682 2768 20.,)

105 2771 207 2820 quod
226 2770 328 2819 leges
348 2780 433 2808 sunt
452 2771 582 2815 sactae,
604 2781 642 2808 ut
663 2784 789 2808 earum
812 2782 911 2809 metu
939 2784 1152 2810 coerceatur
1179 2775 1351 2816 audacia;
1373 2786 1447 2810 non
1471 2784 1594 2811 autem
1616 2775 1684 2811 sus-

104 2822 271 2861 fidenter
290 2834 533 2869 coerceretur,
555 2826 623 2862 nisi
646 2826 828 2874 quaelibet
850 2827 947 2863 mala
969 2828 1227 2864 cohiberentur
1254 2840 1315 2876 per
1337 2828 1480 2876 legem3
1506 2840 1595 2877 ergo
1624 2829 1682 2865 lex

105 2876 270 2914 hamam
290 2878 399 2915 debet
418 2879 601 2927 quaelibet
623 2879 720 2915 mala
742 2880 925 2916 cohibere.
