1907 3182
233 167 311 209 108
666 180 885 215 QUAESTIO
919 180 976 210 XI.
1011 180 1254 211 ARTICULUS
1287 182 1344 211 1v.

224 272 298 294 non
321 260 437 294 adhuc
459 261 545 307 spei,
568 261 629 295 sed
643 262 716 306 jam
737 262 804 296 rei:
819 261 881 296 sed
895 261 1066 307 quamdiu
1084 273 1159 296 non
1172 263 1334 305 habetur,
1356 273 1430 297 non
1452 271 1505 298 est
1525 264 1696 310 gaudium
1717 265 1780 307 rei,

224 313 286 347 sed
309 314 405 359 spei3
428 325 514 360 ergo
536 314 656 348 fruitio
678 326 752 348 non
775 323 827 348 est
847 315 916 348 nisi
936 314 1016 349 finis
1034 315 1156 349 habiti.

295 377 326 400 2.
353 367 588 402 PRAETEREA.
612 367 713 401 Sicut
735 367 870 401 dictum
898 376 950 402 est
971 368 1052 413 (art.
1075 381 1103 415 3.
1131 370 1198 415 lmj.
1221 370 1282 415 q.),
1308 368 1429 403 fruitio
1456 381 1529 404 non
1556 379 1609 404 est
1635 371 1780 417 proprie

223 420 290 454 nisi
312 420 429 454 ultimi
449 420 549 462 finis;
569 421 652 466 quia
674 420 771 454 solus
786 420 933 455 ultimus
948 421 1027 455 finis
1043 422 1179 468 quietat
1200 424 1414 469 appetitum:
1435 423 1496 456 sed
1515 424 1691 469 appetitus
1705 435 1780 458 non

223 472 401 518 quietatur
421 474 489 507 nisi
509 474 546 507 in
564 473 634 507 fine
652 474 725 519 jam
746 473 889 516 habito,
910 485 996 520 ergo
1015 474 1148 518 fruitio,
1166 476 1308 522 proprie
1329 475 1525 522 loquendo,
1547 488 1621 510 non
1643 485 1696 512 est
1712 477 1782 511 nisi

223 525 302 560 finis
324 526 446 560 habiti.

298 591 326 625 3.
341 579 575 614 PRAETEREA.
590 579 673 612 Frui
688 588 740 613 est
751 591 880 626 capere
890 579 1064 615 fructum:
1081 582 1141 616 sed
1152 593 1227 617 non
1242 582 1380 629 capitur
1393 582 1540 625 fructus,
1554 582 1624 617 nisi
1637 583 1780 629 quando

222 632 295 677 jam
316 632 395 666 finis
417 632 586 674 habetur;
610 643 697 678 ergo
718 632 839 667 fruitio
860 645 934 668 non
957 642 1009 668 est
1029 635 1097 669 nisi
1117 635 1196 670 finis
1218 636 1340 669 habiti.

294 686 368 730 SEn
392 696 556 720 CONTRA.
572 686 661 720 Frui
681 691 723 720 est
737 698 849 721 amore
869 688 1038 723 inhaerere
1059 689 1162 723 alicmi
1182 691 1230 723 rei
1242 694 1380 735 propter
1397 690 1546 735 seipsam,
1569 696 1607 723 ut
1624 688 1778 735 August.

221 739 307 773 dicit
333 739 407 784 (lib.
427 752 453 774 1.
481 739 517 773 de
535 740 653 773 Doctr.
675 739 796 774 Christ.
816 747 886 787 cap.
913 753 946 786 4.
974 743 1007 775 in
1021 743 1171 788 princ.):
1195 743 1256 776 sed
1278 743 1348 777 hoc
1371 750 1488 789 potest
1508 742 1585 777 fieri
1606 742 1715 777 etiarn
1736 742 1780 777 de

220 804 256 826 re
278 803 351 826 non
372 793 513 834 habita3
536 803 622 838 ergo
644 791 713 826 frui
730 801 851 838 potest
872 805 948 828 esse
971 795 1080 829 etiam
1102 795 1181 829 finis
1202 807 1277 829 non
1303 796 1426 829 habiti.

291 845 518 880 RESPONDEO
541 845 745 888 dicendum,
768 847 864 892 quod
886 847 953 881 frui
974 848 1146 894 importat
1168 849 1482 894 comparationem
1499 848 1697 894 quamdam
1714 859 1774 882 vo-

220 898 365 933 luntatis
381 899 424 932 ad
447 898 614 933 ultimum
632 898 754 941 finem,
773 901 972 934 secundum
987 901 1083 947 quod
1098 901 1265 935 voluntas
1286 901 1395 935 habet
1409 901 1542 948 aliquid
1564 913 1629 948 pro
1648 901 1778 936 ultimo

221 952 300 986 fine.
326 953 485 986 Habetur
504 960 623 985 autem
646 951 794 987 ultimus
816 953 894 987 finis
921 954 1106 1000 dupliciter.
1136 955 1208 988 an
1230 954 1324 988 modo
1346 954 1515 1000 perfecte,
1537 962 1572 988 et
1597 954 1663 989 alio
1684 955 1779 989 modo

219 1005 439 1051 imperfecte.
466 1005 609 1049 Perfecta
636 1006 793 1051 quidem,
821 1007 965 1052 quando
992 1007 1143 1041 habetur
1169 1019 1243 1041 non
1271 1007 1391 1042 solum
1417 1008 1454 1041 in
1481 1007 1692 1050 intentione,
1718 1008 1780 1042 sed

221 1059 327 1092 etiam
350 1059 385 1092 in
404 1070 451 1092 re.
470 1059 659 1104 Imperfecte
682 1067 813 1101 autern,
836 1059 980 1105 quando
1002 1061 1154 1094 habetur
1168 1061 1204 1094 in
1222 1061 1421 1095 intentione
1442 1068 1594 1095 tantum.
1613 1061 1676 1095 Est
1693 1071 1779 1107 ergo

219 1111 374 1157 perfecta
395 1111 516 1146 fruitio
537 1113 610 1157 jam
633 1113 746 1146 habiti
775 1113 854 1147 finis
881 1113 1040 1147 realiter:
1064 1114 1125 1148 sed
1151 1114 1363 1161 imperfecta
1390 1122 1443 1149 est
1468 1114 1578 1149 etiam
1599 1114 1679 1149 finis
1704 1125 1780 1148 non

218 1165 330 1199 habiti
351 1164 503 1207 realiter,
524 1166 585 1200 sed
608 1166 644 1199 in
665 1166 863 1200 intentione
885 1174 1036 1201 tantum.

287 1219 346 1253 An
361 1229 509 1254 PRIMUM
524 1230 610 1265 ergo
626 1219 831 1257 dicendum,
847 1221 943 1266 quod
958 1220 1181 1266 Augustinus
1197 1220 1356 1267 loquitur
1366 1221 1409 1255 de
1427 1218 1596 1255 fruitione
1610 1219 1780 1268 perfecta.

288 1272 347 1306 AD
375 1283 580 1307 SECUNDUM
603 1273 808 1315 dicendum,
832 1273 927 1319 quod
950 1274 1050 1320 quies
1072 1273 1268 1308 voluntatis
1287 1274 1460 1321 dupliciter
1481 1274 1684 1320 impeditur.
1707 1274 1779 1308 Uno

218 1325 312 1359 modo
337 1336 378 1359 ex
400 1334 499 1372 parte
521 1326 669 1371 objecti3
691 1326 774 1372 quia
796 1326 933 1360 scilicet
955 1338 1027 1361 non
1056 1335 1108 1361 est
1133 1326 1281 1361 ultimus
1303 1327 1394 1370 finis,
1416 1328 1478 1362 sed
1501 1328 1544 1361 ad
1572 1327 1667 1362 aliud
1689 1327 1780 1361 ordi-

218 1386 333 1412 natur.
357 1379 435 1413 Alio
462 1379 556 1413 modo
583 1390 624 1413 ex
650 1388 750 1425 parte
777 1381 975 1426 appetentis
997 1380 1118 1423 finem,
1146 1382 1204 1427 qui
1231 1381 1395 1415 nondum
1422 1381 1630 1427 adipiscitur
1650 1380 1778 1422 finem;

219 1432 401 1476 objectum
421 1441 542 1466 autem
560 1441 622 1474 est,
645 1433 742 1478 quod
761 1433 820 1467 dat
837 1433 996 1479 speciem
1020 1435 1132 1469 actui:
1155 1434 1217 1468 sed
1240 1434 1281 1468 ab
1303 1442 1431 1480 agente
1453 1434 1631 1480 dependet
1648 1433 1779 1468 modus

220 1485 360 1531 agendi,
382 1494 419 1520 ut
445 1487 488 1520 sit
514 1485 703 1532 perfectus,
725 1486 783 1520 vel
808 1486 1039 1533 imperfectus
1066 1487 1265 1521 secundum
1294 1487 1541 1521 conditionem
1563 1487 1718 1533 agenti33
1745 1494 1780 1521 et

218 1538 299 1572 ideo
322 1540 408 1584 ejus,
431 1539 527 1585 quod
548 1551 621 1573 non
645 1548 697 1573 est
718 1539 864 1573 ultimus
887 1540 977 1582 finis,
1000 1540 1119 1574 fruitio
1143 1548 1195 1574 est
1215 1540 1425 1586 impropria,
1447 1541 1550 1586 quasi
1571 1539 1740 1575 deficiens
1759 1551 1779 1574 a

217 1592 336 1638 specie
357 1591 551 1627 fruitionis:
571 1593 650 1627 finis
673 1601 793 1626 autem
815 1592 930 1627 ultimi
954 1605 1026 1627 non
1042 1593 1154 1627 habiti
1173 1601 1226 1627 est
1242 1592 1364 1627 fruitio
1379 1594 1524 1640 propria
1541 1593 1698 1640 quidem,
1714 1593 1777 1628 sed

218 1645 428 1691 imperfecta
449 1654 594 1692 propter
611 1645 864 1692 imperfectum
887 1647 1038 1680 modum
1060 1647 1216 1680 habendi
1238 1646 1405 1681 ultimum
1428 1647 1548 1681 finem.

288 1699 348 1733 AD
371 1710 541 1734 TERTIUM
563 1700 767 1742 dicendum,
795 1700 891 1746 quod
918 1700 1027 1734 finem
1055 1700 1230 1746 accipere,
1256 1699 1314 1734 vel
1333 1700 1468 1735 habere
1496 1700 1624 1735 dicitur
1651 1699 1778 1747 aliquis

217 1764 290 1786 non
311 1752 431 1786 solum
450 1753 649 1787 secundum
671 1764 758 1795 rem,
782 1753 843 1787 sed
866 1753 975 1787 etiarn
998 1754 1198 1788 secundum
1225 1753 1474 1796 intentionem,
1498 1761 1536 1788 ut
1562 1753 1700 1788 dictum
1726 1761 1779 1788 est

217 1807 267 1851 (in
289 1813 376 1853 corp.
400 1808 492 1852 art).

746 2082 1102 2143 QUAESTIO
1143 2082 1250 2129 XII.

388 2204 450 2235 DE
478 2205 786 2243 INTENTIONE,
817 2205 867 2236 IN
895 2205 1112 2245 QUINQUE
1140 2206 1402 2237 ARTICULOS
1429 2206 1602 2238 DIVISA.

285 2339 425 2374 Deinde
449 2339 750 2374 considerandum
773 2347 826 2374 est
847 2340 889 2374 de
911 2340 1121 2375 intentione.

680 2431 722 2464 Et
744 2431 832 2464 circa
852 2431 909 2464 hor
932 2435 1137 2476 quaeruntur
1158 2432 1309 2476 quinque.

287 2500 422 2534 Primo.
446 2500 576 2535 Utrum
599 2501 749 2535 intentio
772 2501 815 2535 sit
837 2509 936 2535 actus
958 2501 1173 2543 intellectus,
1196 2501 1252 2536 vel
1274 2501 1479 2536 voluntatis.

288 2554 467 2588 Secundo.
492 2554 622 2588 Utrum
645 2554 688 2588 sit
709 2562 848 2588 tantum
871 2554 949 2588 finis
973 2554 1099 2588 ultimi.

288 2606 425 2642 Tertio.
449 2608 579 2642 Utrum
603 2607 729 2654 aliquis
752 2607 863 2653 possit
886 2607 991 2641 simul
1015 2608 1086 2642 duo
1106 2608 1300 2642 intendere.

288 2660 439 2701 Quarto.
465 2661 595 2696 Utrum
618 2662 768 2695 intentio
792 2661 870 2695 finis
893 2662 936 2695 sit
958 2661 1052 2695 idem
1077 2670 1175 2695 actus
1199 2673 1281 2696 cum
1304 2661 1488 2696 voluntate
1507 2662 1582 2708 ejus
1603 2660 1699 2707 quod
1721 2669 1774 2695 est

217 2714 258 2748 ad
282 2714 400 2748 finem.

288 2767 438 2808 Quinto.
462 2768 594 2803 Utrum
615 2768 766 2803 intentio
789 2768 981 2803 conveniat
1002 2769 1113 2803 brutis
1136 2769 1364 2803 animalibus.
