<?xml version="1.0" encoding="UTF-8"?>
<!DOCTYPE html PUBLIC "-//W3C//DTD XHTML 1.0 Transitional//EN"
    "http://www.w3.org/TR/xhtml1/DTD/xhtml1-transitional.dtd">
<html xmlns="http://www.w3.org/1999/xhtml" xml:lang="en" lang="en">
 <head>
  <title>
</title>
<meta http-equiv="Content-Type" content="text/html;charset=utf-8" />
  <meta name='ocr-system' content='tesseract 3.04.00' />
  <meta name='ocr-capabilities' content='ocr_page ocr_carea ocr_par ocr_line ocrx_word'/>
</head>
<body>
  <div class='ocr_page' id='page_1' title='image "./divithomaeaquina02thomuoft_0709.png"; bbox 0 0 1907 3198; ppageno 0'>
   <div class='ocr_carea' id='block_1_1' title="bbox 488 182 1620 230">
    <p class='ocr_par' dir='ltr' id='par_1_1' title="bbox 488 182 1620 230">
     <span class='ocr_line' id='line_1_1' title="bbox 488 182 1620 230; baseline 0.005 -18"><span class='ocrx_word' id='word_1_1' title='bbox 488 182 707 219; x_wconf 76' lang='lat' dir='ltr'><strong>QUABSTIO</strong></span> <span class='ocrx_word' id='word_1_2' title='bbox 739 182 857 213; x_wconf 84' lang='lat' dir='ltr'><strong>XCIX.</strong></span> <span class='ocrx_word' id='word_1_3' title='bbox 891 183 1137 214; x_wconf 79' lang='lat' dir='ltr'>ARTICULUS</span> <span class='ocrx_word' id='word_1_4' title='bbox 1170 183 1198 214; x_wconf 92' lang='lat'>1.</span> <span class='ocrx_word' id='word_1_5' title='bbox 1538 187 1620 230; x_wconf 75' lang='lat'>705</span> 
     </span>
    </p>
   </div>
   <div class='ocr_carea' id='block_1_2' title="bbox 10 265 1627 959">
    <p class='ocr_par' dir='ltr' id='par_1_2' title="bbox 10 265 1625 419">
     <span class='ocr_line' id='line_1_2' title="bbox 10 265 1625 312; baseline 0 -10"><span class='ocrx_word' id='word_1_6' title='bbox 10 265 18 286; x_wconf 78' lang='lat'><em>&#39;</em></span> <span class='ocrx_word' id='word_1_7' title='bbox 58 265 292 303; x_wconf 79' lang='lat' dir='ltr'>stinctionem</span> <span class='ocrx_word' id='word_1_8' title='bbox 313 275 454 307; x_wconf 83' lang='lat' dir='ltr'>eorum,</span> <span class='ocrx_word' id='word_1_9' title='bbox 476 276 568 312; x_wconf 88' lang='lat' dir='ltr'>quac</span> <span class='ocrx_word' id='word_1_10' title='bbox 595 265 807 300; x_wconf 87' lang='lat' dir='ltr'>ordinantur</span> <span class='ocrx_word' id='word_1_11' title='bbox 833 265 877 299; x_wconf 89' lang='lat' dir='ltr'>ad</span> <span class='ocrx_word' id='word_1_12' title='bbox 904 265 1033 300; x_wconf 83' lang='lat' dir='ltr'>finem:</span> <span class='ocrx_word' id='word_1_13' title='bbox 1061 265 1154 300; x_wconf 90' lang='lat' dir='ltr'>sicut</span> <span class='ocrx_word' id='word_1_14' title='bbox 1179 266 1290 301; x_wconf 85' lang='lat' dir='ltr'>etiam</span> <span class='ocrx_word' id='word_1_15' title='bbox 1317 278 1374 302; x_wconf 85' lang='lat' dir='ltr'>ars</span> <span class='ocrx_word' id='word_1_16' title='bbox 1400 267 1625 303; x_wconf 83' lang='lat' dir='ltr'>aedificativa</span> 
     </span>
     <span class='ocr_line' id='line_1_3' title="bbox 57 318 1624 365; baseline 0 -9"><span class='ocrx_word' id='word_1_17' title='bbox 57 326 112 357; x_wconf 75' lang='lat' dir='ltr'>est</span> <span class='ocrx_word' id='word_1_18' title='bbox 131 330 203 355; x_wconf 81' lang='lat' dir='ltr'>una</span> <span class='ocrx_word' id='word_1_19' title='bbox 215 318 416 355; x_wconf 84' lang='lat' dir='ltr'>secundum</span> <span class='ocrx_word' id='word_1_20' title='bbox 431 318 606 354; x_wconf 87' lang='lat' dir='ltr'>unitatem</span> <span class='ocrx_word' id='word_1_21' title='bbox 626 318 725 362; x_wconf 79' lang='lat' dir='ltr'>finis3</span> <span class='ocrx_word' id='word_1_22' title='bbox 747 318 830 365; x_wconf 89' lang='lat' dir='ltr'>quia</span> <span class='ocrx_word' id='word_1_23' title='bbox 845 319 958 354; x_wconf 87' lang='lat' dir='ltr'>tendit</span> <span class='ocrx_word' id='word_1_24' title='bbox 973 319 1016 354; x_wconf 87' lang='lat' dir='ltr'>ad</span> <span class='ocrx_word' id='word_1_25' title='bbox 1032 318 1322 354; x_wconf 86' lang='lat' dir='ltr'>aedificationem</span> <span class='ocrx_word' id='word_1_26' title='bbox 1338 320 1485 355; x_wconf 88' lang='lat' dir='ltr'>domus:</span> <span class='ocrx_word' id='word_1_27' title='bbox 1502 329 1624 356; x_wconf 89' lang='lat' dir='ltr'>tamen</span> 
     </span>
     <span class='ocr_line' id='line_1_4' title="bbox 56 372 1502 419; baseline -0.001 -9"><span class='ocrx_word' id='word_1_28' title='bbox 56 372 219 410; x_wconf 81' lang='lat' dir='ltr'>continet</span> <span class='ocrx_word' id='word_1_29' title='bbox 239 372 380 408; x_wconf 86' lang='lat' dir='ltr'>diversa</span> <span class='ocrx_word' id='word_1_30' title='bbox 402 380 595 419; x_wconf 88' lang='lat' dir='ltr'>praecepta</span> <span class='ocrx_word' id='word_1_31' title='bbox 616 372 817 408; x_wconf 90' lang='lat' dir='ltr'>secundum</span> <span class='ocrx_word' id='word_1_32' title='bbox 839 372 1002 408; x_wconf 87' lang='lat' dir='ltr'>diversos</span> <span class='ocrx_word' id='word_1_33' title='bbox 1023 381 1125 408; x_wconf 89' lang='lat' dir='ltr'>actus</span> <span class='ocrx_word' id='word_1_34' title='bbox 1144 373 1188 407; x_wconf 88' lang='lat' dir='ltr'>ad</span> <span class='ocrx_word' id='word_1_35' title='bbox 1210 373 1282 408; x_wconf 88' lang='lat' dir='ltr'>hoc</span> <span class='ocrx_word' id='word_1_36' title='bbox 1304 374 1502 409; x_wconf 89' lang='lat' dir='ltr'>ordinatos.</span> 
     </span>
    </p>

    <p class='ocr_par' dir='ltr' id='par_1_3' title="bbox 50 425 1627 906">
     <span class='ocr_line' id='line_1_5' title="bbox 126 425 1623 473; baseline 0.001 -11"><span class='ocrx_word' id='word_1_37' title='bbox 126 426 188 462; x_wconf 85' lang='lat' dir='ltr'>An</span> <span class='ocrx_word' id='word_1_38' title='bbox 209 436 418 462; x_wconf 67' lang='lat' dir='ltr'>SECUNDUM</span> <span class='ocrx_word' id='word_1_39' title='bbox 439 426 647 468; x_wconf 89' lang='lat' dir='ltr'>dicendum,</span> <span class='ocrx_word' id='word_1_40' title='bbox 668 425 778 472; x_wconf 88' lang='lat' dir='ltr'>quod,</span> <span class='ocrx_word' id='word_1_41' title='bbox 799 426 891 461; x_wconf 90' lang='lat' dir='ltr'>sicut</span> <span class='ocrx_word' id='word_1_42' title='bbox 917 426 1119 473; x_wconf 80' lang='lat' dir='ltr'>Apostolus</span> <span class='ocrx_word' id='word_1_43' title='bbox 1144 426 1232 461; x_wconf 89' lang='lat' dir='ltr'>dicit</span> <span class='ocrx_word' id='word_1_44' title='bbox 1263 437 1290 461; x_wconf 87' lang='lat'>1.</span> <span class='ocrx_word' id='word_1_45' title='bbox 1312 427 1357 461; x_wconf 87' lang='lat' dir='ltr'>ad</span> <span class='ocrx_word' id='word_1_46' title='bbox 1381 427 1547 463; x_wconf 86' lang='lat' dir='ltr'>Timoth.</span> <span class='ocrx_word' id='word_1_47' title='bbox 1574 438 1623 463; x_wconf 88' lang='lat'>1.:</span> 
     </span>
     <span class='ocr_line' id='line_1_6' title="bbox 54 479 1627 528; baseline -0.001 -11"><span class='ocrx_word' id='word_1_48' title='bbox 54 479 151 518; x_wconf 76' lang='lat' dir='ltr'>Finis</span> <span class='ocrx_word' id='word_1_49' title='bbox 166 481 334 528; x_wconf 72' lang='lat' dir='ltr'><em>praecepti</em></span> <span class='ocrx_word' id='word_1_50' title='bbox 351 479 497 516; x_wconf 81' lang='lat' dir='ltr'><em>charitas</em></span> <span class='ocrx_word' id='word_1_51' title='bbox 517 484 583 515; x_wconf 73' lang='lat' dir='ltr'>est:</span> <span class='ocrx_word' id='word_1_52' title='bbox 602 480 645 514; x_wconf 90' lang='lat' dir='ltr'>ad</span> <span class='ocrx_word' id='word_1_53' title='bbox 664 479 735 514; x_wconf 91' lang='lat' dir='ltr'>hoc</span> <span class='ocrx_word' id='word_1_54' title='bbox 759 479 857 514; x_wconf 90' lang='lat' dir='ltr'>enim</span> <span class='ocrx_word' id='word_1_55' title='bbox 879 480 1000 514; x_wconf 92' lang='lat' dir='ltr'>omnis</span> <span class='ocrx_word' id='word_1_56' title='bbox 1021 479 1078 515; x_wconf 90' lang='lat' dir='ltr'>lex</span> <span class='ocrx_word' id='word_1_57' title='bbox 1104 480 1229 523; x_wconf 90' lang='lat' dir='ltr'>tendit,</span> <span class='ocrx_word' id='word_1_58' title='bbox 1251 489 1289 516; x_wconf 92' lang='lat' dir='ltr'>ut</span> <span class='ocrx_word' id='word_1_59' title='bbox 1315 481 1514 516; x_wconf 86' lang='lat' dir='ltr'>amicitiam</span> <span class='ocrx_word' id='word_1_60' title='bbox 1542 493 1627 516; x_wconf 89' lang='lat' dir='ltr'>con-</span> 
     </span>
     <span class='ocr_line' id='line_1_7' title="bbox 54 532 1626 577; baseline 0 -6"><span class='ocrx_word' id='word_1_61' title='bbox 54 533 179 572; x_wconf 77' lang='lat' dir='ltr'>stimat</span> <span class='ocrx_word' id='word_1_62' title='bbox 193 532 254 569; x_wconf 86' lang='lat' dir='ltr'>vel</span> <span class='ocrx_word' id='word_1_63' title='bbox 272 533 467 568; x_wconf 88' lang='lat' dir='ltr'>hominum</span> <span class='ocrx_word' id='word_1_64' title='bbox 494 533 538 568; x_wconf 88' lang='lat' dir='ltr'>ad</span> <span class='ocrx_word' id='word_1_65' title='bbox 556 533 726 575; x_wconf 87' lang='lat' dir='ltr'>invicem,</span> <span class='ocrx_word' id='word_1_66' title='bbox 747 532 805 568; x_wconf 91' lang='lat' dir='ltr'>vel</span> <span class='ocrx_word' id='word_1_67' title='bbox 824 533 985 568; x_wconf 91' lang='lat' dir='ltr'>hominis</span> <span class='ocrx_word' id='word_1_68' title='bbox 1004 533 1047 568; x_wconf 90' lang='lat' dir='ltr'>ad</span> <span class='ocrx_word' id='word_1_69' title='bbox 1067 533 1209 577; x_wconf 92' lang='lat' dir='ltr'>Deum;</span> <span class='ocrx_word' id='word_1_70' title='bbox 1227 542 1262 569; x_wconf 91' lang='lat' dir='ltr'>et</span> <span class='ocrx_word' id='word_1_71' title='bbox 1281 535 1364 570; x_wconf 89' lang='lat' dir='ltr'>ideo</span> <span class='ocrx_word' id='word_1_72' title='bbox 1386 543 1462 570; x_wconf 85' lang='lat' dir='ltr'>tota</span> <span class='ocrx_word' id='word_1_73' title='bbox 1484 535 1540 570; x_wconf 87' lang='lat' dir='ltr'>lex</span> <span class='ocrx_word' id='word_1_74' title='bbox 1562 535 1626 571; x_wconf 87' lang='lat' dir='ltr'>im-</span> 
     </span>
     <span class='ocr_line' id='line_1_8' title="bbox 55 586 1623 636; baseline 0 -12"><span class='ocrx_word' id='word_1_75' title='bbox 55 586 218 636; x_wconf 81' lang='lat' dir='ltr'>pleturin</span> <span class='ocrx_word' id='word_1_76' title='bbox 228 587 301 622; x_wconf 84' lang='lat' dir='ltr'>hoc</span> <span class='ocrx_word' id='word_1_77' title='bbox 311 597 385 622; x_wconf 92' lang='lat' dir='ltr'>uno</span> <span class='ocrx_word' id='word_1_78' title='bbox 399 586 592 622; x_wconf 88' lang='lat' dir='ltr'>mandato:</span> <span class='ocrx_word' id='word_1_79' title='bbox 606 586 732 632; x_wconf 71' lang='lat' dir='ltr'>Diliges</span> <span class='ocrx_word' id='word_1_80' title='bbox 740 588 935 633; x_wconf 84' lang='lat' dir='ltr'>proximum</span> <span class='ocrx_word' id='word_1_81' title='bbox 950 592 1041 622; x_wconf 80' lang='lat' dir='ltr'>tuum</span> <span class='ocrx_word' id='word_1_82' title='bbox 1055 589 1137 623; x_wconf 82' lang='lat' dir='ltr'>sicul</span> <span class='ocrx_word' id='word_1_83' title='bbox 1147 589 1300 635; x_wconf 69' lang='lat' dir='ltr'>teipsum,</span> <span class='ocrx_word' id='word_1_84' title='bbox 1312 588 1405 623; x_wconf 90' lang='lat' dir='ltr'>sicut</span> <span class='ocrx_word' id='word_1_85' title='bbox 1416 589 1452 623; x_wconf 93' lang='lat' dir='ltr'>in</span> <span class='ocrx_word' id='word_1_86' title='bbox 1463 589 1623 636; x_wconf 87' lang='lat' dir='ltr'>quodam</span> 
     </span>
     <span class='ocr_line' id='line_1_9' title="bbox 55 639 1625 688; baseline 0.001 -11"><span class='ocrx_word' id='word_1_87' title='bbox 55 640 127 678; x_wconf 85' lang='lat' dir='ltr'>fine</span> <span class='ocrx_word' id='word_1_88' title='bbox 147 640 403 676; x_wconf 87' lang='lat' dir='ltr'>mandatorum</span> <span class='ocrx_word' id='word_1_89' title='bbox 425 640 611 675; x_wconf 90' lang='lat' dir='ltr'>omnium:</span> <span class='ocrx_word' id='word_1_90' title='bbox 635 640 671 674; x_wconf 88' lang='lat' dir='ltr'>in</span> <span class='ocrx_word' id='word_1_91' title='bbox 693 639 889 675; x_wconf 81' lang='lat' dir='ltr'><strong>dilectione</strong></span> <span class='ocrx_word' id='word_1_92' title='bbox 911 640 1008 675; x_wconf 89' lang='lat' dir='ltr'>enim</span> <span class='ocrx_word' id='word_1_93' title='bbox 1031 641 1187 688; x_wconf 84' lang='lat' dir='ltr'>proximi</span> <span class='ocrx_word' id='word_1_94' title='bbox 1208 641 1404 677; x_wconf 87' lang='lat' dir='ltr'>includitur</span> <span class='ocrx_word' id='word_1_95' title='bbox 1422 643 1531 677; x_wconf 88' lang='lat' dir='ltr'>etiam</span> <span class='ocrx_word' id='word_1_96' title='bbox 1554 643 1625 678; x_wconf 90' lang='lat' dir='ltr'>Dei</span> 
     </span>
     <span class='ocr_line' id='line_1_10' title="bbox 55 693 1624 742; baseline 0 -11"><span class='ocrx_word' id='word_1_97' title='bbox 55 693 215 738; x_wconf 82' lang='lat' dir='ltr'>dilectio,</span> <span class='ocrx_word' id='word_1_98' title='bbox 235 694 382 742; x_wconf 87' lang='lat' dir='ltr'>quando</span> <span class='ocrx_word' id='word_1_99' title='bbox 400 694 586 741; x_wconf 77' lang='lat' dir='ltr'>proximus</span> <span class='ocrx_word' id='word_1_100' title='bbox 605 693 765 740; x_wconf 85' lang='lat' dir='ltr'>diligitur</span> <span class='ocrx_word' id='word_1_101' title='bbox 785 702 932 740; x_wconf 87' lang='lat' dir='ltr'>propter</span> <span class='ocrx_word' id='word_1_102' title='bbox 950 694 1088 729; x_wconf 90' lang='lat' dir='ltr'>Deum:</span> <span class='ocrx_word' id='word_1_103' title='bbox 1112 694 1206 729; x_wconf 90' lang='lat' dir='ltr'>unde</span> <span class='ocrx_word' id='word_1_104' title='bbox 1224 694 1392 742; x_wconf 90' lang='lat' dir='ltr'>Apostol.</span> <span class='ocrx_word' id='word_1_105' title='bbox 1415 696 1486 730; x_wconf 86' lang='lat' dir='ltr'>hoc</span> <span class='ocrx_word' id='word_1_106' title='bbox 1510 707 1624 730; x_wconf 90' lang='lat' dir='ltr'>unum</span> 
     </span>
     <span class='ocr_line' id='line_1_11' title="bbox 55 747 1624 797; baseline 0.001 -13"><span class='ocrx_word' id='word_1_107' title='bbox 55 754 289 797; x_wconf 73' lang='lat' dir='ltr'>praeceptum</span> <span class='ocrx_word' id='word_1_108' title='bbox 314 747 435 794; x_wconf 88' lang='lat' dir='ltr'>posuit</span> <span class='ocrx_word' id='word_1_109' title='bbox 455 758 520 794; x_wconf 89' lang='lat' dir='ltr'>pro</span> <span class='ocrx_word' id='word_1_110' title='bbox 542 747 695 789; x_wconf 91' lang='lat' dir='ltr'>duobus,</span> <span class='ocrx_word' id='word_1_111' title='bbox 716 758 809 794; x_wconf 88' lang='lat' dir='ltr'>quae</span> <span class='ocrx_word' id='word_1_112' title='bbox 836 755 919 782; x_wconf 88' lang='lat' dir='ltr'>sunt</span> <span class='ocrx_word' id='word_1_113' title='bbox 944 747 988 782; x_wconf 85' lang='lat' dir='ltr'>de</span> <span class='ocrx_word' id='word_1_114' title='bbox 1010 747 1206 783; x_wconf 78' lang='lat' dir='ltr'>dilectione</span> <span class='ocrx_word' id='word_1_115' title='bbox 1228 748 1310 791; x_wconf 85' lang='lat' dir='ltr'>Dei,</span> <span class='ocrx_word' id='word_1_116' title='bbox 1331 756 1366 784; x_wconf 90' lang='lat' dir='ltr'>et</span> <span class='ocrx_word' id='word_1_117' title='bbox 1387 749 1554 796; x_wconf 87' lang='lat' dir='ltr'>proximi,</span> <span class='ocrx_word' id='word_1_118' title='bbox 1581 750 1624 785; x_wconf 83' lang='lat' dir='ltr'>de</span> 
     </span>
     <span class='ocr_line' id='line_1_12' title="bbox 55 800 1625 850; baseline 0.002 -13"><span class='ocrx_word' id='word_1_119' title='bbox 55 801 185 850; x_wconf 86' lang='lat' dir='ltr'>quibus</span> <span class='ocrx_word' id='word_1_120' title='bbox 202 801 289 837; x_wconf 86' lang='lat' dir='ltr'>dicit</span> <span class='ocrx_word' id='word_1_121' title='bbox 307 800 491 837; x_wconf 86' lang='lat' dir='ltr'>Dominus</span> <span class='ocrx_word' id='word_1_122' title='bbox 510 800 640 836; x_wconf 81' lang='lat' dir='ltr'>Matth.</span> <span class='ocrx_word' id='word_1_123' title='bbox 663 810 738 835; x_wconf 85' lang='lat'>22.:</span> <span class='ocrx_word' id='word_1_124' title='bbox 759 800 800 836; x_wconf 83' lang='lat' dir='ltr'>In</span> <span class='ocrx_word' id='word_1_125' title='bbox 827 801 875 837; x_wconf 83' lang='lat' dir='ltr'>his</span> <span class='ocrx_word' id='word_1_126' title='bbox 895 800 1020 836; x_wconf 79' lang='lat' dir='ltr'>duobus</span> <span class='ocrx_word' id='word_1_127' title='bbox 1040 801 1207 837; x_wconf 82' lang='lat' dir='ltr'>mandatis</span> <span class='ocrx_word' id='word_1_128' title='bbox 1227 802 1346 850; x_wconf 72' lang='lat' dir='ltr'>pendet</span> <span class='ocrx_word' id='word_1_129' title='bbox 1372 805 1479 839; x_wconf 84' lang='lat' dir='ltr'>omnis</span> <span class='ocrx_word' id='word_1_130' title='bbox 1504 804 1568 846; x_wconf 77' lang='lat' dir='ltr'>lex,</span> <span class='ocrx_word' id='word_1_131' title='bbox 1595 809 1625 840; x_wconf 75' lang='lat' dir='ltr'>et</span> 
     </span>
     <span class='ocr_line' id='line_1_13' title="bbox 50 855 239 906; baseline -0.011 -14"><span class='ocrx_word' id='word_1_132' title='bbox 50 855 239 906; x_wconf 71' lang='lat' dir='ltr'>prophelae.</span> 
     </span>
    </p>

    <p class='ocr_par' dir='ltr' id='par_1_4' title="bbox 126 908 1624 959">
     <span class='ocr_line' id='line_1_14' title="bbox 126 908 1624 959; baseline 0.002 -14"><span class='ocrx_word' id='word_1_133' title='bbox 126 909 189 945; x_wconf 85' lang='lat' dir='ltr'>AD</span> <span class='ocrx_word' id='word_1_134' title='bbox 209 918 382 945; x_wconf 69' lang='grc' dir='ltr'>τεκτιυκ</span> <span class='ocrx_word' id='word_1_135' title='bbox 403 908 611 951; x_wconf 89' lang='lat' dir='ltr'>dicendum,</span> <span class='ocrx_word' id='word_1_136' title='bbox 632 908 742 955; x_wconf 91' lang='lat' dir='ltr'>quod,</span> <span class='ocrx_word' id='word_1_137' title='bbox 761 908 854 944; x_wconf 91' lang='lat' dir='ltr'>sicut</span> <span class='ocrx_word' id='word_1_138' title='bbox 875 908 1005 943; x_wconf 87' lang='lat' dir='ltr'>dicitur</span> <span class='ocrx_word' id='word_1_139' title='bbox 1025 909 1062 944; x_wconf 91' lang='lat' dir='ltr'>in</span> <span class='ocrx_word' id='word_1_140' title='bbox 1088 920 1140 945; x_wconf 88' lang='lat'>10.</span> <span class='ocrx_word' id='word_1_141' title='bbox 1164 909 1323 945; x_wconf 88' lang='lat' dir='ltr'>Ethicor.</span> <span class='ocrx_word' id='word_1_142' title='bbox 1343 911 1432 958; x_wconf 85' lang='lat' dir='ltr'>(cap.</span> <span class='ocrx_word' id='word_1_143' title='bbox 1451 913 1484 948; x_wconf 78' lang='lat'>8.</span> <span class='ocrx_word' id='word_1_144' title='bbox 1496 918 1624 959; x_wconf 84' lang='lat' dir='ltr'>parum</span> 
     </span>
    </p>
   </div>
   <div class='ocr_carea' id='block_1_3' title="bbox 0 926 216 2903">
    <p class='ocr_par' dir='ltr' id='par_1_5' title="bbox 0 926 216 2903">
     <span class='ocr_line' id='line_1_15' title="bbox 0 926 37 1088; baseline 0.297 -106"><span class='ocrx_word' id='word_1_145' title='bbox 0 926 37 1088; x_wconf 95' lang='lat' dir='ltr'>   </span> 
     </span>
     <span class='ocr_line' id='line_1_16' title="bbox 0 1088 37 1305; baseline 0 -53"><span class='ocrx_word' id='word_1_146' title='bbox 0 1088 37 1305; x_wconf 95' lang='lat' dir='ltr'>    </span> 
     </span>
     <span class='ocr_line' id='line_1_17' title="bbox 0 1305 45 1734; baseline 0 -173"><span class='ocrx_word' id='word_1_147' title='bbox 0 1305 45 1734; x_wconf 95' lang='lat' dir='ltr'>   </span> 
     </span>
     <span class='ocr_line' id='line_1_18' title="bbox 0 1835 50 2041; baseline 0 -90"><span class='ocrx_word' id='word_1_148' title='bbox 0 1835 50 2041; x_wconf 95' lang='lat' dir='ltr'>    </span> 
     </span>
     <span class='ocr_line' id='line_1_19' title="bbox 0 2041 121 2264; baseline 0 -57"><span class='ocrx_word' id='word_1_149' title='bbox 0 2041 121 2264; x_wconf 95' lang='lat' dir='ltr'>    </span> 
     </span>
     <span class='ocr_line' id='line_1_20' title="bbox 0 2271 161 2530; baseline 0 -48"><span class='ocrx_word' id='word_1_150' title='bbox 0 2271 161 2530; x_wconf 95' lang='lat' dir='ltr'>    </span> 
     </span>
     <span class='ocr_line' id='line_1_21' title="bbox 0 2530 212 2696; baseline 0 -106"><span class='ocrx_word' id='word_1_151' title='bbox 0 2530 212 2696; x_wconf 95' lang='lat' dir='ltr'>    </span> 
     </span>
     <span class='ocr_line' id='line_1_22' title="bbox 0 2696 216 2903; baseline 0 -53"><span class='ocrx_word' id='word_1_152' title='bbox 0 2696 216 2903; x_wconf 95' lang='lat' dir='ltr'>     </span> 
     </span>
    </p>
   </div>
   <div class='ocr_carea' id='block_1_4' title="bbox 43 962 1626 1280">
    <p class='ocr_par' dir='ltr' id='par_1_6' title="bbox 43 962 1626 1280">
     <span class='ocr_line' id='line_1_23' title="bbox 55 962 1626 1012; baseline 0.001 -12"><span class='ocrx_word' id='word_1_153' title='bbox 55 974 79 1000; x_wconf 84' lang='lat' dir='ltr'>a</span> <span class='ocrx_word' id='word_1_154' title='bbox 89 962 232 1012; x_wconf 66' lang='lat' dir='ltr'>princ),</span> <span class='ocrx_word' id='word_1_155' title='bbox 253 962 461 1005; x_wconf 77' lang='lat' dir='ltr'>amicabilia,</span> <span class='ocrx_word' id='word_1_156' title='bbox 483 974 566 1009; x_wconf 78' lang='lat' dir='ltr'>quae</span> <span class='ocrx_word' id='word_1_157' title='bbox 586 967 663 998; x_wconf 81' lang='lat' dir='ltr'>sunt</span> <span class='ocrx_word' id='word_1_158' title='bbox 683 962 726 997; x_wconf 83' lang='lat' dir='ltr'>acl</span> <span class='ocrx_word' id='word_1_159' title='bbox 746 962 900 1004; x_wconf 67' lang='lat' dir='ltr'>alterum,</span> <span class='ocrx_word' id='word_1_160' title='bbox 922 969 1097 1006; x_wconf 72' lang='lat' dir='ltr'>venerunt,</span> <span class='ocrx_word' id='word_1_161' title='bbox 1119 976 1159 999; x_wconf 78' lang='lat' dir='ltr'>ex</span> <span class='ocrx_word' id='word_1_162' title='bbox 1179 965 1418 1007; x_wconf 69' lang='lat' dir='ltr'>amicabilibus,</span> <span class='ocrx_word' id='word_1_163' title='bbox 1446 978 1530 1012; x_wconf 81' lang='lat' dir='ltr'>quae</span> <span class='ocrx_word' id='word_1_164' title='bbox 1552 971 1626 1002; x_wconf 80' lang='lat' dir='ltr'>sunl</span> 
     </span>
     <span class='ocr_line' id='line_1_24' title="bbox 54 1015 1623 1064; baseline 0.001 -11"><span class='ocrx_word' id='word_1_165' title='bbox 54 1016 411 1064; x_wconf 69' lang='lat' dir='ltr'>bominiadseipsum1</span> <span class='ocrx_word' id='word_1_166' title='bbox 433 1015 521 1051; x_wconf 93' lang='lat' dir='ltr'>dum</span> <span class='ocrx_word' id='word_1_167' title='bbox 542 1015 683 1052; x_wconf 89' lang='lat' dir='ltr'>scilicet</span> <span class='ocrx_word' id='word_1_168' title='bbox 702 1016 818 1051; x_wconf 90' lang='lat' dir='ltr'>homo</span> <span class='ocrx_word' id='word_1_169' title='bbox 840 1016 889 1051; x_wconf 87' lang='lat' dir='ltr'>ita</span> <span class='ocrx_word' id='word_1_170' title='bbox 910 1027 948 1052; x_wconf 89' lang='lat' dir='ltr'>se</span> <span class='ocrx_word' id='word_1_171' title='bbox 971 1016 1079 1052; x_wconf 90' lang='lat' dir='ltr'>habet</span> <span class='ocrx_word' id='word_1_172' title='bbox 1100 1018 1144 1052; x_wconf 89' lang='lat' dir='ltr'>ad</span> <span class='ocrx_word' id='word_1_173' title='bbox 1163 1017 1329 1061; x_wconf 87' lang='lat' dir='ltr'>alterum,</span> <span class='ocrx_word' id='word_1_174' title='bbox 1348 1019 1441 1054; x_wconf 89' lang='lat' dir='ltr'>sicut</span> <span class='ocrx_word' id='word_1_175' title='bbox 1457 1019 1500 1054; x_wconf 87' lang='lat' dir='ltr'>ad</span> <span class='ocrx_word' id='word_1_176' title='bbox 1515 1031 1565 1062; x_wconf 86' lang='lat' dir='ltr'>se,</span> <span class='ocrx_word' id='word_1_177' title='bbox 1588 1028 1623 1055; x_wconf 92' lang='lat' dir='ltr'>et</span> 
     </span>
     <span class='ocr_line' id='line_1_25' title="bbox 53 1069 1623 1118; baseline 0.001 -11"><span class='ocrx_word' id='word_1_178' title='bbox 53 1069 139 1107; x_wconf 86' lang='lat' dir='ltr'>ideo</span> <span class='ocrx_word' id='word_1_179' title='bbox 159 1070 197 1106; x_wconf 85' lang='lat' dir='ltr'>in</span> <span class='ocrx_word' id='word_1_180' title='bbox 216 1069 290 1106; x_wconf 84' lang='lat' dir='ltr'>hoc</span> <span class='ocrx_word' id='word_1_181' title='bbox 311 1069 408 1117; x_wconf 89' lang='lat' dir='ltr'>quod</span> <span class='ocrx_word' id='word_1_182' title='bbox 429 1069 579 1105; x_wconf 86' lang='lat' dir='ltr'>dicitur:</span> <span class='ocrx_word' id='word_1_183' title='bbox 604 1070 742 1112; x_wconf 85' lang='lat' dir='ltr'>Omnia,</span> <span class='ocrx_word' id='word_1_184' title='bbox 769 1082 991 1117; x_wconf 74' lang='lat' dir='ltr'>quaecumque</span> <span class='ocrx_word' id='word_1_185' title='bbox 1010 1071 1110 1106; x_wconf 81' lang='lat' dir='ltr'>vultis</span> <span class='ocrx_word' id='word_1_186' title='bbox 1136 1076 1171 1106; x_wconf 84' lang='lat' dir='ltr'>ut</span> <span class='ocrx_word' id='word_1_187' title='bbox 1189 1072 1323 1118; x_wconf 78' lang='lat' dir='ltr'>saciant</span> <span class='ocrx_word' id='word_1_188' title='bbox 1348 1074 1442 1108; x_wconf 85' lang='lat' dir='ltr'>vobis</span> <span class='ocrx_word' id='word_1_189' title='bbox 1467 1073 1623 1116; x_wconf 71' lang='lat' dir='ltr'>homines,</span> 
     </span>
     <span class='ocr_line' id='line_1_26' title="bbox 43 1122 1624 1173; baseline 0.001 -12"><span class='ocrx_word' id='word_1_190' title='bbox 43 1130 87 1161; x_wconf 69' lang='lat' dir='ltr'>-et</span> <span class='ocrx_word' id='word_1_191' title='bbox 103 1135 164 1160; x_wconf 85' lang='lat' dir='ltr'>vos</span> <span class='ocrx_word' id='word_1_192' title='bbox 175 1124 284 1172; x_wconf 74' lang='lat' dir='ltr'>facite</span> <span class='ocrx_word' id='word_1_193' title='bbox 301 1123 378 1166; x_wconf 83' lang='lat' dir='ltr'>illis,</span> <span class='ocrx_word' id='word_1_194' title='bbox 405 1122 604 1170; x_wconf 84' lang='lat' dir='ltr'>explicatur</span> <span class='ocrx_word' id='word_1_195' title='bbox 625 1124 805 1170; x_wconf 87' lang='lat' dir='ltr'>quaedam</span> <span class='ocrx_word' id='word_1_196' title='bbox 827 1124 954 1171; x_wconf 87' lang='lat' dir='ltr'>regula</span> <span class='ocrx_word' id='word_1_197' title='bbox 976 1123 1181 1160; x_wconf 88' lang='lat' dir='ltr'>dilectionis</span> <span class='ocrx_word' id='word_1_198' title='bbox 1203 1126 1378 1172; x_wconf 86' lang='lat' dir='ltr'>proximi;</span> <span class='ocrx_word' id='word_1_199' title='bbox 1401 1138 1492 1173; x_wconf 91' lang='lat' dir='ltr'>quae</span> <span class='ocrx_word' id='word_1_200' title='bbox 1515 1127 1624 1162; x_wconf 89' lang='lat' dir='ltr'>etiam</span> 
     </span>
     <span class='ocr_line' id='line_1_27' title="bbox 53 1176 1624 1227; baseline 0.002 -13"><span class='ocrx_word' id='word_1_201' title='bbox 53 1176 230 1225; x_wconf 77' lang='lat' dir='ltr'>inplicite</span> <span class='ocrx_word' id='word_1_202' title='bbox 251 1178 456 1213; x_wconf 86' lang='lat' dir='ltr'>continetur</span> <span class='ocrx_word' id='word_1_203' title='bbox 481 1177 518 1212; x_wconf 92' lang='lat' dir='ltr'>in</span> <span class='ocrx_word' id='word_1_204' title='bbox 539 1177 611 1212; x_wconf 89' lang='lat' dir='ltr'>hoc</span> <span class='ocrx_word' id='word_1_205' title='bbox 634 1177 731 1224; x_wconf 91' lang='lat' dir='ltr'>quod</span> <span class='ocrx_word' id='word_1_206' title='bbox 753 1177 883 1212; x_wconf 87' lang='lat' dir='ltr'>dicitur</span> <span class='ocrx_word' id='word_1_207' title='bbox 908 1177 1037 1212; x_wconf 89' lang='lat' dir='ltr'>Matth.</span> <span class='ocrx_word' id='word_1_208' title='bbox 1065 1189 1135 1225; x_wconf 87' lang='lat'>19.:</span> <span class='ocrx_word' id='word_1_209' title='bbox 1159 1179 1288 1225; x_wconf 79' lang='lat' dir='ltr'>Diliges</span> <span class='ocrx_word' id='word_1_210' title='bbox 1307 1182 1504 1227; x_wconf 82' lang='lat' dir='ltr'>proximum</span> <span class='ocrx_word' id='word_1_211' title='bbox 1531 1186 1624 1217; x_wconf 83' lang='lat' dir='ltr'>tuum</span> 
     </span>
     <span class='ocr_line' id='line_1_28' title="bbox 53 1230 1240 1280; baseline -0.001 -12"><span class='ocrx_word' id='word_1_212' title='bbox 53 1232 136 1268; x_wconf 79' lang='lat' dir='ltr'>sicul</span> <span class='ocrx_word' id='word_1_213' title='bbox 152 1233 289 1280; x_wconf 77' lang='lat' dir='ltr'>teipsum</span> <span class='ocrx_word' id='word_1_214' title='bbox 301 1243 314 1273; x_wconf 86' lang='lat'>,·</span> <span class='ocrx_word' id='word_1_215' title='bbox 336 1230 431 1266; x_wconf 90' lang='lat' dir='ltr'>unde</span> <span class='ocrx_word' id='word_1_216' title='bbox 452 1239 507 1267; x_wconf 87' lang='lat' dir='ltr'>est</span> <span class='ocrx_word' id='word_1_217' title='bbox 526 1231 706 1278; x_wconf 87' lang='lat' dir='ltr'>quaedam</span> <span class='ocrx_word' id='word_1_218' title='bbox 729 1230 922 1278; x_wconf 81' lang='lat' dir='ltr'>explicatio</span> <span class='ocrx_word' id='word_1_219' title='bbox 944 1232 1046 1267; x_wconf 88' lang='lat' dir='ltr'>istius</span> <span class='ocrx_word' id='word_1_220' title='bbox 1068 1232 1240 1267; x_wconf 86' lang='lat' dir='ltr'>mandati.</span> 
     </span>
    </p>
   </div>
   <div class='ocr_carea' id='block_1_5' title="bbox 612 1401 1621 1463">
    <p class='ocr_par' dir='ltr' id='par_1_7' title="bbox 612 1401 1621 1463">
     <span class='ocr_line' id='line_1_29' title="bbox 612 1401 1621 1463; baseline -0.002 -16"><span class='ocrx_word' id='word_1_221' title='bbox 612 1401 960 1447; x_wconf 85' lang='lat' dir='ltr'>ARTICULUS</span> <span class='ocrx_word' id='word_1_222' title='bbox 991 1402 1046 1445; x_wconf 90' lang='lat'>11.</span> <span class='ocrx_word' id='word_1_223' title='bbox 1561 1427 1621 1463; x_wconf 64' lang='lat'>,25</span> 
     </span>
    </p>
   </div>
   <div class='ocr_carea' id='block_1_6' title="bbox 209 1510 1468 1544">
    <p class='ocr_par' dir='ltr' id='par_1_8' title="bbox 209 1510 1468 1544">
     <span class='ocr_line' id='line_1_30' title="bbox 209 1510 1468 1544; baseline 0.001 -2"><span class='ocrx_word' id='word_1_224' title='bbox 209 1510 363 1542; x_wconf 76' lang='lat' dir='ltr'>UTRUM</span> <span class='ocrx_word' id='word_1_225' title='bbox 394 1510 478 1541; x_wconf 81' lang='lat' dir='ltr'>LEX</span> <span class='ocrx_word' id='word_1_226' title='bbox 509 1510 651 1542; x_wconf 81' lang='lat' dir='ltr'>VETUS</span> <span class='ocrx_word' id='word_1_227' title='bbox 685 1511 943 1542; x_wconf 77' lang='lat' dir='ltr'>CONTINEAT</span> <span class='ocrx_word' id='word_1_228' title='bbox 972 1511 1226 1542; x_wconf 78' lang='lat' dir='ltr'>PRAECEPTA</span> <span class='ocrx_word' id='word_1_229' title='bbox 1259 1512 1468 1544; x_wconf 75' lang='lat' dir='ltr'>MORALIA.</span> 
     </span>
    </p>
   </div>
   <div class='ocr_carea' id='block_1_7' title="bbox 306 1605 1365 1706">
    <p class='ocr_par' dir='ltr' id='par_1_9' title="bbox 306 1605 1365 1706">
     <span class='ocr_line' id='line_1_31' title="bbox 306 1605 1365 1653; baseline 0.002 -13"><span class='ocrx_word' id='word_1_230' title='bbox 306 1605 422 1653; x_wconf 84' lang='lat' dir='ltr'>(Supr.</span> <span class='ocrx_word' id='word_1_231' title='bbox 444 1616 475 1652; x_wconf 88' lang='lat' dir='ltr'>q.</span> <span class='ocrx_word' id='word_1_232' title='bbox 493 1606 549 1652; x_wconf 85' lang='lat'>98.</span> <span class='ocrx_word' id='word_1_233' title='bbox 567 1610 632 1640; x_wconf 78' lang='lat' dir='ltr'>art.</span> <span class='ocrx_word' id='word_1_234' title='bbox 651 1617 680 1652; x_wconf 87' lang='lat'>5.</span> <span class='ocrx_word' id='word_1_235' title='bbox 695 1611 786 1653; x_wconf 76' lang='lat' dir='ltr'>corp.</span> <span class='ocrx_word' id='word_1_236' title='bbox 803 1610 832 1640; x_wconf 77' lang='grc' dir='ltr'>ει</span> <span class='ocrx_word' id='word_1_237' title='bbox 854 1605 934 1649; x_wconf 76' lang='lat' dir='ltr'>infr.</span> <span class='ocrx_word' id='word_1_238' title='bbox 949 1611 1059 1652; x_wconf 75' lang='lat' dir='ltr'>praes.</span> <span class='ocrx_word' id='word_1_239' title='bbox 1081 1617 1112 1652; x_wconf 89' lang='lat' dir='ltr'>q.</span> <span class='ocrx_word' id='word_1_240' title='bbox 1131 1611 1196 1641; x_wconf 82' lang='lat' dir='ltr'>art.</span> <span class='ocrx_word' id='word_1_241' title='bbox 1215 1618 1242 1653; x_wconf 82' lang='lat'>3.</span> <span class='ocrx_word' id='word_1_242' title='bbox 1270 1606 1314 1642; x_wconf 83' lang='lat' dir='ltr'>ad</span> <span class='ocrx_word' id='word_1_243' title='bbox 1334 1618 1365 1642; x_wconf 88' lang='lat'>2.</span> 
     </span>
     <span class='ocr_line' id='line_1_32' title="bbox 452 1659 1217 1706; baseline 0.001 -12"><span class='ocrx_word' id='word_1_244' title='bbox 452 1663 482 1694; x_wconf 75' lang='lat' dir='ltr'>cl</span> <span class='ocrx_word' id='word_1_245' title='bbox 498 1664 563 1695; x_wconf 82' lang='lat' dir='ltr'>art.</span> <span class='ocrx_word' id='word_1_246' title='bbox 583 1670 617 1704; x_wconf 86' lang='lat'>4.</span> <span class='ocrx_word' id='word_1_247' title='bbox 639 1665 728 1706; x_wconf 84' lang='lat' dir='ltr'>corp.</span> <span class='ocrx_word' id='word_1_248' title='bbox 743 1665 773 1695; x_wconf 75' lang='lat' dir='ltr'>et</span> <span class='ocrx_word' id='word_1_249' title='bbox 794 1659 846 1695; x_wconf 89' lang='lat' dir='ltr'>Ps.</span> <span class='ocrx_word' id='word_1_250' title='bbox 868 1660 918 1695; x_wconf 82' lang='lat'>18.</span> <span class='ocrx_word' id='word_1_251' title='bbox 940 1671 1023 1694; x_wconf 90' lang='lat' dir='ltr'>com.</span> <span class='ocrx_word' id='word_1_252' title='bbox 1047 1671 1076 1706; x_wconf 89' lang='lat'>7.</span> <span class='ocrx_word' id='word_1_253' title='bbox 1099 1661 1131 1696; x_wconf 86' lang='lat'>8.</span> <span class='ocrx_word' id='word_1_254' title='bbox 1154 1660 1217 1706; x_wconf 90' lang='lat'><em>9.).</em></span> 
     </span>
    </p>
   </div>
   <div class='ocr_carea' id='block_1_8' title="bbox 45 1759 1627 2937">
    <p class='ocr_par' dir='ltr' id='par_1_10' title="bbox 45 1759 1627 1968">
     <span class='ocr_line' id='line_1_33' title="bbox 125 1759 1627 1810; baseline 0.001 -14"><span class='ocrx_word' id='word_1_255' title='bbox 125 1760 187 1796; x_wconf 83' lang='lat' dir='ltr'>AD</span> <span class='ocrx_word' id='word_1_256' title='bbox 201 1769 408 1796; x_wconf 72' lang='lat' dir='ltr'>SECUNDUM</span> <span class='ocrx_word' id='word_1_257' title='bbox 423 1759 473 1795; x_wconf 86' lang='lat' dir='ltr'>sic</span> <span class='ocrx_word' id='word_1_258' title='bbox 488 1759 707 1807; x_wconf 88' lang='lat' dir='ltr'>proceditur.</span> <span class='ocrx_word' id='word_1_259' title='bbox 729 1759 893 1802; x_wconf 84' lang='lat' dir='ltr'>Videtur,</span> <span class='ocrx_word' id='word_1_260' title='bbox 915 1761 1012 1807; x_wconf 92' lang='lat' dir='ltr'>quod</span> <span class='ocrx_word' id='word_1_261' title='bbox 1031 1760 1087 1795; x_wconf 88' lang='lat' dir='ltr'>lex</span> <span class='ocrx_word' id='word_1_262' title='bbox 1106 1769 1208 1796; x_wconf 89' lang='lat' dir='ltr'>vetus</span> <span class='ocrx_word' id='word_1_263' title='bbox 1227 1772 1300 1796; x_wconf 91' lang='lat' dir='ltr'>non</span> <span class='ocrx_word' id='word_1_264' title='bbox 1320 1762 1505 1797; x_wconf 88' lang='lat' dir='ltr'>contineat</span> <span class='ocrx_word' id='word_1_265' title='bbox 1529 1774 1627 1810; x_wconf 83' lang='lat' dir='ltr'>prae·</span> 
     </span>
     <span class='ocr_line' id='line_1_34' title="bbox 52 1812 1625 1862; baseline 0.001 -12"><span class='ocrx_word' id='word_1_266' title='bbox 52 1821 159 1862; x_wconf 81' lang='lat' dir='ltr'>cepta</span> <span class='ocrx_word' id='word_1_267' title='bbox 178 1813 350 1849; x_wconf 82' lang='lat' dir='ltr'>moralia:</span> <span class='ocrx_word' id='word_1_268' title='bbox 369 1812 427 1849; x_wconf 81' lang='lat' dir='ltr'>lex</span> <span class='ocrx_word' id='word_1_269' title='bbox 447 1813 546 1849; x_wconf 89' lang='lat' dir='ltr'>enim</span> <span class='ocrx_word' id='word_1_270' title='bbox 564 1821 666 1849; x_wconf 88' lang='lat' dir='ltr'>vetus</span> <span class='ocrx_word' id='word_1_271' title='bbox 688 1813 918 1860; x_wconf 85' lang='lat' dir='ltr'>distinguitur</span> <span class='ocrx_word' id='word_1_272' title='bbox 940 1825 960 1848; x_wconf 91' lang='lat' dir='ltr'>a</span> <span class='ocrx_word' id='word_1_273' title='bbox 977 1813 1057 1861; x_wconf 88' lang='lat' dir='ltr'>lege</span> <span class='ocrx_word' id='word_1_274' title='bbox 1076 1823 1236 1858; x_wconf 87' lang='lat' dir='ltr'>naturae,</span> <span class='ocrx_word' id='word_1_275' title='bbox 1264 1823 1303 1850; x_wconf 90' lang='lat' dir='ltr'>ut</span> <span class='ocrx_word' id='word_1_276' title='bbox 1327 1826 1435 1862; x_wconf 88' lang='lat' dir='ltr'>supra</span> <span class='ocrx_word' id='word_1_277' title='bbox 1461 1816 1625 1851; x_wconf 84' lang='lat' dir='ltr'>habitum</span> 
     </span>
     <span class='ocr_line' id='line_1_35' title="bbox 45 1867 1625 1916; baseline 0.001 -12"><span class='ocrx_word' id='word_1_278' title='bbox 45 1871 109 1904; x_wconf 65' lang='lat' dir='ltr'>&#39;est</span> <span class='ocrx_word' id='word_1_279' title='bbox 134 1867 180 1914; x_wconf 83' lang='lat' dir='ltr'>(q.</span> <span class='ocrx_word' id='word_1_280' title='bbox 199 1879 252 1914; x_wconf 84' lang='lat'>91.</span> <span class='ocrx_word' id='word_1_281' title='bbox 264 1872 331 1903; x_wconf 75' lang='lat' dir='ltr'>art.</span> <span class='ocrx_word' id='word_1_282' title='bbox 348 1878 381 1912; x_wconf 88' lang='lat'>4.</span> <span class='ocrx_word' id='word_1_283' title='bbox 403 1872 434 1902; x_wconf 82' lang='lat' dir='ltr'>et</span> <span class='ocrx_word' id='word_1_284' title='bbox 453 1879 484 1914; x_wconf 87' lang='lat' dir='ltr'>q.</span> <span class='ocrx_word' id='word_1_285' title='bbox 506 1867 562 1914; x_wconf 85' lang='lat'>98.</span> <span class='ocrx_word' id='word_1_286' title='bbox 589 1872 654 1902; x_wconf 86' lang='lat' dir='ltr'>art.</span> <span class='ocrx_word' id='word_1_287' title='bbox 672 1867 743 1914; x_wconf 88' lang='lat'><em>5.):</em></span> <span class='ocrx_word' id='word_1_288' title='bbox 765 1867 828 1902; x_wconf 91' lang='lat' dir='ltr'>sed</span> <span class='ocrx_word' id='word_1_289' title='bbox 850 1876 1043 1915; x_wconf 85' lang='lat' dir='ltr'>praecepta</span> <span class='ocrx_word' id='word_1_290' title='bbox 1062 1868 1215 1903; x_wconf 87' lang='lat' dir='ltr'>moralia</span> <span class='ocrx_word' id='word_1_291' title='bbox 1234 1869 1412 1916; x_wconf 86' lang='lat' dir='ltr'>pertinent</span> <span class='ocrx_word' id='word_1_292' title='bbox 1431 1868 1478 1905; x_wconf 85' lang='lat' dir='ltr'>ad</span> <span class='ocrx_word' id='word_1_293' title='bbox 1505 1869 1625 1916; x_wconf 90' lang='lat' dir='ltr'>legem</span> 
     </span>
     <span class='ocr_line' id='line_1_36' title="bbox 52 1919 1032 1968; baseline -0.001 -11"><span class='ocrx_word' id='word_1_294' title='bbox 52 1919 334 1968; x_wconf 82' lang='lat' dir='ltr'>naturae;&#39;ergo</span> <span class='ocrx_word' id='word_1_295' title='bbox 355 1931 430 1956; x_wconf 91' lang='lat' dir='ltr'>non</span> <span class='ocrx_word' id='word_1_296' title='bbox 452 1921 631 1968; x_wconf 90' lang='lat' dir='ltr'>pertinent</span> <span class='ocrx_word' id='word_1_297' title='bbox 651 1921 696 1956; x_wconf 91' lang='lat' dir='ltr'>ad</span> <span class='ocrx_word' id='word_1_298' title='bbox 717 1920 838 1967; x_wconf 88' lang='lat' dir='ltr'>legem</span> <span class='ocrx_word' id='word_1_299' title='bbox 860 1929 1032 1956; x_wconf 81' lang='lat' dir='ltr'>veterem.</span> 
     </span>
    </p>

    <p class='ocr_par' dir='ltr' id='par_1_11' title="bbox 49 1974 1626 2183">
     <span class='ocr_line' id='line_1_37' title="bbox 126 1974 1624 2019; baseline 0.001 -9"><span class='ocrx_word' id='word_1_300' title='bbox 126 1984 158 2010; x_wconf 92' lang='lat'>2.</span> <span class='ocrx_word' id='word_1_301' title='bbox 180 1974 417 2011; x_wconf 71' lang='lat' dir='ltr'>PRAETEREA.</span> <span class='ocrx_word' id='word_1_302' title='bbox 443 1974 498 2009; x_wconf 89' lang='lat' dir='ltr'>Ibi</span> <span class='ocrx_word' id='word_1_303' title='bbox 523 1974 714 2010; x_wconf 90' lang='lat' dir='ltr'>subvenire</span> <span class='ocrx_word' id='word_1_304' title='bbox 741 1975 865 2009; x_wconf 88' lang='lat' dir='ltr'>debuit</span> <span class='ocrx_word' id='word_1_305' title='bbox 889 1975 1032 2010; x_wconf 89' lang='lat' dir='ltr'>homini</span> <span class='ocrx_word' id='word_1_306' title='bbox 1059 1975 1116 2010; x_wconf 86' lang='lat' dir='ltr'>lex</span> <span class='ocrx_word' id='word_1_307' title='bbox 1143 1975 1276 2019; x_wconf 86' lang='lat' dir='ltr'>divina,</span> <span class='ocrx_word' id='word_1_308' title='bbox 1304 1976 1363 2010; x_wconf 90' lang='lat' dir='ltr'>ubi</span> <span class='ocrx_word' id='word_1_309' title='bbox 1390 1976 1512 2012; x_wconf 87' lang='lat' dir='ltr'>deficit</span> <span class='ocrx_word' id='word_1_310' title='bbox 1531 1978 1624 2012; x_wconf 87' lang='lat' dir='ltr'>ratio</span> 
     </span>
     <span class='ocr_line' id='line_1_38' title="bbox 49 2020 1624 2078; baseline 0.001 -13"><span class='ocrx_word' id='word_1_311' title='bbox 49 2027 233 2072; x_wconf 84' lang='lat' dir='ltr'>humana;</span> <span class='ocrx_word' id='word_1_312' title='bbox 245 2027 339 2064; x_wconf 89' lang='lat' dir='ltr'>sicut</span> <span class='ocrx_word' id='word_1_313' title='bbox 359 2036 457 2076; x_wconf 82' lang='lat' dir='ltr'>patet</span> <span class='ocrx_word' id='word_1_314' title='bbox 469 2027 506 2063; x_wconf 91' lang='lat' dir='ltr'>in</span> <span class='ocrx_word' id='word_1_315' title='bbox 520 2028 589 2071; x_wconf 82' lang='lat' dir='ltr'>his,</span> <span class='ocrx_word' id='word_1_316' title='bbox 603 2039 696 2075; x_wconf 87' lang='lat' dir='ltr'>quae</span> <span class='ocrx_word' id='word_1_317' title='bbox 711 2028 755 2063; x_wconf 88' lang='lat' dir='ltr'>ad</span> <span class='ocrx_word' id='word_1_318' title='bbox 771 2028 879 2063; x_wconf 82' lang='lat' dir='ltr'>fidem</span> <span class='ocrx_word' id='word_1_319' title='bbox 894 2029 1086 2076; x_wconf 84' lang='lat' dir='ltr'>pertinent,</span> <span class='ocrx_word' id='word_1_320' title='bbox 1099 2041 1192 2076; x_wconf 89' lang='lat' dir='ltr'>quae</span> <span class='ocrx_word' id='word_1_321' title='bbox 1207 2038 1290 2065; x_wconf 91' lang='lat' dir='ltr'>sunt</span> <span class='ocrx_word' id='word_1_322' title='bbox 1304 2020 1411 2078; x_wconf 72' lang='lat' dir='ltr'>supra</span> <span class='ocrx_word' id='word_1_323' title='bbox 1426 2033 1624 2066; x_wconf 88' lang='lat' dir='ltr'>rationem:</span> 
     </span>
     <span class='ocr_line' id='line_1_39' title="bbox 52 2081 1626 2132; baseline 0.003 -15"><span class='ocrx_word' id='word_1_324' title='bbox 52 2081 117 2118; x_wconf 71' lang='lat' dir='ltr'>sed</span> <span class='ocrx_word' id='word_1_325' title='bbox 137 2081 183 2117; x_wconf 86' lang='lat' dir='ltr'>ad</span> <span class='ocrx_word' id='word_1_326' title='bbox 203 2089 396 2130; x_wconf 86' lang='lat' dir='ltr'>praecepta</span> <span class='ocrx_word' id='word_1_327' title='bbox 418 2081 573 2118; x_wconf 87' lang='lat' dir='ltr'>moralia</span> <span class='ocrx_word' id='word_1_328' title='bbox 587 2081 678 2117; x_wconf 85' lang='lat' dir='ltr'>ratio</span> <span class='ocrx_word' id='word_1_329' title='bbox 698 2082 858 2117; x_wconf 90' lang='lat' dir='ltr'>hominis</span> <span class='ocrx_word' id='word_1_330' title='bbox 873 2081 1037 2118; x_wconf 84' lang='lat' dir='ltr'>sufficere</span> <span class='ocrx_word' id='word_1_331' title='bbox 1056 2083 1216 2126; x_wconf 89' lang='lat' dir='ltr'>videtur;</span> <span class='ocrx_word' id='word_1_332' title='bbox 1231 2095 1320 2131; x_wconf 87' lang='lat' dir='ltr'>ergo</span> <span class='ocrx_word' id='word_1_333' title='bbox 1342 2092 1535 2132; x_wconf 88' lang='lat' dir='ltr'>praecepta</span> <span class='ocrx_word' id='word_1_334' title='bbox 1550 2097 1626 2121; x_wconf 94' lang='lat' dir='ltr'>mo-</span> 
     </span>
     <span class='ocr_line' id='line_1_40' title="bbox 72 2134 1082 2183; baseline -0.001 -11"><span class='ocrx_word' id='word_1_335' title='bbox 72 2134 143 2172; x_wconf 78' lang='lat' dir='ltr'>alia</span> <span class='ocrx_word' id='word_1_336' title='bbox 162 2146 238 2171; x_wconf 89' lang='lat' dir='ltr'>non</span> <span class='ocrx_word' id='word_1_337' title='bbox 258 2143 342 2171; x_wconf 87' lang='lat' dir='ltr'>sunt</span> <span class='ocrx_word' id='word_1_338' title='bbox 362 2135 406 2171; x_wconf 87' lang='lat' dir='ltr'>de</span> <span class='ocrx_word' id='word_1_339' title='bbox 427 2135 509 2183; x_wconf 90' lang='lat' dir='ltr'>lege</span> <span class='ocrx_word' id='word_1_340' title='bbox 534 2135 658 2178; x_wconf 89' lang='lat' dir='ltr'>veteri,</span> <span class='ocrx_word' id='word_1_341' title='bbox 680 2147 773 2182; x_wconf 90' lang='lat' dir='ltr'>quae</span> <span class='ocrx_word' id='word_1_342' title='bbox 796 2144 850 2171; x_wconf 91' lang='lat' dir='ltr'>est</span> <span class='ocrx_word' id='word_1_343' title='bbox 870 2135 926 2171; x_wconf 83' lang='lat' dir='ltr'>lex</span> <span class='ocrx_word' id='word_1_344' title='bbox 949 2137 1082 2172; x_wconf 89' lang='lat' dir='ltr'>divina.</span> 
     </span>
    </p>

    <p class='ocr_par' dir='ltr' id='par_1_12' title="bbox 114 2189 1622 2399">
     <span class='ocr_line' id='line_1_41' title="bbox 128 2189 1622 2239; baseline 0.001 -13"><span class='ocrx_word' id='word_1_345' title='bbox 128 2200 158 2237; x_wconf 81' lang='lat'>3.</span> <span class='ocrx_word' id='word_1_346' title='bbox 179 2189 416 2226; x_wconf 64' lang='lat' dir='ltr'>Pmmmm.</span> <span class='ocrx_word' id='word_1_347' title='bbox 439 2189 514 2225; x_wconf 78' lang='lat' dir='ltr'>Lex</span> <span class='ocrx_word' id='word_1_348' title='bbox 533 2198 637 2225; x_wconf 87' lang='lat' dir='ltr'>vetus</span> <span class='ocrx_word' id='word_1_349' title='bbox 654 2189 785 2225; x_wconf 90' lang='lat' dir='ltr'>dicitur</span> <span class='ocrx_word' id='word_1_350' title='bbox 802 2190 897 2225; x_wconf 77' lang='lat' dir='ltr'>litera</span> <span class='ocrx_word' id='word_1_351' title='bbox 916 2191 1073 2233; x_wconf 65' lang='lat' dir='ltr'>occidens,</span> <span class='ocrx_word' id='word_1_352' title='bbox 1093 2200 1131 2227; x_wconf 91' lang='lat' dir='ltr'>ut</span> <span class='ocrx_word' id='word_1_353' title='bbox 1149 2200 1257 2239; x_wconf 83' lang='lat' dir='ltr'>patet.</span> <span class='ocrx_word' id='word_1_354' title='bbox 1278 2203 1308 2227; x_wconf 86' lang='lat'>2.</span> <span class='ocrx_word' id='word_1_355' title='bbox 1329 2192 1373 2227; x_wconf 89' lang='lat' dir='ltr'>ad</span> <span class='ocrx_word' id='word_1_356' title='bbox 1390 2192 1557 2228; x_wconf 87' lang='lat' dir='ltr'>Corinth.</span> <span class='ocrx_word' id='word_1_357' title='bbox 1578 2205 1622 2239; x_wconf 83' lang='lat'>3.:</span> 
     </span>
     <span class='ocr_line' id='line_1_42' title="bbox 128 2242 1622 2291; baseline 0.003 -12"><span class='ocrx_word' id='word_1_358' title='bbox 128 2251 324 2291; x_wconf 76' lang='lat' dir='ltr'>praecepta</span> <span class='ocrx_word' id='word_1_359' title='bbox 342 2242 499 2279; x_wconf 80' lang='lat' dir='ltr'>moralia</span> <span class='ocrx_word' id='word_1_360' title='bbox 512 2254 586 2279; x_wconf 91' lang='lat' dir='ltr'>non</span> <span class='ocrx_word' id='word_1_361' title='bbox 601 2244 784 2285; x_wconf 89' lang='lat' dir='ltr'>occidunt,</span> <span class='ocrx_word' id='word_1_362' title='bbox 799 2244 861 2279; x_wconf 90' lang='lat' dir='ltr'>sed</span> <span class='ocrx_word' id='word_1_363' title='bbox 877 2244 1073 2288; x_wconf 73' lang='lat' dir='ltr'>vivificant,</span> <span class='ocrx_word' id='word_1_364' title='bbox 1087 2246 1288 2282; x_wconf 88' lang='lat' dir='ltr'>secundum</span> <span class='ocrx_word' id='word_1_365' title='bbox 1308 2247 1395 2282; x_wconf 91' lang='lat' dir='ltr'>illud</span> <span class='ocrx_word' id='word_1_366' title='bbox 1414 2247 1508 2283; x_wconf 90' lang='lat' dir='ltr'>Psal.</span> <span class='ocrx_word' id='word_1_367' title='bbox 1529 2248 1622 2283; x_wconf 87' lang='lat'>118.:</span> 
     </span>
     <span class='ocr_line' id='line_1_43' title="bbox 114 2297 1622 2349; baseline 0.002 -15"><span class='ocrx_word' id='word_1_368' title='bbox 114 2302 287 2334; x_wconf 61' lang='lat' dir='ltr'>nummu</span> <span class='ocrx_word' id='word_1_369' title='bbox 311 2308 378 2333; x_wconf 81' lang='lat' dir='ltr'>non</span> <span class='ocrx_word' id='word_1_370' title='bbox 401 2297 583 2333; x_wconf 57' lang='lat' dir='ltr'>obla-iscar</span> <span class='ocrx_word' id='word_1_371' title='bbox 598 2298 848 2344; x_wconf 77' lang='lat' dir='ltr'>justificationes</span> <span class='ocrx_word' id='word_1_372' title='bbox 869 2303 954 2341; x_wconf 82' lang='lat' dir='ltr'>luas,</span> <span class='ocrx_word' id='word_1_373' title='bbox 977 2301 1054 2346; x_wconf 86' lang='lat' dir='ltr'>quia</span> <span class='ocrx_word' id='word_1_374' title='bbox 1082 2301 1116 2334; x_wconf 86' lang='lat' dir='ltr'>in</span> <span class='ocrx_word' id='word_1_375' title='bbox 1139 2301 1216 2348; x_wconf 85' lang='lat' dir='ltr'>ipsis</span> <span class='ocrx_word' id='word_1_376' title='bbox 1236 2301 1419 2346; x_wconf 77' lang='lat' dir='ltr'>vivificasti</span> <span class='ocrx_word' id='word_1_377' title='bbox 1442 2314 1509 2342; x_wconf 71' lang='lat' dir='ltr'>mc,·</span> <span class='ocrx_word' id='word_1_378' title='bbox 1533 2313 1622 2349; x_wconf 88' lang='lat' dir='ltr'>ergo</span> 
     </span>
     <span class='ocr_line' id='line_1_44' title="bbox 118 2350 1125 2399; baseline 0.001 -12"><span class='ocrx_word' id='word_1_379' title='bbox 118 2358 247 2399; x_wconf 68' lang='lat' dir='ltr'>acepta</span> <span class='ocrx_word' id='word_1_380' title='bbox 267 2350 422 2387; x_wconf 80' lang='lat' dir='ltr'>moralia</span> <span class='ocrx_word' id='word_1_381' title='bbox 442 2362 517 2387; x_wconf 89' lang='lat' dir='ltr'>non</span> <span class='ocrx_word' id='word_1_382' title='bbox 539 2351 718 2399; x_wconf 88' lang='lat' dir='ltr'>pertinent</span> <span class='ocrx_word' id='word_1_383' title='bbox 744 2352 788 2386; x_wconf 87' lang='lat' dir='ltr'>ad</span> <span class='ocrx_word' id='word_1_384' title='bbox 810 2359 969 2388; x_wconf 87' lang='lat' dir='ltr'>veterem</span> <span class='ocrx_word' id='word_1_385' title='bbox 993 2352 1125 2399; x_wconf 87' lang='lat' dir='ltr'>legem.</span> 
     </span>
    </p>

    <p class='ocr_par' dir='ltr' id='par_1_13' title="bbox 83 2403 1624 2615">
     <span class='ocr_line' id='line_1_45' title="bbox 125 2403 1622 2456; baseline 0.001 -15"><span class='ocrx_word' id='word_1_386' title='bbox 125 2403 202 2441; x_wconf 71' lang='lat' dir='ltr'>SED</span> <span class='ocrx_word' id='word_1_387' title='bbox 220 2415 376 2442; x_wconf 70' lang='lat' dir='ltr'>CONTRA</span> <span class='ocrx_word' id='word_1_388' title='bbox 390 2412 456 2447; x_wconf 86' lang='lat' dir='ltr'>est,</span> <span class='ocrx_word' id='word_1_389' title='bbox 469 2405 567 2452; x_wconf 89' lang='lat' dir='ltr'>quod</span> <span class='ocrx_word' id='word_1_390' title='bbox 581 2405 710 2441; x_wconf 87' lang='lat' dir='ltr'>dicitur</span> <span class='ocrx_word' id='word_1_391' title='bbox 724 2404 835 2440; x_wconf 79' lang='lat' dir='ltr'>Eccli.</span> <span class='ocrx_word' id='word_1_392' title='bbox 855 2417 924 2452; x_wconf 83' lang='lat'>17.:</span> <span class='ocrx_word' id='word_1_393' title='bbox 940 2407 1079 2443; x_wconf 78' lang='lat' dir='ltr'>Addidit</span> <span class='ocrx_word' id='word_1_394' title='bbox 1091 2407 1156 2443; x_wconf 85' lang='lat' dir='ltr'>illis</span> <span class='ocrx_word' id='word_1_395' title='bbox 1166 2407 1242 2454; x_wconf 77' lang='lat' dir='ltr'>legis</span> <span class='ocrx_word' id='word_1_396' title='bbox 1251 2408 1468 2456; x_wconf 81' lang='lat' dir='ltr'>&#39;disciplinam</span> <span class='ocrx_word' id='word_1_397' title='bbox 1482 2414 1511 2444; x_wconf 81' lang='lat' dir='ltr'>el</span> <span class='ocrx_word' id='word_1_398' title='bbox 1525 2409 1622 2455; x_wconf 69' lang='lat' dir='ltr'>legem</span> 
     </span>
     <span class='ocr_line' id='line_1_46' title="bbox 83 2458 1623 2506; baseline 0.002 -11"><span class='ocrx_word' id='word_1_399' title='bbox 83 2459 92 2468; x_wconf 90' lang='grc'><em>“</em></span> <span class='ocrx_word' id='word_1_400' title='bbox 161 2458 380 2495; x_wconf 75' lang='lat' dir='ltr'>haereditavit</span> <span class='ocrx_word' id='word_1_401' title='bbox 395 2470 468 2494; x_wconf 80' lang='lat' dir='ltr'>eos:</span> <span class='ocrx_word' id='word_1_402' title='bbox 494 2458 685 2506; x_wconf 87' lang='lat' dir='ltr'>disciplina</span> <span class='ocrx_word' id='word_1_403' title='bbox 707 2467 829 2494; x_wconf 89' lang='lat' dir='ltr'>autem</span> <span class='ocrx_word' id='word_1_404' title='bbox 851 2461 1004 2506; x_wconf 85' lang='lat' dir='ltr'>pertinet</span> <span class='ocrx_word' id='word_1_405' title='bbox 1031 2461 1074 2496; x_wconf 88' lang='lat' dir='ltr'>ad</span> <span class='ocrx_word' id='word_1_406' title='bbox 1102 2472 1242 2496; x_wconf 86' lang='lat' dir='ltr'>mores:</span> <span class='ocrx_word' id='word_1_407' title='bbox 1267 2462 1352 2497; x_wconf 90' lang='lat' dir='ltr'>dicit</span> <span class='ocrx_word' id='word_1_408' title='bbox 1374 2462 1471 2497; x_wconf 87' lang='lat' dir='ltr'>enim</span> <span class='ocrx_word' id='word_1_409' title='bbox 1500 2462 1623 2498; x_wconf 86' lang='lat' dir='ltr'>Gloss.</span> 
     </span>
     <span class='ocr_line' id='line_1_47' title="bbox 139 2511 1624 2563; baseline 0.002 -15"><span class='ocrx_word' id='word_1_410' title='bbox 139 2513 147 2522; x_wconf 84' lang='lat'><em>⁰</em></span> <span class='ocrx_word' id='word_1_411' title='bbox 214 2513 240 2559; x_wconf 87' lang='lat'>.)</span> <span class='ocrx_word' id='word_1_412' title='bbox 261 2512 307 2548; x_wconf 79' lang='lat' dir='ltr'>ad</span> <span class='ocrx_word' id='word_1_413' title='bbox 327 2511 419 2548; x_wconf 79' lang='lat' dir='ltr'>Heb.</span> <span class='ocrx_word' id='word_1_414' title='bbox 437 2521 489 2548; x_wconf 85' lang='lat'>12.</span> <span class='ocrx_word' id='word_1_415' title='bbox 503 2523 612 2560; x_wconf 81' lang='lat' dir='ltr'>super</span> <span class='ocrx_word' id='word_1_416' title='bbox 634 2512 739 2547; x_wconf 87' lang='lat' dir='ltr'>illud:</span> <span class='ocrx_word' id='word_1_417' title='bbox 765 2513 882 2548; x_wconf 79' lang='lat' dir='ltr'>Omnis</span> <span class='ocrx_word' id='word_1_418' title='bbox 902 2513 1093 2562; x_wconf 80' lang='lat' dir='ltr'>disciplina,</span> <span class='ocrx_word' id='word_1_419' title='bbox 1109 2523 1198 2550; x_wconf 87' lang='lat' dir='ltr'>etc.:</span> <span class='ocrx_word' id='word_1_420' title='bbox 1215 2516 1402 2563; x_wconf 76' lang='lat' dir='ltr'>Disciplirm</span> <span class='ocrx_word' id='word_1_421' title='bbox 1421 2522 1464 2552; x_wconf 73' lang='lat' dir='ltr'>est</span> <span class='ocrx_word' id='word_1_422' title='bbox 1482 2516 1624 2552; x_wconf 78' lang='lat' dir='ltr'>eruditio</span> 
     </span>
     <span class='ocr_line' id='line_1_48' title="bbox 201 2565 1527 2615; baseline 0.003 -14"><span class='ocrx_word' id='word_1_423' title='bbox 201 2571 265 2614; x_wconf 77' lang='lat' dir='ltr'>per</span> <span class='ocrx_word' id='word_1_424' title='bbox 283 2565 453 2614; x_wconf 61' lang='lat' dir='ltr'>difficilim</span> <span class='ocrx_word' id='word_1_425' title='bbox 475 2577 564 2613; x_wconf 83' lang='lat' dir='ltr'>ergo</span> <span class='ocrx_word' id='word_1_426' title='bbox 586 2565 643 2601; x_wconf 85' lang='lat' dir='ltr'>lex</span> <span class='ocrx_word' id='word_1_427' title='bbox 665 2578 684 2601; x_wconf 87' lang='lat' dir='ltr'>a</span> <span class='ocrx_word' id='word_1_428' title='bbox 706 2566 789 2602; x_wconf 86' lang='lat' dir='ltr'>Deo</span> <span class='ocrx_word' id='word_1_429' title='bbox 811 2567 893 2602; x_wconf 87' lang='lat' dir='ltr'>data</span> <span class='ocrx_word' id='word_1_430' title='bbox 918 2577 1113 2615; x_wconf 86' lang='lat' dir='ltr'>praecepta</span> <span class='ocrx_word' id='word_1_431' title='bbox 1133 2569 1286 2604; x_wconf 85' lang='lat' dir='ltr'>moralia</span> <span class='ocrx_word' id='word_1_432' title='bbox 1309 2570 1527 2605; x_wconf 89' lang='lat' dir='ltr'>continebat.</span> 
     </span>
    </p>

    <p class='ocr_par' dir='ltr' id='par_1_14' title="bbox 61 2618 1624 2937">
     <span class='ocr_line' id='line_1_49' title="bbox 74 2618 1622 2670; baseline 0.002 -14"><span class='ocrx_word' id='word_1_433' title='bbox 74 2626 80 2648; x_wconf 73' lang='lat'><em>¹</em></span> <span class='ocrx_word' id='word_1_434' title='bbox 123 2618 356 2656; x_wconf 70' lang='lat' dir='ltr'>Rtsrounsso</span> <span class='ocrx_word' id='word_1_435' title='bbox 369 2619 577 2662; x_wconf 85' lang='lat' dir='ltr'>dicendum,</span> <span class='ocrx_word' id='word_1_436' title='bbox 599 2620 696 2667; x_wconf 88' lang='lat' dir='ltr'>quod</span> <span class='ocrx_word' id='word_1_437' title='bbox 718 2620 769 2655; x_wconf 75' lang='lat' dir='ltr'>lex</span> <span class='ocrx_word' id='word_1_438' title='bbox 782 2626 874 2657; x_wconf 70' lang='lat' dir='ltr'>vatus</span> <span class='ocrx_word' id='word_1_439' title='bbox 891 2623 1078 2658; x_wconf 79' lang='lat' dir='ltr'>continebat</span> <span class='ocrx_word' id='word_1_440' title='bbox 1093 2629 1267 2670; x_wconf 75' lang='lat' dir='ltr'>praccepta</span> <span class='ocrx_word' id='word_1_441' title='bbox 1286 2623 1446 2670; x_wconf 80' lang='lat' dir='ltr'>quaedam</span> <span class='ocrx_word' id='word_1_442' title='bbox 1466 2624 1622 2664; x_wconf 75' lang='lat' dir='ltr'>moralia,</span> 
     </span>
     <span class='ocr_line' id='line_1_50' title="bbox 61 2672 1622 2722; baseline 0.002 -12"><span class='ocrx_word' id='word_1_443' title='bbox 61 2676 65 2677; x_wconf 48' lang='lat'><em>⁷</em></span> <span class='ocrx_word' id='word_1_444' title='bbox 113 2680 214 2722; x_wconf 75' lang='lat' dir='ltr'>patet</span> <span class='ocrx_word' id='word_1_445' title='bbox 228 2672 342 2709; x_wconf 81' lang='lat' dir='ltr'>Exod.</span> <span class='ocrx_word' id='word_1_446' title='bbox 357 2682 436 2710; x_wconf 61' lang='grc' dir='ltr'>παι</span> <span class='ocrx_word' id='word_1_447' title='bbox 454 2673 532 2710; x_wconf 84' lang='lat' dir='ltr'>Non</span> <span class='ocrx_word' id='word_1_448' title='bbox 546 2673 688 2710; x_wconf 74' lang='lat' dir='ltr'>occides:</span> <span class='ocrx_word' id='word_1_449' title='bbox 709 2674 786 2709; x_wconf 82' lang='lat' dir='ltr'>Non</span> <span class='ocrx_word' id='word_1_450' title='bbox 796 2675 934 2721; x_wconf 74' lang='lat' dir='ltr'>sartum</span> <span class='ocrx_word' id='word_1_451' title='bbox 949 2676 1066 2722; x_wconf 76' lang='lat' dir='ltr'>jacies.</span> <span class='ocrx_word' id='word_1_452' title='bbox 1087 2676 1130 2712; x_wconf 80' lang='lat' dir='ltr'>Et</span> <span class='ocrx_word' id='word_1_453' title='bbox 1149 2677 1219 2711; x_wconf 86' lang='lat' dir='ltr'>hoc</span> <span class='ocrx_word' id='word_1_454' title='bbox 1239 2677 1511 2712; x_wconf 81' lang='lat' dir='ltr'>rationabiliter.</span> <span class='ocrx_word' id='word_1_455' title='bbox 1527 2678 1622 2713; x_wconf 85' lang='lat' dir='ltr'>Nam</span> 
     </span>
     <span class='ocr_line' id='line_1_51' title="bbox 108 2725 1622 2775; baseline 0.002 -12"><span class='ocrx_word' id='word_1_456' title='bbox 108 2733 148 2763; x_wconf 82' lang='lat' dir='ltr'>ut</span> <span class='ocrx_word' id='word_1_457' title='bbox 166 2725 320 2763; x_wconf 87' lang='lat' dir='ltr'>intentio</span> <span class='ocrx_word' id='word_1_458' title='bbox 341 2726 549 2775; x_wconf 86' lang='lat' dir='ltr'>principalis</span> <span class='ocrx_word' id='word_1_459' title='bbox 570 2727 660 2774; x_wconf 87' lang='lat' dir='ltr'>legis</span> <span class='ocrx_word' id='word_1_460' title='bbox 677 2727 861 2766; x_wconf 81' lang='lat' dir='ltr'>humanae</span> <span class='ocrx_word' id='word_1_461' title='bbox 880 2737 944 2772; x_wconf 89' lang='lat' dir='ltr'>est,</span> <span class='ocrx_word' id='word_1_462' title='bbox 965 2738 1002 2765; x_wconf 91' lang='lat' dir='ltr'>ut</span> <span class='ocrx_word' id='word_1_463' title='bbox 1016 2729 1125 2766; x_wconf 86' lang='lat' dir='ltr'>saciat</span> <span class='ocrx_word' id='word_1_464' title='bbox 1144 2730 1342 2766; x_wconf 84' lang='lat' dir='ltr'>amicitiam</span> <span class='ocrx_word' id='word_1_465' title='bbox 1363 2731 1558 2767; x_wconf 86' lang='lat' dir='ltr'>hominum</span> <span class='ocrx_word' id='word_1_466' title='bbox 1578 2732 1622 2766; x_wconf 89' lang='lat' dir='ltr'>ad</span> 
     </span>
     <span class='ocr_line' id='line_1_52' title="bbox 222 2780 1621 2831; baseline 0.003 -15"><span class='ocrx_word' id='word_1_467' title='bbox 222 2791 232 2816; x_wconf 76' lang='lat' dir='ltr'><strong><em>z</em></strong></span> <span class='ocrx_word' id='word_1_468' title='bbox 253 2780 302 2816; x_wconf 73' lang='lat' dir='ltr'>ita</span> <span class='ocrx_word' id='word_1_469' title='bbox 321 2780 476 2817; x_wconf 81' lang='lat' dir='ltr'>intentio</span> <span class='ocrx_word' id='word_1_470' title='bbox 500 2780 645 2816; x_wconf 87' lang='lat' dir='ltr'>divinae</span> <span class='ocrx_word' id='word_1_471' title='bbox 667 2781 758 2827; x_wconf 81' lang='lat' dir='ltr'>legis</span> <span class='ocrx_word' id='word_1_472' title='bbox 778 2790 843 2824; x_wconf 87' lang='lat' dir='ltr'>est,</span> <span class='ocrx_word' id='word_1_473' title='bbox 870 2791 908 2818; x_wconf 90' lang='lat' dir='ltr'>ut</span> <span class='ocrx_word' id='word_1_474' title='bbox 933 2783 1130 2819; x_wconf 87' lang='lat' dir='ltr'>constituat</span> <span class='ocrx_word' id='word_1_475' title='bbox 1156 2784 1401 2831; x_wconf 87' lang='lat' dir='ltr'>principaliter</span> <span class='ocrx_word' id='word_1_476' title='bbox 1423 2785 1621 2820; x_wconf 84' lang='lat' dir='ltr'>amicitiam</span> 
     </span>
     <span class='ocr_line' id='line_1_53' title="bbox 148 2833 1621 2880; baseline 0.003 -11"><span class='ocrx_word' id='word_1_477' title='bbox 148 2833 158 2842; x_wconf 88' lang='lat'>&#39;</span> <span class='ocrx_word' id='word_1_478' title='bbox 186 2833 217 2870; x_wconf 77' lang='lat' dir='ltr'>&#39;s</span> <span class='ocrx_word' id='word_1_479' title='bbox 237 2834 283 2871; x_wconf 75' lang='lat' dir='ltr'>ad</span> <span class='ocrx_word' id='word_1_480' title='bbox 303 2834 556 2871; x_wconf 67' lang='lat' dir='ltr'>DeumCum</span> <span class='ocrx_word' id='word_1_481' title='bbox 579 2843 700 2870; x_wconf 83' lang='lat' dir='ltr'>autem</span> <span class='ocrx_word' id='word_1_482' title='bbox 726 2835 926 2872; x_wconf 79' lang='lat' dir='ltr'>similitudo</span> <span class='ocrx_word' id='word_1_483' title='bbox 948 2837 993 2872; x_wconf 87' lang='lat' dir='ltr'>sit</span> <span class='ocrx_word' id='word_1_484' title='bbox 1020 2837 1111 2872; x_wconf 84' lang='lat' dir='ltr'>ratio</span> <span class='ocrx_word' id='word_1_485' title='bbox 1139 2838 1287 2880; x_wconf 75' lang='lat' dir='ltr'>amoris,</span> <span class='ocrx_word' id='word_1_486' title='bbox 1309 2839 1511 2874; x_wconf 86' lang='lat' dir='ltr'>secundum</span> <span class='ocrx_word' id='word_1_487' title='bbox 1534 2838 1621 2874; x_wconf 88' lang='lat' dir='ltr'>illud</span> 
     </span>
     <span class='ocr_line' id='line_1_54' title="bbox 192 2886 1624 2937; baseline 0.003 -13"><span class='ocrx_word' id='word_1_488' title='bbox 192 2897 269 2934; x_wconf 66' lang='lat'>132:</span> <span class='ocrx_word' id='word_1_489' title='bbox 292 2886 402 2925; x_wconf 72' lang='lat' dir='ltr'>Omna</span> <span class='ocrx_word' id='word_1_490' title='bbox 419 2888 550 2925; x_wconf 66' lang='lat' dir='ltr'>aniona!</span> <span class='ocrx_word' id='word_1_491' title='bbox 568 2888 678 2933; x_wconf 73' lang='lat' dir='ltr'>diligit</span> <span class='ocrx_word' id='word_1_492' title='bbox 697 2889 802 2925; x_wconf 77' lang='lat' dir='ltr'>simile</span> <span class='ocrx_word' id='word_1_493' title='bbox 818 2890 893 2933; x_wconf 80' lang='lat' dir='ltr'>sibi,</span> <span class='ocrx_word' id='word_1_494' title='bbox 916 2890 1141 2937; x_wconf 82' lang='lat' dir='ltr'>impossibile</span> <span class='ocrx_word' id='word_1_495' title='bbox 1163 2900 1216 2927; x_wconf 87' lang='lat' dir='ltr'>est</span> <span class='ocrx_word' id='word_1_496' title='bbox 1238 2903 1315 2928; x_wconf 86' lang='lat' dir='ltr'>esse</span> <span class='ocrx_word' id='word_1_497' title='bbox 1339 2892 1538 2929; x_wconf 85' lang='lat' dir='ltr'>amicitiam</span> <span class='ocrx_word' id='word_1_498' title='bbox 1561 2893 1624 2930; x_wconf 86' lang='lat' dir='ltr'>ho-</span> 
     </span>
    </p>
   </div>
  </div>
 </body>
</html>
