<?xml version="1.0" encoding="UTF-8"?>
<!DOCTYPE html PUBLIC "-//W3C//DTD XHTML 1.0 Transitional//EN"
    "http://www.w3.org/TR/xhtml1/DTD/xhtml1-transitional.dtd">
<html xmlns="http://www.w3.org/1999/xhtml" xml:lang="en" lang="en">
 <head>
  <title>
</title>
<meta http-equiv="Content-Type" content="text/html;charset=utf-8" />
  <meta name='ocr-system' content='tesseract 3.04.00' />
  <meta name='ocr-capabilities' content='ocr_page ocr_carea ocr_par ocr_line ocrx_word'/>
</head>
<body>
  <div class='ocr_page' id='page_1' title='image "./divithomaeaquina02thomuoft_0298.png"; bbox 0 0 1907 3182; ppageno 0'>
   <div class='ocr_carea' id='block_1_1' title="bbox 240 153 1364 198">
    <p class='ocr_par' dir='ltr' id='par_1_1' title="bbox 240 153 1364 198">
     <span class='ocr_line' id='line_1_1' title="bbox 240 153 1364 198; baseline -0.004 -13"><span class='ocrx_word' id='word_1_1' title='bbox 240 156 327 198; x_wconf 81' lang='lat'>294</span> <span class='ocrx_word' id='word_1_2' title='bbox 680 154 902 189; x_wconf 87' lang='lat' dir='ltr'><strong>QUAESTIO</strong></span> <span class='ocrx_word' id='word_1_3' title='bbox 937 153 1006 181; x_wconf 85' lang='lat' dir='ltr'>XL.</span> <span class='ocrx_word' id='word_1_4' title='bbox 1041 153 1286 182; x_wconf 85' lang='lat' dir='ltr'>ARTICULUS</span> <span class='ocrx_word' id='word_1_5' title='bbox 1320 153 1364 182; x_wconf 83' lang='grc' dir='ltr'>ΙΙ.</span> 
     </span>
    </p>
   </div>
   <div class='ocr_carea' id='block_1_2' title="bbox 314 336 1806 497">
    <p class='ocr_par' dir='ltr' id='par_1_2' title="bbox 314 336 1806 497">
     <span class='ocr_line' id='line_1_2' title="bbox 795 336 1806 393; baseline 0.002 -12"><span class='ocrx_word' id='word_1_6' title='bbox 795 336 1142 383; x_wconf 80' lang='lat' dir='ltr'><strong>ARTICULUS</strong></span> <span class='ocrx_word' id='word_1_7' title='bbox 1184 338 1241 381; x_wconf 89' lang='grc' dir='ltr'>Π.</span> <span class='ocrx_word' id='word_1_8' title='bbox 1738 359 1806 393; x_wconf 85' lang='lat'>224</span> 
     </span>
     <span class='ocr_line' id='line_1_3' title="bbox 314 458 1726 497; baseline -0.004 -6"><span class='ocrx_word' id='word_1_9' title='bbox 314 462 467 491; x_wconf 74' lang='lat' dir='ltr'><strong>UTRUM</strong></span> <span class='ocrx_word' id='word_1_10' title='bbox 497 460 593 490; x_wconf 84' lang='lat' dir='ltr'>SPES</span> <span class='ocrx_word' id='word_1_11' title='bbox 623 460 689 489; x_wconf 89' lang='lat' dir='ltr'>SIT</span> <span class='ocrx_word' id='word_1_12' title='bbox 717 459 762 489; x_wconf 82' lang='lat' dir='ltr'>IN</span> <span class='ocrx_word' id='word_1_13' title='bbox 787 459 831 487; x_wconf 77' lang='lat' dir='ltr'>VI</span> <span class='ocrx_word' id='word_1_14' title='bbox 858 458 1199 497; x_wconf 77' lang='lat' dir='ltr'>APPREHENSIVA,</span> <span class='ocrx_word' id='word_1_15' title='bbox 1225 458 1283 488; x_wconf 80' lang='lat' dir='ltr'>AN</span> <span class='ocrx_word' id='word_1_16' title='bbox 1311 458 1355 488; x_wconf 83' lang='lat' dir='ltr'>IN</span> <span class='ocrx_word' id='word_1_17' title='bbox 1380 458 1423 486; x_wconf 68' lang='lat' dir='ltr'>VI</span> <span class='ocrx_word' id='word_1_18' title='bbox 1450 458 1726 487; x_wconf 84' lang='lat' dir='ltr'>APPETITIVA.</span> 
     </span>
    </p>
   </div>
   <div class='ocr_carea' id='block_1_3' title="bbox 479 557 1561 658">
    <p class='ocr_par' dir='ltr' id='par_1_3' title="bbox 479 557 1561 658">
     <span class='ocr_line' id='line_1_4' title="bbox 479 557 1561 604; baseline -0.004 -10"><span class='ocrx_word' id='word_1_19' title='bbox 479 559 561 603; x_wconf 91' lang='lat'><em>(2-2.</em></span> <span class='ocrx_word' id='word_1_20' title='bbox 583 571 613 604; x_wconf 85' lang='lat' dir='ltr'>q.</span> <span class='ocrx_word' id='word_1_21' title='bbox 636 559 686 594; x_wconf 87' lang='lat'>18.</span> <span class='ocrx_word' id='word_1_22' title='bbox 710 563 773 592; x_wconf 71' lang='lat' dir='ltr'>art.</span> <span class='ocrx_word' id='word_1_23' title='bbox 793 571 819 592; x_wconf 85' lang='lat' dir='ltr'>I.</span> <span class='ocrx_word' id='word_1_24' title='bbox 843 565 934 604; x_wconf 81' lang='lat' dir='ltr'>corp.</span> <span class='ocrx_word' id='word_1_25' title='bbox 956 563 984 591; x_wconf 77' lang='lat' dir='ltr'>et</span> <span class='ocrx_word' id='word_1_26' title='bbox 1000 569 1028 603; x_wconf 78' lang='lat'>3.</span> <span class='ocrx_word' id='word_1_27' title='bbox 1051 557 1140 591; x_wconf 75' lang='lat' dir='ltr'>Dist.</span> <span class='ocrx_word' id='word_1_28' title='bbox 1163 557 1218 591; x_wconf 88' lang='lat'>26.</span> <span class='ocrx_word' id='word_1_29' title='bbox 1241 568 1270 602; x_wconf 86' lang='lat' dir='ltr'>q.</span> <span class='ocrx_word' id='word_1_30' title='bbox 1293 569 1320 591; x_wconf 89' lang='lat' dir='ltr'>r.</span> <span class='ocrx_word' id='word_1_31' title='bbox 1339 562 1404 592; x_wconf 81' lang='lat' dir='ltr'>art.</span> <span class='ocrx_word' id='word_1_32' title='bbox 1423 569 1450 592; x_wconf 88' lang='lat' dir='ltr'>r.</span> <span class='ocrx_word' id='word_1_33' title='bbox 1470 563 1561 603; x_wconf 80' lang='lat' dir='ltr'>corp.</span> 
     </span>
     <span class='ocr_line' id='line_1_5' title="bbox 596 611 1454 658; baseline -0.002 -12"><span class='ocrx_word' id='word_1_34' title='bbox 596 617 625 646; x_wconf 72' lang='lat' dir='ltr'>et</span> <span class='ocrx_word' id='word_1_35' title='bbox 639 624 669 658; x_wconf 84' lang='lat' dir='ltr'>q.</span> <span class='ocrx_word' id='word_1_36' title='bbox 685 624 716 646; x_wconf 92' lang='lat'>2.</span> <span class='ocrx_word' id='word_1_37' title='bbox 733 617 796 645; x_wconf 81' lang='lat' dir='ltr'>art.</span> <span class='ocrx_word' id='word_1_38' title='bbox 813 623 843 646; x_wconf 90' lang='lat'>2.</span> <span class='ocrx_word' id='word_1_39' title='bbox 860 617 950 657; x_wconf 79' lang='lat' dir='ltr'>corp.</span> <span class='ocrx_word' id='word_1_40' title='bbox 966 616 996 645; x_wconf 78' lang='lat' dir='ltr'>et</span> <span class='ocrx_word' id='word_1_41' title='bbox 1016 611 1100 645; x_wconf 74' lang='lat' dir='ltr'>Veri.</span> <span class='ocrx_word' id='word_1_42' title='bbox 1117 622 1147 656; x_wconf 81' lang='lat' dir='ltr'>q.</span> <span class='ocrx_word' id='word_1_43' title='bbox 1161 622 1194 654; x_wconf 84' lang='lat'>4.</span> <span class='ocrx_word' id='word_1_44' title='bbox 1209 614 1272 644; x_wconf 76' lang='lat' dir='ltr'>art.</span> <span class='ocrx_word' id='word_1_45' title='bbox 1288 622 1319 644; x_wconf 90' lang='lat'>2.</span> <span class='ocrx_word' id='word_1_46' title='bbox 1335 611 1454 657; x_wconf 65' lang='lat' dir='ltr'>corp).</span> 
     </span>
    </p>
   </div>
   <div class='ocr_carea' id='block_1_4' title="bbox 239 710 1816 2898">
    <p class='ocr_par' dir='ltr' id='par_1_4' title="bbox 239 710 1811 973">
     <span class='ocr_line' id='line_1_6' title="bbox 310 710 1811 758; baseline -0.003 -10"><span class='ocrx_word' id='word_1_47' title='bbox 310 714 370 747; x_wconf 79' lang='lat' dir='ltr'>An</span> <span class='ocrx_word' id='word_1_48' title='bbox 387 723 595 748; x_wconf 80' lang='lat' dir='ltr'>SECUNDUM</span> <span class='ocrx_word' id='word_1_49' title='bbox 610 712 659 746; x_wconf 90' lang='lat' dir='ltr'>sic</span> <span class='ocrx_word' id='word_1_50' title='bbox 683 711 900 758; x_wconf 79' lang='lat' dir='ltr'>proceditur.</span> <span class='ocrx_word' id='word_1_51' title='bbox 921 711 1084 754; x_wconf 86' lang='lat' dir='ltr'>Videtur,</span> <span class='ocrx_word' id='word_1_52' title='bbox 1107 711 1205 757; x_wconf 92' lang='lat' dir='ltr'>quod</span> <span class='ocrx_word' id='word_1_53' title='bbox 1226 722 1306 756; x_wconf 87' lang='lat' dir='ltr'>spes</span> <span class='ocrx_word' id='word_1_54' title='bbox 1330 711 1508 756; x_wconf 78' lang='lat' dir='ltr'>pertineat</span> <span class='ocrx_word' id='word_1_55' title='bbox 1526 712 1570 745; x_wconf 89' lang='lat' dir='ltr'>ad</span> <span class='ocrx_word' id='word_1_56' title='bbox 1591 711 1667 745; x_wconf 90' lang='lat' dir='ltr'>vim</span> <span class='ocrx_word' id='word_1_57' title='bbox 1688 710 1811 756; x_wconf 91' lang='lat' dir='ltr'>cogni-</span> 
     </span>
     <span class='ocr_line' id='line_1_7' title="bbox 240 763 1809 812; baseline -0.003 -11"><span class='ocrx_word' id='word_1_58' title='bbox 240 768 369 801; x_wconf 82' lang='lat' dir='ltr'>tivam:</span> <span class='ocrx_word' id='word_1_59' title='bbox 394 777 474 812; x_wconf 87' lang='lat' dir='ltr'>spes</span> <span class='ocrx_word' id='word_1_60' title='bbox 507 767 603 800; x_wconf 89' lang='lat' dir='ltr'>enim</span> <span class='ocrx_word' id='word_1_61' title='bbox 633 765 774 799; x_wconf 87' lang='lat' dir='ltr'>videtur</span> <span class='ocrx_word' id='word_1_62' title='bbox 805 775 882 799; x_wconf 89' lang='lat' dir='ltr'>esse</span> <span class='ocrx_word' id='word_1_63' title='bbox 913 764 1115 810; x_wconf 78' lang='lat' dir='ltr'>expectatio</span> <span class='ocrx_word' id='word_1_64' title='bbox 1143 764 1340 810; x_wconf 79' lang='lat' dir='ltr'>quaedam:</span> <span class='ocrx_word' id='word_1_65' title='bbox 1369 764 1455 798; x_wconf 87' lang='lat' dir='ltr'>dicit</span> <span class='ocrx_word' id='word_1_66' title='bbox 1485 764 1582 798; x_wconf 90' lang='lat' dir='ltr'>enim</span> <span class='ocrx_word' id='word_1_67' title='bbox 1608 763 1809 810; x_wconf 80' lang='lat' dir='ltr'>Apostolus</span> 
     </span>
     <span class='ocr_line' id='line_1_8' title="bbox 239 817 1810 866; baseline -0.003 -12"><span class='ocrx_word' id='word_1_68' title='bbox 239 820 346 854; x_wconf 89' lang='lat' dir='ltr'>Rom.</span> <span class='ocrx_word' id='word_1_69' title='bbox 374 831 402 866; x_wconf 80' lang='lat'>3.</span> <span class='ocrx_word' id='word_1_70' title='bbox 419 832 426 853; x_wconf 89' lang='lat'><strong>:</strong></span> <span class='ocrx_word' id='word_1_71' title='bbox 449 819 489 854; x_wconf 60' lang='lat'>5?</span> <span class='ocrx_word' id='word_1_72' title='bbox 506 825 616 854; x_wconf 66' lang='lat' dir='ltr'>autam</span> <span class='ocrx_word' id='word_1_73' title='bbox 637 818 722 865; x_wconf 78' lang='lat' dir='ltr'>quod</span> <span class='ocrx_word' id='word_1_74' title='bbox 740 830 806 852; x_wconf 81' lang='lat' dir='ltr'>non</span> <span class='ocrx_word' id='word_1_75' title='bbox 831 817 991 860; x_wconf 75' lang='lat' dir='ltr'>videmus,</span> <span class='ocrx_word' id='word_1_76' title='bbox 1010 824 1192 864; x_wconf 70' lang='lat' dir='ltr'>speramus,</span> <span class='ocrx_word' id='word_1_77' title='bbox 1209 824 1271 864; x_wconf 77' lang='lat' dir='ltr'>per</span> <span class='ocrx_word' id='word_1_78' title='bbox 1284 819 1483 864; x_wconf 82' lang='lat' dir='ltr'>patientiam</span> <span class='ocrx_word' id='word_1_79' title='bbox 1504 822 1728 863; x_wconf 74' lang='lat' dir='ltr'><em>expectamus:</em></span> <span class='ocrx_word' id='word_1_80' title='bbox 1748 817 1810 851; x_wconf 87' lang='lat' dir='ltr'>sed</span> 
     </span>
     <span class='ocr_line' id='line_1_9' title="bbox 240 871 1809 920; baseline -0.002 -13"><span class='ocrx_word' id='word_1_81' title='bbox 240 873 442 920; x_wconf 77' lang='lat' dir='ltr'>expectatio</span> <span class='ocrx_word' id='word_1_82' title='bbox 457 873 598 906; x_wconf 88' lang='lat' dir='ltr'>videtur</span> <span class='ocrx_word' id='word_1_83' title='bbox 613 873 656 905; x_wconf 85' lang='lat' dir='ltr'>ad</span> <span class='ocrx_word' id='word_1_84' title='bbox 677 873 753 905; x_wconf 88' lang='lat' dir='ltr'>vim</span> <span class='ocrx_word' id='word_1_85' title='bbox 767 871 992 918; x_wconf 88' lang='lat' dir='ltr'>cognitivam</span> <span class='ocrx_word' id='word_1_86' title='bbox 1010 871 1199 917; x_wconf 90' lang='lat' dir='ltr'>pertinere,</span> <span class='ocrx_word' id='word_1_87' title='bbox 1215 872 1315 916; x_wconf 81' lang='lat' dir='ltr'>cujus</span> <span class='ocrx_word' id='word_1_88' title='bbox 1335 878 1388 905; x_wconf 91' lang='lat' dir='ltr'>est</span> <span class='ocrx_word' id='word_1_89' title='bbox 1402 878 1609 916; x_wconf 82' lang='lat' dir='ltr'>expectare3</span> <span class='ocrx_word' id='word_1_90' title='bbox 1625 881 1713 916; x_wconf 88' lang='lat' dir='ltr'>ergo</span> <span class='ocrx_word' id='word_1_91' title='bbox 1728 881 1809 916; x_wconf 91' lang='lat' dir='ltr'>spes</span> 
     </span>
     <span class='ocr_line' id='line_1_10' title="bbox 240 926 716 973; baseline -0.006 -12"><span class='ocrx_word' id='word_1_92' title='bbox 240 927 284 961; x_wconf 85' lang='lat' dir='ltr'>ad</span> <span class='ocrx_word' id='word_1_93' title='bbox 307 927 531 973; x_wconf 87' lang='lat' dir='ltr'>cognitivam</span> <span class='ocrx_word' id='word_1_94' title='bbox 553 926 716 972; x_wconf 59' lang='lat' dir='ltr'>pertinet.</span> 
     </span>
    </p>

    <p class='ocr_par' dir='ltr' id='par_1_5' title="bbox 239 976 1813 1186">
     <span class='ocr_line' id='line_1_11' title="bbox 312 976 1810 1024; baseline -0.003 -10"><span class='ocrx_word' id='word_1_95' title='bbox 312 991 342 1014; x_wconf 91' lang='lat'>2.</span> <span class='ocrx_word' id='word_1_96' title='bbox 366 980 603 1014; x_wconf 73' lang='lat' dir='ltr'>PRAETEREA.</span> <span class='ocrx_word' id='word_1_97' title='bbox 623 978 726 1012; x_wconf 87' lang='lat' dir='ltr'><strong>Idem</strong></span> <span class='ocrx_word' id='word_1_98' title='bbox 748 986 812 1020; x_wconf 86' lang='lat' dir='ltr'>est,</span> <span class='ocrx_word' id='word_1_99' title='bbox 827 986 865 1012; x_wconf 88' lang='lat' dir='ltr'>ut</span> <span class='ocrx_word' id='word_1_100' title='bbox 886 978 1037 1019; x_wconf 88' lang='lat' dir='ltr'>videtur,</span> <span class='ocrx_word' id='word_1_101' title='bbox 1056 989 1148 1024; x_wconf 86' lang='lat' dir='ltr'>spes,</span> <span class='ocrx_word' id='word_1_102' title='bbox 1167 977 1265 1023; x_wconf 92' lang='lat' dir='ltr'>quod</span> <span class='ocrx_word' id='word_1_103' title='bbox 1283 976 1434 1019; x_wconf 83' lang='lat' dir='ltr'>fiducia3</span> <span class='ocrx_word' id='word_1_104' title='bbox 1455 976 1550 1010; x_wconf 89' lang='lat' dir='ltr'>unde</span> <span class='ocrx_word' id='word_1_105' title='bbox 1572 984 1607 1010; x_wconf 90' lang='lat' dir='ltr'>et</span> <span class='ocrx_word' id='word_1_106' title='bbox 1627 984 1810 1022; x_wconf 82' lang='lat' dir='ltr'>sperantes</span> 
     </span>
     <span class='ocr_line' id='line_1_12' title="bbox 240 1029 1813 1080; baseline -0.003 -12"><span class='ocrx_word' id='word_1_107' title='bbox 240 1034 430 1080; x_wconf 67' lang='lat' dir='ltr'>confidentes</span> <span class='ocrx_word' id='word_1_108' title='bbox 451 1043 640 1074; x_wconf 86' lang='lat' dir='ltr'>vocamus,</span> <span class='ocrx_word' id='word_1_109' title='bbox 662 1031 764 1078; x_wconf 83' lang='lat' dir='ltr'>quasi</span> <span class='ocrx_word' id='word_1_110' title='bbox 790 1042 855 1077; x_wconf 92' lang='lat' dir='ltr'>pro</span> <span class='ocrx_word' id='word_1_111' title='bbox 883 1031 1015 1065; x_wconf 91' lang='lat' dir='ltr'>eodem</span> <span class='ocrx_word' id='word_1_112' title='bbox 1042 1038 1182 1065; x_wconf 88' lang='lat' dir='ltr'>utentes</span> <span class='ocrx_word' id='word_1_113' title='bbox 1210 1041 1266 1072; x_wconf 91' lang='lat' dir='ltr'>eo,</span> <span class='ocrx_word' id='word_1_114' title='bbox 1294 1030 1392 1076; x_wconf 88' lang='lat' dir='ltr'>quod</span> <span class='ocrx_word' id='word_1_115' title='bbox 1418 1038 1472 1064; x_wconf 88' lang='lat' dir='ltr'>est</span> <span class='ocrx_word' id='word_1_116' title='bbox 1497 1029 1667 1073; x_wconf 73' lang='lat' dir='ltr'>confidere,</span> <span class='ocrx_word' id='word_1_117' title='bbox 1689 1035 1720 1065; x_wconf 84' lang='lat' dir='ltr'>et</span> <span class='ocrx_word' id='word_1_118' title='bbox 1747 1035 1813 1075; x_wconf 82' lang='lat' dir='ltr'>spe-</span> 
     </span>
     <span class='ocr_line' id='line_1_13' title="bbox 240 1083 1810 1130; baseline -0.003 -8"><span class='ocrx_word' id='word_1_119' title='bbox 240 1098 336 1122; x_wconf 74' lang='lat' dir='ltr'>rare:</span> <span class='ocrx_word' id='word_1_120' title='bbox 364 1087 426 1121; x_wconf 89' lang='lat' dir='ltr'>sed</span> <span class='ocrx_word' id='word_1_121' title='bbox 452 1086 595 1127; x_wconf 87' lang='lat' dir='ltr'>fiducia,</span> <span class='ocrx_word' id='word_1_122' title='bbox 622 1085 714 1119; x_wconf 89' lang='lat' dir='ltr'>sicut</span> <span class='ocrx_word' id='word_1_123' title='bbox 741 1093 775 1118; x_wconf 91' lang='lat' dir='ltr'>et</span> <span class='ocrx_word' id='word_1_124' title='bbox 800 1084 899 1126; x_wconf 86' lang='lat' dir='ltr'>fides,</span> <span class='ocrx_word' id='word_1_125' title='bbox 925 1084 1066 1118; x_wconf 83' lang='lat' dir='ltr'>videtur</span> <span class='ocrx_word' id='word_1_126' title='bbox 1093 1084 1137 1118; x_wconf 90' lang='lat' dir='ltr'>ad</span> <span class='ocrx_word' id='word_1_127' title='bbox 1162 1084 1237 1118; x_wconf 90' lang='lat' dir='ltr'>vim</span> <span class='ocrx_word' id='word_1_128' title='bbox 1260 1084 1483 1130; x_wconf 85' lang='lat' dir='ltr'>cognitivam</span> <span class='ocrx_word' id='word_1_129' title='bbox 1505 1083 1701 1130; x_wconf 88' lang='lat' dir='ltr'>pertinere;</span> <span class='ocrx_word' id='word_1_130' title='bbox 1723 1095 1810 1129; x_wconf 89' lang='lat' dir='ltr'>ergo</span> 
     </span>
     <span class='ocr_line' id='line_1_14' title="bbox 239 1148 391 1186; baseline -0.007 -12"><span class='ocrx_word' id='word_1_131' title='bbox 239 1148 275 1175; x_wconf 90' lang='lat' dir='ltr'>et</span> <span class='ocrx_word' id='word_1_132' title='bbox 299 1151 391 1186; x_wconf 90' lang='lat' dir='ltr'>spes.</span> 
     </span>
    </p>

    <p class='ocr_par' dir='ltr' id='par_1_6' title="bbox 241 1190 1811 1292">
     <span class='ocr_line' id='line_1_15' title="bbox 313 1190 1811 1237; baseline -0.003 -9"><span class='ocrx_word' id='word_1_133' title='bbox 313 1204 342 1237; x_wconf 81' lang='lat'>3.</span> <span class='ocrx_word' id='word_1_134' title='bbox 365 1193 603 1228; x_wconf 75' lang='lat' dir='ltr'>PRAETEREA.</span> <span class='ocrx_word' id='word_1_135' title='bbox 633 1191 822 1226; x_wconf 88' lang='lat' dir='ltr'>Certitudo</span> <span class='ocrx_word' id='word_1_136' title='bbox 846 1199 899 1225; x_wconf 90' lang='lat' dir='ltr'>est</span> <span class='ocrx_word' id='word_1_137' title='bbox 919 1191 1118 1237; x_wconf 83' lang='lat' dir='ltr'>proprietas</span> <span class='ocrx_word' id='word_1_138' title='bbox 1143 1191 1348 1237; x_wconf 85' lang='lat' dir='ltr'>cognitivae</span> <span class='ocrx_word' id='word_1_139' title='bbox 1369 1191 1529 1233; x_wconf 88' lang='lat' dir='ltr'>virtutis;</span> <span class='ocrx_word' id='word_1_140' title='bbox 1551 1191 1613 1225; x_wconf 89' lang='lat' dir='ltr'>sed</span> <span class='ocrx_word' id='word_1_141' title='bbox 1635 1190 1811 1224; x_wconf 82' lang='lat' dir='ltr'>certitudo</span> 
     </span>
     <span class='ocr_line' id='line_1_16' title="bbox 241 1245 1365 1292; baseline -0.003 -11"><span class='ocrx_word' id='word_1_142' title='bbox 241 1247 442 1282; x_wconf 85' lang='lat' dir='ltr'>attribuitur</span> <span class='ocrx_word' id='word_1_143' title='bbox 463 1246 558 1292; x_wconf 80' lang='lat' dir='ltr'>spei3</span> <span class='ocrx_word' id='word_1_144' title='bbox 581 1257 668 1291; x_wconf 90' lang='lat' dir='ltr'>ergo</span> <span class='ocrx_word' id='word_1_145' title='bbox 690 1257 771 1291; x_wconf 86' lang='lat' dir='ltr'>spes</span> <span class='ocrx_word' id='word_1_146' title='bbox 794 1245 838 1279; x_wconf 88' lang='lat' dir='ltr'>ad</span> <span class='ocrx_word' id='word_1_147' title='bbox 858 1245 934 1279; x_wconf 82' lang='lat' dir='ltr'>vim</span> <span class='ocrx_word' id='word_1_148' title='bbox 957 1245 1180 1291; x_wconf 83' lang='lat' dir='ltr'>cognitivam</span> <span class='ocrx_word' id='word_1_149' title='bbox 1202 1245 1365 1290; x_wconf 86' lang='lat' dir='ltr'>pertinet.</span> 
     </span>
    </p>

    <p class='ocr_par' dir='ltr' id='par_1_7' title="bbox 240 1298 1814 1453">
     <span class='ocr_line' id='line_1_17' title="bbox 313 1298 1814 1345; baseline -0.003 -10"><span class='ocrx_word' id='word_1_150' title='bbox 313 1301 387 1335; x_wconf 75' lang='lat' dir='ltr'>SED</span> <span class='ocrx_word' id='word_1_151' title='bbox 411 1310 577 1335; x_wconf 82' lang='lat' dir='ltr'>CONTRA.</span> <span class='ocrx_word' id='word_1_152' title='bbox 596 1299 685 1345; x_wconf 85' lang='lat' dir='ltr'>Spes</span> <span class='ocrx_word' id='word_1_153' title='bbox 709 1307 762 1333; x_wconf 88' lang='lat' dir='ltr'>est</span> <span class='ocrx_word' id='word_1_154' title='bbox 783 1299 826 1332; x_wconf 89' lang='lat' dir='ltr'>de</span> <span class='ocrx_word' id='word_1_155' title='bbox 848 1299 958 1340; x_wconf 91' lang='lat' dir='ltr'>bono,</span> <span class='ocrx_word' id='word_1_156' title='bbox 981 1299 1074 1332; x_wconf 89' lang='lat' dir='ltr'>sicut</span> <span class='ocrx_word' id='word_1_157' title='bbox 1096 1298 1231 1332; x_wconf 90' lang='lat' dir='ltr'>dictum</span> <span class='ocrx_word' id='word_1_158' title='bbox 1255 1306 1309 1332; x_wconf 89' lang='lat' dir='ltr'>est</span> <span class='ocrx_word' id='word_1_159' title='bbox 1328 1298 1409 1342; x_wconf 86' lang='lat' dir='ltr'>(art.</span> <span class='ocrx_word' id='word_1_160' title='bbox 1420 1299 1575 1344; x_wconf 77' lang='lat' dir='ltr'>praec.).·</span> <span class='ocrx_word' id='word_1_161' title='bbox 1597 1298 1737 1332; x_wconf 92' lang='lat' dir='ltr'>bonum</span> <span class='ocrx_word' id='word_1_162' title='bbox 1755 1308 1814 1331; x_wconf 91' lang='lat' dir='ltr'>au-</span> 
     </span>
     <span class='ocr_line' id='line_1_18' title="bbox 241 1350 1813 1399; baseline -0.003 -11"><span class='ocrx_word' id='word_1_163' title='bbox 241 1363 328 1395; x_wconf 89' lang='lat' dir='ltr'>tem,</span> <span class='ocrx_word' id='word_1_164' title='bbox 349 1354 565 1399; x_wconf 84' lang='lat' dir='ltr'>inquantum</span> <span class='ocrx_word' id='word_1_165' title='bbox 586 1352 810 1398; x_wconf 87' lang='lat' dir='ltr'>hujusmodi,</span> <span class='ocrx_word' id='word_1_166' title='bbox 831 1363 906 1386; x_wconf 91' lang='lat' dir='ltr'>non</span> <span class='ocrx_word' id='word_1_167' title='bbox 922 1360 975 1386; x_wconf 89' lang='lat' dir='ltr'>est</span> <span class='ocrx_word' id='word_1_168' title='bbox 992 1352 1176 1397; x_wconf 71' lang='lat' dir='ltr'>obiectum</span> <span class='ocrx_word' id='word_1_169' title='bbox 1200 1351 1418 1397; x_wconf 90' lang='lat' dir='ltr'>cognitivae,</span> <span class='ocrx_word' id='word_1_170' title='bbox 1433 1351 1495 1386; x_wconf 86' lang='lat' dir='ltr'>sed</span> <span class='ocrx_word' id='word_1_171' title='bbox 1517 1351 1733 1397; x_wconf 87' lang='lat' dir='ltr'>appetitivae</span> <span class='ocrx_word' id='word_1_172' title='bbox 1746 1350 1813 1384; x_wconf 87' lang='lat' dir='ltr'>vir-</span> 
     </span>
     <span class='ocr_line' id='line_1_19' title="bbox 240 1406 1764 1453; baseline -0.001 -11"><span class='ocrx_word' id='word_1_173' title='bbox 240 1409 344 1450; x_wconf 89' lang='lat' dir='ltr'>tutis;</span> <span class='ocrx_word' id='word_1_174' title='bbox 367 1419 454 1453; x_wconf 88' lang='lat' dir='ltr'>ergo</span> <span class='ocrx_word' id='word_1_175' title='bbox 477 1418 557 1453; x_wconf 84' lang='lat' dir='ltr'>spes</span> <span class='ocrx_word' id='word_1_176' title='bbox 578 1418 653 1440; x_wconf 93' lang='lat' dir='ltr'>non</span> <span class='ocrx_word' id='word_1_177' title='bbox 674 1407 828 1452; x_wconf 87' lang='lat' dir='ltr'>pertinet</span> <span class='ocrx_word' id='word_1_178' title='bbox 850 1406 894 1440; x_wconf 89' lang='lat' dir='ltr'>ad</span> <span class='ocrx_word' id='word_1_179' title='bbox 916 1406 1151 1451; x_wconf 86' lang='lat' dir='ltr'>cognitivam,</span> <span class='ocrx_word' id='word_1_180' title='bbox 1174 1406 1236 1440; x_wconf 92' lang='lat' dir='ltr'>sed</span> <span class='ocrx_word' id='word_1_181' title='bbox 1259 1406 1302 1440; x_wconf 89' lang='lat' dir='ltr'>ad</span> <span class='ocrx_word' id='word_1_182' title='bbox 1330 1406 1562 1452; x_wconf 84' lang='lat' dir='ltr'>appetitivam</span> <span class='ocrx_word' id='word_1_183' title='bbox 1583 1406 1764 1440; x_wconf 88' lang='lat' dir='ltr'>virtutem.</span> 
     </span>
    </p>

    <p class='ocr_par' dir='ltr' id='par_1_8' title="bbox 239 1459 1816 2094">
     <span class='ocr_line' id='line_1_20' title="bbox 311 1459 1811 1506; baseline -0.001 -11"><span class='ocrx_word' id='word_1_184' title='bbox 311 1461 542 1495; x_wconf 77' lang='lat' dir='ltr'>RESPONDEO</span> <span class='ocrx_word' id='word_1_185' title='bbox 577 1460 784 1501; x_wconf 83' lang='lat' dir='ltr'>dicendum,</span> <span class='ocrx_word' id='word_1_186' title='bbox 820 1459 916 1505; x_wconf 91' lang='lat' dir='ltr'>quod</span> <span class='ocrx_word' id='word_1_187' title='bbox 943 1471 1027 1493; x_wconf 90' lang='lat' dir='ltr'>curn</span> <span class='ocrx_word' id='word_1_188' title='bbox 1052 1466 1118 1506; x_wconf 71' lang='lat' dir='ltr'>spes</span> <span class='ocrx_word' id='word_1_189' title='bbox 1140 1460 1312 1505; x_wconf 88' lang='lat' dir='ltr'>importet</span> <span class='ocrx_word' id='word_1_190' title='bbox 1339 1460 1587 1494; x_wconf 82' lang='lat' dir='ltr'>extensionem</span> <span class='ocrx_word' id='word_1_191' title='bbox 1615 1459 1811 1505; x_wconf 89' lang='lat' dir='ltr'>quamdam</span> 
     </span>
     <span class='ocr_line' id='line_1_21' title="bbox 241 1513 1812 1561; baseline -0.001 -13"><span class='ocrx_word' id='word_1_192' title='bbox 241 1515 417 1561; x_wconf 85' lang='lat' dir='ltr'>appetitus</span> <span class='ocrx_word' id='word_1_193' title='bbox 440 1514 475 1547; x_wconf 92' lang='lat' dir='ltr'>in</span> <span class='ocrx_word' id='word_1_194' title='bbox 497 1514 648 1555; x_wconf 91' lang='lat' dir='ltr'>bonum,</span> <span class='ocrx_word' id='word_1_195' title='bbox 667 1513 835 1559; x_wconf 64' lang='lat' dir='ltr'>manifeste</span> <span class='ocrx_word' id='word_1_196' title='bbox 851 1514 997 1559; x_wconf 68' lang='lat' dir='ltr'>pertinet</span> <span class='ocrx_word' id='word_1_197' title='bbox 1015 1513 1057 1547; x_wconf 82' lang='lat' dir='ltr'>ad</span> <span class='ocrx_word' id='word_1_198' title='bbox 1079 1515 1298 1560; x_wconf 76' lang='lat' dir='ltr'>appetitivam</span> <span class='ocrx_word' id='word_1_199' title='bbox 1311 1515 1489 1548; x_wconf 72' lang='lat' dir='ltr'>virtutem:</span> <span class='ocrx_word' id='word_1_200' title='bbox 1512 1520 1634 1547; x_wconf 89' lang='lat' dir='ltr'>motus</span> <span class='ocrx_word' id='word_1_201' title='bbox 1653 1513 1750 1546; x_wconf 89' lang='lat' dir='ltr'>enim</span> <span class='ocrx_word' id='word_1_202' title='bbox 1769 1513 1812 1546; x_wconf 90' lang='lat' dir='ltr'>ad</span> 
     </span>
     <span class='ocr_line' id='line_1_22' title="bbox 240 1566 1813 1614; baseline -0.001 -12"><span class='ocrx_word' id='word_1_203' title='bbox 240 1580 296 1602; x_wconf 89' lang='lat' dir='ltr'>res</span> <span class='ocrx_word' id='word_1_204' title='bbox 322 1568 476 1614; x_wconf 86' lang='lat' dir='ltr'>pertinet</span> <span class='ocrx_word' id='word_1_205' title='bbox 502 1567 646 1613; x_wconf 89' lang='lat' dir='ltr'>proprie</span> <span class='ocrx_word' id='word_1_206' title='bbox 675 1567 718 1600; x_wconf 92' lang='lat' dir='ltr'>ad</span> <span class='ocrx_word' id='word_1_207' title='bbox 746 1567 963 1612; x_wconf 86' lang='lat' dir='ltr'>appetitum:</span> <span class='ocrx_word' id='word_1_208' title='bbox 993 1567 1087 1600; x_wconf 86' lang='lat' dir='ltr'>actio</span> <span class='ocrx_word' id='word_1_209' title='bbox 1114 1578 1201 1600; x_wconf 88' lang='lat' dir='ltr'>vero</span> <span class='ocrx_word' id='word_1_210' title='bbox 1229 1566 1369 1600; x_wconf 87' lang='lat' dir='ltr'>virtutis</span> <span class='ocrx_word' id='word_1_211' title='bbox 1396 1566 1604 1612; x_wconf 89' lang='lat' dir='ltr'>cognitivae</span> <span class='ocrx_word' id='word_1_212' title='bbox 1629 1566 1813 1612; x_wconf 89' lang='lat' dir='ltr'>perficitur</span> 
     </span>
     <span class='ocr_line' id='line_1_23' title="bbox 239 1619 1813 1666; baseline -0.001 -11"><span class='ocrx_word' id='word_1_213' title='bbox 239 1633 314 1655; x_wconf 91' lang='lat' dir='ltr'>non</span> <span class='ocrx_word' id='word_1_214' title='bbox 335 1621 537 1655; x_wconf 87' lang='lat' dir='ltr'>secundum</span> <span class='ocrx_word' id='word_1_215' title='bbox 560 1628 702 1654; x_wconf 83' lang='lat' dir='ltr'>motum</span> <span class='ocrx_word' id='word_1_216' title='bbox 725 1621 982 1665; x_wconf 84' lang='lat' dir='ltr'>cognoscentis</span> <span class='ocrx_word' id='word_1_217' title='bbox 1010 1620 1053 1654; x_wconf 91' lang='lat' dir='ltr'>ad</span> <span class='ocrx_word' id='word_1_218' title='bbox 1080 1631 1148 1662; x_wconf 89' lang='lat' dir='ltr'>res,</span> <span class='ocrx_word' id='word_1_219' title='bbox 1176 1620 1236 1654; x_wconf 90' lang='lat' dir='ltr'>sed</span> <span class='ocrx_word' id='word_1_220' title='bbox 1264 1620 1383 1666; x_wconf 88' lang='lat' dir='ltr'>potius</span> <span class='ocrx_word' id='word_1_221' title='bbox 1410 1619 1612 1654; x_wconf 90' lang='lat' dir='ltr'>secundum</span> <span class='ocrx_word' id='word_1_222' title='bbox 1637 1620 1736 1666; x_wconf 91' lang='lat' dir='ltr'>quod</span> <span class='ocrx_word' id='word_1_223' title='bbox 1757 1631 1813 1654; x_wconf 88' lang='lat' dir='ltr'>res</span> 
     </span>
     <span class='ocr_line' id='line_1_24' title="bbox 241 1673 1815 1721; baseline -0.001 -12"><span class='ocrx_word' id='word_1_224' title='bbox 241 1675 409 1721; x_wconf 86' lang='lat' dir='ltr'>cognitae</span> <span class='ocrx_word' id='word_1_225' title='bbox 432 1682 515 1708; x_wconf 90' lang='lat' dir='ltr'>sunt</span> <span class='ocrx_word' id='word_1_226' title='bbox 535 1675 570 1708; x_wconf 90' lang='lat' dir='ltr'>in</span> <span class='ocrx_word' id='word_1_227' title='bbox 594 1680 850 1719; x_wconf 83' lang='lat' dir='ltr'>cognoscente.</span> <span class='ocrx_word' id='word_1_228' title='bbox 875 1673 947 1707; x_wconf 88' lang='lat' dir='ltr'>Sed</span> <span class='ocrx_word' id='word_1_229' title='bbox 970 1674 1053 1719; x_wconf 88' lang='lat' dir='ltr'>quia</span> <span class='ocrx_word' id='word_1_230' title='bbox 1074 1674 1128 1707; x_wconf 89' lang='lat' dir='ltr'>vis</span> <span class='ocrx_word' id='word_1_231' title='bbox 1151 1674 1335 1719; x_wconf 86' lang='lat' dir='ltr'>cognitiva</span> <span class='ocrx_word' id='word_1_232' title='bbox 1353 1682 1479 1708; x_wconf 89' lang='lat' dir='ltr'>movet</span> <span class='ocrx_word' id='word_1_233' title='bbox 1499 1674 1745 1720; x_wconf 88' lang='lat' dir='ltr'>appetitivam,</span> <span class='ocrx_word' id='word_1_234' title='bbox 1763 1685 1815 1708; x_wconf 90' lang='lat' dir='ltr'>re-</span> 
     </span>
     <span class='ocr_line' id='line_1_25' title="bbox 240 1726 1814 1774; baseline -0.001 -13"><span class='ocrx_word' id='word_1_235' title='bbox 240 1728 503 1774; x_wconf 88' lang='lat' dir='ltr'>praesentando</span> <span class='ocrx_word' id='word_1_236' title='bbox 538 1727 570 1761; x_wconf 89' lang='lat' dir='ltr'>ei</span> <span class='ocrx_word' id='word_1_237' title='bbox 605 1738 712 1760; x_wconf 92' lang='lat' dir='ltr'>suum</span> <span class='ocrx_word' id='word_1_238' title='bbox 745 1727 940 1771; x_wconf 86' lang='lat' dir='ltr'>objectum,</span> <span class='ocrx_word' id='word_1_239' title='bbox 975 1727 1177 1760; x_wconf 89' lang='lat' dir='ltr'>secundum</span> <span class='ocrx_word' id='word_1_240' title='bbox 1211 1727 1369 1761; x_wconf 86' lang='lat' dir='ltr'>diversas</span> <span class='ocrx_word' id='word_1_241' title='bbox 1396 1727 1554 1761; x_wconf 84' lang='lat' dir='ltr'>rationes</span> <span class='ocrx_word' id='word_1_242' title='bbox 1588 1726 1722 1772; x_wconf 79' lang='lat' dir='ltr'>objecti</span> <span class='ocrx_word' id='word_1_243' title='bbox 1755 1738 1814 1773; x_wconf 91' lang='lat' dir='ltr'>ap-</span> 
     </span>
     <span class='ocr_line' id='line_1_26' title="bbox 240 1780 1815 1828; baseline 0 -13"><span class='ocrx_word' id='word_1_244' title='bbox 240 1781 420 1828; x_wconf 85' lang='lat' dir='ltr'>prehensi,</span> <span class='ocrx_word' id='word_1_245' title='bbox 442 1781 707 1826; x_wconf 88' lang='lat' dir='ltr'>subsequuntur</span> <span class='ocrx_word' id='word_1_246' title='bbox 730 1780 862 1814; x_wconf 89' lang='lat' dir='ltr'>diversi</span> <span class='ocrx_word' id='word_1_247' title='bbox 883 1788 1004 1814; x_wconf 87' lang='lat' dir='ltr'>motus</span> <span class='ocrx_word' id='word_1_248' title='bbox 1026 1780 1062 1814; x_wconf 91' lang='lat' dir='ltr'>in</span> <span class='ocrx_word' id='word_1_249' title='bbox 1083 1781 1120 1814; x_wconf 88' lang='lat' dir='ltr'>vi</span> <span class='ocrx_word' id='word_1_250' title='bbox 1142 1781 1354 1827; x_wconf 86' lang='lat' dir='ltr'>appetitiva:</span> <span class='ocrx_word' id='word_1_251' title='bbox 1379 1780 1469 1815; x_wconf 90' lang='lat' dir='ltr'>alius</span> <span class='ocrx_word' id='word_1_252' title='bbox 1496 1781 1595 1815; x_wconf 91' lang='lat' dir='ltr'>enim</span> <span class='ocrx_word' id='word_1_253' title='bbox 1620 1788 1742 1815; x_wconf 87' lang='lat' dir='ltr'>motus</span> <span class='ocrx_word' id='word_1_254' title='bbox 1763 1792 1815 1815; x_wconf 89' lang='lat' dir='ltr'>se-</span> 
     </span>
     <span class='ocr_line' id='line_1_27' title="bbox 241 1833 1815 1881; baseline 0 -13"><span class='ocrx_word' id='word_1_255' title='bbox 241 1835 360 1881; x_wconf 86' lang='lat' dir='ltr'>quitur</span> <span class='ocrx_word' id='word_1_256' title='bbox 380 1835 417 1868; x_wconf 91' lang='lat' dir='ltr'>in</span> <span class='ocrx_word' id='word_1_257' title='bbox 439 1834 597 1880; x_wconf 87' lang='lat' dir='ltr'>appetitu</span> <span class='ocrx_word' id='word_1_258' title='bbox 620 1845 664 1868; x_wconf 79' lang='lat' dir='ltr'>ex</span> <span class='ocrx_word' id='word_1_259' title='bbox 686 1834 973 1880; x_wconf 89' lang='lat' dir='ltr'>apprehensione</span> <span class='ocrx_word' id='word_1_260' title='bbox 992 1834 1095 1876; x_wconf 75' lang='lat' dir='ltr'>boni,</span> <span class='ocrx_word' id='word_1_261' title='bbox 1116 1843 1150 1869; x_wconf 91' lang='lat' dir='ltr'>et</span> <span class='ocrx_word' id='word_1_262' title='bbox 1169 1835 1258 1869; x_wconf 91' lang='lat' dir='ltr'>alius</span> <span class='ocrx_word' id='word_1_263' title='bbox 1277 1846 1321 1869; x_wconf 85' lang='lat' dir='ltr'>ex</span> <span class='ocrx_word' id='word_1_264' title='bbox 1342 1835 1631 1881; x_wconf 88' lang='lat' dir='ltr'>apprehensione</span> <span class='ocrx_word' id='word_1_265' title='bbox 1652 1833 1756 1869; x_wconf 88' lang='lat' dir='ltr'>mali:</span> <span class='ocrx_word' id='word_1_266' title='bbox 1779 1842 1815 1868; x_wconf 90' lang='lat' dir='ltr'>et</span> 
     </span>
     <span class='ocr_line' id='line_1_28' title="bbox 240 1887 1813 1934; baseline -0.001 -12"><span class='ocrx_word' id='word_1_267' title='bbox 240 1888 405 1922; x_wconf 90' lang='lat' dir='ltr'>similiter</span> <span class='ocrx_word' id='word_1_268' title='bbox 427 1888 517 1922; x_wconf 86' lang='lat' dir='ltr'>alius</span> <span class='ocrx_word' id='word_1_269' title='bbox 536 1896 658 1922; x_wconf 90' lang='lat' dir='ltr'>motus</span> <span class='ocrx_word' id='word_1_270' title='bbox 678 1899 719 1921; x_wconf 82' lang='lat' dir='ltr'>ex</span> <span class='ocrx_word' id='word_1_271' title='bbox 739 1888 1027 1933; x_wconf 88' lang='lat' dir='ltr'>apprehensione</span> <span class='ocrx_word' id='word_1_272' title='bbox 1049 1889 1259 1934; x_wconf 88' lang='lat' dir='ltr'>praesentis,</span> <span class='ocrx_word' id='word_1_273' title='bbox 1275 1896 1310 1922; x_wconf 91' lang='lat' dir='ltr'>et</span> <span class='ocrx_word' id='word_1_274' title='bbox 1329 1887 1450 1930; x_wconf 89' lang='lat' dir='ltr'>futuri,</span> <span class='ocrx_word' id='word_1_275' title='bbox 1466 1887 1633 1930; x_wconf 87' lang='lat' dir='ltr'>absoluti,</span> <span class='ocrx_word' id='word_1_276' title='bbox 1648 1895 1682 1922; x_wconf 90' lang='lat' dir='ltr'>et</span> <span class='ocrx_word' id='word_1_277' title='bbox 1701 1887 1813 1928; x_wconf 86' lang='lat' dir='ltr'>ardui,</span> 
     </span>
     <span class='ocr_line' id='line_1_29' title="bbox 240 1941 1814 1988; baseline -0.001 -12"><span class='ocrx_word' id='word_1_278' title='bbox 240 1941 432 1988; x_wconf 82' lang='lat' dir='ltr'>possibilis,</span> <span class='ocrx_word' id='word_1_279' title='bbox 448 1950 482 1975; x_wconf 90' lang='lat' dir='ltr'>et</span> <span class='ocrx_word' id='word_1_280' title='bbox 496 1941 750 1987; x_wconf 73' lang='lat' dir='ltr'>impossibilis,</span> <span class='ocrx_word' id='word_1_281' title='bbox 766 1949 800 1975; x_wconf 87' lang='lat' dir='ltr'>et</span> <span class='ocrx_word' id='word_1_282' title='bbox 814 1941 1013 1975; x_wconf 87' lang='lat' dir='ltr'>secundum</span> <span class='ocrx_word' id='word_1_283' title='bbox 1030 1942 1102 1976; x_wconf 92' lang='lat' dir='ltr'>hoc</span> <span class='ocrx_word' id='word_1_284' title='bbox 1117 1953 1197 1988; x_wconf 89' lang='lat' dir='ltr'>spes</span> <span class='ocrx_word' id='word_1_285' title='bbox 1217 1950 1271 1976; x_wconf 91' lang='lat' dir='ltr'>est</span> <span class='ocrx_word' id='word_1_286' title='bbox 1287 1950 1409 1976; x_wconf 91' lang='lat' dir='ltr'>motus</span> <span class='ocrx_word' id='word_1_287' title='bbox 1425 1942 1641 1988; x_wconf 87' lang='lat' dir='ltr'>appetitivae</span> <span class='ocrx_word' id='word_1_288' title='bbox 1662 1941 1814 1982; x_wconf 88' lang='lat' dir='ltr'>virtutis,</span> 
     </span>
     <span class='ocr_line' id='line_1_30' title="bbox 241 1994 1816 2042; baseline 0 -13"><span class='ocrx_word' id='word_1_289' title='bbox 241 2006 467 2041; x_wconf 84' lang='lat' dir='ltr'>consequens</span> <span class='ocrx_word' id='word_1_290' title='bbox 484 1994 810 2041; x_wconf 84' lang='lat' dir='ltr'>apprehensionem</span> <span class='ocrx_word' id='word_1_291' title='bbox 827 1995 914 2028; x_wconf 88' lang='lat' dir='ltr'>boni</span> <span class='ocrx_word' id='word_1_292' title='bbox 931 1994 1040 2029; x_wconf 85' lang='lat' dir='ltr'>futuri</span> <span class='ocrx_word' id='word_1_293' title='bbox 1056 1996 1156 2029; x_wconf 88' lang='lat' dir='ltr'>ardui</span> <span class='ocrx_word' id='word_1_294' title='bbox 1170 1995 1350 2041; x_wconf 89' lang='lat' dir='ltr'>possibilis</span> <span class='ocrx_word' id='word_1_295' title='bbox 1366 1995 1525 2042; x_wconf 83' lang='lat' dir='ltr'>adipisci,</span> <span class='ocrx_word' id='word_1_296' title='bbox 1542 1995 1682 2030; x_wconf 90' lang='lat' dir='ltr'>scilicet</span> <span class='ocrx_word' id='word_1_297' title='bbox 1695 2003 1816 2029; x_wconf 84' lang='lat' dir='ltr'>exten-</span> 
     </span>
     <span class='ocr_line' id='line_1_31' title="bbox 240 2048 1002 2094; baseline 0 -12"><span class='ocrx_word' id='word_1_298' title='bbox 240 2049 293 2083; x_wconf 92' lang='lat' dir='ltr'>sio</span> <span class='ocrx_word' id='word_1_299' title='bbox 317 2049 494 2094; x_wconf 88' lang='lat' dir='ltr'>appetitus</span> <span class='ocrx_word' id='word_1_300' title='bbox 515 2049 551 2082; x_wconf 93' lang='lat' dir='ltr'>in</span> <span class='ocrx_word' id='word_1_301' title='bbox 573 2048 785 2093; x_wconf 82' lang='lat' dir='ltr'>hujusmodi</span> <span class='ocrx_word' id='word_1_302' title='bbox 807 2049 1002 2094; x_wconf 84' lang='lat' dir='ltr'>objectum.</span> 
     </span>
    </p>

    <p class='ocr_par' dir='ltr' id='par_1_9' title="bbox 241 2101 1816 2631">
     <span class='ocr_line' id='line_1_32' title="bbox 311 2101 1813 2149; baseline -0.001 -13"><span class='ocrx_word' id='word_1_303' title='bbox 311 2102 372 2136; x_wconf 86' lang='lat' dir='ltr'>AD</span> <span class='ocrx_word' id='word_1_304' title='bbox 399 2112 548 2136; x_wconf 77' lang='lat' dir='ltr'>PR1MUM</span> <span class='ocrx_word' id='word_1_305' title='bbox 572 2113 659 2147; x_wconf 88' lang='lat' dir='ltr'>ergo</span> <span class='ocrx_word' id='word_1_306' title='bbox 683 2101 892 2143; x_wconf 87' lang='lat' dir='ltr'>dicendum,</span> <span class='ocrx_word' id='word_1_307' title='bbox 916 2101 1012 2147; x_wconf 92' lang='lat' dir='ltr'>quod</span> <span class='ocrx_word' id='word_1_308' title='bbox 1035 2103 1119 2148; x_wconf 89' lang='lat' dir='ltr'>quia</span> <span class='ocrx_word' id='word_1_309' title='bbox 1140 2114 1221 2148; x_wconf 86' lang='lat' dir='ltr'>spes</span> <span class='ocrx_word' id='word_1_310' title='bbox 1242 2103 1388 2149; x_wconf 88' lang='lat' dir='ltr'>respicit</span> <span class='ocrx_word' id='word_1_311' title='bbox 1409 2102 1453 2136; x_wconf 89' lang='lat' dir='ltr'>ad</span> <span class='ocrx_word' id='word_1_312' title='bbox 1470 2102 1609 2136; x_wconf 89' lang='lat' dir='ltr'>bonurn</span> <span class='ocrx_word' id='word_1_313' title='bbox 1630 2101 1813 2148; x_wconf 91' lang='lat' dir='ltr'>possibile,</span> 
     </span>
     <span class='ocr_line' id='line_1_33' title="bbox 241 2154 1814 2203; baseline 0 -14"><span class='ocrx_word' id='word_1_314' title='bbox 241 2155 394 2200; x_wconf 89' lang='lat' dir='ltr'>insurgit</span> <span class='ocrx_word' id='word_1_315' title='bbox 415 2155 591 2202; x_wconf 67' lang='lat' dir='ltr'>dupliciter</span> <span class='ocrx_word' id='word_1_316' title='bbox 612 2155 755 2189; x_wconf 88' lang='lat' dir='ltr'>homini</span> <span class='ocrx_word' id='word_1_317' title='bbox 778 2163 898 2189; x_wconf 87' lang='lat' dir='ltr'>motus</span> <span class='ocrx_word' id='word_1_318' title='bbox 921 2155 1014 2201; x_wconf 74' lang='lat' dir='ltr'>spei,</span> <span class='ocrx_word' id='word_1_319' title='bbox 1037 2157 1130 2190; x_wconf 87' lang='lat' dir='ltr'>sicut</span> <span class='ocrx_word' id='word_1_320' title='bbox 1150 2156 1327 2203; x_wconf 72' lang='lat' dir='ltr'>dupliciter</span> <span class='ocrx_word' id='word_1_321' title='bbox 1345 2164 1398 2190; x_wconf 88' lang='lat' dir='ltr'>est</span> <span class='ocrx_word' id='word_1_322' title='bbox 1416 2156 1449 2190; x_wconf 87' lang='lat' dir='ltr'>ei</span> <span class='ocrx_word' id='word_1_323' title='bbox 1471 2155 1604 2202; x_wconf 90' lang='lat' dir='ltr'>aliquid</span> <span class='ocrx_word' id='word_1_324' title='bbox 1623 2154 1814 2202; x_wconf 78' lang='lat' dir='ltr'>possibile3</span> 
     </span>
     <span class='ocr_line' id='line_1_34' title="bbox 241 2208 1814 2255; baseline -0.001 -12"><span class='ocrx_word' id='word_1_325' title='bbox 241 2209 379 2243; x_wconf 87' lang='lat' dir='ltr'>scilicet</span> <span class='ocrx_word' id='word_1_326' title='bbox 401 2209 602 2243; x_wconf 87' lang='lat' dir='ltr'>secundum</span> <span class='ocrx_word' id='word_1_327' title='bbox 623 2210 803 2255; x_wconf 78' lang='lat' dir='ltr'>propriam</span> <span class='ocrx_word' id='word_1_328' title='bbox 826 2209 1008 2251; x_wconf 85' lang='lat' dir='ltr'>virtutem,</span> <span class='ocrx_word' id='word_1_329' title='bbox 1038 2217 1074 2243; x_wconf 90' lang='lat' dir='ltr'>et</span> <span class='ocrx_word' id='word_1_330' title='bbox 1102 2210 1303 2244; x_wconf 90' lang='lat' dir='ltr'>secundum</span> <span class='ocrx_word' id='word_1_331' title='bbox 1333 2210 1504 2244; x_wconf 89' lang='lat' dir='ltr'>virtutem</span> <span class='ocrx_word' id='word_1_332' title='bbox 1531 2209 1676 2244; x_wconf 68' lang='lat' dir='ltr'>alterius.</span> <span class='ocrx_word' id='word_1_333' title='bbox 1702 2208 1814 2249; x_wconf 88' lang='lat' dir='ltr'>Quod</span> 
     </span>
     <span class='ocr_line' id='line_1_35' title="bbox 242 2262 1814 2309; baseline 0 -13"><span class='ocrx_word' id='word_1_334' title='bbox 242 2273 329 2308; x_wconf 88' lang='lat' dir='ltr'>ergo</span> <span class='ocrx_word' id='word_1_335' title='bbox 353 2262 480 2308; x_wconf 89' lang='lat' dir='ltr'>aliquis</span> <span class='ocrx_word' id='word_1_336' title='bbox 508 2270 626 2308; x_wconf 85' lang='lat' dir='ltr'>sperat</span> <span class='ocrx_word' id='word_1_337' title='bbox 648 2274 710 2308; x_wconf 88' lang='lat' dir='ltr'>per</span> <span class='ocrx_word' id='word_1_338' title='bbox 732 2263 917 2308; x_wconf 84' lang='lat' dir='ltr'>propriam</span> <span class='ocrx_word' id='word_1_339' title='bbox 932 2264 1102 2297; x_wconf 82' lang='lat' dir='ltr'>virtutem</span> <span class='ocrx_word' id='word_1_340' title='bbox 1118 2263 1278 2309; x_wconf 84' lang='lat' dir='ltr'>adipisci,</span> <span class='ocrx_word' id='word_1_341' title='bbox 1297 2275 1372 2297; x_wconf 93' lang='lat' dir='ltr'>non</span> <span class='ocrx_word' id='word_1_342' title='bbox 1393 2263 1523 2298; x_wconf 85' lang='lat' dir='ltr'>dicitur</span> <span class='ocrx_word' id='word_1_343' title='bbox 1537 2271 1736 2309; x_wconf 83' lang='lat' dir='ltr'>expectare,</span> <span class='ocrx_word' id='word_1_344' title='bbox 1751 2262 1814 2297; x_wconf 90' lang='lat' dir='ltr'>sed</span> 
     </span>
     <span class='ocr_line' id='line_1_36' title="bbox 241 2315 1813 2363; baseline 0 -13"><span class='ocrx_word' id='word_1_345' title='bbox 241 2327 384 2362; x_wconf 85' lang='lat' dir='ltr'>sperare</span> <span class='ocrx_word' id='word_1_346' title='bbox 403 2324 561 2350; x_wconf 86' lang='lat' dir='ltr'>tantum:</span> <span class='ocrx_word' id='word_1_347' title='bbox 586 2316 647 2350; x_wconf 87' lang='lat' dir='ltr'>sed</span> <span class='ocrx_word' id='word_1_348' title='bbox 663 2318 806 2362; x_wconf 79' lang='lat' dir='ltr'>proprie</span> <span class='ocrx_word' id='word_1_349' title='bbox 826 2324 1028 2362; x_wconf 80' lang='lat' dir='ltr'>expectare,</span> <span class='ocrx_word' id='word_1_350' title='bbox 1045 2316 1142 2362; x_wconf 91' lang='lat' dir='ltr'>quod</span> <span class='ocrx_word' id='word_1_351' title='bbox 1156 2325 1275 2363; x_wconf 85' lang='lat' dir='ltr'>sperat</span> <span class='ocrx_word' id='word_1_352' title='bbox 1297 2328 1339 2351; x_wconf 85' lang='lat' dir='ltr'>ex</span> <span class='ocrx_word' id='word_1_353' title='bbox 1355 2316 1488 2350; x_wconf 81' lang='lat' dir='ltr'>auxilio</span> <span class='ocrx_word' id='word_1_354' title='bbox 1502 2316 1642 2350; x_wconf 89' lang='lat' dir='ltr'>virtutis</span> <span class='ocrx_word' id='word_1_355' title='bbox 1657 2315 1813 2358; x_wconf 90' lang='lat' dir='ltr'>alienae;</span> 
     </span>
     <span class='ocr_line' id='line_1_37' title="bbox 241 2368 1815 2416; baseline 0.001 -14"><span class='ocrx_word' id='word_1_356' title='bbox 241 2377 280 2403; x_wconf 86' lang='lat' dir='ltr'>ut</span> <span class='ocrx_word' id='word_1_357' title='bbox 301 2369 440 2403; x_wconf 88' lang='lat' dir='ltr'>dicatur</span> <span class='ocrx_word' id='word_1_358' title='bbox 462 2377 664 2415; x_wconf 79' lang='lat' dir='ltr'>expectare,</span> <span class='ocrx_word' id='word_1_359' title='bbox 687 2369 789 2415; x_wconf 84' lang='lat' dir='ltr'>quasi</span> <span class='ocrx_word' id='word_1_360' title='bbox 811 2381 853 2403; x_wconf 80' lang='lat' dir='ltr'>ex</span> <span class='ocrx_word' id='word_1_361' title='bbox 876 2368 947 2403; x_wconf 89' lang='lat' dir='ltr'>alio</span> <span class='ocrx_word' id='word_1_362' title='bbox 967 2381 1130 2416; x_wconf 83' lang='lat' dir='ltr'>sperare:</span> <span class='ocrx_word' id='word_1_363' title='bbox 1154 2370 1369 2416; x_wconf 86' lang='lat' dir='ltr'>inquantum</span> <span class='ocrx_word' id='word_1_364' title='bbox 1391 2370 1531 2405; x_wconf 90' lang='lat' dir='ltr'>scilicet</span> <span class='ocrx_word' id='word_1_365' title='bbox 1546 2370 1600 2404; x_wconf 90' lang='lat' dir='ltr'>vis</span> <span class='ocrx_word' id='word_1_366' title='bbox 1619 2369 1815 2416; x_wconf 89' lang='lat' dir='ltr'>apprehen-</span> 
     </span>
     <span class='ocr_line' id='line_1_38' title="bbox 241 2422 1814 2470; baseline -0.001 -12"><span class='ocrx_word' id='word_1_367' title='bbox 241 2425 317 2458; x_wconf 87' lang='lat' dir='ltr'>siva</span> <span class='ocrx_word' id='word_1_368' title='bbox 343 2423 564 2470; x_wconf 86' lang='lat' dir='ltr'>praecedens</span> <span class='ocrx_word' id='word_1_369' title='bbox 591 2434 665 2456; x_wconf 90' lang='lat' dir='ltr'>non</span> <span class='ocrx_word' id='word_1_370' title='bbox 692 2422 813 2457; x_wconf 85' lang='lat' dir='ltr'>solum</span> <span class='ocrx_word' id='word_1_371' title='bbox 841 2423 987 2468; x_wconf 84' lang='lat' dir='ltr'>respicit</span> <span class='ocrx_word' id='word_1_372' title='bbox 1014 2423 1057 2456; x_wconf 86' lang='lat' dir='ltr'>ad</span> <span class='ocrx_word' id='word_1_373' title='bbox 1084 2423 1234 2465; x_wconf 89' lang='lat' dir='ltr'>bonurn,</span> <span class='ocrx_word' id='word_1_374' title='bbox 1261 2423 1359 2470; x_wconf 91' lang='lat' dir='ltr'>quod</span> <span class='ocrx_word' id='word_1_375' title='bbox 1385 2423 1538 2458; x_wconf 88' lang='lat' dir='ltr'>intendit</span> <span class='ocrx_word' id='word_1_376' title='bbox 1564 2423 1725 2469; x_wconf 87' lang='lat' dir='ltr'>adipisci,</span> <span class='ocrx_word' id='word_1_377' title='bbox 1752 2423 1814 2457; x_wconf 87' lang='lat' dir='ltr'>sed</span> 
     </span>
     <span class='ocr_line' id='line_1_39' title="bbox 242 2476 1816 2523; baseline -0.001 -12"><span class='ocrx_word' id='word_1_378' title='bbox 242 2477 352 2511; x_wconf 86' lang='lat' dir='ltr'>etiam</span> <span class='ocrx_word' id='word_1_379' title='bbox 375 2477 418 2511; x_wconf 86' lang='lat' dir='ltr'>ad</span> <span class='ocrx_word' id='word_1_380' title='bbox 440 2476 540 2519; x_wconf 90' lang='lat' dir='ltr'>illud,</span> <span class='ocrx_word' id='word_1_381' title='bbox 564 2478 665 2522; x_wconf 82' lang='lat' dir='ltr'>cujus</span> <span class='ocrx_word' id='word_1_382' title='bbox 687 2477 816 2510; x_wconf 85' lang='lat' dir='ltr'>virtute</span> <span class='ocrx_word' id='word_1_383' title='bbox 840 2477 989 2523; x_wconf 88' lang='lat' dir='ltr'>adipisci</span> <span class='ocrx_word' id='word_1_384' title='bbox 1007 2485 1138 2523; x_wconf 88' lang='lat' dir='ltr'>sperat,</span> <span class='ocrx_word' id='word_1_385' title='bbox 1157 2477 1359 2511; x_wconf 88' lang='lat' dir='ltr'>secundum</span> <span class='ocrx_word' id='word_1_386' title='bbox 1379 2476 1594 2511; x_wconf 86' lang='lat' dir='ltr'>illudEccli.</span> <span class='ocrx_word' id='word_1_387' title='bbox 1617 2487 1690 2521; x_wconf 85' lang='lat'>51.:</span> <span class='ocrx_word' id='word_1_388' title='bbox 1706 2477 1816 2523; x_wconf 73' lang='lat' dir='ltr'>Respi-</span> 
     </span>
     <span class='ocr_line' id='line_1_40' title="bbox 241 2529 1815 2577; baseline -0.002 -11"><span class='ocrx_word' id='word_1_389' title='bbox 241 2533 327 2566; x_wconf 80' lang='lat' dir='ltr'>ciens</span> <span class='ocrx_word' id='word_1_390' title='bbox 348 2544 440 2566; x_wconf 71' lang='lat' dir='ltr'>eram</span> <span class='ocrx_word' id='word_1_391' title='bbox 463 2531 504 2565; x_wconf 81' lang='lat' dir='ltr'>ad</span> <span class='ocrx_word' id='word_1_392' title='bbox 526 2531 732 2577; x_wconf 80' lang='lat' dir='ltr'>adjutorium</span> <span class='ocrx_word' id='word_1_393' title='bbox 756 2531 948 2565; x_wconf 77' lang='lat' dir='ltr'>hominum:</span> <span class='ocrx_word' id='word_1_394' title='bbox 974 2539 1094 2565; x_wconf 88' lang='lat' dir='ltr'>motus</span> <span class='ocrx_word' id='word_1_395' title='bbox 1117 2542 1204 2576; x_wconf 85' lang='lat' dir='ltr'>ergo</span> <span class='ocrx_word' id='word_1_396' title='bbox 1226 2531 1303 2577; x_wconf 88' lang='lat' dir='ltr'>spei</span> <span class='ocrx_word' id='word_1_397' title='bbox 1324 2530 1543 2577; x_wconf 89' lang='lat' dir='ltr'>quandoque</span> <span class='ocrx_word' id='word_1_398' title='bbox 1561 2529 1692 2564; x_wconf 85' lang='lat' dir='ltr'>dicitur</span> <span class='ocrx_word' id='word_1_399' title='bbox 1713 2541 1815 2576; x_wconf 82' lang='lat' dir='ltr'>expe-</span> 
     </span>
     <span class='ocr_line' id='line_1_41' title="bbox 243 2584 1509 2631; baseline -0.001 -12"><span class='ocrx_word' id='word_1_400' title='bbox 243 2585 352 2619; x_wconf 85' lang='lat' dir='ltr'>ctatio</span> <span class='ocrx_word' id='word_1_401' title='bbox 375 2592 520 2631; x_wconf 90' lang='lat' dir='ltr'>propter</span> <span class='ocrx_word' id='word_1_402' title='bbox 542 2584 806 2630; x_wconf 84' lang='lat' dir='ltr'>inspectionem</span> <span class='ocrx_word' id='word_1_403' title='bbox 829 2585 968 2618; x_wconf 80' lang='lat' dir='ltr'>virtutis</span> <span class='ocrx_word' id='word_1_404' title='bbox 992 2584 1197 2630; x_wconf 86' lang='lat' dir='ltr'>cognitivae</span> <span class='ocrx_word' id='word_1_405' title='bbox 1220 2584 1509 2630; x_wconf 85' lang='lat' dir='ltr'>praecedentem.</span> 
     </span>
    </p>

    <p class='ocr_par' dir='ltr' id='par_1_10' title="bbox 242 2637 1815 2898">
     <span class='ocr_line' id='line_1_42' title="bbox 313 2637 1813 2684; baseline -0.001 -11"><span class='ocrx_word' id='word_1_406' title='bbox 313 2639 374 2673; x_wconf 85' lang='lat' dir='ltr'>AD</span> <span class='ocrx_word' id='word_1_407' title='bbox 390 2649 597 2673; x_wconf 74' lang='lat' dir='ltr'>SECUNDUM</span> <span class='ocrx_word' id='word_1_408' title='bbox 621 2637 826 2679; x_wconf 84' lang='lat' dir='ltr'>dicendum,</span> <span class='ocrx_word' id='word_1_409' title='bbox 850 2638 946 2683; x_wconf 87' lang='lat' dir='ltr'>quod</span> <span class='ocrx_word' id='word_1_410' title='bbox 967 2637 1053 2671; x_wconf 88' lang='lat' dir='ltr'>illud</span> <span class='ocrx_word' id='word_1_411' title='bbox 1077 2638 1173 2684; x_wconf 87' lang='lat' dir='ltr'>quod</span> <span class='ocrx_word' id='word_1_412' title='bbox 1193 2638 1308 2672; x_wconf 88' lang='lat' dir='ltr'>homo</span> <span class='ocrx_word' id='word_1_413' title='bbox 1331 2638 1520 2679; x_wconf 85' lang='lat' dir='ltr'>desiderat,</span> <span class='ocrx_word' id='word_1_414' title='bbox 1536 2645 1570 2672; x_wconf 91' lang='lat' dir='ltr'>et</span> <span class='ocrx_word' id='word_1_415' title='bbox 1588 2637 1755 2672; x_wconf 88' lang='lat' dir='ltr'>aestimat</span> <span class='ocrx_word' id='word_1_416' title='bbox 1775 2648 1813 2672; x_wconf 87' lang='lat' dir='ltr'>se</span> 
     </span>
     <span class='ocr_line' id='line_1_43' title="bbox 242 2690 1813 2738; baseline -0.001 -12"><span class='ocrx_word' id='word_1_417' title='bbox 242 2703 348 2738; x_wconf 87' lang='lat' dir='ltr'>posse</span> <span class='ocrx_word' id='word_1_418' title='bbox 372 2692 532 2738; x_wconf 88' lang='lat' dir='ltr'>adipisci,</span> <span class='ocrx_word' id='word_1_419' title='bbox 556 2691 668 2725; x_wconf 90' lang='lat' dir='ltr'>credit</span> <span class='ocrx_word' id='word_1_420' title='bbox 687 2702 723 2724; x_wconf 82' lang='lat' dir='ltr'>se</span> <span class='ocrx_word' id='word_1_421' title='bbox 747 2691 978 2737; x_wconf 82' lang='lat' dir='ltr'>adepturum:</span> <span class='ocrx_word' id='word_1_422' title='bbox 1003 2699 1036 2725; x_wconf 81' lang='lat' dir='ltr'>et</span> <span class='ocrx_word' id='word_1_423' title='bbox 1059 2704 1099 2725; x_wconf 74' lang='lat' dir='ltr'>cx</span> <span class='ocrx_word' id='word_1_424' title='bbox 1122 2691 1183 2725; x_wconf 81' lang='lat' dir='ltr'>tali</span> <span class='ocrx_word' id='word_1_425' title='bbox 1206 2691 1274 2725; x_wconf 86' lang='lat' dir='ltr'>fide</span> <span class='ocrx_word' id='word_1_426' title='bbox 1302 2692 1338 2725; x_wconf 91' lang='lat' dir='ltr'>in</span> <span class='ocrx_word' id='word_1_427' title='bbox 1366 2691 1548 2737; x_wconf 88' lang='lat' dir='ltr'>cognitiva</span> <span class='ocrx_word' id='word_1_428' title='bbox 1575 2690 1813 2737; x_wconf 82' lang='lat' dir='ltr'>praecedente</span> 
     </span>
     <span class='ocr_line' id='line_1_44' title="bbox 243 2744 1815 2791; baseline -0.001 -12"><span class='ocrx_word' id='word_1_429' title='bbox 243 2754 363 2779; x_wconf 86' lang='lat' dir='ltr'>motus</span> <span class='ocrx_word' id='word_1_430' title='bbox 386 2757 539 2791; x_wconf 83' lang='lat' dir='ltr'>sequens</span> <span class='ocrx_word' id='word_1_431' title='bbox 567 2745 601 2779; x_wconf 90' lang='lat' dir='ltr'>in</span> <span class='ocrx_word' id='word_1_432' title='bbox 630 2745 788 2791; x_wconf 84' lang='lat' dir='ltr'>appetitu</span> <span class='ocrx_word' id='word_1_433' title='bbox 803 2744 930 2790; x_wconf 66' lang='lat' dir='ltr'>fiducia</span> <span class='ocrx_word' id='word_1_434' title='bbox 954 2745 1182 2778; x_wconf 84' lang='lat' dir='ltr'>nominatur:</span> <span class='ocrx_word' id='word_1_435' title='bbox 1207 2745 1463 2779; x_wconf 83' lang='lat' dir='ltr'>denominatur</span> <span class='ocrx_word' id='word_1_436' title='bbox 1489 2744 1586 2778; x_wconf 88' lang='lat' dir='ltr'>enim</span> <span class='ocrx_word' id='word_1_437' title='bbox 1613 2752 1734 2778; x_wconf 87' lang='lat' dir='ltr'>motus</span> <span class='ocrx_word' id='word_1_438' title='bbox 1757 2755 1815 2790; x_wconf 85' lang='lat' dir='ltr'>ap-</span> 
     </span>
     <span class='ocr_line' id='line_1_45' title="bbox 243 2797 1812 2845; baseline -0.001 -12"><span class='ocrx_word' id='word_1_439' title='bbox 243 2799 410 2845; x_wconf 84' lang='lat' dir='ltr'>petitivus</span> <span class='ocrx_word' id='word_1_440' title='bbox 430 2810 449 2832; x_wconf 92' lang='lat' dir='ltr'>a</span> <span class='ocrx_word' id='word_1_441' title='bbox 469 2799 678 2845; x_wconf 82' lang='lat' dir='ltr'>cognitione</span> <span class='ocrx_word' id='word_1_442' title='bbox 697 2797 947 2844; x_wconf 69' lang='lat' dir='ltr'>praecedente,</span> <span class='ocrx_word' id='word_1_443' title='bbox 970 2799 1061 2831; x_wconf 84' lang='lat' dir='ltr'>sicut</span> <span class='ocrx_word' id='word_1_444' title='bbox 1083 2797 1232 2832; x_wconf 75' lang='lat' dir='ltr'>effectus</span> <span class='ocrx_word' id='word_1_445' title='bbox 1251 2810 1292 2832; x_wconf 76' lang='lat' dir='ltr'>ex</span> <span class='ocrx_word' id='word_1_446' title='bbox 1309 2809 1417 2833; x_wconf 82' lang='lat' dir='ltr'>causa</span> <span class='ocrx_word' id='word_1_447' title='bbox 1437 2798 1553 2845; x_wconf 87' lang='lat' dir='ltr'>magis</span> <span class='ocrx_word' id='word_1_448' title='bbox 1571 2806 1675 2832; x_wconf 87' lang='lat' dir='ltr'>nota:</span> <span class='ocrx_word' id='word_1_449' title='bbox 1696 2797 1812 2844; x_wconf 88' lang='lat' dir='ltr'>magis</span> 
     </span>
     <span class='ocr_line' id='line_1_46' title="bbox 243 2851 1725 2898; baseline 0 -12"><span class='ocrx_word' id='word_1_450' title='bbox 243 2853 340 2886; x_wconf 85' lang='lat' dir='ltr'>enirn</span> <span class='ocrx_word' id='word_1_451' title='bbox 364 2853 555 2897; x_wconf 87' lang='lat' dir='ltr'>cognoscit</span> <span class='ocrx_word' id='word_1_452' title='bbox 576 2852 628 2886; x_wconf 86' lang='lat' dir='ltr'>vis</span> <span class='ocrx_word' id='word_1_453' title='bbox 652 2851 912 2898; x_wconf 76' lang='lat' dir='ltr'>apprehensiva</span> <span class='ocrx_word' id='word_1_454' title='bbox 936 2863 1040 2884; x_wconf 76' lang='lat' dir='ltr'>suum</span> <span class='ocrx_word' id='word_1_455' title='bbox 1065 2860 1198 2894; x_wconf 77' lang='lat' dir='ltr'>actum,</span> <span class='ocrx_word' id='word_1_456' title='bbox 1222 2863 1330 2898; x_wconf 85' lang='lat' dir='ltr'>quam</span> <span class='ocrx_word' id='word_1_457' title='bbox 1354 2860 1475 2886; x_wconf 88' lang='lat' dir='ltr'>actum</span> <span class='ocrx_word' id='word_1_458' title='bbox 1498 2851 1725 2898; x_wconf 82' lang='lat' dir='ltr'>appetitivae.</span> 
     </span>
    </p>
   </div>
   <div class='ocr_carea' id='block_1_5' title="bbox 1874 1611 1907 3182">
    <p class='ocr_par' dir='ltr' id='par_1_11' title="bbox 1874 1611 1907 3182">
     <span class='ocr_line' id='line_1_47' title="bbox 1874 1611 1907 3182; baseline 0 0"><span class='ocrx_word' id='word_1_459' title='bbox 1874 1611 1907 3182; x_wconf 95' lang='lat' dir='ltr'> </span> 
     </span>
    </p>
   </div>
  </div>
 </body>
</html>
