1907 3182
248 191 331 246 458
659 205 879 240 QUAEsrto
914 205 1028 234 LXVI.
1062 204 1306 234 ARTICULUS
1338 204 1379 234 v.

247 284 461 327 intellectus,
484 285 576 319 sicut
597 293 631 320 et
653 285 744 319 aliae
770 286 962 328 scientiae3
990 296 1077 331 ergo
1105 285 1308 319 intellectus
1335 293 1388 319 est
1410 285 1528 331 maior
1547 285 1672 328 virtus,
1694 297 1804 332 quarn

248 339 433 384 sapientia.

320 391 394 426 SED
418 402 572 426 CONTRA
593 400 655 433 est,
679 391 775 437 quod
796 390 934 425 Philos.
958 391 1043 425 dicit
1057 391 1092 424 in
1115 389 1146 425 6.
1166 391 1325 425 Ethicor.
1344 391 1430 437 (cap.
1450 403 1479 437 7.
1490 398 1616 438 parum
1631 393 1805 439 aprina),

248 445 342 490 quod
366 445 540 491 sapientia
563 453 615 478 est
636 445 728 478 sicut
749 452 856 490 caput
878 446 968 478 inter
988 444 1136 478 virtutes
1158 443 1432 478 intellectuales.

318 497 547 532 Rrspoxnro
568 498 771 539 dicendum,
788 497 897 543 quod,
912 498 1005 532 sicut
1034 498 1170 531 dictum
1190 506 1242 531 est
1264 498 1344 542 (art.
1366 510 1394 532 Ι.
1417 497 1485 543 huj.
1508 497 1568 543 φ),
1592 497 1806 544 magnitudo

247 550 387 585 virtutis
413 550 613 585 secundum
636 561 739 584 suam
761 550 921 596 speciem
944 551 1193 585 consideratur
1219 561 1261 584 ex
1288 550 1449 596 objecto:
1472 550 1656 596 objectum
1683 559 1805 585 autem

247 604 441 650 sapientiae
463 603 648 649 praecellit
669 603 760 637 inter
782 604 925 649 objecta
952 605 1118 637 omnium
1145 603 1318 637 virtutum
1345 602 1665 638 intellectualium:
1693 604 1808 638 consi-

247 657 346 690 derat
369 657 466 691 enim
489 667 636 690 causam
660 655 886 698 altissimam,
909 668 1000 702 quae
1021 657 1121 690 Deus
1149 664 1212 698 est,
1239 664 1278 690 ut
1304 656 1433 690 dicitur
1453 657 1490 690 in
1511 656 1624 702 princ.
1646 656 1805 702 Metaph.

246 710 335 756 (cap.
362 722 389 744 r.
412 714 440 744 et
460 710 530 754 2.):
554 717 587 743 et
609 709 692 754 quia
714 721 778 755 per
800 720 947 743 causam
969 710 1146 755 judicatur
1169 710 1212 743 de
1235 708 1377 751 effectu,
1400 717 1435 743 et
1453 720 1515 755 per
1537 720 1685 743 causam
1707 720 1809 755 supe-

246 763 380 797 riorem
403 763 446 796 de
469 762 585 796 causis
607 761 845 804 inferioribus,
867 763 950 796 inde
970 771 1022 797 est
1043 763 1139 808 quod
1158 763 1333 809 sapientia
1354 762 1463 796 habet
1479 762 1653 808 judicium
1672 762 1715 796 de
1734 774 1809 796 om-

246 816 349 850 nibus
372 815 449 850 aliis
470 816 660 850 virtutibus
682 815 997 858 intellectualibus,
1020 824 1055 851 et
1077 817 1152 862 ejus
1175 824 1228 851 est
1249 816 1415 850 ordinare
1438 827 1589 859 omnes;
1609 816 1733 863 etipsa
1755 824 1810 851 est

247 869 348 915 quasi
370 869 653 903 architectonica
675 877 838 915 respectu
862 870 1039 903 omnium.

321 922 381 956 AD
404 933 553 956 PRIMUM
569 933 654 967 ergo
671 922 876 964 dicendum,
888 923 984 969 quod
1004 934 1087 956 curn
1110 922 1299 969 prudentia
1313 922 1357 956 sit
1375 922 1470 956 circa
1484 933 1539 956 res
1552 921 1743 964 humanas,
1758 933 1811 956 sa-

247 975 381 1022 pientia
395 987 481 1009 vero
494 975 589 1009 circa
605 987 751 1009 causam
768 975 994 1018 altissimam,
1006 975 1230 1022 impossibile
1245 983 1308 1018 est,
1322 975 1418 1022 quod
1430 975 1619 1022 prudentia
1633 975 1678 1009 sit
1691 977 1809 1021 major

244 1029 367 1070 virtus,
379 1040 488 1074 quarn
506 1028 692 1075 sapientia,
708 1029 787 1071 nisi,
803 1037 841 1063 ut
855 1029 984 1064 dicitur
998 1029 1033 1063 in
1049 1028 1080 1063 6.
1096 1029 1212 1063 Ethic.
1225 1029 1314 1075 (cap.
1329 1035 1496 1075 7.parum
1514 1040 1535 1063 a
1546 1029 1689 1075 princ),
1701 1029 1811 1063 maxi-

245 1094 346 1116 mum
368 1094 507 1125 eorum,
530 1094 620 1129 quae
642 1091 725 1117 sunt
746 1083 781 1116 in
804 1083 952 1125 mundo,
968 1091 1060 1117 esset
1079 1083 1204 1117 homo.
1227 1083 1333 1117 Unde
1355 1082 1551 1116 dicendum
1573 1090 1637 1124 est,
1659 1082 1751 1116 sicut
1772 1082 1808 1116 in

245 1137 375 1170 eodem
393 1136 484 1170 libro
504 1136 632 1170 dicitur
656 1136 781 1181 (ibid),
805 1137 901 1182 quod
925 1137 1113 1183 prudentia
1134 1148 1208 1170 non
1236 1136 1389 1182 imperat
1414 1136 1481 1182 ipsi
1509 1135 1718 1181 sapientiae,
1746 1135 1808 1170 sed

244 1189 364 1236 potius
386 1201 404 1223 e
427 1201 622 1223 converso:
647 1190 729 1235 quia
749 1190 933 1236 spiritualis
949 1190 1080 1235 judicat
1101 1191 1226 1231 omnia,
1249 1194 1277 1224 et
1296 1190 1359 1236 ipse
1377 1200 1396 1223 a
1417 1189 1545 1223 nemine
1560 1188 1748 1234 judicatur,
1771 1197 1810 1223 ut

246 1242 375 1276 dicitur
393 1254 421 1276 1.
441 1242 484 1276 ad
508 1242 594 1277 Cor.
618 1252 669 1276 2.:
691 1254 766 1276 non
786 1243 881 1277 enirn
897 1243 1085 1289 prudentia
1106 1242 1216 1276 habet
1236 1253 1273 1277 se
1295 1242 1535 1276 intromittere
1553 1241 1596 1276 de
1616 1241 1810 1284 altissimis,

245 1307 337 1342 quae
357 1296 561 1330 considerat
575 1296 767 1342 sapientia:
788 1296 849 1330 sed
868 1296 1022 1342 imperat
1037 1296 1079 1330 de
1093 1296 1161 1338 his,
1176 1307 1268 1342 quae
1284 1295 1496 1330 ordinantur
1511 1295 1554 1329 ad
1573 1295 1808 1341 sapientiam;

245 1348 395 1391 scilicet,
414 1349 602 1395 quomodo
625 1349 793 1383 homines
813 1349 967 1383 debeant
986 1350 1028 1383 ad
1044 1349 1258 1395 sapientiam
1277 1349 1484 1395 pervenire;
1503 1348 1597 1383 unde
1616 1348 1652 1382 in
1671 1348 1741 1383 hoc
1758 1356 1811 1382 est

244 1402 444 1448 prudentia,
466 1413 527 1436 seu
550 1402 697 1448 politica
725 1402 887 1436 ministra
915 1402 1131 1448 sapientiae:
1160 1402 1356 1436 introducit
1382 1402 1479 1436 enim
1510 1402 1553 1435 ad
1589 1413 1681 1444 eam,
1711 1413 1810 1448 prae-

244 1467 373 1501 parans
396 1455 428 1489 ei
449 1455 557 1497 viam,
580 1455 672 1489 sicut
693 1456 859 1490 ostiarius
879 1456 922 1490 ad
944 1467 1080 1501 regem.

315 1509 375 1542 AD
398 1519 604 1543 SECUNDUM
632 1509 837 1550 dicendum,
857 1509 953 1554 quod
975 1508 1163 1555 prudentia
1191 1508 1395 1542 considerat
1422 1519 1474 1549 ea,
1502 1507 1628 1554 quibus
1651 1508 1812 1553 perveni-

244 1570 300 1596 tur
322 1561 365 1596 ad
386 1561 613 1596 felicitatem:
637 1562 699 1596 sed
727 1562 899 1608 sapientia
928 1563 1131 1596 considerat
1151 1562 1271 1608 ipsum
1293 1562 1476 1607 objectum
1498 1560 1691 1604 felicitatis,
1713 1562 1810 1608 quod

245 1623 297 1649 est
319 1614 534 1649 altissimum
556 1615 802 1661 intelligibile:
831 1624 864 1650 et
886 1616 914 1649 si
942 1616 1088 1662 quidem
1112 1624 1205 1650 esset
1226 1615 1384 1662 perfecta
1413 1614 1654 1649 consideratio
1673 1616 1811 1662 sapien-

243 1668 314 1702 tiae
336 1676 500 1713 respectu
523 1668 577 1702 sui
599 1668 742 1714 objecti,
766 1677 859 1703 esset
879 1668 1038 1715 perfecta
1058 1668 1210 1703 felicitas
1236 1669 1274 1702 in
1301 1676 1382 1702 actu
1405 1668 1622 1714 sapientiae:
1645 1669 1708 1703 sed
1727 1669 1810 1715 quia

245 1729 343 1755 actus
366 1721 562 1767 sapientiae
577 1721 612 1754 in
634 1721 702 1755 hac
725 1722 797 1756 vita
819 1729 871 1756 est
886 1721 1116 1768 imperfectus
1135 1730 1298 1768 respectu
1320 1720 1527 1768 principalis
1548 1721 1690 1767 objecti,
1713 1722 1810 1768 quod

244 1783 297 1808 est
311 1775 422 1816 Deus,
443 1775 524 1808 ideo
548 1783 647 1809 actus
669 1775 865 1821 sapientiae
889 1784 941 1810 est
963 1776 1141 1822 quaedam
1169 1775 1367 1817 inchoatio,
1390 1786 1452 1809 seu
1471 1775 1696 1822 participatio
1722 1775 1811 1810 futu-

243 1838 303 1862 rae
330 1827 531 1862 felicitatis:
555 1836 589 1862 et
609 1828 659 1862 sic
681 1829 918 1875 propinquius
939 1840 976 1863 se
998 1829 1107 1863 habet
1133 1829 1176 1863 ad
1198 1828 1420 1871 felicitatem,
1438 1840 1548 1875 quam
1561 1829 1760 1875 prudentia.

314 1881 374 1915 AD
398 1891 569 1916 TERTIUM
591 1882 797 1924 dicendum,
813 1883 909 1928 quod
924 1883 1016 1917 sicut
1034 1882 1126 1916 Phil.
1143 1883 1228 1917 dicit
1249 1883 1285 1916 in
1305 1894 1331 1917 1.
1348 1882 1390 1917 de
1406 1883 1541 1917 Anima
1563 1883 1642 1928 (tex.
1662 1884 1719 1929 1.),
1739 1894 1810 1917 una

243 1934 372 1968 notitia
396 1934 593 1979 praefertur
621 1934 733 1977 alteri,
757 1944 817 1970 aut
839 1948 881 1970 ex
904 1947 947 1970 eo
967 1937 1063 1982 quod
1087 1944 1139 1970 est
1160 1935 1392 1978 nobiliorum,
1416 1944 1477 1970 aut
1502 1944 1649 1983 propter
1671 1938 1812 1971 certitu-

244 1987 377 2021 dinem.
402 1988 439 2022 Si
457 1988 564 2033 igitur
583 1989 742 2034 subjecta
764 1989 834 2023 sint
853 1989 1019 2035 aequalia
1040 1990 1076 2023 in
1097 1989 1269 2032 bonitate,
1293 1997 1327 2024 et
1347 1989 1546 2031 nobilitate,
1568 1989 1630 2023 illa
1652 2001 1744 2036 quae
1758 1998 1811 2024 est

245 2041 386 2082 certior,
410 2041 475 2075 erit
497 2043 613 2087 major
634 2042 764 2077 virtus:
787 2042 849 2077 sed
871 2042 932 2076 illa
954 2054 1045 2089 quae
1068 2051 1120 2078 est
1139 2043 1258 2077 minus
1281 2051 1376 2077 certa
1395 2043 1439 2077 de
1462 2042 1660 2085 altioribus,
1682 2051 1717 2078 et
1738 2055 1812 2077 ma-

243 2094 390 2139 joribus,
412 2094 609 2139 praefertur
628 2096 670 2137 ei,
686 2107 778 2141 quae
798 2104 851 2130 est
866 2096 982 2141 magis
999 2104 1096 2130 certa
1111 2096 1154 2130 de
1169 2095 1397 2130 inferioribus
1419 2096 1542 2130 rebus:
1563 2096 1656 2130 unde
1672 2096 1809 2131 Philos.

245 2147 330 2181 dicit
351 2148 385 2181 in
409 2157 439 2180 2.
460 2148 502 2181 de
525 2147 644 2182 Coelo
681 2148 757 2192 (lex.
781 2149 882 2194 60.);
907 2149 1003 2195 quod
1031 2161 1206 2195 magnum
1237 2157 1288 2183 est
1321 2149 1364 2183 de
1386 2149 1491 2184 rebus
1513 2149 1729 2184 coelestibus
1751 2149 1812 2184 ali-

245 2200 328 2246 quid
351 2212 456 2246 posse
477 2212 699 2247 cognoscere
722 2203 832 2236 etiam
855 2202 973 2245 debili,
997 2212 1031 2237 et
1052 2204 1171 2249 topica
1198 2204 1357 2245 ratione3
1388 2211 1423 2238 et
1455 2203 1492 2237 in
1518 2214 1545 2237 1.
1580 2203 1623 2238 de
1646 2203 1810 2238 Partibus

245 2253 457 2288 animalium
482 2253 567 2301 (cap.
591 2266 618 2300 5.
647 2257 725 2290 circ.
743 2258 871 2302 princ.)
893 2257 988 2299 dicit,
1004 2258 1100 2303 quod
1123 2257 1277 2291 amabile
1301 2265 1353 2291 est
1375 2258 1490 2304 magis
1509 2269 1660 2304 parvum
1676 2258 1810 2304 aliquid

245 2318 468 2353 cognoscere
503 2308 546 2341 de
573 2309 676 2342 rebus
695 2309 943 2352 nobilioribus,
966 2322 1075 2356 quam
1103 2310 1215 2344 multa
1239 2322 1462 2356 cognoscere
1485 2312 1528 2345 de
1547 2311 1652 2346 rebus
1674 2311 1813 2357 ignobi-

243 2360 412 2402 lioribus;
435 2362 608 2407 sapientia
631 2362 750 2407 igitur,
774 2363 816 2396 ad
839 2375 948 2409 quam
971 2364 1123 2409 pertinet
1144 2364 1212 2398 Dei
1236 2364 1409 2410 cognitio,
1430 2364 1573 2398 homini
1594 2365 1752 2399 maxime
1774 2365 1810 2398 in

244 2422 337 2450 statu
363 2414 468 2459 hujus
495 2415 588 2448 vitae
610 2426 683 2448 non
717 2424 835 2461 potest
862 2416 1017 2462 perfecte
1046 2418 1226 2459 advenire,
1249 2426 1286 2452 ut
1320 2418 1363 2452 sit
1389 2418 1490 2464 quasi
1510 2419 1585 2463 ejus
1607 2419 1810 2464 possessi03

244 2468 305 2502 sed
325 2468 395 2501 hoc
415 2467 526 2501 solius
549 2468 617 2502 Dei
634 2476 697 2509 est,
721 2477 757 2502 ut
780 2470 908 2504 dicitur
924 2472 958 2504 in
982 2481 1008 2504 1.
1025 2470 1183 2517 Metaph.
1205 2470 1294 2517 (cap.
1310 2483 1340 2506 2.
1358 2476 1433 2518 post
1454 2471 1552 2516 med.)
1570 2484 1580 2505 .·
1603 2472 1664 2505 sed
1687 2479 1810 2505 tamen

243 2521 304 2556 illa
327 2521 470 2554 modica
498 2521 672 2565 cognitio,
708 2534 799 2568 quae
822 2534 884 2569 per
906 2524 1120 2569 sapientiam
1143 2525 1186 2558 de
1212 2525 1294 2559 Deo
1317 2524 1442 2559 haberi
1467 2533 1597 2571 potest,
1630 2524 1732 2559 omni
1750 2524 1810 2558 alii

245 2574 443 2619 cognitioni
460 2574 668 2620 praefertur.

316 2629 374 2662 An
394 2639 581 2667 QUARTUM
605 2629 808 2670 dicendum,
831 2631 926 2675 quod
950 2631 1091 2672 veritas,
1107 2639 1141 2665 et
1160 2631 1321 2677 cognitio
1343 2631 1602 2678 principiorum
1624 2630 1812 2665 indemon-

245 2681 444 2717 strabilium
464 2683 641 2727 dependet
654 2694 695 2716 ex
712 2685 848 2716 ratione
871 2684 1127 2719 terminorum:
1149 2686 1296 2730 cognito
1319 2685 1428 2726 enim,
1451 2684 1534 2731 quid
1550 2693 1603 2718 est
1624 2692 1754 2726 totum,
1776 2693 1810 2719 et

246 2736 328 2782 quid
352 2744 403 2769 est
425 2747 516 2781 pars,
539 2736 657 2770 statim
681 2737 924 2781 cognoscitur,
963 2738 1058 2783 quod
1095 2750 1187 2773 onina
1209 2743 1311 2773 totum
1340 2743 1383 2773 cst
1408 2740 1517 2783 majus
1536 2749 1594 2772 sua
1612 2743 1730 2784 parte:
1753 2748 1811 2771 co-

247 2800 421 2833 gnoscere
445 2797 565 2823 autem
589 2789 766 2823 rationem
790 2790 892 2831 entis,
908 2799 941 2824 et
964 2802 1036 2824 non
1060 2791 1162 2832 entis,
1186 2801 1219 2825 et
1242 2791 1364 2832 totius,
1387 2799 1421 2826 et
1442 2790 1564 2836 partis,
1587 2799 1622 2825 et
1640 2790 1807 2831 aliorum,

246 2854 336 2888 quae
364 2851 631 2888 consequuntur
651 2844 692 2877 ad
716 2854 790 2884 ens,
818 2854 858 2877 ex
881 2844 1008 2889 quibus
1031 2844 1123 2878 sicut
1143 2857 1183 2879 ex
1205 2844 1367 2879 terminis
1391 2844 1657 2878 constituuntur
1684 2843 1811 2889 princi-

246 2896 301 2942 pia
322 2896 667 2938 indemonstrabilia,
686 2897 837 2943 pertinet
852 2897 894 2931 ad
918 2898 1149 2943 sapientiam:
1171 2898 1253 2943 quia
1268 2909 1330 2932 ens
1353 2908 1549 2932 commune
1572 2904 1624 2931 est
1645 2896 1810 2943 proprius
