1907 3198
500 173 725 210 Qufflsno
759 172 905 203 Lxxlv.
939 171 1184 203 Αιιτιςυιυε
1218 173 1246 202 1.
1571 174 1591 216 5
1600 173 1647 216 3¹

667 360 1014 407 ARTICULUS
1043 360 1076 403 ι.
1590 383 1653 419 397

361 484 516 515 UTRUM
542 484 778 515 VOLUNTAS
807 483 875 513 SIT
902 481 1152 524 SUBJECTUM
1180 480 1381 510 PECCATI.

213 585 263 631 (4.
285 586 375 621 Dist.
394 586 444 622 18.
462 598 494 632 q.
515 597 542 621 1.
564 590 630 620 art.
653 597 680 620 1.
701 597 732 631 q.
755 597 782 620 ι.
800 583 843 618 ad
864 595 895 619 2.
917 588 946 618 et
967 583 1023 617 lil».
1039 594 1067 628 3.
1092 581 1209 617 Contr.
1230 592 1260 626 g.
1280 587 1350 628 cap.
1373 593 1449 627 109.
1470 581 1526 624 sin.

465 643 496 674 ct
518 639 601 674 Mal.
624 651 654 685 q.
677 650 707 685 7.
730 643 794 672 art.
817 650 844 673 1.
866 637 909 671 ad
930 637 983 672 16.
1004 641 1033 671 ct
1055 635 1176 670 Mam).
1198 636 1270 680 15·)·

156 740 221 778 AD
237 750 390 777 Ριωιυιι
411 740 462 776 sic
485 740 702 788 proceditur.
717 738 881 781 Videtur,
903 737 1000 785 quod
1023 736 1192 772 voluntas
1214 747 1288 770 non
1310 735 1424 782 possit
1444 746 1522 770 esse
1539 735 1654 781 subje-

85 800 186 832 etum
206 794 367 842 peccati:
392 794 479 830 dicit
500 794 597 830 enim
623 793 776 840 Dionys.
803 793 839 827 in
860 802 893 835 4.
921 803 1000 837 cap.
1022 791 1066 825 de
1093 790 1176 825 Div.
1203 790 1314 824 Nom.
1341 790 1444 836 (part.
1466 801 1500 834 4.
1522 801 1542 824 α
1569 789 1651 824 med.

84 849 158 887 lact.
172 851 260 896 ιι),
272 849 372 897 quod
386 849 513 884 malum
525 854 569 884 cst
577 853 712 896 practer
724 847 941 888 voluntatem,
956 851 985 881 el
1001 846 1231 880 intentionem:
1254 844 1316 878 sed
1338 851 1530 890 peccatum
1544 843 1653 878 habet

83 903 265 940 radonem
285 902 393 946 mali;
413 913 502 949 ergo
523 910 716 949 peccatum
735 912 811 936 non
833 907 952 947 potest
972 910 1050 934 esse
1072 899 1108 932 in
1129 897 1327 932 voluntate.

154 966 189 993 2.
208 956 449 993 ΡιΑετΕιιι-ῑᾼ.
471 955 652 991 Voluntas
665 963 719 990 est
731 955 829 995 boni,
844 953 902 988 vel
917 952 1120 999 apparentis
1135 951 1241 993 boni;
1260 962 1303 985 ex
1317 950 1389 985 hoc
1405 958 1538 992 autem,
1553 950 1651 997 quod

83 1009 254 1046 voluntas
278 1009 356 1046 vult
379 1010 530 1052 bonum,
556 1021 630 1044 non
657 1016 803 1055 peccat:
825 1008 896 1042 hoc
925 1015 1046 1041 autem
1072 1005 1170 1052 quod
1196 1004 1273 1039 vult
1299 1015 1474 1051 apparens
1500 1004 1652 1046 bonum,

82 1063 182 1111 quod
200 1074 277 1099 non
297 1071 352 1099 est
375 1074 461 1098 vere
482 1063 634 1105 bonum,
655 1063 773 1108 magis
798 1061 976 1108 pertinere
1001 1059 1143 1094 videtur
1163 1059 1207 1093 ad
1235 1058 1417 1093 desectum
1435 1058 1576 1093 virtutis
1594 1070 1652 1105 ap-

83 1117 336 1165 prehensivae,
356 1128 467 1164 quam
489 1117 533 1153 ad
555 1116 737 1152 defectum
759 1115 974 1156 voluntatis3
996 1124 1084 1160 ergo
1111 1122 1302 1160 peccatum
1330 1111 1431 1146 nullo
1458 1112 1572 1147 modo
1598 1120 1654 1147 est

82 1169 122 1206 in
140 1170 339 1207 voluntate.

156 1235 188 1271 3.
207 1224 447 1261 1²me
464 1224 549 1260 Non
562 1232 682 1272 potest
695 1235 773 1259 esse
788 1223 884 1258 idem
899 1222 1102 1267 subjectum
1117 1220 1270 1267 peccati,
1289 1228 1324 1255 et
1345 1231 1455 1254 causa
1469 1218 1651 1262 efficiens;

82 1277 168 1326 quia
181 1288 290 1314 causa
303 1276 475 1320 efficiens,
496 1287 532 1313 et
551 1277 748 1313 materialis
761 1288 835 1311 non
849 1276 1011 1311 incidunt
1025 1275 1060 1309 in
1082 1274 1192 1315 idem,
1207 1283 1246 1308 ut
1259 1273 1388 1308 dicitur
1406 1273 1442 1307 in
1458 1283 1488 1307 2.
1505 1273 1649 1320 Physic.

82 1331 164 1378 (tax.
181 1342 237 1379 7ο.
256 1337 289 1368 a
305 1333 412 1379 seq.).·
432 1331 496 1367 sed
516 1331 686 1367 voluntas
707 1340 761 1366 est
781 1341 890 1365 causa
915 1328 1076 1364 efficiens
1098 1328 1256 1374 peccati:
1276 1327 1393 1374 prima
1415 1327 1513 1361 enim
1540 1338 1650 1362 causa

17 1396 19 1401 ’
80 1385 259 1432 peccandi
277 1393 333 1421 &t
349 1384 530 1427 voluntas,
556 1393 594 1420 ut
614 1386 769 1432 August.
790 1383 877 1418 dicit
897 1384 933 1418 in
954 1382 1015 1417 lib.
1033 1382 1078 1416 de
1098 1381 1250 1416 Duabus
1272 1381 1474 1416 Animabus
1489 1382 1576 1428 (cap.
1595 1393 1648 1416 10.

80 1442 111 1474 d
129 1439 194 1484 ιι.)
200 1450 215 1480 ,·
237 1449 326 1485 ergo
346 1449 422 1487 non
439 1446 494 1473 est
509 1438 710 1484 subjectum
733 1437 883 1485 peccati.

153 1491 231 1528 SED
251 1501 408 1529 eoum
429 1499 495 1534 est,
519 1492 618 1539 quod
640 1493 794 1538 August.
816 1491 902 1525 dicit
923 1491 959 1525 in
980 1489 1040 1524 lib.
1067 1500 1094 1523 1.
1117 1488 1274 1524 Retract.
1298 1487 1386 1535 (cap.
1408 1499 1440 1534 9.
1463 1489 1524 1523 cir.
1546 1488 1647 1534 med.)

82 1544 183 1594 md
200 1545 357 1582 voluntas
372 1550 428 1588 ast,
445 1557 511 1593 qua
530 1551 699 1593 peccatur,
719 1551 751 1581 ct
769 1550 852 1580 recte
868 1545 1010 1579 vivitur.

90 1630 96 1636 .
120 1619 122 1622 ·
150 1598 382 1636 Rmounto
403 1599 610 1642 dicendum,
629 1599 728 1646 quod
750 1606 942 1646 peccatum
964 1596 1111 1644 quidam
1140 1603 1240 1631 actus
1262 1603 1326 1638 est,
1352 1595 1447 1631 sicut
1466 1607 1575 1642 supra
1595 1595 1648 1630 di-

90 1670 117 1680 ν
167 1675 170 1680 -
196 1661 254 1688 εει
272 1653 322 1700 (q.
343 1665 393 1700 71.
413 1658 480 1689 art.
500 1665 530 1690 1.
548 1659 581 1689 et
600 1654 665 1698 6..)
683 1653 846 1688 Actuum
868 1660 990 1687 autern
1011 1650 1147 1697 quidam
1168 1658 1354 1685 transeunt
1372 1651 1408 1684 in
1429 1650 1646 1684 exteriorem

73 1730 80 1747 a
244 1725 263 1737 ¹·
279 1719 290 1751 ;
315 1715 356 1742 ut
379 1718 496 1750 urere,
520 1715 556 1742 et
580 1719 724 1742 secare:
747 1715 783 1742 et
807 1706 1018 1751 hujusmodi
1044 1713 1144 1740 actus
1170 1705 1305 1740 habent
1330 1716 1395 1751 pro
1422 1705 1586 1747 materia,
1611 1713 1647 1739 et

109 1781 111 1786 .
133 1767 242 1797 ecto
255 1759 326 1803 id,
316 1771 355 1796 ιιι
367 1760 466 1808 quod
478 1761 607 1796 transit
623 1761 740 1803 actio;
754 1761 847 1795 sicut
859 1759 1107 1807 Philosophus
1121 1759 1230 1794 dicit
1221 1771 1257 1793 ιιι
1276 1770 1304 1805 3.
1319 1758 1464 1806 Physic.
1480 1759 1561 1803 (tex.
1575 1759 1646 1804 18.)

102 1830 117 1842 ν·
139 1831 144 1843 ·
162 1831 167 1842 ·
196 1819 305 1850 monas
323 1819 368 1851 est
387 1819 481 1850 actus
492 1815 621 1850 mobilis
633 1827 655 1850 a
668 1820 836 1850 movente.-
857 1814 994 1861 quidam
1008 1824 1096 1848 vero
1115 1821 1215 1848 actus
1236 1821 1320 1848 sunt
1332 1824 1406 1847 non
1420 1821 1646 1848 transeuntes

71 1875 79 1901 .’
103 1889 106 1891 Δ
133 1868 354 1904 exteriorem
377 1869 582 1911 materiam,
602 1869 666 1904 sed
687 1876 876 1903 manentes
903 1868 940 1903 in
962 1876 1109 1913 agente;
1130 1867 1224 1902 sicut
1249 1875 1428 1914 appetere,
1450 1875 1486 1901 et
1506 1877 1646 1913 cogno-

73 1935 76 1942 ·
137 1940 142 1949 ⁴
188 1933 200 1965 ;
218 1929 256 1958 et
273 1921 366 1958 tales
385 1930 487 1958 actus
507 1931 591 1958 sunt
610 1933 740 1958 omnes
761 1930 863 1957 actus
884 1921 1054 1963 morales,
1069 1921 1145 1956 sive
1158 1920 1229 1956 sint
1244 1929 1344 1955 actus
1366 1920 1551 1963 virtutum,
1569 1920 1645 1956 sive

298 1994 304 2008 ·
320 1977 451 2020 ;unde
471 1984 627 2039 oportet,
652 1976 749 2024 quod
775 1976 963 2023 proprium
989 1976 1194 2021 subjectum
1221 1983 1321 2009 actus
1347 1974 1488 2021 peccati
1513 1974 1559 2009 sit
1584 1985 1645 2021 po-

150 2028 165 2059 ·‘
221 2041 316 2077 quae
329 2038 384 2066 εει
396 2031 616 2079 principium
629 2039 741 2066 actus.
756 2030 853 2065 Cum
869 2039 991 2065 autem
1005 2029 1192 2077 proprium
1210 2029 1254 2064 sit
1271 2038 1418 2064 actuum
1435 2028 1643 2071 moralium,

87 2087 91 2089 ’
137 2102 167 2112 ===
188 2083 482 2128 sintvoluntarii,
495 2093 534 2120 ut
552 2096 661 2132 supra
675 2085 839 2120 habitum
852 2093 905 2119 est
918 2085 968 2131 (q
983 2097 1010 2120 1.
1031 2089 1096 2119 art.
1111 2096 1138 2119 1.
1153 2089 1224 2130 etq-
1240 2084 1290 2119 18.
1304 2088 1368 2118 art.
1383 2084 1405 2119 6
1409 2084 1449 2128 .,)
1471 2083 1642 2130 sequitur,

136 2154 165 2166 w
195 2136 376 2182 voluntas,
401 2149 495 2186 quae
519 2147 574 2174 est
598 2138 816 2198 principium
849 2146 996 2173 actuum
1028 2137 1320 2172 voluntariorum
1346 2137 1421 2172 sive
1447 2137 1642 2179 bonorum,

170 2190 371 2235 malorum,
387 2203 481 2240 quae
492 2201 577 2228 sunt
593 2201 754 2239 peccata,
767 2192 813 2226 sit
829 2191 1045 2239 principium
1067 2199 1321 2238 peccatorum;
1340 2199 1375 2226 et
1386 2190 1469 2225 ideo
1481 2192 1641 2237 sequitur,

177 2250 354 2293 paccatum
370 2247 415 2282 sit
433 2247 470 2281 in
488 2246 669 2288 voluntate,
690 2247 774 2280 sicut
794 2246 828 2279 in
848 2247 1002 2291 subjecto.

103 2297 213 2335 -AD
229 2308 381 2336 runnu(
401 2310 492 2347 ergo
511 2299 720 2342 dicendum,
734 2299 832 2346 quod
846 2298 984 2334 malurn
999 2299 1130 2334 dicitur
1147 2309 1226 2333 esse
1240 2306 1382 2345 praeter
1395 2298 1642 2340 voluntatem

86 2389 88 2391 ,
113 2368 127 2376 ’·
179 2351 350 2389 voluntas
364 2363 442 2388 non
459 2353 575 2388 tendit
599 2354 635 2388 in
655 2353 775 2399 ipsum
789 2352 853 2388 sub
868 2353 1007 2388 ratione
1028 2352 1136 2387 mali:
1158 2352 1219 2387 sed
1234 2352 1318 2399 quia
1340 2351 1487 2398 aliquod
1502 2351 1639 2387 malum

91 2401 94 2403 ’
142 2414 330 2454 mens
347 2406 499 2450 bonum,
519 2407 604 2442 ideo
623 2406 792 2441 voluntas
813 2406 1009 2454 aliquando
1030 2407 1164 2454 appetit
1185 2405 1331 2453 aliquod
1355 2405 1512 2440 malum:
1535 2414 1571 2440 et
1591 2417 1642 2440 se·

171 2477 187 2488 υ
211 2478 227 2489 -·
255 2459 330 2496 hoc
349 2469 541 2508 peccatum
562 2469 617 2496 est
636 2460 673 2495 in
694 2459 891 2496 voluntate.

106 2531 109 2534 ⁴
135 2511 211 2550 ιω
233 2522 443 2550 mmmm(
468 2514 677 2556 dicendum,
698 2514 795 2561 quod
821 2514 851 2549 si
877 2513 1036 2550 defectus
1063 2513 1347 2562 apprehensivae
1373 2513 1513 2549 virtutis
1539 2513 1640 2548 nullo

151 2588 153 2591 ·
206 2565 413 2614 subjaceret
429 2567 620 2610 voluntati,
640 2578 714 2602 non
736 2576 830 2603 esset
849 2576 1041 2615 peccatum
1062 2579 1129 2603 nec
1156 2568 1191 2603 in
1212 2567 1412 2609 voluntate,
1432 2578 1499 2602 nec
1522 2567 1557 2602 in
1584 2579 1642 2615 ap-

213 2642 216 2646 ⁴
314 2621 463 2657 virtute.
483 2621 577 2657 sicut
596 2629 694 2669 patet
714 2621 750 2656 in
772 2620 839 2663 his,
860 2622 921 2669 qui
942 2621 1078 2657 habent
1103 2621 1347 2681 ignorantiam
1373 2621 1640 2662 invincibilem;

107 2668 456 2726 pharamam,
475 2675 573 2723 quod
595 2675 706 2710 etiam
727 2673 887 2711 defectus
906 2675 1192 2722 apprehensivae
1213 2675 1353 2710 virtutis
1371 2675 1559 2720 subjacens
1580 2686 1641 2710 vo-

129 2746 130 2749 *
154 2746 156 2750 ν
178 2744 195 2754 *²
225 2726 445 2775 depuoemr
435 2739 472 2764 ιιι
493 2736 697 2776 peccatum.

146 2777 211 2816 Ao
233 2788 407 2818 mum(
432 2781 640 2824 dicendum,
666 2782 763 2829 quod
790 2783 881 2819 ratio
908 2782 969 2818 illa
995 2783 1157 2830 procedit
1183 2784 1218 2818 in
1245 2782 1362 2818 causis
1389 2781 1638 2825 efficientibus,

180 2851 183 2858 ·
205 2852 223 2863 ··
253 2833 417 2870 mones
435 2842 624 2871 museum
644 2835 679 2870 in
699 2836 886 2871 materiam
905 2837 1133 2879 exteriorem,
1154 2845 1189 2871 ct
1209 2848 1301 2883 quae
1323 2847 1397 2871 non
1417 2845 1566 2872 movent
1587 2849 1636 2879 sc,

128 2904 131 2910 »
160 2883 250 2923 trux
267 2887 375 2935 wius
394 2888 618 2925 contrarium
638 2897 692 2925 est
712 2889 748 2924 in
769 2889 972 2933 voluntate3
994 2890 1088 2926 unde
1110 2890 1201 2925 ratio
1223 2901 1296 2925 non
1323 2890 1493 2937 sequitur.
