1907 3198
476 178 698 215 QUAESTIO
735 178 886 208 xcvm.
921 177 1167 208 ART1CULUS
1201 176 1257 206 v1.
1575 176 1655 219 703

162 260 238 296 SED
260 270 414 296 CONTRA
437 270 501 304 est,
516 261 612 308 quod
633 261 833 308 Apostolus
851 261 938 295 dicit
953 261 996 295 ad
1013 259 1095 295 Gal.
1115 271 1143 306 3.
1159 259 1256 306 quod
1272 259 1470 306 lexpropter
1486 264 1661 303 transgres-

87 314 213 350 sionem
222 315 332 362 posita
344 320 402 358 est,
415 314 515 350 donec
529 316 657 350 veniret
670 327 788 356 seman,
805 315 860 349 cui
870 315 1086 361 promiserat,
1106 313 1259 348 ordinata
1277 319 1338 359 par
1359 312 1489 358 angelos
1510 313 1543 346 in
1559 323 1659 346 mann

44 375 45 384 ¹
89 365 298 409 Mediatoris,
321 366 412 402 idest
433 366 664 402 ordinabiliter
684 367 775 409 data,
792 376 830 402 ut
845 367 947 402 Glos.
967 366 1108 412 (ordin.)
1131 366 1237 408 dicit;
1253 376 1342 412 ergo
1361 374 1565 411 congruum
1584 362 1659 403 fuit,

89 426 128 455 ut
147 418 204 455 lex
225 428 328 455 vetus
349 420 412 455 illo
434 421 610 467 temporis
632 421 759 456 ordine
780 421 992 456 traderetur.

158 472 388 509 RESPONDI-:o
410 473 617 516 dicendum,
639 474 737 520 quod
760 474 1104 509 convenientissime
1123 473 1179 508 lex
1195 481 1298 508 vetus
1312 473 1395 507 data
1410 471 1475 506 suit
1493 480 1658 517 tempore

86 524 219 574 Moysi.
233 525 348 573 Cujus
362 528 453 562 ratio
468 536 586 574 potest
597 528 712 574 accipi
727 540 770 562 ex
784 528 919 570 duobus,
936 528 1138 563 secundum
1153 527 1250 574 quod
1266 526 1449 574 quaelibet
1463 525 1522 560 lex
1536 524 1660 559 duobus

86 579 277 627 generibus
298 580 492 616 hominum
508 581 723 628 imponitur:
752 582 952 628 imponitur
974 582 1071 616 enim
1087 580 1281 628 quibusdam
1304 579 1413 622 duris,
1429 587 1464 613 et
1485 577 1658 624 superbis,

87 632 148 680 qui
169 644 232 680 per
252 633 372 681 legem
402 643 695 681 compescuntur,
718 643 753 669 et
774 635 988 669 domantur:
1012 635 1211 681 imponitur
1241 635 1340 669 ctiam
1368 633 1485 674 bonis,
1511 631 1572 678 qui
1595 642 1659 677 per

86 685 208 734 Iegem
228 687 393 723 instructi
413 688 628 734 adjuvantur
650 688 694 723 ad
715 688 943 735 implendum
962 688 1058 735 quod
1074 687 1274 722 intendunt.
1293 685 1529 722 Conveniens
1551 684 1659 730 igitur

85 738 153 775 fuit
171 739 236 775 tali
254 748 422 788 tempore
435 740 557 788 legem
570 749 732 776 veterem
750 741 827 776 dari
843 741 886 776 ad
905 741 1111 788 superbiam
1135 741 1329 776 hominum
1349 738 1657 774 convincendam:

85 792 131 829 de
143 792 268 829 duobus
280 794 379 829 enim
392 794 508 830 homo
523 794 762 840 superbiebat,
775 795 897 830 scilicet
911 795 954 829 de
970 795 1132 837 scicntia,
1148 803 1182 829 et
1196 795 1239 829 de
1254 793 1432 841 potentia:
1448 793 1491 827 de
1506 791 1658 827 scientia

86 847 246 895 quidem,
267 848 370 895 quasi
387 849 479 884 ratio
501 847 674 883 naturalis
688 848 720 883 ei
735 849 849 894 possit
862 847 1027 883 sufficere
1049 849 1094 883 ad
1117 848 1290 890 salutem3
1309 855 1344 882 et
1362 847 1457 889 ideo,
1473 855 1510 880 ut
1524 845 1567 880 de
1586 845 1657 880 hoc

86 901 162 948 ejus
174 902 342 949 superbia
355 902 644 944 convinceretur,
659 902 856 949 permissus
871 911 924 937 est
939 902 1054 937 homo
1071 902 1240 948 regimini
1255 912 1340 936 suae
1360 900 1510 935 rationis
1524 899 1658 945 absque

86 954 310 991 adminiculo
330 955 423 1003 legis
443 955 616 1003 scriptae3
639 964 674 990 et
700 956 949 1002 experimento
972 956 1087 991 homo
1115 956 1253 990 discere
1281 954 1409 1000 potuit,
1430 952 1528 1000 quod
1550 952 1660 1000 patic-

85 1008 190 1044 batur
210 1009 360 1045 rationis
381 1008 564 1045 defectum
581 1021 644 1056 per
658 1010 742 1052 hoc,
756 1009 853 1056 quod
869 1010 1039 1044 homines
1056 1020 1168 1056 usque
1184 1009 1228 1044 ad
1256 1007 1514 1049 idololatriam,
1535 1014 1571 1041 ct
1591 1014 1659 1041 tur-

85 1063 236 1111 pissima
252 1063 339 1099 vitia
353 1064 450 1099 circa
463 1072 629 1111 tempora
651 1063 820 1099 Abrahae
834 1071 918 1099 sunt
931 1063 1108 1110 prolapsi;
1131 1071 1166 1098 et
1187 1062 1271 1098 ideo
1285 1070 1368 1109 post
1380 1061 1470 1096 haec
1493 1069 1658 1107 tempora

84 1115 152 1152 fuit
175 1117 436 1160 necessarium,
461 1117 582 1164 legem
609 1117 781 1164 scriptam
807 1117 883 1152 dari
909 1117 946 1152 in
973 1117 1175 1152 remedium
1202 1116 1385 1151 humanae
1412 1114 1657 1161 ignorantiae:

87 1170 171 1218 quia
185 1177 249 1219 per
269 1171 370 1219 legem
389 1177 434 1207 cst
452 1173 595 1218 cognitio
609 1172 753 1219 peccati,
770 1179 808 1206 ut
829 1171 959 1205 dicitur
973 1170 1081 1205 Rom.
1105 1181 1156 1216 7.:
1181 1169 1242 1204 sed
1259 1177 1451 1217 postquam
1470 1168 1586 1202 homo
1605 1175 1659 1202 est

86 1224 281 1260 instructus
302 1236 366 1272 per
386 1224 519 1272 legem,
541 1226 709 1259 convicta
731 1233 785 1259 est
806 1225 882 1270 ejus
901 1224 1067 1271 superbia
1088 1223 1132 1258 de
1154 1223 1373 1265 infirmitate,
1399 1223 1485 1257 dum
1506 1220 1656 1268 implere

85 1290 162 1314 non
181 1287 335 1326 poterat,
356 1279 454 1326 quod
469 1278 734 1326 cognoscebat3
757 1286 792 1313 et
812 1278 895 1313 ideo
910 1278 1003 1312 sicut
1020 1277 1219 1324 Apostolus
1235 1276 1420 1311 concludit
1437 1275 1480 1310 ad
1500 1275 1609 1309 Rom.
1625 1274 1656 1309 8.

86 1331 174 1380 quod
190 1333 388 1380 impossibile
399 1337 471 1368 erat
484 1332 561 1379 legi,
578 1333 611 1367 in
625 1343 689 1378 quo
704 1332 942 1378 infirmabatur
950 1338 1012 1378 per
1033 1343 1181 1373 carnem,
1203 1332 1292 1365 misit
1306 1331 1396 1365 Deus
1410 1330 1535 1365 Filium
1548 1341 1657 1371 suum,

86 1390 123 1421 ul
137 1386 332 1433 justificatio
353 1386 431 1432 legis
452 1386 647 1433 impleretur
668 1387 701 1420 in
722 1386 826 1420 nobis.
849 1384 901 1419 Ex
923 1393 1023 1432 parte
1045 1395 1132 1419 vero
1154 1384 1335 1419 bonorum
1363 1383 1419 1418 lex
1442 1384 1524 1418 data
1546 1390 1599 1418 est
1621 1382 1656 1416 in

86 1439 282 1483 auxilium
302 1439 400 1486 quod
423 1439 572 1486 quidem
596 1447 683 1474 tunc
705 1439 864 1474 maxime
892 1438 1028 1486 populo
1055 1438 1303 1473 necessarium
1329 1436 1405 1479 fuit,
1431 1436 1578 1484 quando
1600 1436 1657 1470 lex

85 1493 259 1529 naturalis
285 1493 472 1529 obscurari
491 1493 687 1540 incipiebat
712 1501 860 1540 propter
886 1492 1157 1528 exuberantiam
1184 1500 1439 1539 peccatorum:
1467 1490 1659 1537 oportebat

87 1546 185 1582 enim
205 1547 417 1593 hujusmodi
443 1546 618 1582 auxilium
645 1547 805 1594 quodam
832 1546 958 1581 ordine
985 1546 1074 1588 dari,
1096 1554 1134 1581 ut
1154 1556 1216 1593 per
1241 1544 1453 1592 imperfecta
1477 1544 1520 1578 ad
1547 1543 1659 1590 perfe-

87 1600 249 1636 ctionem
264 1600 612 1644 manuducerentur3
626 1609 662 1636 et
681 1600 766 1635 ideo
787 1600 880 1635 inter
894 1600 1015 1647 legem
1027 1607 1190 1642 naturae,
1208 1607 1243 1635 et
1258 1599 1378 1646 legem
1398 1598 1535 1645 gratiae
1555 1609 1658 1644 opor-

83 1654 152 1690 tuit
166 1654 289 1701 legem
306 1662 468 1690 veterem
488 1654 576 1690 dari.

156 1708 218 1744 AD
239 1718 389 1744 PRan
415 1719 504 1755 ergo
530 1707 737 1750 dicendum,
763 1707 860 1754 quod
888 1707 1009 1743 statim
1037 1715 1118 1753 post
1145 1715 1337 1753 peccatum
1364 1706 1471 1753 primi
1497 1705 1658 1740 hominis

36 1776 37 1779 ¹
84 1772 160 1796 non
181 1761 414 1809 competebat
431 1761 554 1808 legem
566 1769 728 1796 veterem
744 1761 837 1796 dari:
861 1767 930 1797 tum
952 1761 1035 1808 quia
1050 1761 1215 1796 nondum
1237 1760 1353 1795 homo
1369 1759 1658 1806 recognoscebat

84 1825 123 1851 se
144 1825 188 1850 ea
207 1815 382 1862 indigere,
403 1815 447 1850 de
468 1826 534 1850 sua
560 1815 700 1851 ratione
728 1814 907 1850 confisus:
935 1820 1006 1850 tum
1033 1814 1117 1861 quia
1144 1814 1262 1849 adhuc
1282 1814 1464 1849 dictamen
1487 1813 1578 1860 legis
1599 1825 1658 1848 na-

84 1876 187 1909 turae
206 1868 373 1904 nondum
394 1876 473 1904 erat
492 1868 769 1904 obtenebratum
792 1880 855 1915 per
876 1867 1180 1903 consuetudinem
1207 1867 1394 1915 peccandi.

156 1922 219 1958 AD
238 1932 448 1958 SECUNDUM
466 1922 674 1964 dicendum,
696 1922 793 1969 quod
812 1922 868 1957 lex
890 1933 964 1956 non
986 1921 1093 1956 debet
1114 1921 1190 1956 dari
1211 1922 1279 1956 nisi
1302 1921 1457 1968 populo:
1485 1929 1539 1956 est
1560 1921 1657 1956 enim

86 1984 322 2024 praeceptum
341 1987 552 2018 commune,
575 1984 614 2011 ut
634 1975 772 2010 dictum
792 1983 846 2010 est
867 1975 913 2022 (q.
933 1987 990 2021 9⁰·
1008 1980 1075 2010 art.
1097 1987 1128 2011 2.
1147 1980 1176 2010 et
1189 1987 1217 2022 3.
1236 1980 1264 2010 at
1285 1987 1315 2021 q.
1335 1976 1393 2022 96.
1406 1980 1472 2010 art.
1495 1987 1522 2010 1.
1537 1974 1580 2009 ad
1592 1976 1656 2021 2.);

85 2038 121 2066 et
140 2029 224 2065 ideo
243 2037 411 2077 tempore
433 2029 604 2064 Abrahae
627 2029 710 2064 data
731 2038 814 2064 sunt
841 2030 1021 2075 quaedam
1048 2028 1241 2063 familiaria
1267 2037 1472 2076 praecepta,
1495 2038 1529 2063 et
1555 2029 1657 2075 quasi

85 2082 288 2119 domestica
308 2083 380 2119 Dei
397 2083 442 2118 ad
469 2083 658 2118 homines:
687 2083 748 2117 sed
776 2082 1013 2129 postmodum
1040 2081 1288 2129 multiplicatis
1315 2083 1391 2128 ejus
1418 2082 1582 2129 posteris,
1609 2082 1659 2116 in-

82 2144 226 2174 tantum
246 2137 344 2185 quod
365 2137 522 2185 populus
543 2145 649 2179 esset,
671 2145 706 2172 ct
720 2136 882 2172 liberatis
896 2137 946 2172 eis
962 2148 981 2171 a
995 2137 1178 2179 servitute,
1197 2136 1252 2171 lex
1268 2137 1526 2172 convenienter
1542 2138 1658 2184 potuit

84 2191 179 2227 dari:
200 2202 288 2227 nam
307 2193 396 2227 servi
415 2203 481 2227 non
506 2196 580 2227 sunt
596 2196 677 2238 pars
699 2191 826 2238 populi,
853 2191 906 2226 vel
931 2191 1089 2234 civitatis,
1117 2191 1172 2226 cui
1197 2191 1295 2237 legem
1322 2191 1399 2226 dari
1424 2192 1593 2238 competit,
1620 2198 1657 2225 ut

82 2244 223 2281 Philos.
241 2245 329 2281 dicit
348 2245 384 2280 in
410 2256 438 2292 3.
461 2244 569 2280 Polit.
591 2245 684 2292 (cap.
706 2257 732 2290 3.
755 2257 776 2279 α
799 2243 911 2290 med).

156 2299 218 2335 AD
232 2308 404 2336 ‘mnrium
419 2299 626 2341 dicendum,
645 2298 742 2345 quod
759 2297 842 2344 quia
858 2297 977 2344 legem
998 2297 1188 2345 oportebat
1205 2297 1312 2332 alicui
1328 2297 1464 2344 populo
1479 2297 1567 2339 dari,
1582 2308 1655 2332 non

84 2351 207 2389 solum
228 2352 292 2396 illi,
313 2363 357 2388 ex
376 2352 507 2400 quibus
525 2360 579 2387 est
592 2351 760 2387 Christus
779 2360 896 2394 natus,
916 2351 1036 2397 legem
1055 2359 1285 2397 acceperunt,
1303 2351 1364 2386 sed
1383 2359 1480 2386 totus
1503 2350 1656 2398 populus

85 2406 321 2453 consignatus
341 2405 533 2452 signaculo
556 2404 858 2447 circumcisionis,
873 2416 965 2451 quae
980 2404 1045 2440 suit
1059 2405 1204 2451 signum
1221 2405 1472 2451 promissionis
1488 2405 1657 2439 Abrahae

83 2457 214 2502 factae,
235 2467 271 2496 et
292 2459 335 2495 ab
357 2471 402 2495 eo
417 2459 587 2501 creditae,
602 2467 639 2493 ut
658 2458 744 2493 dicit
759 2458 959 2505 Apostolus
975 2458 1081 2494 Rom.
1104 2469 1154 2501 4.;
1169 2467 1204 2494 et
1218 2459 1301 2494 ideo
1316 2459 1425 2493 etiam
1442 2466 1523 2493 ante
1538 2458 1655 2493 David

85 2513 247 2561 oportuit
266 2512 388 2561 legem
409 2513 485 2548 dari
508 2512 568 2548 tali
593 2511 729 2559 populo
751 2513 823 2557 jam
847 2511 1016 2547 collecto.
