1907 3198
530 178 753 215 QUAESTIO
787 178 874 208 LIX.
909 177 1157 209 ARTICULUS
1191 178 1235 208 11.
1592 177 1678 221 409

92 263 188 298 sicut
208 270 245 298 et
264 261 380 297 multa
402 261 473 296 alia
494 261 531 295 in
552 259 652 295 libris
673 259 903 307 logicalibus,
925 271 1001 294 non
1023 259 1227 294 secundum
1249 259 1465 305 opinionem
1480 259 1680 306 propriam,

92 316 156 353 sed
177 317 380 352 secundum
402 315 619 362 opinionem
641 314 817 350 aliorum:
839 314 932 349 haec
956 322 1079 348 autern
1101 312 1169 348 fuit
1190 313 1316 360 opinio
1339 313 1565 356 Stoicorum,
1580 313 1680 360 quod

91 371 243 406 virtutes
254 378 375 405 essent
384 370 462 405 sine
476 369 706 416 passionibus
723 369 885 404 animae:
902 379 1014 415 quam
1027 367 1278 414 Philosophus
1294 367 1453 402 excludit
1465 368 1501 401 in
1514 378 1545 402 2.
1561 367 1679 402 Ethic.

91 425 174 471 (loc.
196 425 269 471 cit.)
292 424 436 459 dicens:
458 425 567 458 virtus
589 435 655 458 non
677 435 737 458 esse
756 423 1056 470 impassibilitates:
1078 430 1201 469 potest
1221 430 1346 456 tamen
1368 422 1451 464 dici,
1474 422 1572 468 quod
1596 434 1680 456 cum

92 479 235 522 dicitur,
257 478 356 526 quod
377 479 468 514 mitis
488 491 555 513 non
570 479 715 525 patitur,
738 477 1020 524 intelligendum
1041 485 1097 511 est
1118 476 1323 511 secundum
1344 477 1558 524 passionem
1584 477 1680 511 inor-

91 533 268 569 dinatam.

163 588 226 624 AD
248 597 460 623 SECUNDUM
481 586 691 629 dicendum,
713 587 812 633 quod
843 585 936 621 ratio
965 585 1040 627 illa,
1067 593 1103 620 et
1131 596 1262 620 omnes
1285 585 1435 628 similes,
1466 597 1556 632 quas
1580 584 1678 619 Tull.

92 641 224 677 adhoc
245 642 386 677 inducit
405 641 442 676 in
460 641 521 675 lib.
543 652 576 684 4.
599 641 643 676 de
668 640 779 675 Tusc.
805 640 895 682 QQ.
914 639 1119 687 procedunt
1140 639 1184 674 de
1206 639 1450 686 passionibus,
1473 639 1677 674 secundum

90 695 190 743 quod
211 695 420 743 significant
439 695 666 730 inordinatas
686 694 911 729 affectiones.

162 750 224 785 AD
253 760 427 785 TERTIUM
450 749 659 791 dicendum,
682 748 780 795 quod
803 749 925 795 passio
948 748 1188 795 praeveniens
1210 748 1389 794 judicium
1411 748 1574 790 rationis,
1594 749 1624 782 si
1642 747 1678 781 in

91 803 217 839 animo
238 803 459 850 praevaleat,
481 811 521 838 ut
542 804 576 838 ei
597 803 857 845 consentiatur,
872 803 1024 850 impedit
1039 802 1247 845 consilium,
1263 811 1297 838 et
1309 803 1488 849 judicium
1507 803 1677 837 rationis:

90 857 122 893 si
139 869 229 893 vero
248 867 422 906 sequatur
437 858 541 905 quasi
562 869 605 893 ex
627 857 768 892 ratione
783 857 974 904 imperata,
990 857 1137 903 adjuvat
1151 857 1195 891 ad
1210 858 1467 904 exequendum
1481 857 1679 904 imperium

89 912 255 948 rationis.

649 1053 999 1100 ARTICULUS
1036 1055 1114 1098 111.
1613 1078 1680 1114 314

254 1165 408 1196 UTRUM
432 1164 591 1196 VIRTUS
619 1163 810 1194 MORALIS
837 1163 992 1194 POSSIT
1019 1164 1122 1193 ESSE
1151 1164 1244 1194 CUM
1276 1165 1514 1195 TRISTITIA.

369 1253 451 1299 (2-2.
474 1265 504 1299 q.
522 1253 575 1299 58.
598 1258 665 1288 art.
688 1264 720 1299 9.
743 1258 773 1287 et
793 1264 827 1310 4..
850 1253 940 1288 Dist.
963 1264 1015 1297 14.
1036 1264 1065 1299 q.
1088 1265 1116 1288 1.
1140 1258 1204 1288 art.
1226 1265 1254 1288 1.
1278 1265 1307 1299 q.
1331 1254 1394 1298 2.).

161 1343 223 1378 AD
246 1352 422 1378 TERTIUM
444 1342 495 1377 sic
516 1342 737 1388 proceditur.
759 1341 924 1385 Videtur,
947 1342 1045 1389 quod
1067 1342 1181 1377 virtus
1213 1354 1298 1376 cum
1328 1343 1472 1378 tristitia
1496 1354 1575 1378 esse
1602 1355 1677 1378 non

89 1397 223 1444 possit:
245 1396 396 1431 virtutes
411 1396 510 1431 enim
525 1404 608 1431 sunt
626 1396 826 1443 sapientiae
848 1395 1011 1439 effectus,
1034 1397 1237 1431 secundum
1259 1396 1348 1431 illud
1372 1397 1457 1444 Sap.
1481 1397 1530 1432 8.:
1551 1398 1681 1432 Sobrie-

88 1455 200 1494 tatem,
227 1455 258 1486 et
271 1452 438 1497 justitiam
455 1450 547 1486 docet
564 1450 722 1496 (scilicet
743 1451 866 1485 divina
888 1451 1084 1498 sapientia)
1098 1451 1330 1498 prudentiam,
1354 1456 1384 1486 et
1404 1453 1561 1486 >virtutem
1575 1463 1585 1484 .·
1614 1453 1677 1487 sed

88 1506 272 1553 sapientiae
289 1506 460 1540 convictus
479 1517 546 1540 non
567 1505 662 1540 babet
680 1505 958 1548 amaritudinem,
981 1513 1020 1539 ut
1041 1514 1168 1552 postea
1195 1506 1376 1549 subditur3
1405 1517 1493 1553 ergo
1515 1517 1583 1540 nec
1610 1507 1678 1540 vir-

89 1567 184 1594 tutes
202 1571 288 1594 cum
308 1559 453 1594 tristitia
475 1570 554 1594 esse
571 1568 736 1605 possunt.

161 1624 194 1649 2.
208 1614 449 1650 PRAETEREA.
466 1612 632 1649 Tristitia
646 1623 700 1649 est
714 1614 1022 1661 impedimentum
1039 1614 1276 1661 operationis,
1291 1622 1330 1648 ut
1344 1622 1442 1661 patet
1460 1626 1525 1661 per
1538 1614 1676 1650 Philos.

88 1669 125 1703 in
147 1679 180 1715 7.
202 1668 285 1704 Eth.
307 1669 399 1716 (cap.
417 1669 478 1716 13.)
501 1676 538 1703 et
558 1668 595 1702 in
621 1679 673 1704 10.
697 1668 790 1716 (cap.
804 1669 876 1715 5.).·
900 1669 962 1703 sed
985 1668 1293 1715 impedimentum
1309 1668 1430 1704 bonae
1451 1669 1677 1716 operationis

86 1731 266 1770 repugnat
286 1722 424 1765 virtuti3
447 1733 536 1769 ergo
557 1723 702 1757 tristitia
723 1731 904 1769 repugnat
923 1723 1058 1757 virtuti.

163 1789 193 1824 3.
215 1777 455 1812 PRAETEREA.
476 1776 642 1811 Tristitia
664 1785 718 1811 est
732 1777 915 1824 quaedam
937 1777 1051 1811 animi
1074 1777 1277 1824 aegritudo,
1292 1785 1332 1811 ut
1347 1776 1445 1812 Tull.
1463 1789 1545 1812 eam
1564 1786 1675 1813 vocat

87 1831 125 1866 in
145 1842 180 1875 4.
203 1831 248 1866 de
271 1830 384 1866 Tusc.
409 1830 500 1872 QQ.
521 1832 662 1878 (parum
687 1836 764 1866 ante
795 1831 896 1876 med.)
908 1845 918 1866 .·
946 1832 1009 1866 sed
1038 1832 1228 1878 aegritudo
1256 1832 1401 1866 animae
1430 1832 1675 1867 contrariatur

86 1886 223 1929 virtuti,
249 1897 343 1932 quae
371 1894 425 1920 est
449 1885 548 1920 bona
576 1885 722 1920 animae
739 1885 942 1932 ⁴habitud03
978 1897 1067 1933 ergo
1095 1886 1240 1920 tristitia
1267 1887 1511 1920 contrariatur
1541 1887 1676 1929 virtuti,

85 1951 154 1976 nec
177 1948 298 1988 potest
318 1939 428 1975 simul
449 1951 528 1975 esse
551 1951 635 1974 cum
659 1951 713 1974 ea.

160 1994 237 2030 SED
253 2005 411 2030 CONTRA
426 2003 490 2036 est,
506 1993 605 2041 quod
620 1993 790 2029 Christus
803 1992 871 2028 fuit
884 1992 1064 2040 perfectus
1077 1994 1228 2028 virtute:
1245 1994 1307 2028 sed
1322 1994 1359 2028 in
1375 2005 1419 2029 eo
1435 1993 1501 2029 fuit
1515 1995 1677 2030 tristitia:

87 2049 176 2084 dicit
195 2049 307 2092 enim,
321 2056 360 2083 ut
379 2048 535 2083 habetur
555 2048 685 2083 Matth.
709 2046 784 2082 26.:
812 2048 930 2082 Tristis
946 2053 990 2082 est
1007 2050 1124 2082 anima
1146 2060 1218 2084 mea
1234 2060 1332 2094 usque
1350 2048 1393 2083 acl
1406 2054 1545 2084 mortem
1557 2062 1569 2090 ,·
1587 2061 1675 2096 ergo

87 2104 232 2140 tristitia
253 2111 375 2151 potest
395 2114 474 2138 esse
497 2115 583 2138 curn
604 2103 747 2137 virtute.

160 2158 395 2194 RESPONDEO
418 2157 628 2200 dicendum,
651 2158 762 2204 quod,
782 2157 876 2191 sicut
897 2157 985 2192 dicit
1005 2157 1102 2204 Aug.
1135 2168 1186 2200 14.
1211 2157 1255 2192 de
1287 2157 1367 2192 Civ.
1398 2158 1469 2192 Dei
1491 2158 1581 2205 (cap.
1609 2159 1671 2205 8.),

87 2212 206 2248 Stoici
236 2211 432 2247 voluerunt
464 2223 530 2259 pro
557 2211 670 2246 tribus
704 2211 1036 2258 perturbationibus
1070 2213 1106 2246 in
1141 2211 1266 2246 animo
1301 2212 1473 2259 sapientis
1497 2224 1575 2247 esse
1612 2218 1676 2248 tres

7 2249 30 2272 v'
86 2265 310 2309 εὸπαθειάς,
331 2266 426 2302 idest
447 2271 512 2302 tres
533 2267 636 2301 bonas
655 2267 846 2313 passiones,·
874 2277 940 2312 pro
969 2265 1166 2312 cupiditate
1194 2265 1337 2300 scilicet
1360 2266 1580 2311 toluptatem‚
1608 2277 1675 2314 pro

89 2321 228 2357 laetitia
243 2321 418 2369 gaudium,
441 2332 508 2368 pro
531 2329 632 2355 metu
654 2322 853 2355 cautionem.
876 2320 948 2355 Pro
967 2320 1110 2355 tristitia
1131 2332 1220 2355 vero
1242 2330 1470 2367 negaverunt
1490 2333 1597 2368 posse
1617 2321 1678 2356 ali-

89 2376 175 2424 quid
198 2386 278 2411 esse
298 2375 336 2410 in
358 2376 483 2410 animo
506 2375 693 2422 sapientis,
715 2375 843 2422 duplici
861 2375 1013 2410 ratione.
1044 2375 1161 2410 Primo
1185 2375 1345 2422 quidem,
1360 2375 1445 2422 quia
1463 2376 1605 2410 tristitia
1622 2385 1676 2411 est

87 2431 132 2466 de
155 2429 269 2472 malo,
290 2430 388 2477 quod
410 2430 484 2476 jam
507 2429 658 2464 accidit:
682 2428 826 2463 nullum
847 2437 970 2464 autem
994 2429 1135 2463 malurn
1155 2429 1363 2464 existimant
1381 2441 1489 2476 posse
1509 2430 1674 2465 accidere

86 2485 260 2532 sapienti:
284 2483 517 2519 crediderunt
531 2483 641 2526 enim,
664 2483 762 2530 quod
778 2483 872 2517 sicut
886 2482 1008 2518 solum
1023 2483 1186 2518 hominis
1207 2484 1346 2518 bonum
1360 2493 1413 2518 est
1434 2484 1558 2526 virtus,
1577 2484 1675 2519 bona

87 2547 213 2574 autem
235 2537 443 2585 corporalia
463 2537 564 2573 nulla
577 2538 675 2573 bona
689 2537 851 2572 hominis
867 2546 968 2581 sunt;
983 2538 1033 2572 ita
1048 2537 1170 2572 solum
1186 2538 1425 2573 inhonestum
1441 2547 1495 2573 est
1511 2539 1674 2573 hominis

87 2593 242 2636 malum,
263 2592 363 2640 quod
384 2592 421 2627 in
441 2592 607 2627 virtuoso
639 2603 716 2626 esse
744 2602 820 2626 non
848 2600 979 2639 potest.
1004 2591 1076 2627 Sed
1105 2592 1176 2626 hoc
1200 2592 1494 2627 irrationabiliter
1524 2593 1673 2627 dicitur:

88 2659 175 2683 cum
197 2646 298 2682 enim
319 2646 436 2681 homo
463 2646 510 2682 sit
535 2657 578 2681 ex
604 2646 739 2688 anima,
768 2654 803 2680 et
829 2657 984 2693 corpore
1007 2646 1247 2693 compositus,
1274 2647 1308 2681 id
1335 2647 1433 2693 quod
1461 2646 1603 2682 confert
1629 2646 1674 2681 ad

86 2702 202 2737 vitam
216 2700 382 2748 corporis
397 2701 703 2742 conservandam,
719 2699 867 2746 aliquod
881 2700 1022 2735 bonurn
1042 2700 1205 2735 hominis
1225 2709 1297 2743 est3
1320 2712 1395 2735 non
1417 2709 1540 2736 tamen
1564 2702 1675 2736 maxi-

87 2767 203 2798 mum,
218 2755 303 2802 quia
317 2765 362 2790 eo
384 2762 506 2802 potest
519 2754 635 2789 horno
658 2753 755 2788 male
779 2753 848 2788 uti:
874 2754 970 2789 unde
994 2762 1029 2788 et
1050 2754 1191 2788 malum
1214 2755 1298 2789 huic
1322 2755 1421 2789 bono
1447 2756 1672 2791 contrarium

34 2806 37 2811 ’
86 2810 124 2845 in
146 2809 309 2857 sapiente
327 2819 407 2844 esse
429 2816 560 2856 potest,
582 2817 618 2843 et
643 2807 826 2842 tristitiam
854 2808 1045 2842 moderata
1071 2809 1256 2844 inducere.
1284 2809 1484 2844 Praeterea:
1513 2810 1581 2844 etsi
1606 2811 1681 2845 vir-.

86 2873 214 2900 tuosus
240 2863 319 2899 sine
346 2862 450 2910 gravi
475 2870 629 2910 peccato
657 2873 736 2897 esse
763 2861 897 2908 possit;
923 2862 1046 2897 nullus
1072 2871 1196 2898 tamen
1225 2863 1419 2906 invenitur,
1446 2864 1507 2910 qui
1536 2864 1672 2911 absque

85 2917 226 2954 levibus
247 2917 409 2966 peccatis
430 2917 544 2952 vitam
566 2917 686 2959 ducat,
709 2916 912 2952 secundum
939 2916 1029 2951 illud
1060 2927 1088 2952 1.
1111 2916 1204 2964 Joan
1233 2929 1277 2952 1.:
1304 2918 1342 2954 δί
1368 2918 1563 2961 dixerimus,
1591 2921 1671 2966 quta
