1907 3214
550 209 686 240 INDEX
718 205 876 238 PRIMAE
909 204 1139 237 SECUNDAE
1171 206 1337 237 PARTIS.

212 293 311 321 Utrum
331 294 368 319 sit
386 301 402 318 a
421 291 492 318 Deo.

211 333 311 362 Utrum
331 335 366 360 sit
384 333 446 360 Deo
465 331 652 358 mediantibus
671 329 788 366 angelis.

210 377 308 404 Utrum
329 376 391 402 data
410 376 446 401 sit
465 374 604 401 omnibus.

213 417 311 444 Utrum
331 425 429 443 omnes
449 415 566 451 obliget.

209 458 309 486 Utrum
330 466 455 494 congruo
475 464 599 492 tempore
618 455 701 482 fuerit
721 455 793 481 data.

162 302 190 486 9⁰:⁸2⁸”5’2'

377 538 571 573 QUAESTIO
590 537 698 566 xc1x.

226 599 266 626 De
285 601 337 635 lege
354 600 433 626 veteri
452 604 573 635 quantum
593 597 626 624 nd
642 602 777 634 praecepta
796 597 857 632 ejus,

254 642 350 668 scilicet
359 641 388 668 de
395 646 583 678 praeceptorum
595 641 648 675 ejus
657 640 825 666 distinctione.

165 717 189 736 ι.
208 708 307 736 Utrum
326 708 426 734 veteris
446 706 517 742 legis
538 705 593 732 sint
606 704 684 741 plura
703 711 857 740 praecepta,
877 703 919 730 vel

252 758 337 776 uuum
356 755 473 775 tautum.

163 800 189 819 2.
209 791 308 819 Utrum
328 790 372 817 lex
389 797 469 817 vetus
489 790 631 816 contineat
657 788 748 824 aliqua
774 794 920 823 praecepta

252 832 379 859 manlia.

182 895 189 902 .
209 874 308 902 Utrum
328 880 434 910 praeter
461 872 577 899 moralia
604 877 750 908 praecepta
778 871 920 897 contineat

251 916 343 951 aliqua
363 914 569 941 ceremonialia.

182 977 190 984 .
208 956 309 984 Utrum
327 963 434 992 praeter
444 956 512 982 haec
523 956 666 982 continent
678 953 919 990 aliquajudicialia

250 1004 405 1034 praecepta.

183 1060 189 1066 .
210 1039 310 1067 Utrum
339 1045 446 1075 praeter
475 1045 619 1074 praecepta
645 1037 771 1069 moralia,
798 1045 920 1063 ceremo-

234 1081 328 1113 nialia,
348 1087 377 1107 et
394 1080 536 1116 judicialia
555 1080 698 1106 contineat
716 1079 808 1114 aliqua
827 1078 890 1104 alia.

182 1141 191 1150 .
209 1122 252 1149 De
270 1123 368 1154 modo,
388 1131 444 1157 quo
467 1120 706 1147 lexiudueebatad
717 1120 920 1146 observantiam

252 1164 468 1200 praedictorum.

162 1048 180 1149 mv·
161 883 179 991 §w

417 1244 612 1277 QUAESTIO
633 1244 667 1272 C.

164 1302 205 1334 De
222 1306 365 1344 praeceptis
381 1306 472 1332 veteris
491 1304 562 1342 legis,
581 1309 604 1331 ei
619 1305 704 1342 primo
723 1304 753 1330 de
772 1303 920 1331 moralibus.

182 1380 208 1399 ι.
227 1371 327 1399 Utrum
340 1371 435 1398 omnia
448 1377 594 1406 praecepta
604 1370 722 1396 moralia
734 1370 835 1396 veteris
849 1368 921 1405 legis

254 1414 309 1439 sint
328 1413 362 1439 de
381 1413 442 1448 lege
462 1418 585 1438 naturae.

227 1454 328 1482 Utrum
344 1455 402 1480 sint
420 1454 454 1480 de
473 1453 580 1480 actibus
599 1453 724 1480 omnium
744 1453 890 1479 virtutum.

228 1495 328 1523 Utrum
338 1496 433 1522 omnia
442 1502 587 1530 praecepta
601 1494 716 1521 moralia
735 1495 835 1520 veteris
850 1494 920 1529 legis

250 1537 417 1564 neue-nem·
429 1537 463 1563 ad
482 1537 578 1562 decem
596 1542 742 1572 praecepta
761 1535 900 1571 decalogi.

228 1578 271 1606 De
291 1579 471 1605 distinctione
490 1584 698 1613 praeceptorum
719 1577 858 1613 decalogi.

227 1619 270 1647 De
289 1628 405 1646 numero
424 1626 634 1655 praeceptorum
654 1618 794 1654 decalogi.

227 1661 270 1688 De
290 1661 388 1688 ordine
405 1660 578 1687 eorumdem.

227 1703 270 1730 De
289 1703 374 1730 modo
393 1703 519 1729 tradendi
539 1703 608 1738 ipsa.

226 1743 328 1772 Utrum
347 1745 402 1771 sint
421 1743 628 1780 dispensabilin.

182 1795 209 1822 9.
229 1785 329 1814 Utrum
342 1786 442 1813 modus
455 1785 620 1813 observandi
634 1786 763 1812 virtutem
778 1785 856 1811 cadat
871 1784 922 1810 sub

253 1834 413 1864 praecepto.

167 1877 209 1898 ιο.
228 1869 329 1896 Utrum
342 1869 442 1895 modus
453 1868 593 1895 charitatis
605 1868 684 1895 cadat
698 1868 748 1895 sub
765 1874 922 1903 praecepte.

166 1919 207 1939 u.
226 1910 269 1938 De
289 1911 470 1938 distinctione
493 1910 612 1937 aliorum
633 1917 842 1946 praeceptorum
864 1917 922 1935 mo-

254 1952 363 1979 talium.

165 2004 208 2024 ιι.
227 1995 328 2023 Utrum
345 2000 491 2031 praecepta
511 1993 627 2021 moralia
639 1994 740 2021 veteris
756 1992 827 2028 legis
845 1993 923 2027 justi-

254 2036 349 2065 ficent.

180 1588 208 1774 95⁹2?
181 1463 208 1531 ⁸:¹9·

412 2118 607 2152 QUAESTIO
627 2118 675 2145 CI.

239 2179 280 2206 De
294 2180 434 2217 praeceptis
452 2178 659 2206 uranos-ialam
678 2178 768 2204 veteris
787 2177 848 2214 legis

449 2220 583 2247 sec-naum
601 2227 634 2249 se.

184 2307 192 2314 .
212 2286 277 2319 Qua
295 2287 331 2313 sit
349 2287 419 2314 ratio
438 2291 647 2322 praeceptorum
668 2283 905 2311 ceremonialium.

185 2348 192 2356 .
211 2327 311 2356 Utrum
332 2329 388 2354 siut
406 2323 543 2363 figuralia.

184 2390 192 2398 .
211 2369 312 2398 Utrum
333 2369 478 2396 debuerint
496 2377 557 2396 esse
578 2367 676 2402 multa,

185 2432 192 2440 .
212 2411 254 2438 De
274 2411 454 2437 distinctione
473 2411 607 2446 ipsorum.

165 2295 182 2445 -ῥνιυκ

403 2490 598 2525 QUAESTIO
619 2489 682 2519 CII.

166 2553 352 2590 Dapraeeeptis
361 2551 567 2579 eeremonialibus
579 2555 700 2587 quantum
712 2550 746 2576 ad
762 2558 817 2575 suas
829 2558 923 2578 cataras.

169 2633 193 2651 ι.
213 2623 313 2651 Utrum
332 2628 478 2659 praecepta
498 2620 694 2648 ceremonialia
716 2620 836 2647 habeant
863 2629 924 2647 cau-

257 2673 326 2694 nm.

167 2715 193 2734 2.
214 2706 313 2734 Utrum
333 2705 452 2732 habeant
472 2713 582 2732 causam
602 2704 748 2737 literalem,
769 2703 812 2730 vel
834 2703 924 2730 solum

258 2746 410 2783 figuralem.

213 2789 255 2816 De
276 2789 366 2815 causis
386 2787 597 2814 sacrificiorum.

214 2830 257 2857 De
277 2830 368 2856 causis
386 2835 632 2856 sacramentorum.

214 2871 256 2899 De
276 2871 366 2898 causis
386 2879 536 2897 sacrorum.

214 2912 256 2940 De
275 2913 366 2940 caesis
385 2911 631 2939 observantiarum.

166 2798 194 2942 ⁹v÷e

977 463 986 480 1

975 546 988 564 2

975 630 987 656 3

973 672 989 696 4

974 1118 991 1143 -δι
975 951 1000 1061 mut*

977 1893 1004 2042 evs-
979 1573 990 1598 w

977 2299 1004 2448 inre?

1678 207 1726 251 15

1206 285 1401 318 QUAESTIO
1421 286 1499 313 cnr

992 345 1032 372 De
1044 347 1183 384 praeceptis
1203 346 1414 374 ceremonialibus
1432 351 1554 383 quantum
1574 346 1608 373 aa
1626 356 1710 374 eorum

1268 388 1437 416 durationem.

993 474 999 480 .
1021 454 1120 481 Utrum
1146 461 1291 490 praecepta
1318 453 1514 480 ceremonialia
1543 453 1644 480 fuerint
1667 462 1731 481 ante

1062 495 1164 532 legem.

993 557 999 564 .
1019 536 1119 564 Utrum
1140 538 1168 564 in
1191 537 1253 573 lege
1282 536 1401 573 aliquam
1427 537 1556 564 virtutem
1585 537 1731 564 habuerint

1061 579 1239 614 justificandi.

993 641 999 648 .
1019 619 1119 648 Utrum
1139 621 1318 653 cessaverint,
1338 618 1450 647 Christo
1467 621 1606 649 veniente.

993 683 1000 689 .
1021 662 1120 690 Utrum
1131 664 1167 689 sit
1180 670 1322 698 peccatum
1337 661 1454 689 mortale
1465 671 1497 689 ea
1507 662 1654 689 observare
1667 669 1731 698 post

1064 703 1216 731 Christum.

1207 804 1402 837 QUAESTIO
1423 804 1497 831 CIV.

1066 871 1104 898 Dc
1120 871 1259 908 praeceptis
1273 870 1440 906 judicialibus
1458 870 1486 896 in
1505 869 1641 896 commum*-

1022 942 1101 975 Quae
1121 943 1176 969 sint
1194 941 1334 978 judicialia
1352 946 1508 977 praecepta.

995 1005 1000 1011 .
1022 984 1120 1011 Utrum
1141 985 1197 1010 sint
1217 985 1352 1019 figuralia.

995 1046 1000 1052 .
1020 1025 1063 1052 De
1084 1026 1227 1052 duratione
1248 1033 1354 1059 eorum,
1370 1025 1478 1052 scilicet
1492 1031 1583 1052 utrum
1605 1024 1733 1061 obligent

1066 1069 1093 1094 in
1113 1075 1286 1104 perpetuum.

995 1130 1001 1137 .
1022 1107 1064 1136 De
1084 1110 1263 1137 distinctione
1283 1110 1417 1145 ipsorum.

1217 1216 1411 1249 QUAESTIO
1432 1216 1492 1243 CV.

1094 1282 1134 1309 De
1149 1283 1288 1319 praereptis
1301 1282 1468 1318 judicialibus
1486 1288 1609 1319 quantum

1195 1324 1230 1350 ad
1250 1325 1358 1360 ipsorum
1376 1324 1511 1351 rationem.

995 1417 1001 1424 .
1022 1397 1064 1423 De
1083 1398 1191 1423 ratione
1214 1403 1424 1432 praeceptorum
1451 1395 1634 1431 judicialium,
1663 1404 1734 1431 quae

1064 1439 1201 1474 pertinent
1221 1438 1254 1464 ad
1274 1438 1421 1473 principes.

995 1501 1001 1507 .
1022 1480 1064 1507 De
1083 1481 1126 1506 bis
1146 1489 1216 1516 quae
1235 1481 1375 1515 pertinent
1393 1479 1428 1506 ad
1453 1479 1612 1506 convictum
1641 1479 1733 1506 homi-

1064 1531 1129 1548 num
1149 1522 1183 1548 ad
1204 1523 1335 1548 invicem.
1369 1517 1374 1524 ”

997 1585 1003 1590 .
1023 1564 1064 1590 De
1085 1564 1130 1596 iis,
1151 1571 1219 1599 quae
1240 1563 1378 1599 pertinent
1397 1562 1430 1589 ad
1450 1568 1606 1589 extraneos.

996 1626 1003 1632 .
1024 1605 1065 1632 De
1085 1606 1130 1638 iis,
1151 1614 1220 1641 quae
1239 1605 1378 1641 pertinent
1397 1603 1432 1630 ad
1457 1605 1639 1631 domesticam
1667 1612 1732 1631 con·

1066 1647 1262 1674 versationem.

1213 1746 1408 1779 QUAESTIO
1429 1747 1503 1774 CVI.

1010 1812 1050 1839 De
1071 1813 1123 1848 lege
1141 1821 1219 1845 nova,
1238 1812 1332 1839 scilicet
1350 1811 1498 1848 Evangclt'i,
1517 1811 1651 1838 secundum
1670 1820 1703 1838 se.

997 1905 1003 1911 .
1024 1884 1123 1912 Utrum
1144 1885 1187 1911 lex
1206 1893 1279 1911 nova
1298 1885 1334 1911 sit
1355 1883 1466 1920 scripta,
1487 1884 1531 1911 vcl
1552 1884 1648 1910 indita.

1024 1927 1066 1953 De
1084 1928 1186 1953 virtute
1205 1927 1274 1961 ejus,
1294 1933 1386 1953 utrum
1404 1926 1546 1961 justificet.

1023 1967 1123 1995 Utrum
1143 1969 1268 1994 debuerit
1287 1969 1344 1994 dari
1363 1977 1379 1994 a
1396 1968 1535 2003 principio
1554 1967 1660 1993 mundi.

1025 2009 1124 2036 Utrum
1143 2010 1181 2036 sit
1200 2010 1328 2036 duratura
1347 2017 1432 2044 usque
1443 2009 1477 2035 ad
1487 2009 1570 2035 finem
1581 2009 1687 2041 mundi,
1702 2017 1737 2034 an

1068 2051 1166 2077 debeat
1185 2052 1211 2077 ei
1230 2051 1284 2077 alin
1304 2051 1347 2077 lex
1366 2051 1526 2077 succedere.
1655 2042 1664 2052 ⁸

1205 2149 1400 2183 QUAESTIO
1421 2149 1510 2177 CVII.

1048 2216 1090 2244 De
1108 2218 1296 2254 cmnparafioue
1316 2217 1377 2253 legis
1394 2226 1475 2244 nova«
1493 2216 1528 2242 ad
1545 2221 1664 2243 veteram.

1025 2289 1123 2317 Utrum
1144 2289 1187 2315 lex
1206 2298 1278 2315 nova
1298 2289 1334 2315 sit
1353 2288 1407 2314 alia
1426 2288 1469 2314 lex
1489 2297 1504 2314 a
1523 2287 1585 2323 lege
1605 2287 1702 2314 veteri.

1025 2331 1124 2358 Utrum
1144 2330 1187 2356 lex
1206 2340 1279 2357 nova
1299 2330 1412 2366 impleat
1431 2336 1563 2356 veterem.

1026 2373 1124 2400 Utrum
1145 2373 1321 2399 contineatur
1341 2373 1368 2398 in
1388 2371 1485 2398 veteri.

1026 2414 1105 2446 Quae
1125 2415 1160 2440 sit
1180 2414 1300 2450 gravior,
1320 2419 1412 2439 utrum
1427 2413 1469 2439 lex
1483 2419 1566 2444 nova,
1587 2411 1631 2438 vel
1645 2418 1733 2437 vetus.

1193 2521 1389 2554 QUAESTIO
1410 2520 1514 2547 CVIII.

1068 2587 1107 2614 De
1127 2588 1173 2620 his,
1193 2596 1256 2624 quae
1275 2587 1434 2614 continentur
1454 2586 1481 2611 in
1501 2585 1553 2620 lege
1573 2593 1648 2611 nova.

996 2679 1003 2685 .
1025 2658 1123 2686 Utrum
1138 2658 1181 2684 lex
1197 2667 1269 2685 nova
1289 2658 1386 2684 debeat
1400 2656 1491 2691 aliqua
1505 2663 1588 2691 opera
1601 2655 1736 2680 exteriora

1069 2701 1235 2736 praecipere,
1256 2700 1299 2726 vel
1320 2699 1477 2735 prohibere.

997 2763 1002 2769 .
1025 2742 1123 2769 Utrum
1131 2741 1299 2768 sufficienter
1309 2741 1459 2767 exteriores
1471 2746 1548 2766 actus
1559 2738 1739 2764 ordinaverit.

995 2805 1000 2810 .
1022 2783 1121 2810 Utrum
1143 2784 1342 2809 convenienter
1362 2782 1488 2807 instituat
1502 2781 1630 2806 homines
1649 2787 1734 2815 quan-

1069 2832 1126 2851 tum
1145 2825 1178 2850 ad
1198 2831 1276 2850 actus
1297 2824 1459 2849 exteriores.

996 2887 1002 2894 .
1024 2866 1122 2894 Utrum
1139 2867 1337 2892 convenienter
1351 2865 1514 2900 superaddat
1528 2863 1649 2891 consilia
1663 2871 1739 2899 prne-

1069 2908 1166 2943 ceptis.
