1907 3182
249 167 328 220 196
657 175 874 212 QUAESTIO
906 175 1024 205 XXIV.
1058 174 1301 205 ARTICULUS
1335 175 1378 204 11.

805 343 1151 389 ARTICULUS
1186 343 1240 386 H.
1740 366 1800 402 143

419 454 571 483 UTRUM
596 453 729 483 OMNIS
758 453 902 482 PASSIO
930 452 1094 482 ANIMAE
1122 452 1188 481 SIT
1217 451 1335 480 MALA
1362 452 1626 482 MORALITER.

290 540 390 587 (Infr.
413 553 442 586 q.
462 552 513 587 59.
537 546 599 575 art.
622 552 652 575 2.
675 545 702 574 ct
720 552 748 586 3.
775 544 802 574 et
823 551 852 574 2.
876 552 904 585 q.
924 551 990 584 123.
1013 518 1066 573 a-rt
1086 551 1137 574 10.
1158 545 1247 585 corp.
1269 544 1300 573 et
1321 539 1404 573 Mal.
1428 551 1458 584 q.
1479 551 1509 574 2.
1533 545 1596 574 art.
1618 552 1646 575 1.
1669 545 1757 586 corp.

502 599 529 628 ct
550 606 576 628 Ι.
599 594 673 628 Em.
696 593 765 628 lest.
787 593 839 628 16.
861 598 889 628 et
910 593 965 627 lib.
989 603 1020 626 2.
1042 593 1112 627 lert.
1131 605 1159 638 3.
1181 597 1209 626 et
1230 603 1260 638 7.
1282 592 1376 638 Phys.
1395 593 1463 628 lect.
1484 593 1546 638 6.).

314 683 372 716 AD
395 693 601 717 SECUNDUM
624 682 672 715 sic
695 681 910 728 proceditur.
931 681 1093 723 Videtur,
1110 681 1205 727 quod
1221 692 1348 715 omnes
1363 681 1550 727 passiones
1565 681 1707 716 animae
1725 689 1808 716 sunt

243 736 360 772 malae
383 735 583 770 moraliter:
608 736 692 769 dicit
722 735 819 769 enim
852 735 1004 781 August.
1039 746 1070 781 9.
1106 735 1148 769 de
1184 735 1292 769 Civit.
1325 735 1396 769 Dei
1431 735 1518 782 (cap.
1539 747 1571 780 4.
1595 737 1629 770 1⁴12
1646 737 1757 782 princ.
1779 741 1807 770 εἰ

242 792 297 825 lib.
321 801 369 835 14.
393 796 465 836 cap.
484 791 547 834 8.),
567 789 662 835 quod
687 789 873 835 passiones
897 788 1039 822 animae
1062 788 1210 834 quidam
1231 796 1365 822 vocant
1391 789 1551 831 morbos,
1584 788 1643 823 vel
1676 796 1808 835 pertur-

242 844 405 878 bationes
427 843 588 876 animae:
612 842 673 876 sed
696 842 815 876 omnis
839 841 997 883 morbus,
1019 841 1077 875 vel
1098 842 1318 888 perturbatio
1345 842 1488 876 animae
1510 850 1564 877 est
1585 841 1718 888 aliquid
1736 853 1809 876 ma-

243 898 318 932 lum
340 896 541 938 moraliter3
564 907 649 941 ergo
673 895 792 929 omnis
813 895 932 942 passio
956 895 1098 929 animae
1121 895 1305 930 moraliter
1327 895 1423 929 mala
1446 903 1508 929 est.

316 961 346 984 2.
365 951 599 985 PRAETERffl.
622 949 793 983 Damasc.
817 949 901 983 dicit
923 949 997 994 (lib.
1023 961 1054 984 2.
1080 949 1175 984 Orth.
1199 949 1275 983 Fid.
1299 955 1370 996 cap.
1393 949 1477 994 22.),
1512 948 1610 995 quod
1645 948 1807 995 operatio

243 1004 400 1051 quidem,
422 1014 513 1050 quae
535 1002 735 1037 secundum
761 1010 928 1036 naturam
951 1010 1070 1037 motus
1094 1011 1165 1045 est;
1187 1003 1306 1049 passio
1328 1014 1428 1045 vero,
1463 1014 1555 1049 quae
1589 1011 1730 1049 praeter
1750 1014 1810 1036 na-

242 1066 377 1092 turam:
400 1057 461 1091 sed
484 1057 580 1102 quod
603 1063 655 1090 est
680 1063 821 1102 praeter
841 1064 1008 1090 naturam
1041 1056 1077 1090 in
1111 1057 1269 1091 motibus
1302 1057 1456 1099 animae,
1489 1056 1599 1091 habet
1630 1056 1809 1091 rationem

244 1111 393 1157 peccati,
417 1118 449 1144 et
471 1109 559 1144 mali
579 1110 748 1152 moralis3
770 1110 863 1144 unde
891 1110 963 1156 ipse
987 1109 1070 1144 alibi
1097 1110 1182 1144 dicit
1204 1111 1278 1156 (lib.
1293 1122 1325 1145 2.
1348 1117 1419 1158 cap.
1440 1111 1504 1156 4.),
1528 1110 1624 1156 quod
1646 1110 1810 1144 diabolus

243 1176 366 1199 versus
389 1172 442 1199 est
463 1175 504 1198 ex
527 1175 582 1206 eo,
610 1164 705 1210 quod
728 1171 780 1198 est
808 1163 1009 1198 secundum
1030 1171 1208 1206 naturam,
1231 1165 1266 1198 in
1288 1164 1335 1206 id,
1358 1163 1455 1210 quod
1478 1171 1532 1198 est
1553 1171 1692 1210 praeter
1712 1171 1811 1198 natu-

243 1230 338 1261 ram;
358 1229 444 1264 ergo
463 1217 674 1263 hujusmodi
700 1218 887 1264 passiones
910 1225 994 1251 sunt
1016 1216 1133 1251 malae
1157 1217 1356 1252 moraliter.

318 1285 346 1319 3.
368 1273 604 1307 PRAETEREA.
629 1272 763 1313 Omne,
786 1271 883 1317 quod
910 1271 1046 1306 inducit
1074 1271 1116 1306 ad
1138 1280 1341 1317 peccatum,
1368 1272 1478 1306 habet
1499 1271 1678 1306 rationem
1700 1270 1809 1306 mali:

244 1327 308 1362 sed
326 1326 537 1372 hujusmodi
555 1326 741 1372 passiones
763 1325 937 1359 inducunt
956 1325 999 1359 ad
1022 1333 1232 1371 peccatum3
1255 1325 1349 1359 unde
1371 1325 1479 1360 Rom.
1499 1336 1530 1370 7.
1550 1325 1718 1360 dicuntur
1733 1331 1810 1372 pas-

247 1383 348 1417 siones
366 1384 574 1426 peccatorum
584 1392 596 1421 ,·
621 1390 706 1425 ergo
728 1379 879 1420 videtur,
899 1378 995 1424 quod
1018 1379 1087 1412 sint
1105 1378 1223 1413 malae
1246 1378 1441 1413 moraliter.

319 1434 393 1468 SED
417 1443 571 1468 CONTRA
593 1440 656 1474 est,
679 1432 775 1478 quod
794 1432 957 1477 August..
977 1432 1063 1466 dicit
1088 1432 1124 1465 in
1151 1441 1201 1474 14.
1225 1432 1268 1466 de
1291 1432 1371 1466 Civ.
1395 1432 1465 1466 Dei
1488 1431 1574 1478 (cap.
1597 1443 1629 1478 9.
1642 1437 1769 1478 parum
1791 1443 1812 1466 a

241 1488 382 1535 priua),
407 1487 503 1533 quod
540 1494 657 1521 rectus
688 1498 791 1520 amor
822 1497 948 1520 omnes
976 1485 1059 1520 istas
1095 1485 1304 1520 affectiones
1335 1494 1450 1520 rectas
1483 1486 1617 1520 habet:
1647 1492 1811 1519 metuunt

249 1543 344 1577 enim
371 1552 533 1588 peccare,
557 1541 703 1587 cupiunt
736 1551 976 1586 perseverare,
999 1539 1122 1574 dolent
1149 1541 1184 1573 in
1210 1540 1379 1586 peccatis,
1407 1539 1565 1585 gaudent
1585 1539 1622 1573 in
1643 1539 1810 1586 operibus

247 1596 363 1631 bonis.

319 1649 547 1683 RESPONDEO
570 1647 775 1690 dicendum,
798 1647 893 1693 quod
917 1648 1011 1681 circa
1037 1647 1130 1681 hanc
1155 1647 1406 1693 quaestionem
1428 1647 1568 1682 diversa
1588 1646 1652 1681 fuit
1673 1654 1813 1681 senten-

248 1704 295 1737 tia
319 1703 540 1743 Stoicorum,
575 1710 609 1736 et
638 1701 980 1747 Peripateticorum:
1008 1712 1092 1734 nam
1125 1701 1241 1735 Stoici
1262 1701 1436 1743 dixerunt,
1470 1712 1598 1735 ornnes
1627 1702 1810 1746 passiones

250 1768 327 1791 esse
350 1755 722 1801 malas2Peripatetici
741 1765 826 1788 vero
850 1754 1219 1801 dixerunt‚passiones
1242 1755 1446 1789 moderatas
1470 1765 1547 1789 esse
1567 1753 1811 1795 bonas.Quae

249 1810 394 1856 quidem
417 1808 626 1850 differentia,
647 1808 730 1842 licet
746 1819 879 1853 magna
900 1808 1062 1842 videatur
1084 1808 1283 1842 secundum
1305 1819 1447 1851 vocem,
1468 1816 1591 1842 tamen
1613 1808 1812 1843 secundum

248 1875 324 1898 rem
363 1862 421 1897 vel
454 1862 551 1896 nulla
575 1870 637 1903 est,
664 1860 723 1895 vel
756 1873 877 1907 parva,
912 1862 941 1895 si
969 1861 1046 1907 quis
1080 1869 1317 1908 utrorumque
1354 1862 1571 1896 intentiones
1599 1861 1812 1896 consideret.

250 1917 363 1951 Stoici
386 1917 483 1951 enim
504 1927 577 1949 non
601 1915 851 1949 discernebant
872 1915 962 1949 inter
984 1926 1141 1957 sensum,
1157 1922 1190 1949 et
1212 1915 1447 1958 intellectum,
1463 1923 1497 1950 et
1512 1926 1574 1962 per
1588 1926 1812 1961 consequens

248 1982 313 2005 nec
334 1971 425 2004 inter
448 1969 708 2003 intellectivum
736 1969 947 2014 appetitum,
964 1977 998 2003 et
1012 1969 1239 2011 sensitivum3
1261 1969 1355 2003 unde
1377 1980 1443 2003 nec
1467 1969 1718 2003 discernebant
1737 1980 1814 2015 pas-

249 2025 369 2059 siones
394 2024 536 2057 animae
560 2034 578 2056 a
601 2022 762 2056 moribus
788 2022 997 2064 voluntatis,
1031 2022 1232 2056 secundum
1258 2022 1329 2056 hoc
1352 2023 1538 2069 passiones
1568 2023 1710 2057 animae
1732 2030 1813 2057 sunt

248 2079 284 2112 in
307 2077 463 2124 appetitu
486 2076 676 2117 sensitiv03
700 2075 881 2122 simplices
905 2083 1027 2110 autem
1047 2084 1166 2110 motus
1184 2075 1379 2110 voluntatis
1403 2083 1484 2110 sunt
1507 2076 1543 2109 in
1566 2075 1812 2110 intellectivo:

250 2132 311 2166 sed
346 2142 494 2165 omnem
529 2129 781 2164 rationabilem
819 2137 960 2163 motum
987 2129 1200 2176 appetitivae
1228 2130 1335 2176 partis
1369 2130 1548 2164 vocabant
1568 2129 1814 2171 voluntatem;

251 2185 435 2231 passiones
470 2192 590 2218 autem
629 2183 794 2217 dicebant
820 2190 961 2216 motum
983 2183 1274 2229 progredientem
1297 2191 1394 2217 extra
1428 2183 1560 2217 limites
1589 2183 1756 2226 rationis;
1779 2191 1815 2218 et

250 2239 332 2273 ideo
355 2249 481 2272 eorum
503 2237 717 2271 sententiam
733 2248 885 2282 sequens
909 2235 1051 2270 Tullius
1073 2236 1109 2270 in
1128 2248 1155 2282 3.
1171 2235 1230 2270 lib.
1253 2236 1296 2270 de
1313 2235 1530 2271 Tusculanis
1545 2236 1813 2282 quaestionibus

251 2294 388 2339 (parum
411 2291 572 2337 aprilis.)
596 2301 722 2324 omnes
750 2290 936 2336 passiones
963 2298 1072 2324 vocat
1098 2291 1229 2324 animae
1251 2291 1402 2324 morbos:
1426 2301 1468 2324 ex
1494 2301 1565 2336 quo
1589 2298 1815 2336 argumenta-

251 2355 317 2387 tur,
340 2344 436 2391 quod
459 2344 519 2390 qui
541 2343 702 2377 morbosi
725 2351 818 2385 sunt,
837 2343 916 2377 sani
938 2355 1010 2377 non
1034 2351 1134 2385 sunt;
1157 2351 1191 2377 et
1217 2343 1278 2389 qui
1299 2343 1375 2378 sani
1397 2354 1470 2377 non
1493 2351 1585 2385 sunt,
1606 2343 1814 2390 insipientes

251 2409 351 2435 sunt:
376 2400 469 2434 unde
492 2398 698 2444 insipientes
719 2399 847 2432 1111111101·
869 2397 1032 2431 dicimus.
1056 2397 1285 2443 Peripatetici
1305 2409 1392 2432 vero
1416 2408 1543 2432 omnes
1571 2405 1691 2432 motus
1713 2408 1815 2443 appe-

250 2455 334 2489 titus
368 2452 526 2487 sensitivi
554 2453 721 2498 passiones
746 2459 895 2493 vocant3
923 2451 1017 2485 unde
1040 2462 1099 2485 eas
1127 2451 1239 2485 bonas
1262 2452 1463 2492 aestimant,
1492 2461 1575 2484 cum
1609 2458 1690 2485 sunt
1724 2461 1744 2484 a
1765 2461 1814 2485 ra-

251 2509 349 2543 tione
372 2502 599 2547 moderatae,
628 2505 741 2539 malas
765 2512 896 2546 autem,
920 2516 1002 2538 cum
1031 2512 1112 2538 sunt
1135 2513 1275 2550 praeter
1296 2504 1585 2539 moderationem
1607 2503 1766 2538 rationis.

322 2561 371 2595 Ex
393 2571 464 2606 quo
487 2567 594 2605 patet,
617 2558 712 2604 quod
737 2557 878 2591 Tullius
900 2557 934 2591 in
962 2558 1091 2591 eodem
1114 2557 1205 2592 libro
1232 2558 1557 2604 Peripateticorum
1579 2557 1813 2600 sententiam,

251 2615 310 2662 qui
334 2613 579 2660 approbabant
599 2611 885 2646 mediocritatem
903 2611 1123 2656 passionum,
1148 2611 1444 2646 inconvenienter
1463 2611 1653 2657 improbat,
1676 2611 1811 2654 dicens,

253 2668 348 2715 quod
371 2678 480 2701 omne
503 2665 639 2699 malum
663 2665 772 2699 etiam
795 2665 978 2698 mediocre
1002 2665 1187 2698 vitandum
1211 2673 1280 2699 est:
1305 2676 1390 2699 nam
1417 2665 1509 2699 sicut
1535 2676 1678 2711 corpus,
1700 2665 1809 2699 etiam

254 2721 485 2757 mediocriter
508 2731 668 2764 aegrum,
692 2730 817 2752 sanum
838 2729 909 2752 non
930 2727 998 2757 est:
1019 2719 1067 2752 sic
1088 2719 1153 2752 ista
1175 2719 1406 2753 mediocritas
1421 2719 1644 2760 morborum,
1664 2717 1721 2752 vel
1740 2729 1816 2764 pas-

254 2776 397 2810 sionum
421 2774 563 2808 animae
585 2784 671 2806 sana
694 2784 766 2806 non
791 2780 861 2806 est:
885 2783 958 2805 non
982 2773 1076 2806 enim
1106 2773 1291 2818 passiones
1318 2773 1484 2806 dicuntur
1506 2772 1635 2815 morbi,
1657 2771 1714 2806 vel
1741 2783 1816 2818 per-

255 2829 474 2864 turbationes
498 2827 651 2868 animae,
674 2827 740 2860 nisi
763 2837 845 2860 cum
870 2834 992 2859 carent
1015 2826 1265 2861 moderatione
1287 2826 1448 2860 rationis.

328 2882 433 2917 Unde
455 2890 551 2928 patet
573 2881 758 2927 responsio
778 2890 827 2914 AD
854 2890 1012 2914 mummi.
