1907 3182
263 151 341 205 178
694 161 916 197 QUAi-:srio
950 160 1021 189 xx.
1056 159 1300 190 ARTICULUS
1333 160 1372 188 v.

257 245 390 286 rissimi,
418 249 446 279 et
467 243 740 286 desideratissima,
757 243 915 289 gandium
936 254 1055 284 meum,
1079 247 1107 276 et
1128 253 1250 276 corona
1268 253 1361 282 mecm
1386 252 1472 287 ergo
1495 249 1643 275 eventus
1664 251 1816 287 sequens

258 298 356 332 addit
378 297 510 343 aliquid
534 298 577 331 ad
599 297 810 338 bonitatem,
832 296 890 330 vel
909 295 1085 330 malitiam
1105 303 1215 329 actus.

331 363 359 397 3.
389 351 625 386 PRAETEREA.
652 351 776 384 Poena
805 361 880 383 non
909 349 1058 391 additur,
1088 349 1157 383 nisi
1188 355 1373 382 crescente
1404 347 1526 394 culpa:
1561 347 1656 381 unde
1691 347 1818 381 dicitur

256 405 403 439 Deuter.
420 415 493 449 25.:
509 405 574 438 Pro
594 415 746 438 mensura
756 404 888 450 peccati
898 404 960 436 erit
977 407 1003 436 et
1016 402 1197 448 plagarmn
1215 401 1349 435 modus:
1366 401 1427 435 sed
1443 412 1484 435 ex
1499 409 1628 435 eventu
1647 408 1819 446 sequente
1856 432 1863 437 ,

258 458 398 492 additur
420 458 462 491 ad
490 468 663 503 poenam:
691 456 818 490 dicitur
845 456 942 490 enim
969 455 1080 489 Exod.
1110 465 1175 496 21.,
1204 454 1312 500 quod,
1334 455 1361 488 si
1383 455 1436 489 bos
1449 455 1557 500 fuerit
1578 458 1756 500 cornupeta
1777 454 1818 488 ab

258 511 340 553 heri,
363 516 392 545 et
409 510 526 545 nudius
549 511 673 551 turtius,
697 514 724 543 et
745 510 912 543 contestati
928 514 1002 543 sunt
1023 508 1194 542 dominum
1216 510 1294 553 ejus,
1321 520 1378 542 nec
1404 508 1571 542 recluserit
1591 519 1677 549 eum,
1696 506 1820 542 occide-

260 566 363 610 ritque
384 565 510 606 virum,
526 568 582 597 aut
602 563 785 603 mulierem,
810 567 837 596 et
860 563 912 596 bos
934 561 1097 608 lapidibus
1112 563 1281 603 obruatur,
1304 566 1332 595 et
1354 560 1523 595 dominnm
1545 561 1635 595 illius
1656 560 1818 595 occident:

258 629 332 652 non
352 625 473 651 autem
496 616 721 650 occideretur
743 617 771 649 si
792 615 857 649 bos
879 626 953 649 non
975 615 1168 649 occidisset
1194 614 1394 656 hominem,
1417 614 1526 648 etiam
1548 625 1622 648 non
1640 613 1818 655 reclusus;

259 682 345 717 ergo
368 677 516 704 eventus
538 680 691 715 sequens
715 668 812 702 addit
834 668 877 702 ad
899 668 1110 709 bonitatem,
1133 667 1191 702 vel
1213 666 1389 701 malitiam
1407 674 1517 701 actus.

329 733 361 766 4.
384 724 619 757 PRAETEREA.
644 722 682 755 Si
704 721 831 767 aliquis
853 721 994 766 ingerat
1016 732 1163 755 causam
1183 720 1321 762 mortis,
1335 720 1582 766 percutiendo,
1603 720 1662 755 vel
1682 728 1822 755 senten-

259 777 348 811 tiam
370 776 500 818 dando,
523 784 558 810 et
579 786 677 809 mors
704 786 778 808 non
805 782 984 820 sequatur,
1007 785 1081 808 non
1109 774 1333 808 contrahitur
1350 773 1611 819 irregularitas:
1635 774 1822 808 contrahe-

260 838 356 864 retur
378 837 509 871 autem,
531 829 560 863 si
582 840 681 862 mors
703 835 930 874 sequeretur;
954 838 1040 872 ergo
1069 834 1216 861 eventus
1244 837 1398 873 sequens
1424 826 1521 861 addit
1543 827 1587 861 ad
1606 827 1820 869 bonitatem,

260 883 318 917 vel
341 882 517 916 malitiam
540 889 650 915 actus.

332 936 406 970 SED
426 946 591 970 CONTRA.
607 935 765 968 Eventus
781 945 933 980 sequens
947 945 1021 967 non
1037 933 1123 968 facit
1137 941 1258 967 actum
1273 932 1422 975 malurn,
1438 933 1499 979 qui
1517 941 1592 967 erat
1613 932 1741 974 bonus,
1755 943 1822 967 nec

259 991 407 1031 bonum,
435 989 495 1035 qui
521 996 597 1023 erat
622 987 756 1022 malus:
784 996 869 1033 puta
890 987 920 1021 si
943 986 1070 1033 aliquis
1097 987 1156 1021 det
1183 986 1458 1032 eleemosynam
1483 986 1644 1032 pauperi,
1671 997 1741 1032 qua
1762 985 1823 1019 ille

261 1044 424 1077 abutatur
446 1042 489 1076 ad
510 1050 712 1088 peccatum,
733 1040 823 1074 nihil
847 1040 982 1086 deperit
1002 1040 1044 1081 ei,
1061 1040 1121 1086 qui
1137 1040 1412 1085 eleemosynam
1432 1038 1534 1074 facit:
1557 1047 1592 1073 et
1613 1038 1778 1073 similiter
1795 1039 1825 1073 si

261 1096 388 1142 aliquis
410 1097 587 1142 patienter
613 1095 703 1129 ferat
729 1094 898 1140 injuriam
921 1094 987 1127 sibi
1008 1093 1152 1135 factam,
1179 1104 1253 1127 non
1276 1100 1421 1139 propter
1441 1092 1513 1126 hoc
1536 1100 1727 1126 excusatur
1752 1091 1824 1134 ille,

261 1150 321 1196 qui
342 1149 440 1191 fecit3
457 1160 544 1194 ergo
564 1156 711 1183 eventus
727 1159 879 1193 sequens
901 1159 976 1181 non
999 1147 1096 1181 addit
1117 1147 1161 1180 ad
1183 1146 1396 1188 bonitatem,
1412 1145 1471 1180 vel
1489 1145 1666 1180 malitiam
1689 1154 1800 1180 actus.

331 1203 560 1237 RESPONDEO
587 1201 792 1243 dicendum,
815 1201 913 1247 quod
939 1209 1088 1235 eventus
1115 1211 1267 1246 sequens
1296 1208 1356 1234 aut
1382 1208 1435 1234 est
1460 1200 1740 1246 praecogitatus,
1767 1207 1827 1234 aut

260 1268 349 1291 non:
373 1256 402 1290 si
424 1264 476 1290 est
494 1255 772 1302 praecogitatus,
795 1254 1025 1288 manifestum
1049 1262 1112 1295 est,
1135 1253 1230 1299 quod
1254 1253 1351 1287 addit
1373 1253 1415 1287 ad
1437 1253 1650 1295 bonitatem,
1672 1253 1731 1287 vel
1753 1264 1827 1287 ma-

261 1310 376 1344 litiam
399 1317 514 1344 actus:
538 1320 621 1343 cum
644 1309 740 1342 enirn
764 1307 891 1353 aliquis
915 1307 1061 1353 cogitat,
1084 1307 1180 1353 quod
1204 1318 1245 1340 ex
1267 1318 1375 1352 opere
1398 1317 1463 1340 suo
1486 1306 1600 1340 multa
1627 1306 1723 1340 mala
1749 1318 1828 1353 pos—

262 1371 345 1398 sunt
363 1363 474 1408 sequi,
489 1374 555 1396 nec
579 1370 723 1408 propter
742 1361 812 1395 hoc
829 1361 985 1402 dimittit,
1009 1372 1049 1394 ex
1071 1360 1142 1394 hoc
1163 1364 1310 1406 apparet
1323 1359 1491 1394 voluntas
1514 1361 1589 1405 ejus
1611 1371 1688 1394 esse
1711 1360 1827 1405 magis

262 1416 477 1451 inordinata.
502 1416 540 1449 Si
563 1423 684 1449 autem
706 1422 854 1449 eventus
879 1425 1030 1459 sequens
1053 1425 1125 1447 non
1149 1414 1192 1447 sit
1213 1415 1492 1459 praecogitatus,
1511 1421 1595 1447 tunc
1611 1413 1829 1459 distinguen-

263 1471 349 1504 dum
372 1477 435 1511 est,
457 1469 540 1515 quia
559 1469 588 1502 si
608 1480 670 1514 per
693 1479 729 1502 se
751 1468 910 1513 sequitur
929 1478 970 1501 ex
984 1466 1046 1501 tali
1069 1474 1162 1508 actu,
1178 1474 1212 1500 et
1231 1474 1268 1500 ut
1288 1466 1324 1499 in
1346 1465 1518 1512 pluribus,
1533 1466 1734 1500 secundum
1755 1466 1826 1500 hoc

264 1531 412 1557 eventus
427 1534 579 1568 sequens
596 1522 692 1555 addit
707 1521 749 1555 ad
765 1521 976 1562 bonitatem,
991 1519 1049 1553 vel
1063 1519 1239 1554 malitiam
1263 1527 1381 1553 actus:
1401 1518 1633 1553 manifestum
1649 1527 1702 1553 est
1719 1519 1828 1561 enim,

264 1577 456 1611 meliorem
479 1584 599 1610 actum
627 1586 704 1609 esse
727 1586 768 1608 ex
790 1585 855 1608 suo
883 1584 1026 1619 genere,
1054 1584 1095 1607 ex
1122 1584 1193 1618 quo
1221 1580 1372 1618 possunt
1398 1571 1500 1618 plura
1525 1572 1622 1606 bona
1649 1572 1766 1618 sequi:
1795 1581 1830 1606 et

264 1631 438 1676 pejorem,
461 1640 502 1663 ex
525 1640 596 1675 quo
619 1635 701 1662 nata
724 1635 806 1661 sunt
831 1627 933 1673 plura
955 1626 1051 1660 mala
1078 1626 1189 1671 sequi.
1214 1626 1252 1659 Si
1273 1637 1359 1659 vero
1382 1637 1446 1671 per
1468 1625 1648 1667 accidens,
1675 1634 1709 1660 et
1735 1634 1773 1660 ut
1793 1626 1829 1659 in

264 1683 506 1730 paucioribus,
527 1690 612 1716 tunc
635 1689 783 1715 eventus
809 1691 962 1726 sequens
984 1690 1058 1713 non
1081 1679 1178 1713 addit
1199 1678 1243 1712 ad
1268 1679 1481 1721 bonitatem,
1503 1678 1561 1713 vel
1583 1679 1626 1712 ad
1649 1678 1828 1713 malitiam

264 1745 376 1778 actus;
392 1747 465 1770 non
488 1736 585 1769 enim
604 1735 706 1768 datur
728 1734 901 1781 judicium
924 1733 967 1767 de
990 1744 1026 1767 re
1050 1732 1168 1778 aliqua
1190 1732 1391 1767 secundum
1405 1731 1493 1766 illud
1509 1732 1605 1778 quod
1625 1741 1678 1768 est
1695 1744 1758 1778 per
1776 1744 1831 1767 ac-

265 1790 399 1832 cidens,
419 1789 481 1824 sed
504 1788 624 1823 solum
647 1788 847 1822 secundum
870 1787 957 1821 illud
982 1786 1078 1832 quod
1101 1794 1154 1820 est
1174 1797 1238 1832 per
1259 1797 1307 1820 se.

336 1844 395 1878 AD
422 1853 568 1878 PRIMUM
592 1853 677 1888 crgo
701 1841 907 1882 dicendum,
930 1840 1026 1886 quod
1041 1840 1152 1874 virtus
1172 1851 1301 1873 causae
1321 1839 1542 1874 existimatur
1565 1840 1765 1874 secundum
1787 1839 1833 1874 ef-

265 1898 378 1932 fectus
400 1909 462 1943 per
484 1908 533 1938 se,
556 1907 629 1930 non
653 1903 773 1929 autem
795 1894 995 1928 secundum
1019 1893 1166 1928 effectus
1188 1904 1249 1939 per
1273 1893 1451 1928 accidens.

337 1951 396 1985 AD
419 1960 626 1985 SECUNDUM
641 1949 848 1990 dicendum,
864 1948 960 1994 quod
975 1948 1082 1989 bona,
1098 1958 1188 1993 quae
1205 1947 1385 1981 auditores
1399 1946 1546 1989 faciunt,
1562 1945 1833 1994 consequuntur

266 2016 307 2038 ex
329 2004 596 2051 praedicatione
616 2003 799 2044 Doctoris,
819 2002 910 2035 sicut
933 2000 1080 2035 effectus
1096 2012 1158 2046 per
1173 2012 1227 2042 se;
1244 2000 1338 2035 unde
1354 2000 1555 2035 redundant
1570 2001 1612 2035 ad
1627 2002 1831 2048 praemium

266 2057 541 2099 Praedicatoris,
564 2065 598 2090 et
620 2056 811 2102 praecipue
835 2055 979 2101 quando
1003 2062 1085 2088 sunt
1106 2054 1341 2100 praeintenta.

338 2112 397 2145 AD
429 2121 599 2145 TERTmM
619 2110 825 2150 dicendum,
848 2108 944 2154 quod
960 2116 1115 2141 eventus
1137 2107 1209 2149 ille,
1232 2118 1297 2153 pro
1320 2118 1391 2153 quo
1416 2107 1476 2141 illa
1499 2118 1615 2153 poena
1638 2107 1833 2154 infligenda

269 2165 469 2206 mandatur,
492 2172 527 2198 et
553 2176 615 2210 per
641 2175 678 2197 se
705 2163 864 2209 sequitur
891 2174 931 2196 ex
958 2161 1021 2195 tali
1052 2172 1172 2203 causa,
1202 2169 1236 2196 et
1265 2161 1396 2196 iterum
1426 2161 1570 2207 ponitur
1592 2169 1630 2196 ut
1651 2162 1835 2208 praecogi-

268 2227 379 2253 tatus:
404 2226 437 2252 et
460 2218 540 2252 idco
564 2218 760 2263 imputatur
779 2216 822 2250 ad
844 2227 1011 2262 poenam.

341 2273 400 2306 AD
423 2282 609 2310 QUARTUM
634 2270 839 2311 dicendum,
855 2269 950 2315 quod
967 2268 1056 2302 ratio
1079 2267 1138 2302 illa
1162 2268 1383 2314 procederet,
1398 2268 1427 2302 si
1448 2268 1692 2315 irregularitas
1713 2280 1835 2316 seque-

270 2334 366 2361 retur
388 2325 550 2371 culpam:
574 2336 648 2358 non
671 2332 792 2357 autem
814 2322 972 2369 sequitur
994 2321 1151 2368 culpam,
1173 2321 1234 2356 sed
1256 2321 1404 2364 factum,
1431 2330 1578 2369 propter
1600 2322 1758 2369 aliquem
1780 2323 1837 2358 de-

270 2378 407 2413 sectum
426 2377 653 2412 sacramenti.

825 2457 1171 2514 ARTICULUS
1205 2458 1280 2501 VI.
1773 2482 1837 2518 130

325 2557 475 2587 UTRUM
502 2556 610 2586 IDEM
638 2555 779 2585 ACTUS
808 2554 1027 2584 EXTERIOR
1054 2554 1205 2583 POSSIT
1232 2554 1332 2583 ESSE
1361 2553 1520 2594 BONUS,
1547 2555 1602 2585 ET
1631 2554 1788 2584 MALUS.

487 2627 591 2672 (Infr.
606 2638 635 2672 q.
652 2636 702 2672 72.
719 2629 783 2659 art.
801 2624 832 2658 6.
849 2630 937 2670 corp.
956 2635 1020 2658 2-2.
1038 2636 1066 2669 q.
1083 2636 1138 2669 99.
1155 2629 1218 2658 art.
1234 2635 1264 2659 2.
1280 2623 1322 2658 ad
1336 2635 1367 2659 2.
1381 2629 1410 2659 et
1423 2629 1486 2659 art.
1500 2636 1525 2670 3.
1541 2624 1584 2659 ad
1598 2636 1628 2660 2.

392 2686 422 2715 et
443 2692 473 2715 2.
497 2681 585 2715 Dist.
607 2690 664 2724 40.
687 2683 750 2712 ari.
773 2689 805 2722 4.
827 2682 856 2712 et
878 2677 962 2711 Mal.
985 2689 1013 2722 q.
1037 2689 1067 2712 2.
1091 2682 1153 2711 art.
1173 2689 1205 2721 4.
1228 2683 1257 2712 et
1285 2678 1371 2712 Veri.
1394 2689 1424 2724 q.
1446 2690 1473 2713 1.
1492 2683 1558 2713 art.
1580 2689 1612 2722 4.
1635 2685 1724 2725 corp.

855 2736 884 2765 ct
902 2743 931 2776 q.
955 2742 986 2766 2.
1009 2735 1071 2764 clrl.
1091 2743 1118 2777 3.
1139 2731 1258 2777 corp).

349 2806 408 2840 AD
428 2816 579 2840 ffliXTUM
602 2804 652 2839 sic
675 2802 891 2849 proceditur.
915 2801 1076 2843 Videtur,
1099 2802 1195 2848 quod
1222 2813 1314 2836 unus
1341 2809 1441 2837 actus
1468 2803 1581 2848 possit
1607 2814 1684 2838 esse
1710 2803 1839 2846 bonus,

278 2868 313 2896 ct
335 2859 470 2894 malus:
494 2866 616 2894 motus
638 2858 735 2893 enim
758 2864 810 2891 cst
832 2867 935 2897 unm,
957 2855 1017 2902 qui
1045 2863 1098 2889 est
1127 2856 1331 2898 continuus,
1361 2864 1399 2890 ut
1428 2855 1558 2891 dicitur
1584 2857 1618 2891 in
1645 2868 1672 2902 5.
1695 2857 1839 2904 Physic.
