1907 3182
267 196 351 240 244
669 193 888 230 QUAESTIO
920 193 1056 223 XXXII.
1091 193 1335 223 ARTICULUS
1368 193 1412 222 11.

264 276 321 310 via
343 275 586 322 generationis
608 283 772 322 respectu
795 274 907 318 illius3
934 274 1135 309 secundum
1162 274 1259 320 quod
1286 274 1386 309 omni
1409 275 1525 309 motui
1547 274 1751 321 adjungitur
1772 286 1829 321 ge-

263 330 415 372 neratio,
438 338 472 364 et
494 329 689 376 corruptio,
712 336 749 363 ut
776 328 904 363 dicitur
930 328 966 362 in
988 328 1020 362 8.
1042 328 1187 374 Physic.
1212 327 1288 372 (tex.
1311 329 1406 373 24.);
1429 339 1515 375 ergo
1538 336 1659 363 motus
1680 340 1754 363 non
1776 336 1830 364 est

264 395 372 418 causa
394 382 656 418 delectationis.

334 448 365 472 2.
388 437 624 472 PRAETEREA.
646 436 768 470 Motus
790 435 983 482 praecipue
1001 434 1177 477 laborem,
1200 442 1234 469 et
1254 433 1504 469 lassitudinem
1530 435 1668 470 inducit
1688 435 1725 469 in
1747 446 1828 482 ope-

263 491 374 525 ribus:
397 491 459 525 sed
482 491 709 537 operationes
738 501 779 524 ex
805 490 876 523 hoc
904 488 1001 535 quod
1029 497 1111 523 sunt
1132 489 1346 532 laboriosae,
1374 498 1409 524 et
1434 489 1620 532 lassantes,
1646 501 1721 524 non
1747 497 1829 524 sunt

263 544 504 586 delectabiles,
524 544 585 578 sed
604 543 720 589 magis
740 542 951 585 afflictivae3
974 553 1060 588 ergo
1083 550 1204 577 motus
1223 554 1296 577 non
1316 551 1368 577 est
1390 554 1498 577 causa
1519 543 1781 578 delectationis.

336 609 365 644 3.
388 598 623 632 PRAETEREA.
647 597 768 630 Motus
795 596 967 642 importat
992 596 1267 630 innovationem
1295 597 1503 642 quamdam,
1523 608 1614 643 quae
1636 597 1829 644 opponitur

263 652 532 687 consuetudini:
556 651 616 685 sed
640 662 693 692 ea,
716 661 807 696 quae
829 657 912 684 sunt
938 657 1123 692 consueta,
1146 658 1228 684 sunt
1249 650 1353 684 nobis
1375 650 1612 693 delectabilia,
1643 658 1681 685 ut
1708 650 1829 685 Philo-

263 706 397 752 sophus
419 705 504 739 dicit
524 705 561 738 in
582 704 700 751 primo
722 704 872 738 Rhetor.
894 702 979 750 (cap.
1002 716 1047 738 H.
1071 715 1091 738 a
1107 705 1259 750 p1·inc.);
1289 714 1375 750 ergo
1403 712 1524 739 motus
1550 716 1624 739 non
1647 712 1699 739 est
1721 715 1828 739 causa

263 759 523 794 delectationis.

334 813 408 848 SED
436 822 591 848 CONTRA
619 819 683 853 est,
711 811 807 857 quod
830 811 983 857 August.
1015 811 1101 846 dicit
1130 812 1166 845 in
1196 811 1228 847 8.
1252 810 1419 846 Confess.
1449 811 1535 858 (cap.
1560 824 1588 858 3.
1611 817 1684 859 post
1704 812 1827 858 med).-

264 867 355 912 Qnid
381 871 423 902 est
448 867 520 909 hor,
542 867 689 900 Domine
711 866 800 900 Deus
827 877 928 908 meus,
956 877 1030 900 cnm
1058 870 1092 900 tn
1119 866 1153 899 in
1180 870 1349 900 aeternum
1372 866 1435 900 tibi
1456 866 1519 912 ipsi
1543 867 1585 900 sis
1607 865 1778 912 gaudium,
1801 871 1829 900 et

261 920 422 967 quaedam
448 920 483 954 de
506 925 533 954 te
556 920 646 954 circa
668 924 695 954 te
715 925 840 965 semper
859 918 1035 964 gaudeant,
1058 918 1143 964 qnod
1164 919 1240 953 haec
1255 931 1367 954 rernm
1382 925 1464 965 pars
1485 919 1612 954 alterno
1639 919 1772 966 defectu,
1800 925 1829 954 et

257 975 420 1020 profectu,
443 974 683 1019 offensionibus,
707 977 734 1007 et
756 972 1042 1007 conciliationibus
1061 972 1202 1018 gaudet?
1216 972 1267 1006 Ex
1289 983 1361 1018 quo
1384 972 1569 1018 accipitur,
1592 973 1690 1019 quod
1711 972 1828 1007 homi-

260 1039 323 1062 nes
346 1027 514 1073 gaudent,
542 1035 576 1061 et
602 1026 827 1061 delectantur
852 1026 890 1060 in
916 1026 1131 1072 quibusdam
1159 1025 1476 1069 alternationibus3
1499 1033 1534 1061 et
1559 1026 1609 1061 sic
1637 1034 1758 1061 motus
1780 1026 1828 1060 vi-

261 1081 364 1115 detur
386 1092 463 1115 esse
486 1091 594 1114 causa
617 1079 878 1116 delectationis.

330 1134 560 1169 RESPONDEO
588 1133 793 1175 dicendum,
821 1133 919 1179 quod
947 1132 990 1167 ad
1013 1132 1295 1167 delectationem
1317 1134 1383 1168 tria
1403 1133 1650 1180 requiruntur:
1673 1133 1828 1169 scilicet:

260 1190 381 1223 bonnm
409 1187 604 1230 delectans,
632 1188 818 1230 conjunctio
846 1186 1080 1229 delectabilis,
1108 1195 1142 1221 et
1166 1187 1323 1229 tertium,
1351 1187 1448 1234 quod
1475 1194 1528 1222 est
1554 1188 1695 1233 cognitio
1722 1187 1829 1234 hujus

262 1242 540 1288 conjunctionis.
563 1241 606 1276 Et
628 1241 828 1276 secundum
854 1241 945 1275 haec
967 1241 1034 1275 tria
1061 1249 1182 1275 motus
1209 1240 1361 1275 efficitur
1386 1241 1620 1284 delectabilis,
1643 1250 1681 1277 ut
1699 1241 1830 1276 Philo-

260 1296 395 1342 sophus
423 1295 508 1330 dicit
529 1295 565 1329 in
589 1305 619 1340 7.
642 1295 759 1329 Ethic.
784 1294 870 1341 (cap.
889 1295 954 1340 12.)
979 1302 1013 1329 et
1034 1295 1070 1328 in
1096 1306 1123 1329 1.
1147 1294 1253 1329 Rhet.
1278 1295 1332 1339 (ex
1358 1302 1430 1342 cap.
1452 1295 1537 1337 11.).·
1560 1306 1646 1330 nam
1668 1307 1710 1330 ex
1729 1301 1829 1343 parte

259 1358 393 1392 nostra,
416 1349 476 1395 qui
503 1349 738 1390 delectamur,
764 1349 992 1383 trasmutatio
1020 1347 1173 1383 efficitur
1198 1348 1302 1383 nobis
1325 1348 1546 1383 delectabilis
1572 1357 1719 1396 propter
1745 1349 1828 1392 hoc,

260 1403 357 1450 quod
379 1411 507 1437 natura
528 1410 651 1437 nostra
672 1401 956 1437 transmutabilis
979 1410 1049 1437 est:
1073 1410 1107 1436 et
1128 1410 1274 1448 propter
1291 1402 1362 1436 hoc
1386 1403 1483 1449 quod
1505 1410 1559 1436 est
1578 1403 1682 1437 nobis
1702 1414 1830 1437 conve-

259 1457 361 1491 niens
383 1468 491 1499 nunc,
514 1468 587 1490 non
611 1456 676 1490 erit
704 1455 925 1490 conveniens
951 1463 1095 1502 postea,
1118 1456 1210 1490 sicut
1232 1454 1389 1490 calefieri
1411 1456 1455 1490 ad
1477 1456 1599 1502 ignem
1622 1464 1675 1490 est
1701 1467 1831 1490 conve-

260 1511 363 1546 niens
384 1511 526 1545 homini
548 1510 583 1544 in
602 1510 747 1557 hyeme,
762 1521 836 1544 non
859 1518 980 1544 autem
999 1510 1034 1543 in
1051 1517 1196 1544 aestate.
1212 1509 1263 1543 Ex
1277 1514 1377 1556 parte
1394 1521 1482 1544 vero
1500 1509 1587 1544 boni
1605 1509 1829 1552 delectantis,

260 1564 356 1611 quod
378 1564 482 1598 nobis
505 1564 747 1609 conjungitur,
770 1563 808 1597 fit
830 1563 938 1597 etiam
965 1563 1219 1597 transmutatio
1247 1562 1489 1606 delectabilis;
1517 1565 1600 1609 quia
1627 1563 1721 1598 actio
1745 1575 1830 1598 con-

260 1619 397 1653 tinuata
420 1617 569 1663 alicujus
598 1617 737 1663 agentis
761 1625 869 1662 auget
896 1616 1084 1651 effectum:
1108 1617 1200 1650 sicut
1226 1624 1361 1662 quanto
1389 1616 1517 1663 aliquis
1545 1617 1676 1652 diutius
1703 1629 1829 1664 appro-

260 1672 409 1718 pinquat
430 1671 516 1717 igni,
539 1671 655 1716 magis
683 1670 812 1712 calefit,
841 1678 875 1705 et
901 1670 1118 1705 desiccatur:
1141 1670 1314 1704 naturalis
1342 1678 1462 1705 autem
1488 1671 1662 1706 habitudo
1689 1671 1725 1705 in
1747 1683 1830 1718 qua-

259 1726 343 1759 dam
371 1736 538 1759 mensura
567 1724 741 1766 consistit,
770 1732 804 1758 et
830 1724 925 1766 ideo,
954 1724 1097 1770 quando
1134 1724 1343 1758 continuata
1371 1725 1574 1771 praesentia
1604 1724 1826 1760 delectabilis

258 1778 508 1826 superexcedit
530 1789 738 1813 mensuram
765 1778 938 1813 naturalis
964 1778 1197 1820 habitudinis,
1225 1777 1378 1813 efficitur
1399 1779 1555 1813 remotio
1579 1780 1654 1825 ejus
1677 1779 1830 1814 delecta-

257 1833 347 1867 bilis.
364 1833 415 1866 Ex
423 1838 519 1879 parte
536 1844 624 1867 vero
643 1832 754 1878 ipsius
770 1832 1002 1878 cognitionis,
1017 1832 1099 1878 quia
1116 1832 1231 1866 homo
1247 1831 1427 1867 desiderat
1441 1844 1665 1879 cognoscere
1682 1832 1828 1879 aliquod

256 1895 386 1928 totum,
410 1894 444 1921 et
465 1885 682 1933 perfectum;
707 1897 791 1920 cum
814 1897 901 1932 ergo
925 1885 1045 1932 aliqua
1066 1897 1141 1919 non
1167 1893 1337 1932 poterunt
1359 1886 1580 1932 apprehendi
1605 1894 1682 1921 tota
1707 1887 1828 1929 simul,

257 1940 412 1975 delectat
433 1941 468 1974 in
490 1940 545 1974 his
567 1940 833 1983 transmutatio,
857 1948 895 1974 ut
920 1952 1034 1974 unum
1060 1947 1229 1981 transeat,
1259 1947 1293 1973 et
1319 1939 1473 1974 alterum
1502 1940 1684 1982 succedat,
1714 1948 1749 1975 et
1777 1940 1827 1974 sic

260 2003 378 2029 totum
409 1995 600 2036 sentiatur3
628 1994 723 2029 unde
746 1995 900 2040 Angust.
928 1994 1014 2028 dicit
1040 1994 1076 2028 in
1102 2004 1134 2037 4.
1159 1992 1266 2027 Conf.
1296 1994 1384 2041 (rap.
1412 2007 1457 2029 II.
1488 2006 1507 2029 α
1534 1994 1654 2039 med.):
1676 1995 1755 2030 Non
1780 1996 1830 2030 vis

256 2050 366 2094 utique
383 2054 470 2084 stare
489 2048 640 2094 syllabas,
661 2048 713 2082 sed
734 2048 951 2089 transvolare,
975 2053 1010 2082 nt
1031 2048 1116 2082 aliae
1137 2048 1282 2090 veniant,
1303 2053 1331 2082 et
1353 2053 1447 2082 tumn
1474 2048 1610 2083 audias:
1630 2049 1678 2084 ita
1703 2055 1828 2095 semper

257 2103 382 2144 omnia,
406 2114 443 2136 cx
470 2103 585 2147 qnilncs
608 2114 710 2135 annm
738 2101 866 2147 aliquid
887 2106 1025 2144 constat,
1053 2107 1081 2137 et
1107 2113 1172 2136 non
1198 2106 1272 2136 sunt
1299 2103 1411 2136 onmia
1435 2102 1545 2144 situati,
1571 2102 1646 2149 plus
1672 2102 1830 2137 delectant

256 2157 379 2197 omnia,
403 2167 502 2201 qnam
523 2156 666 2200 singulo,
686 2157 713 2190 si
727 2157 855 2202 possint
875 2157 990 2190 sentiri
1012 2157 1134 2190 omnia.

328 2209 367 2243 Si
389 2220 475 2255 ergo
498 2209 542 2243 sit
565 2208 684 2255 aliqua
707 2221 774 2251 res,
798 2210 898 2255 cujus
924 2217 1052 2243 natura
1079 2210 1123 2244 sit
1149 2208 1484 2252 intransmutabilis,
1506 2217 1541 2244 et
1561 2221 1636 2244 non
1658 2210 1772 2256 possit
1792 2210 1828 2244 in

257 2274 297 2297 ea
331 2263 407 2297 fieri
438 2274 604 2297 excessus
631 2262 803 2296 naturalis
830 2263 1050 2297 habitudinis
1085 2275 1147 2310 per
1185 2263 1499 2298 continuationem
1533 2263 1767 2306 delectabilis,
1794 2272 1829 2298 et

255 2328 347 2362 quae
369 2317 482 2363 possit
499 2324 617 2350 totum
637 2328 742 2350 suum
762 2316 973 2350 delectabile
993 2317 1101 2351 simul
1122 2317 1349 2359 intueri,non
1366 2317 1432 2351 erit
1447 2318 1479 2351 ei
1500 2317 1753 2352 transmutatio
1773 2318 1829 2352 de-

255 2370 448 2405 lectabilis:
478 2378 512 2404 et
533 2377 668 2416 quanto
692 2370 833 2416 aliquae
856 2370 1116 2406 delectationes
1146 2371 1225 2418 plus
1249 2372 1292 2405 ad
1314 2371 1385 2405 hoc
1410 2371 1598 2413 accedunt,
1625 2379 1726 2406 tanto
1748 2370 1828 2418 plus

255 2425 457 2459 continuari
478 2432 638 2470 possunt.

328 2478 387 2512 AD
409 2488 558 2513 PRIMUM
583 2488 668 2523 ergo
692 2477 897 2520 dicendum,
925 2478 1021 2524 quod
1044 2478 1078 2512 id
1106 2478 1203 2525 quod
1230 2486 1409 2521 movetur,
1429 2478 1495 2513 etsi
1512 2478 1676 2513 nondum
1697 2477 1829 2512 habeat

255 2531 410 2578 perfecte
429 2532 463 2565 id
488 2531 530 2565 ad
553 2532 649 2577 quod
673 2540 859 2573 movetur3
883 2533 1007 2578 incipit
1021 2540 1144 2567 tamen
1159 2534 1232 2578 jam
1249 2532 1382 2579 aliquid
1401 2533 1535 2567 habere
1554 2533 1641 2578 ejus,
1665 2532 1707 2566 ad
1731 2531 1827 2578 quod

255 2594 436 2620 movetur:
461 2594 495 2619 et
517 2585 715 2619 secundum
748 2585 818 2618 hoc
843 2586 916 2631 ipse
952 2595 1072 2620 motus
1107 2587 1215 2621 habet
1249 2586 1382 2633 aliquid
1419 2586 1681 2628 delectationis,
1708 2585 1828 2620 deficit

253 2647 375 2673 tamen
398 2651 417 2673 a
439 2638 689 2673 delectationis
721 2638 968 2684 perfectione:
999 2652 1083 2674 nam
1112 2639 1344 2687 perfectiores
1380 2639 1639 2674 delectationes
1677 2647 1759 2674 sunt
1791 2639 1826 2672 in

254 2694 357 2727 rebus
379 2692 644 2727 immobilibus:
674 2702 794 2726 motus
817 2693 925 2727 etiam
950 2693 1101 2728 efficitur
1124 2694 1358 2735 delectabilis,
1382 2694 1597 2740 inquantum
1621 2704 1683 2739 per
1705 2693 1823 2739 ipsum

256 2746 292 2780 fit
315 2746 447 2792 aliquid
472 2746 692 2780 conveniens
728 2746 823 2791 quod
864 2747 959 2792 prius
984 2748 1204 2782 conveniens
1226 2759 1299 2781 non
1323 2756 1408 2789 erat,
1442 2747 1500 2781 vel
1527 2747 1656 2782 desinit
1685 2746 1745 2792 [al.
1768 2745 1825 2780 do-

252 2801 344 2845 sivit]
371 2812 459 2842 esse,
483 2808 519 2834 ut
542 2811 647 2846 supra
670 2799 805 2833 dictum
826 2809 877 2834 est
898 2801 946 2844 (th
971 2809 1060 2847 corp.
1087 2803 1181 2846 (ΝΛ).

326 2854 384 2887 ΑΙ)
408 2864 613 2888 δεευκυωῑ
642 2853 847 2895 dicendum,
880 2854 976 2900 quod
1009 2863 1129 2888 motus
1153 2855 1328 2896 laborem,
1351 2863 1385 2889 et
1407 2854 1655 2888 lassitudinem
1679 2853 1825 2895 inducit,

256 2907 455 2941 secundum
495 2907 591 2953 quod
618 2907 839 2941 transcendit
867 2908 1115 2943 habitudinem
1144 2908 1363 2942 naturalem:
1392 2908 1441 2943 sic
1466 2917 1586 2942 autem
1610 2916 1730 2942 motus
1753 2918 1825 2941 non
