<?xml version="1.0" encoding="UTF-8"?>
<!DOCTYPE html PUBLIC "-//W3C//DTD XHTML 1.0 Transitional//EN"
    "http://www.w3.org/TR/xhtml1/DTD/xhtml1-transitional.dtd">
<html xmlns="http://www.w3.org/1999/xhtml" xml:lang="en" lang="en">
 <head>
  <title>
</title>
<meta http-equiv="Content-Type" content="text/html;charset=utf-8" />
  <meta name='ocr-system' content='tesseract 3.04.00' />
  <meta name='ocr-capabilities' content='ocr_page ocr_carea ocr_par ocr_line ocrx_word'/>
</head>
<body>
  <div class='ocr_page' id='page_1' title='image "./divithomaeaquina02thomuoft_0876.png"; bbox 0 0 1875 3198; ppageno 0'>
   <div class='ocr_carea' id='block_1_1' title="bbox 164 167 1329 225">
    <p class='ocr_par' dir='ltr' id='par_1_1' title="bbox 164 167 1329 225">
     <span class='ocr_line' id='line_1_1' title="bbox 164 167 1329 225; baseline -0.004 -15"><span class='ocrx_word' id='word_1_1' title='bbox 164 167 247 223; x_wconf 82' lang='lat'><em>8¹72</em></span> <span class='ocrx_word' id='word_1_2' title='bbox 550 179 770 214; x_wconf 86' lang='lat' dir='ltr'>QUAESTIO</span> <span class='ocrx_word' id='word_1_3' title='bbox 807 178 926 208; x_wconf 82' lang='lat' dir='ltr'>Cx111.</span> <span class='ocrx_word' id='word_1_4' title='bbox 959 177 1206 225; x_wconf 70' lang='lat' dir='ltr'><strong>ARTICULUS</strong></span> <span class='ocrx_word' id='word_1_5' title='bbox 1237 176 1329 205; x_wconf 85' lang='lat' dir='ltr'><strong>VIII.</strong></span> 
     </span>
    </p>
   </div>
   <div class='ocr_carea' id='block_1_2' title="bbox 161 256 1739 2179">
    <p class='ocr_par' dir='ltr' id='par_1_2' title="bbox 161 256 1732 788">
     <span class='ocr_line' id='line_1_2' title="bbox 161 256 1732 306; baseline -0.002 -11"><span class='ocrx_word' id='word_1_6' title='bbox 161 261 232 296; x_wconf 85' lang='lat' dir='ltr'>tiae</span> <span class='ocrx_word' id='word_1_7' title='bbox 253 260 397 303; x_wconf 84' lang='lat' dir='ltr'>infusio,</span> <span class='ocrx_word' id='word_1_8' title='bbox 420 269 459 295; x_wconf 92' lang='lat' dir='ltr'>ut</span> <span class='ocrx_word' id='word_1_9' title='bbox 480 261 616 295; x_wconf 86' lang='lat' dir='ltr'>dictum</span> <span class='ocrx_word' id='word_1_10' title='bbox 635 268 689 295; x_wconf 83' lang='lat' dir='ltr'>est</span> <span class='ocrx_word' id='word_1_11' title='bbox 706 271 814 306; x_wconf 89' lang='lat' dir='ltr'>supra</span> <span class='ocrx_word' id='word_1_12' title='bbox 829 259 909 303; x_wconf 83' lang='lat' dir='ltr'>(art.</span> <span class='ocrx_word' id='word_1_13' title='bbox 932 259 964 294; x_wconf 88' lang='grc'>6.</span> <span class='ocrx_word' id='word_1_14' title='bbox 980 259 1049 304; x_wconf 80' lang='lat' dir='ltr'>huj.</span> <span class='ocrx_word' id='word_1_15' title='bbox 1072 257 1141 303; x_wconf 78' lang='lat' dir='ltr'><em>q.).·</em></span> <span class='ocrx_word' id='word_1_16' title='bbox 1164 265 1286 291; x_wconf 88' lang='lat' dir='ltr'>motus</span> <span class='ocrx_word' id='word_1_17' title='bbox 1309 265 1444 298; x_wconf 89' lang='lat' dir='ltr'>autern,</span> <span class='ocrx_word' id='word_1_18' title='bbox 1461 256 1520 290; x_wconf 89' lang='lat' dir='ltr'>vel</span> <span class='ocrx_word' id='word_1_19' title='bbox 1542 256 1732 303; x_wconf 85' lang='lat' dir='ltr'>dispositio</span> 
     </span>
     <span class='ocr_line' id='line_1_3' title="bbox 163 309 1732 361; baseline -0.003 -12"><span class='ocrx_word' id='word_1_20' title='bbox 163 313 306 349; x_wconf 87' lang='lat' dir='ltr'>mobilis</span> <span class='ocrx_word' id='word_1_21' title='bbox 329 322 381 349; x_wconf 86' lang='lat' dir='ltr'>est</span> <span class='ocrx_word' id='word_1_22' title='bbox 402 314 532 361; x_wconf 83' lang='lat' dir='ltr'>duplex</span> <span class='ocrx_word' id='word_1_23' title='bbox 553 321 675 348; x_wconf 88' lang='lat' dir='ltr'>motus</span> <span class='ocrx_word' id='word_1_24' title='bbox 697 313 799 348; x_wconf 90' lang='lat' dir='ltr'>liberi</span> <span class='ocrx_word' id='word_1_25' title='bbox 821 312 972 346; x_wconf 90' lang='lat' dir='ltr'>arbitrii:</span> <span class='ocrx_word' id='word_1_26' title='bbox 996 311 1172 346; x_wconf 88' lang='lat' dir='ltr'>terminus</span> <span class='ocrx_word' id='word_1_27' title='bbox 1195 318 1328 352; x_wconf 89' lang='lat' dir='ltr'>autem,</span> <span class='ocrx_word' id='word_1_28' title='bbox 1350 309 1409 344; x_wconf 88' lang='lat' dir='ltr'>vel</span> <span class='ocrx_word' id='word_1_29' title='bbox 1429 309 1510 344; x_wconf 88' lang='lat' dir='ltr'>finis</span> <span class='ocrx_word' id='word_1_30' title='bbox 1532 317 1654 345; x_wconf 87' lang='lat' dir='ltr'>motus</span> <span class='ocrx_word' id='word_1_31' title='bbox 1677 318 1732 345; x_wconf 92' lang='lat' dir='ltr'>est</span> 
     </span>
     <span class='ocr_line' id='line_1_4' title="bbox 162 363 1731 414; baseline -0.003 -12"><span class='ocrx_word' id='word_1_32' title='bbox 162 367 329 402; x_wconf 85' lang='lat' dir='ltr'>remissio</span> <span class='ocrx_word' id='word_1_33' title='bbox 344 367 483 414; x_wconf 89' lang='lat' dir='ltr'>culpae,</span> <span class='ocrx_word' id='word_1_34' title='bbox 502 376 540 402; x_wconf 94' lang='lat' dir='ltr'>ut</span> <span class='ocrx_word' id='word_1_35' title='bbox 554 379 594 402; x_wconf 80' lang='lat' dir='ltr'>ex</span> <span class='ocrx_word' id='word_1_36' title='bbox 609 379 718 414; x_wconf 88' lang='lat' dir='ltr'>supra</span> <span class='ocrx_word' id='word_1_37' title='bbox 733 366 836 400; x_wconf 88' lang='lat' dir='ltr'>dictis</span> <span class='ocrx_word' id='word_1_38' title='bbox 852 373 950 411; x_wconf 87' lang='lat' dir='ltr'>patet</span> <span class='ocrx_word' id='word_1_39' title='bbox 966 364 1079 409; x_wconf 81' lang='lat' dir='ltr'>(ibid.)</span> <span class='ocrx_word' id='word_1_40' title='bbox 1088 377 1100 405; x_wconf 90' lang='lat'><em>;</em></span> <span class='ocrx_word' id='word_1_41' title='bbox 1125 372 1160 398; x_wconf 89' lang='lat' dir='ltr'>et</span> <span class='ocrx_word' id='word_1_42' title='bbox 1173 364 1256 398; x_wconf 89' lang='lat' dir='ltr'>ideo</span> <span class='ocrx_word' id='word_1_43' title='bbox 1270 363 1427 398; x_wconf 89' lang='lat' dir='ltr'>naturali</span> <span class='ocrx_word' id='word_1_44' title='bbox 1441 363 1567 398; x_wconf 90' lang='lat' dir='ltr'>ordine</span> <span class='ocrx_word' id='word_1_45' title='bbox 1578 365 1731 410; x_wconf 78' lang='lat' dir='ltr'>primum</span> 
     </span>
     <span class='ocr_line' id='line_1_5' title="bbox 161 416 1731 467; baseline -0.003 -12"><span class='ocrx_word' id='word_1_46' title='bbox 161 421 197 455; x_wconf 91' lang='lat' dir='ltr'>in</span> <span class='ocrx_word' id='word_1_47' title='bbox 219 420 514 466; x_wconf 83' lang='lat' dir='ltr'>justificationem</span> <span class='ocrx_word' id='word_1_48' title='bbox 536 421 638 467; x_wconf 89' lang='lat' dir='ltr'>impii</span> <span class='ocrx_word' id='word_1_49' title='bbox 660 428 713 454; x_wconf 90' lang='lat' dir='ltr'>est</span> <span class='ocrx_word' id='word_1_50' title='bbox 734 419 870 465; x_wconf 81' lang='lat' dir='ltr'>gratiae</span> <span class='ocrx_word' id='word_1_51' title='bbox 891 418 1044 459; x_wconf 89' lang='lat' dir='ltr'>infusio;</span> <span class='ocrx_word' id='word_1_52' title='bbox 1066 417 1242 452; x_wconf 79' lang='lat' dir='ltr'>secundum</span> <span class='ocrx_word' id='word_1_53' title='bbox 1267 425 1320 451; x_wconf 89' lang='lat' dir='ltr'>est</span> <span class='ocrx_word' id='word_1_54' title='bbox 1338 425 1459 451; x_wconf 90' lang='lat' dir='ltr'>motus</span> <span class='ocrx_word' id='word_1_55' title='bbox 1473 416 1577 450; x_wconf 89' lang='lat' dir='ltr'>liberi</span> <span class='ocrx_word' id='word_1_56' title='bbox 1595 417 1731 451; x_wconf 85' lang='lat' dir='ltr'>arbitrii</span> 
     </span>
     <span class='ocr_line' id='line_1_6' title="bbox 162 470 1730 517; baseline -0.003 -9"><span class='ocrx_word' id='word_1_57' title='bbox 162 475 199 508; x_wconf 92' lang='lat' dir='ltr'>in</span> <span class='ocrx_word' id='word_1_58' title='bbox 220 475 358 517; x_wconf 81' lang='lat' dir='ltr'>Deum3</span> <span class='ocrx_word' id='word_1_59' title='bbox 381 476 511 509; x_wconf 77' lang='lat' dir='ltr'>tertium</span> <span class='ocrx_word' id='word_1_60' title='bbox 525 485 612 508; x_wconf 87' lang='lat' dir='ltr'>vero</span> <span class='ocrx_word' id='word_1_61' title='bbox 629 482 682 509; x_wconf 90' lang='lat' dir='ltr'>est</span> <span class='ocrx_word' id='word_1_62' title='bbox 700 481 821 507; x_wconf 88' lang='lat' dir='ltr'>motus</span> <span class='ocrx_word' id='word_1_63' title='bbox 840 472 942 506; x_wconf 89' lang='lat' dir='ltr'>liberi</span> <span class='ocrx_word' id='word_1_64' title='bbox 961 472 1096 505; x_wconf 87' lang='lat' dir='ltr'>arbitrii</span> <span class='ocrx_word' id='word_1_65' title='bbox 1109 472 1146 505; x_wconf 92' lang='lat' dir='ltr'>in</span> <span class='ocrx_word' id='word_1_66' title='bbox 1160 479 1365 517; x_wconf 87' lang='lat' dir='ltr'>peccatum,</span> <span class='ocrx_word' id='word_1_67' title='bbox 1380 478 1527 517; x_wconf 84' lang='lat' dir='ltr'>propter</span> <span class='ocrx_word' id='word_1_68' title='bbox 1544 470 1616 504; x_wconf 89' lang='lat' dir='ltr'>hoc</span> <span class='ocrx_word' id='word_1_69' title='bbox 1633 471 1730 505; x_wconf 87' lang='lat' dir='ltr'>enirn</span> 
     </span>
     <span class='ocr_line' id='line_1_7' title="bbox 161 523 1731 574; baseline -0.003 -12"><span class='ocrx_word' id='word_1_70' title='bbox 161 527 222 562; x_wconf 91' lang='lat' dir='ltr'>ille</span> <span class='ocrx_word' id='word_1_71' title='bbox 245 528 306 574; x_wconf 90' lang='lat' dir='ltr'>qui</span> <span class='ocrx_word' id='word_1_72' title='bbox 325 527 548 574; x_wconf 80' lang='lat' dir='ltr'>justificatur,</span> <span class='ocrx_word' id='word_1_73' title='bbox 571 528 767 561; x_wconf 81' lang='lat' dir='ltr'>detestatur</span> <span class='ocrx_word' id='word_1_74' title='bbox 788 533 992 572; x_wconf 87' lang='lat' dir='ltr'>peccatum,</span> <span class='ocrx_word' id='word_1_75' title='bbox 1015 525 1099 571; x_wconf 87' lang='lat' dir='ltr'>quia</span> <span class='ocrx_word' id='word_1_76' title='bbox 1121 532 1176 558; x_wconf 88' lang='lat' dir='ltr'>est</span> <span class='ocrx_word' id='word_1_77' title='bbox 1194 532 1321 558; x_wconf 85' lang='lat' dir='ltr'>contra</span> <span class='ocrx_word' id='word_1_78' title='bbox 1334 524 1476 566; x_wconf 87' lang='lat' dir='ltr'>Deum;</span> <span class='ocrx_word' id='word_1_79' title='bbox 1495 523 1591 558; x_wconf 89' lang='lat' dir='ltr'>unde</span> <span class='ocrx_word' id='word_1_80' title='bbox 1609 531 1731 558; x_wconf 86' lang='lat' dir='ltr'>motus</span> 
     </span>
     <span class='ocr_line' id='line_1_8' title="bbox 162 577 1731 627; baseline -0.003 -11"><span class='ocrx_word' id='word_1_81' title='bbox 162 581 265 616; x_wconf 91' lang='lat' dir='ltr'>liberi</span> <span class='ocrx_word' id='word_1_82' title='bbox 286 581 420 616; x_wconf 90' lang='lat' dir='ltr'>arbitrii</span> <span class='ocrx_word' id='word_1_83' title='bbox 433 581 470 616; x_wconf 90' lang='lat' dir='ltr'>in</span> <span class='ocrx_word' id='word_1_84' title='bbox 484 582 605 615; x_wconf 86' lang='lat' dir='ltr'>Deum</span> <span class='ocrx_word' id='word_1_85' title='bbox 620 580 804 627; x_wconf 90' lang='lat' dir='ltr'>praecedit</span> <span class='ocrx_word' id='word_1_86' title='bbox 821 578 1031 613; x_wconf 81' lang='lat' dir='ltr'>naturaliter</span> <span class='ocrx_word' id='word_1_87' title='bbox 1048 586 1192 612; x_wconf 88' lang='lat' dir='ltr'>motum</span> <span class='ocrx_word' id='word_1_88' title='bbox 1207 578 1310 612; x_wconf 92' lang='lat' dir='ltr'>liberi</span> <span class='ocrx_word' id='word_1_89' title='bbox 1325 577 1460 612; x_wconf 89' lang='lat' dir='ltr'>arbitrii</span> <span class='ocrx_word' id='word_1_90' title='bbox 1473 577 1509 611; x_wconf 90' lang='lat' dir='ltr'>in</span> <span class='ocrx_word' id='word_1_91' title='bbox 1527 585 1731 623; x_wconf 89' lang='lat' dir='ltr'>peccatum,</span> 
     </span>
     <span class='ocr_line' id='line_1_9' title="bbox 164 630 1732 679; baseline -0.004 -9"><span class='ocrx_word' id='word_1_92' title='bbox 164 646 247 669; x_wconf 91' lang='lat' dir='ltr'>cum</span> <span class='ocrx_word' id='word_1_93' title='bbox 269 635 314 669; x_wconf 90' lang='lat' dir='ltr'>sit</span> <span class='ocrx_word' id='word_1_94' title='bbox 335 646 456 676; x_wconf 85' lang='lat' dir='ltr'>causa,</span> <span class='ocrx_word' id='word_1_95' title='bbox 478 643 512 668; x_wconf 89' lang='lat' dir='ltr'>et</span> <span class='ocrx_word' id='word_1_96' title='bbox 532 635 623 668; x_wconf 89' lang='lat' dir='ltr'>ratio</span> <span class='ocrx_word' id='word_1_97' title='bbox 648 635 742 679; x_wconf 85' lang='lat' dir='ltr'>ejus:</span> <span class='ocrx_word' id='word_1_98' title='bbox 766 638 924 679; x_wconf 73' lang='lat' dir='ltr'>quartam</span> <span class='ocrx_word' id='word_1_99' title='bbox 945 643 1046 674; x_wconf 87' lang='lat' dir='ltr'>vero,</span> <span class='ocrx_word' id='word_1_100' title='bbox 1070 640 1104 666; x_wconf 90' lang='lat' dir='ltr'>et</span> <span class='ocrx_word' id='word_1_101' title='bbox 1130 631 1301 666; x_wconf 88' lang='lat' dir='ltr'>ultimum</span> <span class='ocrx_word' id='word_1_102' title='bbox 1328 639 1382 666; x_wconf 94' lang='lat' dir='ltr'>est</span> <span class='ocrx_word' id='word_1_103' title='bbox 1402 631 1569 665; x_wconf 84' lang='lat' dir='ltr'>remissio</span> <span class='ocrx_word' id='word_1_104' title='bbox 1591 630 1732 677; x_wconf 88' lang='lat' dir='ltr'>culpae,</span> 
     </span>
     <span class='ocr_line' id='line_1_10' title="bbox 164 684 1732 735; baseline -0.003 -12"><span class='ocrx_word' id='word_1_105' title='bbox 164 688 208 722; x_wconf 84' lang='lat' dir='ltr'>ad</span> <span class='ocrx_word' id='word_1_106' title='bbox 230 700 340 735; x_wconf 90' lang='lat' dir='ltr'>quam</span> <span class='ocrx_word' id='word_1_107' title='bbox 357 697 433 723; x_wconf 89' lang='lat' dir='ltr'>tota</span> <span class='ocrx_word' id='word_1_108' title='bbox 456 689 523 722; x_wconf 89' lang='lat' dir='ltr'>ista</span> <span class='ocrx_word' id='word_1_109' title='bbox 543 688 797 722; x_wconf 76' lang='lat' dir='ltr'>transmutatio</span> <span class='ocrx_word' id='word_1_110' title='bbox 813 686 999 721; x_wconf 74' lang='lat' dir='ltr'>ordinatur</span> <span class='ocrx_word' id='word_1_111' title='bbox 1013 686 1105 720; x_wconf 88' lang='lat' dir='ltr'>sicut</span> <span class='ocrx_word' id='word_1_112' title='bbox 1121 685 1164 719; x_wconf 80' lang='lat' dir='ltr'>ad</span> <span class='ocrx_word' id='word_1_113' title='bbox 1180 685 1303 727; x_wconf 87' lang='lat' dir='ltr'>finem,</span> <span class='ocrx_word' id='word_1_114' title='bbox 1322 693 1361 719; x_wconf 87' lang='lat' dir='ltr'>ut</span> <span class='ocrx_word' id='word_1_115' title='bbox 1375 684 1513 719; x_wconf 90' lang='lat' dir='ltr'>dictum</span> <span class='ocrx_word' id='word_1_116' title='bbox 1533 693 1586 719; x_wconf 86' lang='lat' dir='ltr'>est</span> <span class='ocrx_word' id='word_1_117' title='bbox 1602 685 1684 730; x_wconf 82' lang='lat' dir='ltr'>(art.</span> <span class='ocrx_word' id='word_1_118' title='bbox 1703 697 1732 719; x_wconf 87' lang='lat'>1.</span> 
     </span>
     <span class='ocr_line' id='line_1_11' title="bbox 163 742 420 788; baseline -0.004 -12"><span class='ocrx_word' id='word_1_119' title='bbox 163 746 191 776; x_wconf 82' lang='lat' dir='ltr'>et</span> <span class='ocrx_word' id='word_1_120' title='bbox 212 742 244 777; x_wconf 98' lang='grc'><em>6</em></span> <span class='ocrx_word' id='word_1_121' title='bbox 267 742 336 788; x_wconf 79' lang='lat' dir='ltr'>huj.</span> <span class='ocrx_word' id='word_1_122' title='bbox 359 742 420 788; x_wconf 56' lang='grc' dir='ltr'>ᾳ).</span> 
     </span>
    </p>

    <p class='ocr_par' dir='ltr' id='par_1_3' title="bbox 163 791 1738 1644">
     <span class='ocr_line' id='line_1_12' title="bbox 235 791 1735 841; baseline -0.003 -11"><span class='ocrx_word' id='word_1_123' title='bbox 235 795 295 830; x_wconf 88' lang='lat' dir='ltr'>AD</span> <span class='ocrx_word' id='word_1_124' title='bbox 310 806 459 830; x_wconf 80' lang='lat' dir='ltr'><strong>PRIMUM</strong></span> <span class='ocrx_word' id='word_1_125' title='bbox 482 806 569 841; x_wconf 85' lang='lat' dir='ltr'>ergo</span> <span class='ocrx_word' id='word_1_126' title='bbox 593 794 798 835; x_wconf 87' lang='lat' dir='ltr'>dicendum,</span> <span class='ocrx_word' id='word_1_127' title='bbox 821 793 918 839; x_wconf 90' lang='lat' dir='ltr'>quod</span> <span class='ocrx_word' id='word_1_128' title='bbox 941 804 1103 827; x_wconf 88' lang='lat' dir='ltr'>recessus</span> <span class='ocrx_word' id='word_1_129' title='bbox 1128 804 1147 827; x_wconf 89' lang='lat' dir='ltr'>a</span> <span class='ocrx_word' id='word_1_130' title='bbox 1169 791 1340 833; x_wconf 83' lang='lat' dir='ltr'>termino,</span> <span class='ocrx_word' id='word_1_131' title='bbox 1363 799 1398 826; x_wconf 91' lang='lat' dir='ltr'>et</span> <span class='ocrx_word' id='word_1_132' title='bbox 1420 802 1587 826; x_wconf 84' lang='lat' dir='ltr'>accessus</span> <span class='ocrx_word' id='word_1_133' title='bbox 1610 791 1653 825; x_wconf 89' lang='lat' dir='ltr'>ad</span> <span class='ocrx_word' id='word_1_134' title='bbox 1668 799 1735 825; x_wconf 91' lang='lat' dir='ltr'>ter-</span> 
     </span>
     <span class='ocr_line' id='line_1_13' title="bbox 164 840 1732 895; baseline -0.003 -12"><span class='ocrx_word' id='word_1_135' title='bbox 164 840 305 882; x_wconf 88' lang='lat' dir='ltr'>minum</span> <span class='ocrx_word' id='word_1_136' title='bbox 327 848 517 895; x_wconf 85' lang='lat' dir='ltr'>dupliciter</span> <span class='ocrx_word' id='word_1_137' title='bbox 538 847 760 882; x_wconf 86' lang='lat' dir='ltr'>considerari</span> <span class='ocrx_word' id='word_1_138' title='bbox 785 854 954 893; x_wconf 89' lang='lat' dir='ltr'>possunt:</span> <span class='ocrx_word' id='word_1_139' title='bbox 983 857 1056 880; x_wconf 89' lang='lat' dir='ltr'>uno</span> <span class='ocrx_word' id='word_1_140' title='bbox 1084 846 1197 880; x_wconf 86' lang='lat' dir='ltr'>modo</span> <span class='ocrx_word' id='word_1_141' title='bbox 1229 857 1273 880; x_wconf 86' lang='lat' dir='ltr'>ex</span> <span class='ocrx_word' id='word_1_142' title='bbox 1303 853 1404 891; x_wconf 87' lang='lat' dir='ltr'>parte</span> <span class='ocrx_word' id='word_1_143' title='bbox 1432 845 1597 880; x_wconf 86' lang='lat' dir='ltr'>mobilis:</span> <span class='ocrx_word' id='word_1_144' title='bbox 1620 853 1655 879; x_wconf 88' lang='lat' dir='ltr'>et</span> <span class='ocrx_word' id='word_1_145' title='bbox 1681 845 1732 879; x_wconf 91' lang='lat' dir='ltr'>sic</span> 
     </span>
     <span class='ocr_line' id='line_1_14' title="bbox 163 899 1734 947; baseline -0.003 -11"><span class='ocrx_word' id='word_1_146' title='bbox 163 901 373 936; x_wconf 82' lang='lat' dir='ltr'>naturaliter</span> <span class='ocrx_word' id='word_1_147' title='bbox 395 913 557 936; x_wconf 84' lang='lat' dir='ltr'>recessus</span> <span class='ocrx_word' id='word_1_148' title='bbox 580 913 599 935; x_wconf 87' lang='lat' dir='ltr'>a</span> <span class='ocrx_word' id='word_1_149' title='bbox 620 901 776 936; x_wconf 86' lang='lat' dir='ltr'>termino</span> <span class='ocrx_word' id='word_1_150' title='bbox 798 900 983 947; x_wconf 88' lang='lat' dir='ltr'>praecedit</span> <span class='ocrx_word' id='word_1_151' title='bbox 1004 911 1194 934; x_wconf 88' lang='lat' dir='ltr'>accessum</span> <span class='ocrx_word' id='word_1_152' title='bbox 1217 899 1261 933; x_wconf 91' lang='lat' dir='ltr'>ad</span> <span class='ocrx_word' id='word_1_153' title='bbox 1283 899 1501 934; x_wconf 86' lang='lat' dir='ltr'>terminum:</span> <span class='ocrx_word' id='word_1_154' title='bbox 1524 899 1621 945; x_wconf 90' lang='lat' dir='ltr'>prius</span> <span class='ocrx_word' id='word_1_155' title='bbox 1636 899 1734 933; x_wconf 86' lang='lat' dir='ltr'>enim</span> 
     </span>
     <span class='ocr_line' id='line_1_15' title="bbox 165 952 1734 1001; baseline -0.002 -12"><span class='ocrx_word' id='word_1_156' title='bbox 165 963 218 990; x_wconf 83' lang='lat' dir='ltr'>est</span> <span class='ocrx_word' id='word_1_157' title='bbox 237 955 274 989; x_wconf 91' lang='lat' dir='ltr'>in</span> <span class='ocrx_word' id='word_1_158' title='bbox 295 955 458 1001; x_wconf 85' lang='lat' dir='ltr'>subjecto</span> <span class='ocrx_word' id='word_1_159' title='bbox 480 955 608 989; x_wconf 89' lang='lat' dir='ltr'>mobili</span> <span class='ocrx_word' id='word_1_160' title='bbox 630 954 851 1001; x_wconf 85' lang='lat' dir='ltr'>oppositum,</span> <span class='ocrx_word' id='word_1_161' title='bbox 874 953 971 1000; x_wconf 88' lang='lat' dir='ltr'>quod</span> <span class='ocrx_word' id='word_1_162' title='bbox 995 953 1170 999; x_wconf 83' lang='lat' dir='ltr'>abjicitur,</span> <span class='ocrx_word' id='word_1_163' title='bbox 1191 960 1226 987; x_wconf 92' lang='lat' dir='ltr'>et</span> <span class='ocrx_word' id='word_1_164' title='bbox 1245 953 1484 999; x_wconf 88' lang='lat' dir='ltr'>postmodum</span> <span class='ocrx_word' id='word_1_165' title='bbox 1507 960 1560 987; x_wconf 90' lang='lat' dir='ltr'>est</span> <span class='ocrx_word' id='word_1_166' title='bbox 1574 952 1621 994; x_wconf 92' lang='lat' dir='ltr'>id,</span> <span class='ocrx_word' id='word_1_167' title='bbox 1636 952 1734 998; x_wconf 91' lang='lat' dir='ltr'>quod</span> 
     </span>
     <span class='ocr_line' id='line_1_16' title="bbox 163 1006 1730 1056; baseline -0.003 -13"><span class='ocrx_word' id='word_1_168' title='bbox 163 1020 226 1055; x_wconf 93' lang='lat' dir='ltr'>per</span> <span class='ocrx_word' id='word_1_169' title='bbox 247 1017 390 1043; x_wconf 88' lang='lat' dir='ltr'>motum</span> <span class='ocrx_word' id='word_1_170' title='bbox 417 1009 618 1056; x_wconf 83' lang='lat' dir='ltr'>assequitur</span> <span class='ocrx_word' id='word_1_171' title='bbox 643 1008 796 1042; x_wconf 86' lang='lat' dir='ltr'>mobile:</span> <span class='ocrx_word' id='word_1_172' title='bbox 825 1008 886 1041; x_wconf 87' lang='lat' dir='ltr'>sed</span> <span class='ocrx_word' id='word_1_173' title='bbox 906 1018 947 1041; x_wconf 85' lang='lat' dir='ltr'>ex</span> <span class='ocrx_word' id='word_1_174' title='bbox 975 1014 1074 1053; x_wconf 87' lang='lat' dir='ltr'>parte</span> <span class='ocrx_word' id='word_1_175' title='bbox 1103 1006 1242 1052; x_wconf 85' lang='lat' dir='ltr'>agentis</span> <span class='ocrx_word' id='word_1_176' title='bbox 1265 1014 1318 1040; x_wconf 86' lang='lat' dir='ltr'>est</span> <span class='ocrx_word' id='word_1_177' title='bbox 1348 1017 1366 1040; x_wconf 92' lang='lat' dir='ltr'>e</span> <span class='ocrx_word' id='word_1_178' title='bbox 1399 1017 1590 1048; x_wconf 87' lang='lat' dir='ltr'>converso,</span> <span class='ocrx_word' id='word_1_179' title='bbox 1617 1016 1730 1051; x_wconf 85' lang='lat' dir='ltr'>agens</span> 
     </span>
     <span class='ocr_line' id='line_1_17' title="bbox 164 1059 1734 1109; baseline -0.002 -13"><span class='ocrx_word' id='word_1_180' title='bbox 164 1063 260 1097; x_wconf 90' lang='lat' dir='ltr'>enim</span> <span class='ocrx_word' id='word_1_181' title='bbox 282 1074 345 1109; x_wconf 90' lang='lat' dir='ltr'>per</span> <span class='ocrx_word' id='word_1_182' title='bbox 365 1063 535 1105; x_wconf 86' lang='lat' dir='ltr'>formam,</span> <span class='ocrx_word' id='word_1_183' title='bbox 558 1074 649 1109; x_wconf 87' lang='lat' dir='ltr'>quae</span> <span class='ocrx_word' id='word_1_184' title='bbox 676 1062 712 1096; x_wconf 88' lang='lat' dir='ltr'>in</span> <span class='ocrx_word' id='word_1_185' title='bbox 735 1073 778 1096; x_wconf 93' lang='lat' dir='ltr'>eo</span> <span class='ocrx_word' id='word_1_186' title='bbox 800 1061 1017 1108; x_wconf 80' lang='lat' dir='ltr'>praeexistit,</span> <span class='ocrx_word' id='word_1_187' title='bbox 1041 1060 1115 1106; x_wconf 83' lang='lat' dir='ltr'>agit</span> <span class='ocrx_word' id='word_1_188' title='bbox 1137 1060 1180 1094; x_wconf 88' lang='lat' dir='ltr'>ad</span> <span class='ocrx_word' id='word_1_189' title='bbox 1202 1060 1468 1094; x_wconf 85' lang='lat' dir='ltr'>removendum</span> <span class='ocrx_word' id='word_1_190' title='bbox 1491 1059 1734 1094; x_wconf 86' lang='lat' dir='ltr'>contrarium:</span> 
     </span>
     <span class='ocr_line' id='line_1_18' title="bbox 163 1113 1735 1162; baseline -0.002 -12"><span class='ocrx_word' id='word_1_191' title='bbox 163 1116 255 1150; x_wconf 88' lang='lat' dir='ltr'>sicut</span> <span class='ocrx_word' id='word_1_192' title='bbox 276 1116 332 1150; x_wconf 92' lang='lat' dir='ltr'>sol</span> <span class='ocrx_word' id='word_1_193' title='bbox 352 1128 415 1162; x_wconf 89' lang='lat' dir='ltr'>per</span> <span class='ocrx_word' id='word_1_194' title='bbox 436 1128 540 1151; x_wconf 86' lang='lat' dir='ltr'>suam</span> <span class='ocrx_word' id='word_1_195' title='bbox 565 1116 686 1150; x_wconf 89' lang='lat' dir='ltr'>lucem</span> <span class='ocrx_word' id='word_1_196' title='bbox 714 1115 787 1161; x_wconf 83' lang='lat' dir='ltr'>agit</span> <span class='ocrx_word' id='word_1_197' title='bbox 817 1115 861 1149; x_wconf 88' lang='lat' dir='ltr'>ad</span> <span class='ocrx_word' id='word_1_198' title='bbox 890 1115 1157 1148; x_wconf 87' lang='lat' dir='ltr'>removendum</span> <span class='ocrx_word' id='word_1_199' title='bbox 1187 1114 1376 1156; x_wconf 88' lang='lat' dir='ltr'>tenebras;</span> <span class='ocrx_word' id='word_1_200' title='bbox 1399 1121 1434 1148; x_wconf 86' lang='lat' dir='ltr'>et</span> <span class='ocrx_word' id='word_1_201' title='bbox 1462 1113 1545 1148; x_wconf 91' lang='lat' dir='ltr'>ideo</span> <span class='ocrx_word' id='word_1_202' title='bbox 1569 1124 1610 1148; x_wconf 77' lang='lat' dir='ltr'>ex</span> <span class='ocrx_word' id='word_1_203' title='bbox 1632 1121 1735 1159; x_wconf 85' lang='lat' dir='ltr'>parte</span> 
     </span>
     <span class='ocr_line' id='line_1_19' title="bbox 164 1165 1737 1215; baseline -0.002 -12"><span class='ocrx_word' id='word_1_204' title='bbox 164 1169 250 1203; x_wconf 88' lang='lat' dir='ltr'>solis</span> <span class='ocrx_word' id='word_1_205' title='bbox 272 1170 368 1215; x_wconf 92' lang='lat' dir='ltr'>prius</span> <span class='ocrx_word' id='word_1_206' title='bbox 392 1178 445 1204; x_wconf 87' lang='lat' dir='ltr'>est</span> <span class='ocrx_word' id='word_1_207' title='bbox 465 1169 683 1211; x_wconf 87' lang='lat' dir='ltr'>illuminare,</span> <span class='ocrx_word' id='word_1_208' title='bbox 708 1180 817 1215; x_wconf 89' lang='lat' dir='ltr'>quam</span> <span class='ocrx_word' id='word_1_209' title='bbox 839 1168 1006 1203; x_wconf 85' lang='lat' dir='ltr'>tenebras</span> <span class='ocrx_word' id='word_1_210' title='bbox 1028 1179 1240 1210; x_wconf 73' lang='lat' dir='ltr'>removere,</span> <span class='ocrx_word' id='word_1_211' title='bbox 1263 1178 1304 1201; x_wconf 79' lang='lat' dir='ltr'>ex</span> <span class='ocrx_word' id='word_1_212' title='bbox 1323 1175 1424 1213; x_wconf 87' lang='lat' dir='ltr'>parte</span> <span class='ocrx_word' id='word_1_213' title='bbox 1447 1175 1570 1201; x_wconf 90' lang='lat' dir='ltr'>autern</span> <span class='ocrx_word' id='word_1_214' title='bbox 1591 1166 1684 1201; x_wconf 71' lang='lat' dir='ltr'>aeris</span> <span class='ocrx_word' id='word_1_215' title='bbox 1698 1165 1737 1199; x_wconf 91' lang='lat' dir='ltr'>il-</span> 
     </span>
     <span class='ocr_line' id='line_1_20' title="bbox 163 1220 1736 1269; baseline -0.002 -12"><span class='ocrx_word' id='word_1_216' title='bbox 163 1221 366 1256; x_wconf 86' lang='lat' dir='ltr'>luminandi</span> <span class='ocrx_word' id='word_1_217' title='bbox 387 1225 482 1269; x_wconf 91' lang='lat' dir='ltr'>prius</span> <span class='ocrx_word' id='word_1_218' title='bbox 507 1230 559 1257; x_wconf 89' lang='lat' dir='ltr'>est</span> <span class='ocrx_word' id='word_1_219' title='bbox 572 1223 717 1269; x_wconf 81' lang='lat' dir='ltr'>purgari</span> <span class='ocrx_word' id='word_1_220' title='bbox 732 1234 751 1256; x_wconf 87' lang='lat' dir='ltr'>a</span> <span class='ocrx_word' id='word_1_221' title='bbox 765 1222 934 1264; x_wconf 87' lang='lat' dir='ltr'>tenebris,</span> <span class='ocrx_word' id='word_1_222' title='bbox 954 1233 1066 1268; x_wconf 88' lang='lat' dir='ltr'>quam</span> <span class='ocrx_word' id='word_1_223' title='bbox 1086 1221 1261 1267; x_wconf 85' lang='lat' dir='ltr'>consequi</span> <span class='ocrx_word' id='word_1_224' title='bbox 1280 1220 1405 1254; x_wconf 88' lang='lat' dir='ltr'>lumen</span> <span class='ocrx_word' id='word_1_225' title='bbox 1424 1221 1550 1254; x_wconf 90' lang='lat' dir='ltr'>ordine</span> <span class='ocrx_word' id='word_1_226' title='bbox 1566 1228 1736 1261; x_wconf 86' lang='lat' dir='ltr'>naturae;</span> 
     </span>
     <span class='ocr_line' id='line_1_21' title="bbox 163 1273 1735 1323; baseline -0.001 -13"><span class='ocrx_word' id='word_1_227' title='bbox 163 1276 248 1310; x_wconf 91' lang='lat' dir='ltr'>licet</span> <span class='ocrx_word' id='word_1_228' title='bbox 269 1284 460 1323; x_wconf 89' lang='lat' dir='ltr'>utrumque</span> <span class='ocrx_word' id='word_1_229' title='bbox 481 1277 527 1311; x_wconf 93' lang='lat' dir='ltr'>sit</span> <span class='ocrx_word' id='word_1_230' title='bbox 549 1276 657 1311; x_wconf 88' lang='lat' dir='ltr'>simul</span> <span class='ocrx_word' id='word_1_231' title='bbox 678 1284 862 1321; x_wconf 87' lang='lat' dir='ltr'>tempore:</span> <span class='ocrx_word' id='word_1_232' title='bbox 886 1283 920 1310; x_wconf 87' lang='lat' dir='ltr'>et</span> <span class='ocrx_word' id='word_1_233' title='bbox 942 1275 1025 1321; x_wconf 88' lang='lat' dir='ltr'>quia</span> <span class='ocrx_word' id='word_1_234' title='bbox 1047 1274 1179 1309; x_wconf 85' lang='lat' dir='ltr'>infusio</span> <span class='ocrx_word' id='word_1_235' title='bbox 1202 1274 1353 1320; x_wconf 82' lang='lat' dir='ltr'>gratiae,</span> <span class='ocrx_word' id='word_1_236' title='bbox 1368 1281 1402 1308; x_wconf 91' lang='lat' dir='ltr'>et</span> <span class='ocrx_word' id='word_1_237' title='bbox 1422 1274 1588 1309; x_wconf 89' lang='lat' dir='ltr'>remissio</span> <span class='ocrx_word' id='word_1_238' title='bbox 1608 1273 1735 1320; x_wconf 84' lang='lat' dir='ltr'>culpae</span> 
     </span>
     <span class='ocr_line' id='line_1_22' title="bbox 165 1328 1738 1377; baseline -0.002 -13"><span class='ocrx_word' id='word_1_239' title='bbox 165 1330 331 1364; x_wconf 86' lang='lat' dir='ltr'>dicuntur</span> <span class='ocrx_word' id='word_1_240' title='bbox 352 1342 394 1364; x_wconf 77' lang='lat' dir='ltr'>ex</span> <span class='ocrx_word' id='word_1_241' title='bbox 416 1338 515 1377; x_wconf 89' lang='lat' dir='ltr'>parte</span> <span class='ocrx_word' id='word_1_242' title='bbox 536 1330 608 1364; x_wconf 86' lang='lat' dir='ltr'>Dei</span> <span class='ocrx_word' id='word_1_243' title='bbox 625 1330 867 1376; x_wconf 81' lang='lat' dir='ltr'>justificantis3</span> <span class='ocrx_word' id='word_1_244' title='bbox 891 1329 973 1363; x_wconf 91' lang='lat' dir='ltr'>ideo</span> <span class='ocrx_word' id='word_1_245' title='bbox 997 1329 1124 1363; x_wconf 87' lang='lat' dir='ltr'>ordine</span> <span class='ocrx_word' id='word_1_246' title='bbox 1146 1336 1295 1362; x_wconf 85' lang='lat' dir='ltr'>naturae</span> <span class='ocrx_word' id='word_1_247' title='bbox 1322 1328 1421 1375; x_wconf 88' lang='lat' dir='ltr'>prior</span> <span class='ocrx_word' id='word_1_248' title='bbox 1443 1336 1497 1362; x_wconf 88' lang='lat' dir='ltr'>est</span> <span class='ocrx_word' id='word_1_249' title='bbox 1522 1328 1659 1374; x_wconf 84' lang='lat' dir='ltr'>gratiae</span> <span class='ocrx_word' id='word_1_250' title='bbox 1685 1328 1738 1361; x_wconf 90' lang='lat' dir='ltr'>in-</span> 
     </span>
     <span class='ocr_line' id='line_1_23' title="bbox 163 1381 1736 1431; baseline -0.003 -12"><span class='ocrx_word' id='word_1_251' title='bbox 163 1383 269 1426; x_wconf 86' lang='lat' dir='ltr'>fusio,</span> <span class='ocrx_word' id='word_1_252' title='bbox 292 1396 402 1430; x_wconf 89' lang='lat' dir='ltr'>quam</span> <span class='ocrx_word' id='word_1_253' title='bbox 424 1384 550 1431; x_wconf 86' lang='lat' dir='ltr'>culpae</span> <span class='ocrx_word' id='word_1_254' title='bbox 572 1384 757 1418; x_wconf 82' lang='lat' dir='ltr'>remissio:</span> <span class='ocrx_word' id='word_1_255' title='bbox 777 1384 839 1418; x_wconf 90' lang='lat' dir='ltr'>sed</span> <span class='ocrx_word' id='word_1_256' title='bbox 855 1383 883 1417; x_wconf 90' lang='lat' dir='ltr'>si</span> <span class='ocrx_word' id='word_1_257' title='bbox 902 1391 1091 1417; x_wconf 84' lang='lat' dir='ltr'>sumantur</span> <span class='ocrx_word' id='word_1_258' title='bbox 1110 1394 1163 1424; x_wconf 84' lang='lat' dir='ltr'>ea,</span> <span class='ocrx_word' id='word_1_259' title='bbox 1183 1393 1275 1428; x_wconf 87' lang='lat' dir='ltr'>quae</span> <span class='ocrx_word' id='word_1_260' title='bbox 1295 1390 1378 1416; x_wconf 87' lang='lat' dir='ltr'>sunt</span> <span class='ocrx_word' id='word_1_261' title='bbox 1395 1393 1438 1416; x_wconf 85' lang='lat' dir='ltr'>ex</span> <span class='ocrx_word' id='word_1_262' title='bbox 1455 1389 1555 1428; x_wconf 90' lang='lat' dir='ltr'>parte</span> <span class='ocrx_word' id='word_1_263' title='bbox 1573 1381 1736 1416; x_wconf 89' lang='lat' dir='ltr'>hominis</span> 
     </span>
     <span class='ocr_line' id='line_1_24' title="bbox 163 1435 1735 1484; baseline -0.002 -12"><span class='ocrx_word' id='word_1_264' title='bbox 163 1438 356 1484; x_wconf 82' lang='lat' dir='ltr'>justificati,</span> <span class='ocrx_word' id='word_1_265' title='bbox 372 1446 424 1472; x_wconf 93' lang='lat' dir='ltr'>est</span> <span class='ocrx_word' id='word_1_266' title='bbox 438 1450 456 1472; x_wconf 93' lang='lat' dir='ltr'>e</span> <span class='ocrx_word' id='word_1_267' title='bbox 472 1449 668 1472; x_wconf 82' lang='lat' dir='ltr'>converso:</span> <span class='ocrx_word' id='word_1_268' title='bbox 685 1449 770 1471; x_wconf 80' lang='lat' dir='ltr'>nam</span> <span class='ocrx_word' id='word_1_269' title='bbox 782 1438 880 1483; x_wconf 88' lang='lat' dir='ltr'>prius</span> <span class='ocrx_word' id='word_1_270' title='bbox 895 1445 948 1471; x_wconf 90' lang='lat' dir='ltr'>est</span> <span class='ocrx_word' id='word_1_271' title='bbox 964 1437 1090 1470; x_wconf 89' lang='lat' dir='ltr'>ordine</span> <span class='ocrx_word' id='word_1_272' title='bbox 1110 1444 1260 1470; x_wconf 84' lang='lat' dir='ltr'>naturae</span> <span class='ocrx_word' id='word_1_273' title='bbox 1275 1435 1441 1470; x_wconf 87' lang='lat' dir='ltr'>liberatio</span> <span class='ocrx_word' id='word_1_274' title='bbox 1457 1447 1477 1469; x_wconf 88' lang='lat' dir='ltr'>a</span> <span class='ocrx_word' id='word_1_275' title='bbox 1492 1435 1609 1482; x_wconf 87' lang='lat' dir='ltr'>culpa,</span> <span class='ocrx_word' id='word_1_276' title='bbox 1625 1447 1735 1482; x_wconf 88' lang='lat' dir='ltr'>quam</span> 
     </span>
     <span class='ocr_line' id='line_1_25' title="bbox 165 1489 1734 1537; baseline -0.002 -12"><span class='ocrx_word' id='word_1_277' title='bbox 165 1491 375 1525; x_wconf 92' lang='lat' dir='ltr'>consecutio</span> <span class='ocrx_word' id='word_1_278' title='bbox 399 1492 535 1537; x_wconf 84' lang='lat' dir='ltr'>gratiae</span> <span class='ocrx_word' id='word_1_279' title='bbox 556 1491 791 1537; x_wconf 79' lang='lat' dir='ltr'>justificantis.</span> <span class='ocrx_word' id='word_1_280' title='bbox 815 1490 884 1524; x_wconf 79' lang='lat' dir='ltr'>Vel</span> <span class='ocrx_word' id='word_1_281' title='bbox 911 1498 1030 1536; x_wconf 91' lang='lat' dir='ltr'>potest</span> <span class='ocrx_word' id='word_1_282' title='bbox 1057 1490 1138 1532; x_wconf 89' lang='lat' dir='ltr'>dici,</span> <span class='ocrx_word' id='word_1_283' title='bbox 1169 1489 1266 1536; x_wconf 92' lang='lat' dir='ltr'>quod</span> <span class='ocrx_word' id='word_1_284' title='bbox 1297 1489 1444 1523; x_wconf 86' lang='lat' dir='ltr'>termini</span> <span class='ocrx_word' id='word_1_285' title='bbox 1465 1489 1734 1535; x_wconf 86' lang='lat' dir='ltr'>justificationis</span> 
     </span>
     <span class='ocr_line' id='line_1_26' title="bbox 165 1542 1735 1591; baseline -0.002 -12"><span class='ocrx_word' id='word_1_286' title='bbox 165 1553 247 1579; x_wconf 91' lang='lat' dir='ltr'>sunt</span> <span class='ocrx_word' id='word_1_287' title='bbox 269 1544 373 1591; x_wconf 89' lang='lat' dir='ltr'>culpa</span> <span class='ocrx_word' id='word_1_288' title='bbox 396 1545 488 1579; x_wconf 91' lang='lat' dir='ltr'>sicut</span> <span class='ocrx_word' id='word_1_289' title='bbox 509 1556 529 1579; x_wconf 82' lang='grc' dir='ltr'><em>α</em></span> <span class='ocrx_word' id='word_1_290' title='bbox 551 1557 633 1590; x_wconf 63' lang='lat' dir='ltr'>two,-</span> <span class='ocrx_word' id='word_1_291' title='bbox 654 1553 688 1579; x_wconf 88' lang='lat' dir='ltr'>et</span> <span class='ocrx_word' id='word_1_292' title='bbox 708 1544 842 1590; x_wconf 80' lang='lat' dir='ltr'>justitia</span> <span class='ocrx_word' id='word_1_293' title='bbox 864 1544 955 1577; x_wconf 90' lang='lat' dir='ltr'>sicut</span> <span class='ocrx_word' id='word_1_294' title='bbox 978 1543 1020 1577; x_wconf 73' lang='lat' dir='ltr'>ad</span> <span class='ocrx_word' id='word_1_295' title='bbox 1038 1555 1152 1589; x_wconf 68' lang='lat' dir='ltr'>quem:</span> <span class='ocrx_word' id='word_1_296' title='bbox 1177 1542 1291 1589; x_wconf 85' lang='lat' dir='ltr'>gratia</span> <span class='ocrx_word' id='word_1_297' title='bbox 1306 1554 1393 1577; x_wconf 79' lang='lat' dir='ltr'>vero</span> <span class='ocrx_word' id='word_1_298' title='bbox 1414 1550 1467 1576; x_wconf 93' lang='lat' dir='ltr'>est</span> <span class='ocrx_word' id='word_1_299' title='bbox 1485 1554 1594 1577; x_wconf 88' lang='lat' dir='ltr'>causa</span> <span class='ocrx_word' id='word_1_300' title='bbox 1612 1542 1735 1577; x_wconf 87' lang='lat' dir='ltr'>remis-</span> 
     </span>
     <span class='ocr_line' id='line_1_27' title="bbox 164 1597 909 1644; baseline -0.003 -12"><span class='ocrx_word' id='word_1_301' title='bbox 164 1598 275 1632; x_wconf 89' lang='lat' dir='ltr'>sionis</span> <span class='ocrx_word' id='word_1_302' title='bbox 298 1598 437 1644; x_wconf 85' lang='lat' dir='ltr'>culpae,</span> <span class='ocrx_word' id='word_1_303' title='bbox 460 1607 496 1632; x_wconf 93' lang='lat' dir='ltr'>et</span> <span class='ocrx_word' id='word_1_304' title='bbox 517 1598 717 1644; x_wconf 86' lang='lat' dir='ltr'>adeptionis</span> <span class='ocrx_word' id='word_1_305' title='bbox 740 1597 909 1644; x_wconf 86' lang='lat' dir='ltr'>justitiae.</span> 
     </span>
    </p>

    <p class='ocr_par' dir='ltr' id='par_1_4' title="bbox 164 1649 1739 1857">
     <span class='ocr_line' id='line_1_28' title="bbox 235 1649 1734 1697; baseline -0.002 -11"><span class='ocrx_word' id='word_1_306' title='bbox 235 1652 294 1686; x_wconf 87' lang='lat' dir='ltr'>AD</span> <span class='ocrx_word' id='word_1_307' title='bbox 322 1663 530 1686; x_wconf 71' lang='lat' dir='ltr'>sECUNDUM</span> <span class='ocrx_word' id='word_1_308' title='bbox 552 1652 756 1693; x_wconf 83' lang='lat' dir='ltr'>dicendum,</span> <span class='ocrx_word' id='word_1_309' title='bbox 773 1651 869 1697; x_wconf 88' lang='lat' dir='ltr'>quod</span> <span class='ocrx_word' id='word_1_310' title='bbox 889 1650 1076 1696; x_wconf 86' lang='lat' dir='ltr'>dispositio</span> <span class='ocrx_word' id='word_1_311' title='bbox 1093 1649 1244 1695; x_wconf 85' lang='lat' dir='ltr'>subjecti</span> <span class='ocrx_word' id='word_1_312' title='bbox 1257 1649 1441 1695; x_wconf 87' lang='lat' dir='ltr'>praecedit</span> <span class='ocrx_word' id='word_1_313' title='bbox 1463 1650 1734 1696; x_wconf 88' lang='lat' dir='ltr'>susceptionem</span> 
     </span>
     <span class='ocr_line' id='line_1_29' title="bbox 164 1703 1739 1750; baseline -0.001 -11"><span class='ocrx_word' id='word_1_314' title='bbox 164 1705 303 1740; x_wconf 86' lang='lat' dir='ltr'>formae</span> <span class='ocrx_word' id='word_1_315' title='bbox 325 1705 450 1739; x_wconf 87' lang='lat' dir='ltr'>ordine</span> <span class='ocrx_word' id='word_1_316' title='bbox 477 1713 643 1739; x_wconf 90' lang='lat' dir='ltr'>naturae:</span> <span class='ocrx_word' id='word_1_317' title='bbox 666 1705 826 1750; x_wconf 86' lang='lat' dir='ltr'>sequitur</span> <span class='ocrx_word' id='word_1_318' title='bbox 855 1712 979 1738; x_wconf 86' lang='lat' dir='ltr'>tamen</span> <span class='ocrx_word' id='word_1_319' title='bbox 1014 1705 1199 1737; x_wconf 85' lang='lat' dir='ltr'>actionem</span> <span class='ocrx_word' id='word_1_320' title='bbox 1234 1703 1385 1749; x_wconf 86' lang='lat' dir='ltr'>agentis,</span> <span class='ocrx_word' id='word_1_321' title='bbox 1412 1713 1474 1749; x_wconf 92' lang='lat' dir='ltr'>per</span> <span class='ocrx_word' id='word_1_322' title='bbox 1496 1714 1607 1749; x_wconf 90' lang='lat' dir='ltr'>quam</span> <span class='ocrx_word' id='word_1_323' title='bbox 1626 1704 1739 1738; x_wconf 85' lang='lat' dir='ltr'>etiam</span> 
     </span>
     <span class='ocr_line' id='line_1_30' title="bbox 164 1756 1738 1806; baseline -0.002 -13"><span class='ocrx_word' id='word_1_324' title='bbox 164 1759 283 1806; x_wconf 89' lang='lat' dir='ltr'>ipsum</span> <span class='ocrx_word' id='word_1_325' title='bbox 304 1759 506 1804; x_wconf 84' lang='lat' dir='ltr'>subjectum</span> <span class='ocrx_word' id='word_1_326' title='bbox 528 1758 793 1804; x_wconf 82' lang='lat' dir='ltr'>disponitur3et</span> <span class='ocrx_word' id='word_1_327' title='bbox 810 1757 892 1791; x_wconf 89' lang='lat' dir='ltr'>ideo</span> <span class='ocrx_word' id='word_1_328' title='bbox 912 1765 1034 1791; x_wconf 86' lang='lat' dir='ltr'>motus</span> <span class='ocrx_word' id='word_1_329' title='bbox 1044 1756 1147 1791; x_wconf 90' lang='lat' dir='ltr'>liberi</span> <span class='ocrx_word' id='word_1_330' title='bbox 1170 1757 1304 1791; x_wconf 85' lang='lat' dir='ltr'>arbitrii</span> <span class='ocrx_word' id='word_1_331' title='bbox 1318 1765 1469 1791; x_wconf 89' lang='lat' dir='ltr'>naturae</span> <span class='ocrx_word' id='word_1_332' title='bbox 1488 1756 1615 1791; x_wconf 85' lang='lat' dir='ltr'>ordine</span> <span class='ocrx_word' id='word_1_333' title='bbox 1637 1768 1738 1803; x_wconf 86' lang='lat' dir='ltr'>prae-</span> 
     </span>
     <span class='ocr_line' id='line_1_31' title="bbox 166 1809 1496 1857; baseline -0.002 -11"><span class='ocrx_word' id='word_1_334' title='bbox 166 1812 260 1847; x_wconf 90' lang='lat' dir='ltr'>cedit</span> <span class='ocrx_word' id='word_1_335' title='bbox 286 1812 584 1846; x_wconf 88' lang='lat' dir='ltr'>consecutionem</span> <span class='ocrx_word' id='word_1_336' title='bbox 608 1812 762 1857; x_wconf 82' lang='lat' dir='ltr'>gratiae;</span> <span class='ocrx_word' id='word_1_337' title='bbox 786 1811 944 1857; x_wconf 89' lang='lat' dir='ltr'>sequitur</span> <span class='ocrx_word' id='word_1_338' title='bbox 960 1819 1082 1844; x_wconf 86' lang='lat' dir='ltr'>autem</span> <span class='ocrx_word' id='word_1_339' title='bbox 1104 1810 1241 1856; x_wconf 86' lang='lat' dir='ltr'>gratiae</span> <span class='ocrx_word' id='word_1_340' title='bbox 1262 1809 1496 1844; x_wconf 88' lang='lat' dir='ltr'>infusionem.</span> 
     </span>
    </p>

    <p class='ocr_par' dir='ltr' id='par_1_5' title="bbox 164 1863 1739 2179">
     <span class='ocr_line' id='line_1_32' title="bbox 237 1863 1739 1910; baseline -0.002 -10"><span class='ocrx_word' id='word_1_341' title='bbox 237 1866 296 1899; x_wconf 89' lang='lat' dir='ltr'>AD</span> <span class='ocrx_word' id='word_1_342' title='bbox 324 1876 495 1900; x_wconf 80' lang='lat' dir='ltr'>TERTIUM</span> <span class='ocrx_word' id='word_1_343' title='bbox 536 1865 742 1906; x_wconf 82' lang='lat' dir='ltr'>dicendum,</span> <span class='ocrx_word' id='word_1_344' title='bbox 769 1865 878 1910; x_wconf 89' lang='lat' dir='ltr'>quod,</span> <span class='ocrx_word' id='word_1_345' title='bbox 905 1865 997 1898; x_wconf 86' lang='lat' dir='ltr'>sicut</span> <span class='ocrx_word' id='word_1_346' title='bbox 1018 1863 1233 1910; x_wconf 89' lang='lat' dir='ltr'>Philosoph.</span> <span class='ocrx_word' id='word_1_347' title='bbox 1276 1864 1362 1898; x_wconf 91' lang='lat' dir='ltr'>dicit</span> <span class='ocrx_word' id='word_1_348' title='bbox 1403 1864 1440 1898; x_wconf 92' lang='lat' dir='ltr'>in</span> <span class='ocrx_word' id='word_1_349' title='bbox 1479 1873 1510 1897; x_wconf 86' lang='lat'>2.</span> <span class='ocrx_word' id='word_1_350' title='bbox 1545 1863 1739 1910; x_wconf 83' lang='lat' dir='ltr'>Physicor.</span> 
     </span>
     <span class='ocr_line' id='line_1_33' title="bbox 165 1916 1731 1966; baseline -0.003 -12"><span class='ocrx_word' id='word_1_351' title='bbox 165 1919 243 1964; x_wconf 70' lang='lat' dir='ltr'>(tex.</span> <span class='ocrx_word' id='word_1_352' title='bbox 265 1920 348 1966; x_wconf 73' lang='lat'>89),</span> <span class='ocrx_word' id='word_1_353' title='bbox 361 1920 396 1952; x_wconf 89' lang='lat' dir='ltr'>in</span> <span class='ocrx_word' id='word_1_354' title='bbox 419 1919 577 1953; x_wconf 88' lang='lat' dir='ltr'>motibus</span> <span class='ocrx_word' id='word_1_355' title='bbox 601 1918 713 1952; x_wconf 82' lang='lat' dir='ltr'>animi</span> <span class='ocrx_word' id='word_1_356' title='bbox 735 1918 887 1952; x_wconf 85' lang='lat' dir='ltr'>omnino</span> <span class='ocrx_word' id='word_1_357' title='bbox 910 1917 1094 1964; x_wconf 84' lang='lat' dir='ltr'>praecedit</span> <span class='ocrx_word' id='word_1_358' title='bbox 1115 1926 1237 1952; x_wconf 91' lang='lat' dir='ltr'>motus</span> <span class='ocrx_word' id='word_1_359' title='bbox 1263 1917 1299 1951; x_wconf 88' lang='lat' dir='ltr'>in</span> <span class='ocrx_word' id='word_1_360' title='bbox 1323 1917 1541 1964; x_wconf 90' lang='lat' dir='ltr'>principium</span> <span class='ocrx_word' id='word_1_361' title='bbox 1569 1916 1731 1963; x_wconf 85' lang='lat' dir='ltr'>specula-</span> 
     </span>
     <span class='ocr_line' id='line_1_34' title="bbox 164 1970 1734 2017; baseline -0.002 -10"><span class='ocrx_word' id='word_1_362' title='bbox 164 1973 284 2015; x_wconf 90' lang='lat' dir='ltr'>tionis,</span> <span class='ocrx_word' id='word_1_363' title='bbox 314 1972 373 2007; x_wconf 86' lang='lat' dir='ltr'>vel</span> <span class='ocrx_word' id='word_1_364' title='bbox 406 1973 441 2006; x_wconf 92' lang='lat' dir='ltr'>in</span> <span class='ocrx_word' id='word_1_365' title='bbox 468 1972 578 2006; x_wconf 88' lang='lat' dir='ltr'>finem</span> <span class='ocrx_word' id='word_1_366' title='bbox 606 1972 779 2006; x_wconf 87' lang='lat' dir='ltr'>actionis:</span> <span class='ocrx_word' id='word_1_367' title='bbox 803 1971 865 2006; x_wconf 88' lang='lat' dir='ltr'>sed</span> <span class='ocrx_word' id='word_1_368' title='bbox 898 1972 935 2005; x_wconf 88' lang='lat' dir='ltr'>in</span> <span class='ocrx_word' id='word_1_369' title='bbox 958 1971 1193 2005; x_wconf 78' lang='lat' dir='ltr'>exterioribus</span> <span class='ocrx_word' id='word_1_370' title='bbox 1224 1971 1384 2005; x_wconf 89' lang='lat' dir='ltr'>motibus</span> <span class='ocrx_word' id='word_1_371' title='bbox 1406 1970 1564 2005; x_wconf 87' lang='lat' dir='ltr'>remotio</span> <span class='ocrx_word' id='word_1_372' title='bbox 1586 1970 1734 2017; x_wconf 88' lang='lat' dir='ltr'>impedi-</span> 
     </span>
     <span class='ocr_line' id='line_1_35' title="bbox 165 2024 1736 2073; baseline -0.001 -13"><span class='ocrx_word' id='word_1_373' title='bbox 165 2027 278 2061; x_wconf 83' lang='lat' dir='ltr'>menti</span> <span class='ocrx_word' id='word_1_374' title='bbox 299 2026 481 2073; x_wconf 86' lang='lat' dir='ltr'>praecedit</span> <span class='ocrx_word' id='word_1_375' title='bbox 502 2026 767 2060; x_wconf 81' lang='lat' dir='ltr'>assecutionem</span> <span class='ocrx_word' id='word_1_376' title='bbox 791 2025 888 2059; x_wconf 85' lang='lat' dir='ltr'>finis:</span> <span class='ocrx_word' id='word_1_377' title='bbox 913 2034 948 2059; x_wconf 90' lang='lat' dir='ltr'>et</span> <span class='ocrx_word' id='word_1_378' title='bbox 969 2026 1051 2071; x_wconf 82' lang='lat' dir='ltr'>quia</span> <span class='ocrx_word' id='word_1_379' title='bbox 1074 2032 1196 2059; x_wconf 87' lang='lat' dir='ltr'>motus</span> <span class='ocrx_word' id='word_1_380' title='bbox 1231 2024 1334 2059; x_wconf 89' lang='lat' dir='ltr'>liberi</span> <span class='ocrx_word' id='word_1_381' title='bbox 1365 2024 1500 2058; x_wconf 87' lang='lat' dir='ltr'>arbitrii</span> <span class='ocrx_word' id='word_1_382' title='bbox 1527 2031 1580 2058; x_wconf 90' lang='lat' dir='ltr'>est</span> <span class='ocrx_word' id='word_1_383' title='bbox 1613 2032 1736 2058; x_wconf 88' lang='lat' dir='ltr'>motus</span> 
     </span>
     <span class='ocr_line' id='line_1_36' title="bbox 165 2077 1738 2125; baseline -0.001 -11"><span class='ocrx_word' id='word_1_384' title='bbox 165 2080 288 2122; x_wconf 87' lang='lat' dir='ltr'>animi,</span> <span class='ocrx_word' id='word_1_385' title='bbox 310 2080 405 2125; x_wconf 89' lang='lat' dir='ltr'>prius</span> <span class='ocrx_word' id='word_1_386' title='bbox 438 2088 587 2114; x_wconf 86' lang='lat' dir='ltr'>naturae</span> <span class='ocrx_word' id='word_1_387' title='bbox 610 2079 736 2113; x_wconf 87' lang='lat' dir='ltr'>ordine</span> <span class='ocrx_word' id='word_1_388' title='bbox 763 2087 932 2113; x_wconf 84' lang='lat' dir='ltr'>movetur</span> <span class='ocrx_word' id='word_1_389' title='bbox 949 2079 986 2112; x_wconf 90' lang='lat' dir='ltr'>in</span> <span class='ocrx_word' id='word_1_390' title='bbox 1007 2078 1129 2112; x_wconf 89' lang='lat' dir='ltr'>Deum</span> <span class='ocrx_word' id='word_1_391' title='bbox 1151 2078 1244 2113; x_wconf 89' lang='lat' dir='ltr'>sicut</span> <span class='ocrx_word' id='word_1_392' title='bbox 1277 2078 1314 2112; x_wconf 89' lang='lat' dir='ltr'>in</span> <span class='ocrx_word' id='word_1_393' title='bbox 1336 2077 1462 2120; x_wconf 88' lang='lat' dir='ltr'>finem,</span> <span class='ocrx_word' id='word_1_394' title='bbox 1486 2089 1597 2124; x_wconf 85' lang='lat' dir='ltr'>quarn</span> <span class='ocrx_word' id='word_1_395' title='bbox 1620 2077 1664 2112; x_wconf 86' lang='lat' dir='ltr'>ad</span> <span class='ocrx_word' id='word_1_396' title='bbox 1686 2089 1738 2112; x_wconf 85' lang='lat' dir='ltr'>re-</span> 
     </span>
     <span class='ocr_line' id='line_1_37' title="bbox 164 2132 884 2179; baseline -0.003 -11"><span class='ocrx_word' id='word_1_397' title='bbox 164 2134 387 2168; x_wconf 82' lang='lat' dir='ltr'>movendum</span> <span class='ocrx_word' id='word_1_398' title='bbox 409 2133 711 2179; x_wconf 87' lang='lat' dir='ltr'>impedimentum</span> <span class='ocrx_word' id='word_1_399' title='bbox 733 2132 884 2179; x_wconf 84' lang='lat' dir='ltr'>peccati.</span> 
     </span>
    </p>
   </div>
   <div class='ocr_carea' id='block_1_3' title="bbox 215 2274 1740 2518">
    <p class='ocr_par' dir='ltr' id='par_1_6' title="bbox 215 2274 1740 2518">
     <span class='ocr_line' id='line_1_38' title="bbox 700 2274 1740 2321; baseline 0.003 -4"><span class='ocrx_word' id='word_1_400' title='bbox 700 2274 1046 2319; x_wconf 85' lang='lat' dir='ltr'>ARTICULUS</span> <span class='ocrx_word' id='word_1_401' title='bbox 1082 2275 1159 2318; x_wconf 91' lang='lat' dir='ltr'>IX.</span> <span class='ocrx_word' id='word_1_402' title='bbox 1669 2284 1740 2321; x_wconf 82' lang='lat'>608</span> 
     </span>
     <span class='ocr_line' id='line_1_39' title="bbox 344 2382 1556 2425; baseline -0.001 -12"><span class='ocrx_word' id='word_1_403' title='bbox 344 2383 498 2413; x_wconf 87' lang='lat' dir='ltr'>UTRUM</span> <span class='ocrx_word' id='word_1_404' title='bbox 520 2383 824 2425; x_wconf 74' lang='lat' dir='ltr'>JUSTIFICATIO</span> <span class='ocrx_word' id='word_1_405' title='bbox 859 2383 965 2412; x_wconf 73' lang='lat' dir='ltr'>IMPII</span> <span class='ocrx_word' id='word_1_406' title='bbox 993 2384 1060 2412; x_wconf 86' lang='lat' dir='ltr'>SIT</span> <span class='ocrx_word' id='word_1_407' title='bbox 1089 2383 1299 2413; x_wconf 76' lang='lat' dir='ltr'><strong>MAXIMUM</strong></span> <span class='ocrx_word' id='word_1_408' title='bbox 1327 2382 1440 2412; x_wconf 86' lang='lat' dir='ltr'>OPUS</span> <span class='ocrx_word' id='word_1_409' title='bbox 1467 2382 1556 2412; x_wconf 89' lang='lat' dir='ltr'><strong>DEI.</strong></span> 
     </span>
     <span class='ocr_line' id='line_1_40' title="bbox 215 2469 1686 2518; baseline -0.001 -12"><span class='ocrx_word' id='word_1_410' title='bbox 215 2471 323 2515; x_wconf 69' lang='lat' dir='ltr'>(Part.</span> <span class='ocrx_word' id='word_1_411' title='bbox 342 2483 370 2518; x_wconf 79' lang='lat'>3.</span> <span class='ocrx_word' id='word_1_412' title='bbox 393 2484 423 2518; x_wconf 77' lang='lat' dir='ltr'>‹J-</span> <span class='ocrx_word' id='word_1_413' title='bbox 441 2483 490 2518; x_wconf 75' lang='lat'>43.</span> <span class='ocrx_word' id='word_1_414' title='bbox 510 2477 575 2506; x_wconf 82' lang='lat' dir='ltr'>art.</span> <span class='ocrx_word' id='word_1_415' title='bbox 597 2482 630 2516; x_wconf 85' lang='lat'>4.</span> <span class='ocrx_word' id='word_1_416' title='bbox 653 2470 695 2505; x_wconf 77' lang='grc' dir='ltr'>αιί</span> <span class='ocrx_word' id='word_1_417' title='bbox 713 2483 743 2506; x_wconf 93' lang='lat'>2.</span> <span class='ocrx_word' id='word_1_418' title='bbox 766 2475 794 2505; x_wconf 66' lang='lat' dir='ltr'>et</span> <span class='ocrx_word' id='word_1_419' title='bbox 814 2482 846 2515; x_wconf 74' lang='lat'>4.</span> <span class='ocrx_word' id='word_1_420' title='bbox 863 2472 952 2506; x_wconf 77' lang='lat' dir='ltr'>Dist.</span> <span class='ocrx_word' id='word_1_421' title='bbox 974 2483 1024 2518; x_wconf 81' lang='lat'>17.</span> <span class='ocrx_word' id='word_1_422' title='bbox 1047 2484 1076 2518; x_wconf 85' lang='lat' dir='ltr'>q.</span> <span class='ocrx_word' id='word_1_423' title='bbox 1103 2481 1131 2505; x_wconf 75' lang='grc' dir='ltr'><em>Ι.</em></span> <span class='ocrx_word' id='word_1_424' title='bbox 1152 2476 1215 2506; x_wconf 81' lang='lat' dir='ltr'>art.</span> <span class='ocrx_word' id='word_1_425' title='bbox 1232 2483 1261 2518; x_wconf 85' lang='lat'>5.</span> <span class='ocrx_word' id='word_1_426' title='bbox 1284 2476 1313 2506; x_wconf 80' lang='lat' dir='ltr'>et</span> <span class='ocrx_word' id='word_1_427' title='bbox 1329 2471 1428 2516; x_wconf 84' lang='lat' dir='ltr'>Joan.</span> <span class='ocrx_word' id='word_1_428' title='bbox 1451 2482 1504 2516; x_wconf 80' lang='lat'>14.</span> <span class='ocrx_word' id='word_1_429' title='bbox 1531 2470 1604 2506; x_wconf 73' lang='lat' dir='ltr'>lect.</span> <span class='ocrx_word' id='word_1_430' title='bbox 1622 2469 1686 2515; x_wconf 76' lang='lat'><em>4.).</em></span> 
     </span>
    </p>
   </div>
   <div class='ocr_carea' id='block_1_4' title="bbox 167 2559 1740 2820">
    <p class='ocr_par' dir='ltr' id='par_1_7' title="bbox 167 2559 1740 2820">
     <span class='ocr_line' id='line_1_41' title="bbox 238 2559 1740 2607; baseline -0.001 -12"><span class='ocrx_word' id='word_1_431' title='bbox 238 2561 297 2595; x_wconf 77' lang='lat' dir='ltr'>AD</span> <span class='ocrx_word' id='word_1_432' title='bbox 320 2571 460 2595; x_wconf 70' lang='lat' dir='ltr'>NONUM</span> <span class='ocrx_word' id='word_1_433' title='bbox 487 2560 537 2594; x_wconf 90' lang='lat' dir='ltr'>sic</span> <span class='ocrx_word' id='word_1_434' title='bbox 560 2560 776 2606; x_wconf 82' lang='lat' dir='ltr'>proceditur.</span> <span class='ocrx_word' id='word_1_435' title='bbox 799 2559 950 2594; x_wconf 80' lang='lat' dir='ltr'>Videtur</span> <span class='ocrx_word' id='word_1_436' title='bbox 977 2560 1074 2606; x_wconf 86' lang='lat' dir='ltr'>quod</span> <span class='ocrx_word' id='word_1_437' title='bbox 1096 2560 1302 2606; x_wconf 83' lang='lat' dir='ltr'>justificatio</span> <span class='ocrx_word' id='word_1_438' title='bbox 1337 2559 1438 2607; x_wconf 88' lang='lat' dir='ltr'>impii</span> <span class='ocrx_word' id='word_1_439' title='bbox 1458 2571 1534 2594; x_wconf 90' lang='lat' dir='ltr'>non</span> <span class='ocrx_word' id='word_1_440' title='bbox 1564 2559 1609 2594; x_wconf 90' lang='lat' dir='ltr'>sit</span> <span class='ocrx_word' id='word_1_441' title='bbox 1630 2559 1740 2594; x_wconf 80' lang='lat' dir='ltr'>maxi-</span> 
     </span>
     <span class='ocr_line' id='line_1_42' title="bbox 168 2613 1737 2660; baseline 0 -13"><span class='ocrx_word' id='word_1_442' title='bbox 168 2625 268 2648; x_wconf 85' lang='lat' dir='ltr'>mum</span> <span class='ocrx_word' id='word_1_443' title='bbox 297 2625 386 2659; x_wconf 88' lang='lat' dir='ltr'>opus</span> <span class='ocrx_word' id='word_1_444' title='bbox 408 2614 495 2648; x_wconf 83' lang='lat' dir='ltr'>Dei:</span> <span class='ocrx_word' id='word_1_445' title='bbox 523 2626 587 2660; x_wconf 80' lang='lat' dir='ltr'>pcr</span> <span class='ocrx_word' id='word_1_446' title='bbox 606 2613 900 2659; x_wconf 80' lang='lat' dir='ltr'>justificitioncm</span> <span class='ocrx_word' id='word_1_447' title='bbox 925 2614 1022 2647; x_wconf 78' lang='lat' dir='ltr'>enim</span> <span class='ocrx_word' id='word_1_448' title='bbox 1049 2614 1148 2660; x_wconf 81' lang='lat' dir='ltr'>impii</span> <span class='ocrx_word' id='word_1_449' title='bbox 1177 2614 1410 2660; x_wconf 85' lang='lat' dir='ltr'>consequitur</span> <span class='ocrx_word' id='word_1_450' title='bbox 1432 2613 1603 2660; x_wconf 65' lang='lat' dir='ltr'>aliquisD</span> <span class='ocrx_word' id='word_1_451' title='bbox 1583 2613 1737 2648; x_wconf 76' lang='lat' dir='ltr'>oratiam</span> 
     </span>
     <span class='ocr_line' id='line_1_43' title="bbox 167 2667 1738 2714; baseline -0.001 -13"><span class='ocrx_word' id='word_1_452' title='bbox 167 2667 264 2701; x_wconf 77' lang='lat' dir='ltr'>viae:</span> <span class='ocrx_word' id='word_1_453' title='bbox 288 2667 349 2701; x_wconf 83' lang='lat' dir='ltr'>scd</span> <span class='ocrx_word' id='word_1_454' title='bbox 372 2680 468 2714; x_wconf 53' lang='lat' dir='ltr'>per„</span> <span class='ocrx_word' id='word_1_455' title='bbox 449 2667 753 2701; x_wconf 62' lang='lat' dir='ltr'>“lorificationcm</span> <span class='ocrx_word' id='word_1_456' title='bbox 776 2667 1008 2712; x_wconf 82' lang='lat' dir='ltr'>consequitur</span> <span class='ocrx_word' id='word_1_457' title='bbox 1031 2667 1202 2713; x_wconf 57' lang='lat' dir='ltr'>aliquis„</span> <span class='ocrx_word' id='word_1_458' title='bbox 1183 2667 1336 2702; x_wconf 79' lang='lat' dir='ltr'>oratiun</span> <span class='ocrx_word' id='word_1_459' title='bbox 1359 2667 1507 2713; x_wconf 82' lang='lat' dir='ltr'>patriae,</span> <span class='ocrx_word' id='word_1_460' title='bbox 1519 2667 1738 2713; x_wconf 84' lang='lat' dir='ltr'>quaemajor</span> 
     </span>
     <span class='ocr_line' id='line_1_44' title="bbox 169 2711 1739 2767; baseline -0.001 -12"><span class='ocrx_word' id='word_1_461' title='bbox 169 2729 240 2762; x_wconf 81' lang='lat' dir='ltr'>est3</span> <span class='ocrx_word' id='word_1_462' title='bbox 259 2732 346 2767; x_wconf 88' lang='lat' dir='ltr'>ergo</span> <span class='ocrx_word' id='word_1_463' title='bbox 369 2711 585 2767; x_wconf 84' lang='lat' dir='ltr'>glorificatio</span> <span class='ocrx_word' id='word_1_464' title='bbox 609 2719 834 2766; x_wconf 84' lang='lat' dir='ltr'>angelorum,</span> <span class='ocrx_word' id='word_1_465' title='bbox 856 2719 914 2754; x_wconf 64' lang='lat' dir='ltr'>xcl</span> <span class='ocrx_word' id='word_1_466' title='bbox 941 2720 1041 2754; x_wconf 81' lang='lat' dir='ltr'>homi</span> <span class='ocrx_word' id='word_1_467' title='bbox 1035 2732 1134 2755; x_wconf 86' lang='lat' dir='ltr'>num</span> <span class='ocrx_word' id='word_1_468' title='bbox 1155 2729 1209 2756; x_wconf 83' lang='lat' dir='ltr'>cst</span> <span class='ocrx_word' id='word_1_469' title='bbox 1227 2721 1343 2767; x_wconf 85' lang='lat' dir='ltr'>majus</span> <span class='ocrx_word' id='word_1_470' title='bbox 1362 2731 1464 2766; x_wconf 87' lang='lat' dir='ltr'>opus,</span> <span class='ocrx_word' id='word_1_471' title='bbox 1486 2731 1595 2767; x_wconf 85' lang='lat' dir='ltr'>quam</span> <span class='ocrx_word' id='word_1_472' title='bbox 1616 2719 1739 2766; x_wconf 85' lang='lat' dir='ltr'>justifi-</span> 
     </span>
     <span class='ocr_line' id='line_1_45' title="bbox 169 2774 399 2820; baseline -0.005 -12"><span class='ocrx_word' id='word_1_473' title='bbox 169 2774 263 2808; x_wconf 88' lang='lat' dir='ltr'>catio</span> <span class='ocrx_word' id='word_1_474' title='bbox 288 2774 399 2820; x_wconf 88' lang='lat' dir='ltr'>impii.</span> 
     </span>
    </p>
   </div>
   <div class='ocr_carea' id='block_1_5' title="bbox 168 2832 1738 2933">
    <p class='ocr_par' dir='ltr' id='par_1_8' title="bbox 168 2832 1738 2933">
     <span class='ocr_line' id='line_1_46' title="bbox 241 2832 1737 2879; baseline -0.001 -11"><span class='ocrx_word' id='word_1_475' title='bbox 241 2845 270 2868; x_wconf 84' lang='lat'>2.</span> <span class='ocrx_word' id='word_1_476' title='bbox 294 2834 530 2868; x_wconf 74' lang='lat' dir='ltr'>PRAETEREA.</span> <span class='ocrx_word' id='word_1_477' title='bbox 553 2833 766 2879; x_wconf 74' lang='lat' dir='ltr'>Justificatio</span> <span class='ocrx_word' id='word_1_478' title='bbox 794 2833 894 2879; x_wconf 87' lang='lat' dir='ltr'>impii</span> <span class='ocrx_word' id='word_1_479' title='bbox 923 2833 1109 2868; x_wconf 81' lang='lat' dir='ltr'>ordinatur</span> <span class='ocrx_word' id='word_1_480' title='bbox 1132 2834 1175 2868; x_wconf 79' lang='lat' dir='ltr'>ad</span> <span class='ocrx_word' id='word_1_481' title='bbox 1205 2834 1345 2868; x_wconf 87' lang='lat' dir='ltr'>bonum</span> <span class='ocrx_word' id='word_1_482' title='bbox 1380 2832 1595 2879; x_wconf 84' lang='lat' dir='ltr'>particulare</span> <span class='ocrx_word' id='word_1_483' title='bbox 1632 2832 1737 2868; x_wconf 89' lang='lat' dir='ltr'>unius</span> 
     </span>
     <span class='ocr_line' id='line_1_47' title="bbox 168 2886 1738 2933; baseline 0.001 -13"><span class='ocrx_word' id='word_1_484' title='bbox 168 2886 346 2922; x_wconf 85' lang='lat' dir='ltr'>hominis:</span> <span class='ocrx_word' id='word_1_485' title='bbox 369 2887 429 2922; x_wconf 79' lang='lat' dir='ltr'>sed</span> <span class='ocrx_word' id='word_1_486' title='bbox 445 2887 581 2921; x_wconf 86' lang='lat' dir='ltr'>bonum</span> <span class='ocrx_word' id='word_1_487' title='bbox 598 2887 753 2921; x_wconf 79' lang='lat' dir='ltr'>universi</span> <span class='ocrx_word' id='word_1_488' title='bbox 769 2895 821 2921; x_wconf 77' lang='lat' dir='ltr'>cst</span> <span class='ocrx_word' id='word_1_489' title='bbox 840 2887 967 2932; x_wconf 76' lang='lat' dir='ltr'>majus,</span> <span class='ocrx_word' id='word_1_490' title='bbox 983 2898 1092 2933; x_wconf 78' lang='lat' dir='ltr'>quani</span> <span class='ocrx_word' id='word_1_491' title='bbox 1111 2887 1248 2922; x_wconf 84' lang='lat' dir='ltr'>bonum</span> <span class='ocrx_word' id='word_1_492' title='bbox 1272 2887 1378 2922; x_wconf 87' lang='lat' dir='ltr'>unius</span> <span class='ocrx_word' id='word_1_493' title='bbox 1393 2887 1568 2929; x_wconf 89' lang='lat' dir='ltr'>hominis,</span> <span class='ocrx_word' id='word_1_494' title='bbox 1587 2894 1625 2922; x_wconf 87' lang='lat' dir='ltr'>ut</span> <span class='ocrx_word' id='word_1_495' title='bbox 1638 2894 1738 2933; x_wconf 81' lang='lat' dir='ltr'>patet</span> 
     </span>
    </p>
   </div>
   <div class='ocr_carea' id='block_1_6' title="bbox 1818 1836 1875 3198">
    <p class='ocr_par' dir='ltr' id='par_1_9' title="bbox 1818 1836 1875 3198">
     <span class='ocr_line' id='line_1_48' title="bbox 1818 1836 1875 3198; baseline 0 0"><span class='ocrx_word' id='word_1_496' title='bbox 1818 1836 1875 3198; x_wconf 95' lang='lat' dir='ltr'> </span> 
     </span>
    </p>
   </div>
   <div class='ocr_carea' id='block_1_7' title="bbox 1872 2511 1875 3181">
    <p class='ocr_par' dir='ltr' id='par_1_10' title="bbox 1872 2511 1875 3181">
     <span class='ocr_line' id='line_1_49' title="bbox 1872 2511 1875 3181; baseline 0 0"><span class='ocrx_word' id='word_1_497' title='bbox 1872 2511 1875 3181; x_wconf 95' lang='lat' dir='ltr'> </span> 
     </span>
    </p>
   </div>
  </div>
 </body>
</html>
