1907 3198
554 206 776 243 QUAESTIO
811 206 884 237 cn.
919 205 1163 237 AR‘r1cutus
1197 205 1257 235 111.
1601 207 1684 250 745

119 298 196 324 non
216 286 419 324 offerebant
438 287 609 323 animalia
631 297 713 324 ante
731 288 925 336 septimum
948 288 1064 324 diem:
1083 288 1167 335 quia
1180 287 1266 322 talia
1285 286 1456 322 animalia
1471 295 1572 322 erant
1585 287 1688 334 quasi

119 341 295 385 abortiva,
315 341 479 377 nondum
502 341 607 388 plene
630 342 863 377 consistentia
887 351 1033 389 propter
1053 341 1346 377 teneritudinem.

190 395 251 432 AD
272 406 462 432 οετΑνυΜ
481 396 686 437 dicendum,
709 396 804 443 quod
827 396 948 443 triplex
969 406 1045 430 erat
1074 394 1336 430 sacrificiorum
1359 405 1484 439 genus.
1508 394 1685 440 Quoddam

118 456 207 491 erat,
233 449 330 496 quod
351 457 470 485 totum
498 450 792 484 comburebatur:
821 457 855 484 et
881 449 951 484 hoc
980 449 1166 484 dicebatur
1191 449 1428 490 holocaustum,
1456 448 1558 495 quasi
1586 453 1687 483 totum

116 503 308 545 incensum‚·
330 503 541 550 hujusmodi
567 504 665 538 enim
692 502 908 538 sacrificium
937 502 1155 538 offerebatur
1181 502 1261 537 Deo
1289 501 1492 548 specialiter
1519 501 1562 536 ad
1590 513 1688 536 reve-

117 556 274 592 rentiam
287 557 485 603 majestatis
496 557 618 604 ipsius,
633 565 668 592 et
681 568 846 592 amorem
861 556 1031 591 bonitatis
1043 557 1138 602 ejus:
1154 564 1189 591 et
1203 555 1443 590 conveniebat
1458 554 1688 602 perfectionis

117 610 227 646 statui
245 610 283 646 in
302 609 516 657 impletione
539 610 788 653 consiliorum,
809 619 844 646 et
865 610 947 646 ideo
966 618 1084 646 totum
1107 609 1397 651 comburebatur,
1413 618 1450 644 ut
1464 609 1557 644 sicut
1569 617 1687 643 totum

118 663 257 700 animal
282 663 485 700 resolutum
511 665 546 699 in
574 676 749 712 vaporem
775 675 918 699 sursum
946 664 1175 706 ascendebat,
1202 663 1250 698 ita
1277 663 1386 698 etiam
1413 662 1688 708 significaretur,

116 724 236 754 totum
256 717 460 761 hominem,
482 727 516 753 et
535 719 671 762 omnia,
693 729 785 765 quae
807 718 918 765 ipsius
940 726 1035 760 sunt,
1056 717 1127 752 Dei
1140 717 1306 752 dominio
1321 727 1400 752 esse
1415 716 1587 762 subjecta,
1602 724 1637 751 et
1656 715 1689 750 ei

118 781 198 807 esse
219 770 417 807 offerenda.
440 771 546 808 Aliud
563 780 684 807 autem
700 781 775 807 erat
789 771 1007 807 sacrificium
1021 778 1087 819 pro
1100 776 1246 818 peccato,
1263 771 1359 818 quod
1375 769 1593 805 offerebatur
1606 770 1687 805 Deo

117 835 162 860 ex
181 825 398 861 necessitate
418 826 644 861 remissionis
666 825 822 873 peccati3
844 833 880 861 et
901 824 1141 860 conveniebat
1162 826 1268 860 statui
1291 824 1557 871 poenitentium
1578 824 1614 858 in
1637 835 1689 859 sa-

116 876 323 914 tisfactione
344 887 600 926 peccatorum;
622 879 719 926 quod
742 879 967 914 dividebatur
987 879 1023 913 in
1045 878 1126 914 duas
1147 886 1287 925 partes:
1310 889 1396 912 nam
1418 890 1484 912 una
1507 889 1589 924 pars
1611 878 1687 923 ejus

117 931 414 976 comburebatur3
447 933 551 968 altera
578 944 664 968 vero
691 933 841 968 cedebat
866 933 902 967 in
928 944 1035 967 usum
1062 932 1306 974 sacerdotum,
1334 932 1377 966 ad
1404 931 1685 978 significandum

116 985 215 1033 quod
235 985 392 1034 expiatio
414 995 650 1034 peccatorum
668 986 707 1022 fit
725 998 744 1021 a
762 986 844 1021 Deo
858 998 921 1034 per
935 986 1175 1023 ministerium
1194 985 1442 1021 sacerdotum:
1459 985 1527 1020 nisi
1541 985 1687 1032 quando

117 1037 338 1075 offerebatur
356 1039 577 1075 sacrificium
600 1051 665 1088 pro
687 1048 838 1087 peccato
859 1040 970 1075 totius
991 1039 1129 1087 populi,
1151 1039 1209 1074 vel
1230 1039 1436 1087 specialiter
1456 1050 1520 1086 pro
1535 1047 1688 1086 peccato

115 1092 334 1130 sacerdotis:
355 1101 441 1129 tunc
463 1094 562 1129 enim
583 1102 702 1129 totum
724 1094 1021 1129 comburebatur:
1043 1105 1117 1128 non
1140 1093 1236 1128 enim
1259 1093 1441 1128 dobebant
1462 1093 1497 1127 in
1517 1104 1623 1127 usum
1637 1104 1690 1128 sa-

116 1146 307 1183 cerdotum
327 1149 450 1184 venire
472 1159 526 1190 ea,
548 1159 640 1195 quae
661 1159 727 1194 pro
750 1155 901 1195 peccato
917 1159 1046 1183 eorum
1061 1146 1317 1190 offerebantur,
1337 1154 1375 1181 ut
1388 1146 1479 1181 nihil
1493 1146 1632 1193 peccati
1651 1146 1687 1180 in

115 1199 168 1236 eis
188 1209 412 1245 remaneret;
433 1209 468 1237 et
489 1201 573 1249 quia
595 1202 666 1236 hoc
688 1212 762 1236 non
785 1210 879 1236 esset
899 1200 1098 1236 satisfactio
1117 1212 1182 1248 pro
1198 1209 1368 1248 peccato:
1385 1200 1528 1235 sienim
1543 1200 1687 1235 cederet

115 1253 152 1289 in
174 1265 282 1290 usum
303 1265 443 1299 eorum,
464 1259 530 1302 pro
552 1266 707 1302 quorum
730 1255 888 1302 peccatis
910 1253 1139 1297 offerebatur,
1161 1254 1258 1289 idern
1281 1266 1359 1289 esse
1381 1254 1575 1296 videretur,
1594 1265 1635 1288 ac
1658 1254 1687 1288 si

116 1318 193 1343 non
214 1307 415 1345 offerretur.
443 1309 592 1345 Tertium
612 1319 701 1344 vero
722 1308 941 1343 sacrificium
963 1308 1163 1343 vocabatur
1184 1308 1288 1343 hostia
1305 1308 1461 1355 pacifica,
1484 1319 1576 1354 quae
1604 1306 1689 1342 offc-

114 1360 260 1397 rebatur
278 1360 362 1398 Deo
382 1362 436 1398 vel
455 1373 521 1410 pro
547 1362 745 1409 gratiarum
773 1362 927 1404 actione,
954 1362 1006 1397 vel
1031 1373 1096 1408 pro
1123 1361 1251 1403 salute,
1278 1370 1313 1396 et
1339 1362 1576 1408 prosperitate
1603 1360 1688 1396 offe-

116 1414 286 1458 rentium,
311 1426 356 1451 ex
380 1415 502 1451 debito
528 1415 694 1450 beneficii
721 1415 779 1450 vel
806 1415 1020 1462 accipiendi,
1046 1414 1104 1450 vel
1131 1415 1290 1462 accepti:
1317 1423 1352 1450 et
1379 1415 1551 1450 convenit
1577 1414 1684 1449 statui

113 1466 384 1516 proficientium
404 1469 440 1504 in
462 1468 675 1516 impletione
697 1469 975 1504 mandatorum:
998 1477 1033 1504 et
1054 1469 1121 1504 ista
1147 1468 1374 1504 dividebatur
1400 1469 1435 1503 in
1463 1474 1526 1504 tres
1550 1477 1685 1515 partes:

113 1532 202 1558 nam
221 1533 291 1558 una
310 1533 393 1570 pars
413 1522 673 1558 incendebatur
695 1523 738 1558 ad
759 1523 940 1558 honorem
963 1522 1050 1566 Dei;
1071 1523 1139 1557 alia
1162 1533 1244 1569 pars
1266 1522 1417 1557 cedebat
1438 1522 1473 1557 in
1501 1533 1607 1557 usum
1635 1533 1687 1557 sa-

113 1576 326 1620 cerdotum;
347 1578 443 1613 tertia
463 1588 551 1612 vero
573 1588 654 1624 pars
676 1577 712 1612 in
735 1588 840 1612 usum
863 1576 1105 1619 offerentium,
1121 1577 1164 1612 ad
1180 1575 1459 1623 significandum
1478 1577 1575 1623 quod
1590 1576 1686 1612 salus

112 1628 274 1666 hominis
299 1630 465 1677 procedit
489 1642 510 1666 a
535 1631 630 1673 Deo,
657 1631 894 1678 dirigentibus
921 1630 1091 1665 ministris
1117 1631 1199 1673 Dei,
1226 1638 1261 1665 et
1287 1631 1566 1677 cooperantibus
1599 1630 1686 1677 ipsis

112 1682 336 1726 hominibus,
357 1684 419 1731 qui
440 1683 641 1720 salvantur:
663 1685 735 1719 hoc
759 1692 880 1720 autem
896 1684 1113 1730 generaliter
1131 1684 1399 1726 observabatur,
1414 1684 1511 1730 quod
1527 1684 1686 1730 sanguis,

112 1744 149 1772 et
169 1736 281 1784 adeps
300 1748 375 1773 non
392 1738 587 1773 veniebant
606 1750 724 1786 neque
747 1738 782 1773 in
805 1750 910 1773 usum
934 1738 1179 1780 sacerdotum,
1200 1749 1318 1785 neque
1341 1739 1375 1772 in
1403 1749 1509 1772 usum
1536 1737 1687 1773 offeren-

111 1789 223 1826 tium:
244 1790 307 1827 sed
328 1791 476 1839 sanguis
497 1790 748 1827 effundebatur
769 1792 812 1826 ad
835 1792 1058 1838 crepidinem
1081 1791 1202 1826 altaris
1221 1792 1256 1826 in
1272 1792 1453 1826 honorem
1468 1791 1558 1833 Dei;
1577 1791 1686 1838 adeps

112 1855 201 1880 vero
223 1844 441 1881 adurebatur
460 1846 496 1880 in
518 1845 622 1893 igne;
645 1847 746 1891 cujus
768 1846 860 1881 ratio
882 1858 949 1880 una
971 1846 1118 1892 quidem
1141 1845 1207 1880 fuit
1228 1845 1271 1880 ad
1295 1845 1557 1880 excludendam
1574 1845 1687 1880 idolo-

110 1897 274 1934 latriam:
295 1898 512 1934 idololatrae
534 1900 632 1934 enim
653 1900 822 1935 bibebant
843 1899 887 1934 de
908 1899 1085 1945 sanguine
1113 1899 1356 1941 victimarum,
1384 1907 1419 1934 et
1445 1899 1687 1934 comedebant

112 1951 250 2000 adipes,
269 1952 471 1989 secundum
491 1952 582 1988 illud
605 1954 713 1989 Deut.
739 1963 816 1999 32.:
843 1954 895 1988 Da
925 1965 1066 2000 quorum
1096 1954 1243 1988 victimis
1271 1953 1480 1989 comedebant
1506 1953 1629 2000 adipes,
1656 1958 1685 1988 ct

110 2006 264 2043 bibebant
282 2008 401 2042 vinum
418 2007 646 2043 libaminum.-
667 2007 805 2042 secunda
819 2007 912 2042 ratio
927 2015 980 2042 est
999 2006 1042 2041 ad
1058 2005 1356 2042 informationem
1371 2007 1554 2042 humanae
1573 2008 1684 2042 vitae:

111 2059 372 2108 prohibebatur
393 2061 492 2096 enim
514 2062 564 2096 eis
586 2072 672 2096 usus
695 2061 880 2107 sanguinis
907 2060 950 2096 ad
978 2061 1062 2103 hoc,
1089 2061 1186 2107 quod
1213 2061 1404 2095 horrerent
1430 2061 1581 2095 humani
1608 2072 1687 2095 san-

111 2113 230 2161 guinis
257 2113 496 2158 effusionem3
522 2115 617 2150 unde
636 2115 767 2150 dicitur
793 2114 885 2150 Gen.
904 2125 958 2161 9.:
980 2113 1126 2150 Carnem
1140 2126 1214 2150 cnm
1234 2116 1393 2160 sanguim
1412 2127 1476 2150 non
1494 2114 1684 2150 comedetis:

108 2168 303 2216 sanguinem
319 2169 409 2205 enim
430 2170 624 2204 animarum
645 2174 832 2204 vestrarum
855 2170 1047 2215 requiram:
1063 2179 1144 2203 esus
1158 2179 1246 2203 vero
1262 2168 1408 2215 adipum
1428 2168 1685 2215 prohibebatur

111 2221 164 2258 eis
185 2220 230 2256 ad
250 2221 438 2258 vitandam
458 2221 668 2266 lascivia1n;
690 2222 785 2257 unde
808 2221 936 2257 dicitur
957 2221 1088 2257 Ezech.
1116 2232 1187 2268 34:
1213 2222 1312 2267 Quod
1333 2234 1478 2257 crassum
1497 2227 1579 2263 crat,
1603 2223 1685 2257 occi-

110 2273 246 2311 debatis.
273 2274 386 2312 Tertia
407 2286 494 2311 vero
517 2276 608 2311 ratio
630 2284 684 2311 est
706 2283 851 2323 propter
873 2275 1113 2311 reverentiam
1136 2275 1320 2310 divinam:
1349 2275 1433 2322 quia
1459 2276 1604 2321 sanguis
1632 2283 1684 2310 est

111 2327 271 2364 maxime
290 2328 516 2365 necessarius
539 2330 582 2364 ad
604 2329 729 2372 vitam,
752 2329 891 2364 ratione
914 2330 1014 2375 cujus
1036 2329 1166 2364 dicitur
1189 2329 1309 2364 anima
1332 2341 1409 2364 esse
1431 2329 1465 2364 in
1486 2329 1683 2374 sanguine:

111 2381 222 2430 adeps
248 2390 370 2418 autem
397 2382 655 2418 abundantiam
683 2383 894 2418 nutrimenti
921 2383 1167 2426 demonstrat;
1194 2392 1228 2418 et
1255 2383 1348 2424 ideo,
1372 2391 1408 2418 ut
1435 2383 1684 2418 ostenderetur

110 2434 209 2483 quod
231 2446 252 2471 a
270 2435 354 2472 Deo
376 2436 481 2472 nobis
502 2444 556 2472 est
574 2445 609 2472 et
630 2436 714 2478 vita,
736 2445 771 2472 et
785 2436 905 2471 omnis
921 2437 1102 2473 bonorum
1118 2436 1344 2479 sufficientia,
1360 2437 1402 2471 ad
1419 2437 1598 2471 honorem
1615 2437 1684 2472 Dei

110 2487 362 2526 effundebatur
393 2490 552 2536 sanguis,
579 2499 614 2526 et
640 2491 855 2526 adurebatur
881 2491 1001 2538 adeps.
1031 2492 1163 2537 Quarta
1192 2493 1283 2525 ratio
1311 2500 1375 2532 est,
1403 2491 1485 2537 quia
1513 2502 1576 2537 per
1609 2490 1680 2525 hoc

109 2541 330 2591 figurabatur
350 2542 479 2579 effusio
501 2543 684 2591 sanguinis
713 2543 862 2585 Christi,
889 2552 924 2579 et
950 2544 1132 2591 pinguedo
1159 2544 1343 2579 charitatis
1370 2545 1456 2587 ejus,
1485 2555 1547 2591 per
1573 2555 1683 2591 quam

109 2606 150 2633 ae
169 2595 301 2632 obtulit
327 2596 410 2633 Deo
438 2608 504 2645 pro
534 2597 656 2632 nobis:
679 2597 723 2632 de
745 2597 873 2632 hostiis
896 2606 1017 2633 autem
1040 2597 1199 2645 pacificis
1223 2598 1256 2632 in
1281 2609 1385 2632 usum
1410 2597 1609 2632 sacerdotis
1631 2609 1685 2633 ce-

109 2648 217 2685 debat
242 2650 467 2698 pectusculum
500 2656 529 2685 ct
560 2663 675 2686 ‹irrnus
704 2650 825 2693 dexter,
857 2651 900 2686 ad
931 2651 1196 2687 excludendum
1225 2652 1421 2698 quamdam
1450 2651 1684 2687 divinationis

109 2702 285 2751 speciem,
305 2713 398 2750 quae
418 2712 571 2739 vocatur
587 2704 870 2752 spatulamantia:
893 2705 976 2752 quia
998 2704 1136 2740 scilicet
1159 2705 1192 2739 in
1216 2705 1364 2751 spatulis
1387 2705 1599 2739 animalium
1623 2706 1686 2739 im-

111 2755 335 2793 molatorum
360 2756 581 2800 divinabant,
603 2766 638 2793 et
658 2757 823 2793 similiter
844 2758 879 2793 in
901 2769 983 2794 osse
1006 2759 1182 2805 pectoris;
1205 2768 1239 2793 et
1261 2759 1342 2793 ideo
1365 2758 1430 2792 ista
1453 2757 1684 2793 offerentibus

110 2809 422 2846 subtrahebantur.
445 2809 514 2847 Per
535 2810 606 2847 boc
629 2811 738 2846 etiarn
761 2811 1043 2857 significabatur,
1064 2812 1161 2859 quod
1184 2812 1362 2847 sacerdoti
1385 2821 1461 2846 erat
1482 2812 1684 2847 necessaria

111 2862 288 2912 sapientia
314 2863 435 2901 cordis
460 2864 505 2900 ad
532 2864 782 2900 instruendum
809 2865 998 2913 populum,
1024 2866 1121 2913 quod
1156 2866 1426 2911 significabatur
1459 2878 1521 2913 per
1548 2875 1684 2912 pectus.

111 2916 210 2964 quod
230 2924 286 2953 est
309 2924 560 2964 tegumentum
583 2918 722 2961 cordis;
749 2927 784 2954 ct
809 2919 918 2955 ctiam
946 2918 1118 2955 fortitudo
1146 2920 1188 2954 ad
1217 2920 1489 2956 sustentandum
1513 2919 1684 2957 defectus,

111 2980 205 3018 quae
225 2970 448 3018 significatur
469 2983 532 3020 per
552 2983 694 3008 armum
715 2973 891 3009 dextrum.
