1907 3182
230 211 315 254 350
691 209 912 244 QUAESTIO
946 208 986 237 L.
1020 207 1265 237 ARTICULUS
1298 207 1325 236 Ι.

296 293 340 327 Et
362 293 443 327 ideo
463 292 566 326 aliter
587 292 782 327 dicendum
805 299 868 332 est,
896 290 1005 336 quod,
1027 290 1119 323 sicut
1144 300 1250 335 supra
1278 289 1414 323 dictum
1437 297 1490 323 est
1515 289 1562 334 (q.
1588 299 1646 334 49.
1668 293 1732 322 art.
1758 299 1790 324 2.

227 347 268 381 ad
289 347 348 391 L),
378 346 687 380 commensuratio
725 347 884 391 ipsarum
918 343 1132 389 qualitatum
1162 342 1398 388 passibilium,
1432 341 1632 377 secundum
1663 353 1793 376 conve-

226 400 400 434 nientiam
424 400 467 433 ad
486 408 665 440 naturam,
687 399 796 432 habet
815 399 992 431 rationem
1021 396 1266 442 dispositionis.-
1286 404 1321 430 et
1341 396 1424 430 ideo
1457 395 1552 429 facta
1579 394 1791 429 alteratione

227 454 321 488 circa
343 454 438 499 ipsas
461 452 651 499 qualitates
670 450 856 497 passibiles
878 461 969 495 quae
993 458 1074 483 sunt
1096 449 1252 491 calidum,
1268 449 1448 495 frigidum,
1471 448 1657 490 humidum,
1677 456 1712 482 et
1730 449 1792 483 sic-

226 519 310 547 cum,
348 506 387 540 fit
425 518 467 540 ex
505 504 741 550 consequenti
775 503 938 537 alteratio
973 503 1173 536 secundum
1206 502 1480 548 aegritudinem,
1511 510 1547 536 et
1579 501 1790 537 sanitatem:

225 560 344 606 primo
367 568 500 601 autem,
523 567 558 593 et
579 570 642 604 per
664 569 700 591 se
722 568 797 590 non
819 564 872 590 est
887 555 1050 590 alteratio
1073 555 1274 589 secundum
1295 555 1506 601 hujusmodi
1523 555 1678 597 habitus,
1693 562 1728 589 et
1745 554 1793 588 di-

228 613 456 659 spositiones.

810 738 1154 783 ARTICULUS
1190 739 1245 780 11.
1725 760 1792 796 272

226 849 380 878 UTRUM
402 848 538 878 ANIMA
565 848 632 876 SIT
657 847 904 888 SL'BJECTUM
923 846 1111 876 HABITUS
1134 846 1375 876 SECUNDUM
1396 845 1513 875 SUAM
1534 845 1791 885 ESSENTIAM,

620 913 703 941 VEL
731 912 969 942 SECUNDUM
997 911 1114 941 SUAM
1135 911 1406 954 POTENTIAM.

701 1000 747 1044 (ι.
768 1000 857 1034 Dist.
880 999 936 1034 26.
958 1004 1022 1034 art.
1041 1011 1069 1045 3.
1091 998 1135 1033 ad
1154 1009 1188 1043 4.
1210 1004 1240 1034 et
1256 998 1318 1044 5.).

297 1089 357 1123 AD
380 1098 587 1123 SECUNDUM
603 1088 652 1122 sic
676 1088 892 1133 proceditur.
915 1087 1080 1130 Videtur,
1095 1087 1192 1134 quod
1213 1087 1358 1122 habitus
1380 1088 1451 1122 sint
1474 1086 1511 1121 in
1534 1087 1655 1121 anima
1677 1086 1795 1133 magis

227 1142 427 1177 secundum
450 1141 657 1183 essentiam,
681 1153 790 1187 quam
812 1141 1012 1175 secundum
1034 1141 1252 1187 potentiam:
1277 1140 1533 1187 dispositiones
1555 1140 1665 1183 enirn,
1681 1149 1716 1175 et
1735 1141 1796 1175 ha-

225 1196 318 1230 bitus
334 1196 500 1229 dicuntur
521 1195 557 1228 in
580 1196 706 1229 ordine
730 1195 773 1228 ad
795 1203 974 1237 naturam,
990 1203 1028 1229 ut
1050 1195 1188 1228 dictum
1203 1203 1255 1228 est
1267 1195 1313 1240 (q.
1335 1205 1392 1240 49.
1415 1199 1478 1228 art.
1489 1195 1561 1240 3.):
1584 1193 1646 1228 sed
1667 1201 1795 1228 natura

226 1249 343 1294 magis
378 1248 572 1282 attenditur
605 1248 804 1282 secundum
837 1248 1032 1282 essentiam
1055 1248 1210 1290 animae,
1237 1258 1348 1293 quam
1369 1247 1570 1281 secundum
1596 1247 1795 1293 potentias;

225 1302 307 1348 quia
342 1302 464 1335 anima
493 1301 694 1336 secundum
724 1313 827 1335 suam
858 1303 1052 1335 essentiam
1079 1309 1132 1335 est
1157 1309 1285 1335 natura
1313 1300 1476 1347 corporis
1502 1300 1594 1342 talis,
1618 1308 1653 1335 et
1677 1299 1796 1335 forma

226 1357 322 1401 ejus3
345 1366 431 1401 ergo
450 1355 593 1389 habitus
612 1363 692 1389 sunt
711 1355 747 1388 in
767 1355 887 1388 anima
909 1355 1109 1388 secundum
1133 1356 1208 1400 ejus
1230 1355 1436 1397 essentiam,
1451 1362 1486 1388 et
1499 1365 1574 1388 non
1595 1354 1796 1388 secundum

225 1409 436 1455 potentiam.

298 1472 328 1495 2.
344 1462 582 1496 PRAETEREA‚
606 1461 817 1495 Accidentis
838 1472 913 1495 non
940 1470 993 1495 est
1015 1461 1203 1503 accidens,
1225 1461 1368 1495 habitus
1392 1469 1514 1495 autem
1537 1468 1591 1495 est
1611 1461 1796 1507 quoddam

228 1515 416 1549 accidens:
444 1516 506 1549 sed
540 1515 724 1561 potentiae
760 1515 903 1548 animae
926 1523 1009 1549 sunt
1043 1515 1086 1548 de
1120 1526 1254 1560 genere
1278 1514 1533 1556 accidentium,
1556 1522 1595 1548 ut
1619 1515 1656 1548 in
1677 1514 1796 1560 primo

228 1569 364 1602 dictum
396 1577 447 1603 est
470 1570 517 1614 (q.
541 1580 593 1615 77.
615 1574 679 1603 art.
702 1569 772 1613 r.),·
802 1580 888 1614 ergo
911 1568 1054 1602 habitus
1076 1579 1151 1602 non
1185 1576 1240 1602 est
1259 1568 1296 1602 in
1319 1568 1440 1602 anima
1467 1569 1607 1603 ratione
1628 1579 1716 1602 suae
1737 1578 1798 1614 po·

228 1623 372 1656 tentiae.

302 1687 330 1721 3.
353 1676 590 1710 PRAETEREA.
614 1675 827 1721 Subiectum
846 1683 899 1709 est
920 1675 1016 1721 prius
1031 1686 1088 1716 e0,
1109 1675 1205 1721 quod
1228 1683 1281 1709 est
1298 1675 1334 1708 in
1355 1675 1536 1721 subjecto:
1559 1675 1622 1709 sed
1642 1674 1798 1717 habitus,

230 1741 313 1763 cum
335 1729 512 1775 pertineat
534 1729 577 1762 ad
599 1729 755 1775 primam
774 1729 933 1774 speciem
957 1728 1150 1774 qualitatis,
1173 1737 1226 1762 est
1246 1728 1356 1774 prior,
1378 1740 1489 1774 quam
1511 1728 1685 1775 potentia,
1705 1738 1798 1774 quae

227 1783 381 1828 pertinet
400 1783 443 1816 ad
463 1783 661 1816 secundam
681 1782 857 1828 speciem3
873 1793 959 1827 ergo
975 1782 1117 1816 habitus
1131 1793 1206 1816 non
1226 1790 1279 1816 est
1295 1782 1331 1816 in
1350 1781 1513 1828 potentia
1529 1781 1684 1824 animae,
1706 1781 1799 1816 sicut

228 1836 264 1869 in
287 1836 459 1880 subjecto.

298 1890 371 1924 SED
395 1900 550 1924 CONTRA
578 1898 642 1932 est,
670 1890 766 1935 quod
789 1888 925 1923 Philos.
953 1889 989 1922 in
1022 1900 1048 1923 1.
1071 1889 1187 1923 Ethic.
1214 1890 1302 1935 (cap.
1330 1889 1406 1934 ult.)
1428 1889 1530 1935 ponit
1556 1888 1718 1923 diversos
1738 1888 1799 1922 ha-

227 1943 320 1978 bitus
340 1944 375 1976 in
395 1943 544 1977 diversis
566 1943 724 1989 partibus
747 1943 900 1977 animae.

296 1997 525 2031 RESPONDEO
538 1996 743 2038 dicendum,
755 1996 864 2042 quod,
878 1996 970 2030 sicut
981 2007 1086 2042 supra
1097 1995 1234 2030 dictum
1245 2004 1299 2030 est
1309 1996 1357 2042 (q.
1366 2007 1423 2042 49.
1435 2000 1498 2030 art.
1508 2007 1539 2030 2.
1551 1996 1643 2042 et3.),
1655 1995 1798 2030 habitus

226 2050 399 2095 importat
420 2050 697 2095 dispositionem
721 2049 918 2095 quamdam
940 2050 975 2083 in
991 2049 1118 2084 ordine
1134 2049 1177 2083 ad
1192 2057 1372 2090 naturam,
1387 2048 1446 2083 vel
1465 2048 1508 2083 ad
1531 2049 1796 2095 operationem.

228 2103 266 2137 Si
284 2114 372 2148 ergo
395 2103 592 2149 accipiatur
613 2103 767 2144 habitus,
801 2102 1002 2137 secundum
1036 2103 1133 2149 quod
1167 2102 1276 2136 habet
1297 2103 1462 2136 ordinem
1485 2101 1528 2136 ad
1550 2109 1729 2144 naturam,
1746 2101 1798 2136 sic

226 2167 300 2190 non
327 2164 446 2202 potest
474 2167 550 2190 esse
574 2157 609 2189 in
633 2158 765 2198 anima,
787 2157 815 2190 si
837 2164 959 2190 tamen
982 2156 1026 2190 de
1047 2164 1176 2190 natura
1197 2156 1358 2190 humana
1380 2155 1594 2202 loquamur:
1617 2155 1702 2202 quia
1722 2155 1799 2202 ipsa

225 2210 347 2243 anima
370 2218 423 2243 est
444 2209 561 2243 forma
583 2209 803 2255 completiva
830 2210 1013 2243 humanae
1036 2217 1205 2252 naturae3
1229 2209 1324 2244 unde
1347 2209 1549 2244 secundum
1572 2209 1644 2243 hoc
1679 2208 1798 2255 magis

227 2271 346 2310 potest
367 2274 444 2297 esse
466 2262 592 2309 aliquis
616 2263 770 2304 habitus,
785 2263 843 2297 vel
862 2263 1051 2309 dispositio
1066 2263 1103 2297 in
1123 2274 1276 2309 corpore
1291 2273 1354 2309 per
1369 2262 1536 2297 ordinem
1559 2262 1603 2296 ad
1625 2261 1800 2304 animam,

227 2328 334 2363 quam
359 2318 393 2351 in
417 2317 537 2350 anima
560 2327 622 2362 per
644 2317 809 2350 ordinem
837 2317 880 2350 ad
903 2317 1126 2363 corpus-,sed
1149 2317 1178 2351 si
1200 2316 1395 2363 loquamur
1413 2316 1456 2351 de
1479 2315 1600 2362 aliqua
1620 2315 1797 2362 superiori

226 2379 363 2412 natura,
387 2371 486 2415 cujus
508 2371 623 2404 homo
645 2378 763 2416 potest
777 2381 855 2404 esse
878 2373 1068 2417 particeps,
1087 2371 1288 2404 secundum
1310 2369 1398 2404 illud
1410 2379 1441 2404 2.
1457 2369 1533 2404 Pet.
1561 2380 1608 2404 1.:
1637 2369 1680 2404 Ut
1698 2371 1800 2404 simus

227 2430 387 2459 consortes
409 2429 547 2458 naturae
565 2424 709 2464 divinae,
727 2424 775 2457 sic
791 2423 880 2457 nihil
895 2424 1118 2470 prohibet‚1'n
1134 2425 1249 2458 anima
1259 2423 1434 2459 secundum
1445 2435 1540 2458 suam
1555 2424 1723 2458 essentiam
1737 2434 1799 2458 esse

227 2478 368 2523 aliquem
391 2477 552 2519 habitum,
577 2477 715 2511 scilicet
735 2479 901 2523 gratiam,
921 2486 958 2511 ut
977 2477 1066 2511 infra
1089 2478 1227 2511 dicetur
1247 2477 1293 2523 (q.
1316 2489 1386 2513 110.
1409 2481 1473 2511 art.
1495 2478 1556 2521 4.).
1577 2476 1616 2511 Si
1637 2487 1726 2511 vero
1745 2487 1801 2510 ac-

227 2531 378 2577 cipiatur
399 2531 540 2564 habitus
563 2531 598 2564 in
621 2531 746 2564 ordine
771 2531 813 2564 ad
842 2532 1105 2576 operationem,
1133 2531 1182 2565 sic
1212 2530 1370 2565 maxime
1396 2530 1540 2564 habitus
1567 2529 1801 2564 inveniuntur

226 2585 261 2618 in
284 2584 416 2625 anima,
436 2584 650 2630 inquantum
675 2584 795 2617 anima
818 2595 891 2617 non
915 2585 1177 2619 determinatur
1199 2584 1240 2618 ad
1264 2595 1375 2618 unam
1389 2584 1654 2630 operationem,
1675 2582 1738 2617 sed
1761 2593 1799 2618 se

226 2637 334 2671 habet
355 2637 398 2670 ad
427 2637 578 2678 multas3
607 2637 702 2683 quod
732 2637 923 2682 requiritur
951 2638 993 2670 ad
1021 2638 1197 2679 habitum,
1223 2646 1262 2672 ut
1287 2648 1394 2684 supra
1421 2637 1559 2671 dictum
1586 2644 1641 2671 est
1669 2635 1714 2682 (q.
1741 2647 1799 2682 49.

227 2696 291 2725 ιιι-ι.
315 2691 380 2735 4.),·
409 2699 442 2724 et
465 2691 548 2736 quia
581 2690 701 2723 anima
730 2698 781 2724 est
800 2690 1017 2736 principium
1041 2691 1297 2736 operationum
1319 2702 1382 2737 per
1399 2701 1482 2724 suas
1504 2690 1695 2737 potentias,
1717 2689 1800 2724 ideo

228 2744 428 2778 secundum
447 2744 518 2777 hoc
541 2744 683 2777 habitus
706 2752 787 2777 sunt
815 2743 848 2776 in
873 2744 994 2777 anima
1014 2744 1214 2778 secundum
1241 2755 1324 2778 suas
1346 2743 1536 2790 potentias.

299 2797 358 2830 Ar)
378 2807 525 2831 rammi
549 2808 636 2842 ergo
659 2796 866 2837 dicendum,
893 2797 988 2842 quod
1013 2797 1167 2831 essentia
1203 2797 1347 2831 animae
1377 2796 1532 2843 pertinet
1562 2796 1606 2830 ad
1631 2803 1799 2830 naturam

227 2851 521 2891 lmmanammm
538 2850 628 2884 sicut
647 2850 847 2893 subjectum
867 2849 1133 2894 disponendum
1147 2850 1190 2884 ad
1207 2849 1341 2897 aliquid
1361 2849 1470 2892 aliud,
1485 2850 1549 2884 sed
1562 2849 1655 2884 sicut
1669 2847 1800 2891 forma,

229 2913 262 2938 ct
284 2912 422 2945 natura,
445 2904 487 2937 ad
511 2915 619 2950 quam
645 2903 772 2949 aliquis
795 2903 1006 2949 disponitur.
