1907 3182
259 202 346 256 298
700 213 922 249 QUAESTIO
957 213 1027 242 XL.
1061 211 1306 241 ARTICULUS
1339 212 1380 240 V.

331 295 390 328 AD
406 305 577 329 TERTIUM
600 294 805 334 dicendum,
828 293 925 339 quod
947 292 1108 333 stultitia,
1133 299 1166 325 et
1180 291 1438 337 inexperientia
1459 299 1610 337 possunt
1629 301 1705 325 esse
1720 302 1829 325 causa

259 349 335 394 spei
357 349 459 394 quasi
482 359 543 394 per
566 347 745 388 accidens,
768 346 992 380 removendo
1015 345 1153 379 scilicet
1175 345 1376 386 scientiam,
1398 356 1461 390 per
1483 356 1593 390 quam
1613 355 1697 378 vere
1715 344 1830 378 existi-

260 410 378 435 matur
397 401 530 447 aliquid
554 412 631 434 esse
649 411 723 433 non
742 398 911 445 possibile
924 411 932 440 3
947 398 1041 432 unde
1058 410 1099 432 ea
1121 398 1261 431 ratione
1275 397 1532 443 inexperientia
1552 405 1604 431 est
1619 408 1727 431 causa
1741 397 1828 443 spei,

260 467 329 500 qua
352 454 568 500 experientia
592 461 644 486 est
666 464 775 486 causa
797 451 958 485 defectus
980 451 1067 497 spei.

819 590 1167 635 ARTICULUS
1199 591 1276 633 VI.
1759 601 1826 635 228

418 700 571 728 UTRUM
599 699 643 729 IN
664 699 918 740 JUVENIBUS,
948 699 1004 728 ET
1032 699 1077 729 IN
1103 699 1297 728 EBRIOSIS
1326 699 1533 728 ABUNDET
1561 698 1672 727 SPES.

776 787 882 832 (Infr.
913 798 942 832 q.
969 798 1018 831 45.
1048 792 1113 821 art.
1137 799 1166 832 3.
1197 786 1317 833 corps).

332 876 390 909 AD
413 886 565 909 sexTL'M
588 876 638 909 sic
661 875 878 921 proceditur.
901 875 1064 917 Videtur,
1093 876 1190 922 quod
1217 877 1396 921 juventus,
1423 884 1459 910 et-
1484 876 1637 909 ebrietas
1663 886 1738 909 non
1763 875 1833 909 sint

262 940 369 963 causa
392 929 485 974 spei3
507 940 588 975 spes
611 929 708 963 enim
729 930 903 975 importat
923 929 1121 976 quamdam
1145 929 1410 971 certitudinem,
1433 937 1468 963 et
1488 928 1717 970 firmitatem3
1738 928 1833 962 unde

261 983 305 1016 ad
328 983 417 1016 Heb.
441 981 472 1016 6.
493 994 573 1029 spes
594 991 827 1028 comparatur
845 983 1046 1017 anchorae:
1071 982 1133 1016 sed
1155 983 1315 1028 juvenes,
1335 991 1370 1017 et
1388 983 1477 1016 ebrii
1495 982 1667 1017 deficiunt
1687 993 1707 1016 a
1727 982 1835 1016 firmi-

260 1044 344 1078 tate,
367 1036 500 1070 habent
524 1037 621 1070 enim
643 1037 807 1070 animum
823 1037 866 1070 de
881 1036 980 1070 facili
994 1036 1226 1079 mutabilem,
1242 1047 1329 1082 ergo
1350 1037 1528 1082 juventus,
1545 1044 1580 1070 et
1594 1036 1745 1070 ebrietas
1759 1047 1833 1070 non

261 1098 314 1124 est
335 1100 444 1123 causa
465 1090 551 1135 spei.

333 1153 364 1177 2.
387 1143 625 1178 PRAETEREA.
648 1143 710 1185 Ea,
733 1155 825 1190 quae
848 1151 984 1189 augent
1009 1151 1239 1190 potestatem,
1266 1143 1424 1178 maxime
1443 1151 1527 1178 sunt
1552 1154 1661 1177 causa
1683 1143 1770 1189 spei,
1797 1150 1835 1176 ut

261 1208 369 1242 supra
391 1197 528 1230 dictum
551 1205 603 1231 est
620 1197 837 1243 (art.praec.)
852 1211 861 1232 :
881 1197 943 1231 sed
958 1198 1136 1242 juventus,
1159 1205 1193 1231 et
1208 1197 1360 1231 ebrietas
1375 1197 1573 1243 quamdam
1586 1196 1843 1230 infirmitatem

262 1250 397 1284 habent
418 1250 644 1295 adjunctam,
668 1262 755 1296 ergo
778 1262 851 1284 non
874 1259 957 1284 sunt
979 1262 1088 1284 causa
1110 1251 1196 1296 spei.

338 1315 365 1348 3.
389 1303 625 1338 PRAETEREA.
648 1304 877 1350 Experientia
899 1312 953 1338 est
975 1315 1082 1338 causa
1105 1304 1192 1350 spei,
1215 1313 1254 1337 ut
1275 1304 1412 1337 dictum
1431 1311 1484 1338 est
1506 1303 1585 1347 (art.
1601 1303 1750 1350 praec.).·
1771 1302 1834 1336 sed

263 1357 452 1402 juvenibus
475 1358 692 1403 experientia
716 1357 855 1399 deficit3
878 1369 965 1403 ergo
983 1359 1151 1404 juventus
1172 1368 1247 1391 non
1269 1365 1322 1391 est
1344 1368 1452 1391 causa
1474 1357 1561 1403 spei.

335 1410 409 1444 SED
433 1421 588 1445 CONTRA
616 1419 679 1452 est,
702 1411 798 1457 quod
821 1411 958 1445 Philos.
986 1411 1072 1445 dicit
1092 1411 1128 1444 in
1154 1423 1182 1456 3.
1206 1410 1322 1444 Ethic.
1345 1412 1434 1456 (cap.
1458 1411 1489 1445 8.
1506 1414 1580 1456 post
1600 1409 1713 1453 med),
1737 1409 1834 1455 quod

264 1465 421 1498 inebriati
445 1469 519 1498 sunt
546 1465 621 1498 bena
645 1469 826 1510 sperantem
856 1472 890 1498 et
911 1465 946 1498 in
970 1475 1000 1498 2.
1023 1464 1129 1498 Rhet.
1153 1465 1242 1510 (cap.
1270 1476 1319 1499 12.
1346 1469 1420 1498 ante
1446 1463 1547 1508 med.)
1569 1463 1710 1504 dicitur,
1736 1462 1833 1508 quod

260 1519 396 1563 juvenes
415 1522 490 1551 sunt
512 1518 614 1552 lionae
633 1519 712 1564 spei.
1352 1511 1360 1516 ”

333 1570 562 1605 Respoxmzo
586 1571 792 1612 dicendum,
815 1571 912 1616 quod
930 1573 1089 1616 juventus
1110 1576 1153 1605 est
1174 1581 1273 1605 causa
1294 1571 1362 1617 spei
1382 1577 1531 1616 propter
1549 1571 1630 1612 tria,
1645 1577 1684 1603 ut
1697 1568 1834 1603 Philos.

262 1623 348 1657 dicit
362 1624 398 1657 in
413 1634 444 1657 2.
459 1623 565 1658 Rhet.
589 1624 716 1669 (il›id.);
741 1633 775 1658 et
796 1625 886 1658 haec
911 1626 977 1658 tria
999 1632 1151 1669 possunt
1169 1624 1286 1670 accipi
1305 1623 1506 1657 secundum
1525 1628 1589 1657 tres
1607 1623 1835 1657 conditiones

260 1677 358 1718 boni,
381 1677 478 1722 quod
507 1685 559 1711 est
586 1678 770 1722 objectum
797 1678 885 1723 spei,
908 1678 1004 1723 quod
1037 1686 1090 1712 est
1111 1678 1285 1723 futurum,
1309 1685 1343 1711 et
1364 1677 1522 1718 arduum,
1550 1685 1585 1711 et
1605 1676 1770 1723 possibile,
1798 1683 1836 1710 ut

262 1731 399 1765 dictum
422 1739 474 1765 est
497 1731 575 1775 (art.
600 1744 626 1766 r.
650 1732 718 1777 huj.
742 1733 803 1777 q.):
827 1733 974 1776 juvenes
994 1732 1091 1765 enim
1110 1731 1267 1765 multum
1286 1731 1421 1764 habent
1439 1730 1482 1764 de
1499 1729 1633 1772 futuro,
1657 1737 1691 1764 et
1708 1740 1836 1775 parum

262 1784 305 1818 de
326 1785 538 1831 praeterito:
562 1793 597 1819 et
617 1785 712 1827 ideo,
734 1786 818 1831 quia
840 1785 1019 1819 memoria
1042 1793 1095 1818 est
1116 1785 1309 1831 praeteriti,
1329 1795 1410 1830 spes
1429 1791 1550 1818 autem
1568 1783 1689 1825 futuri,
1708 1793 1836 1829 parum

260 1838 395 1872 habent
416 1838 459 1872 de
481 1839 672 1880 memoria,
695 1838 757 1872 sed
780 1838 937 1872 multum
958 1838 1083 1872 vivunt
1111 1838 1147 1872 in
1174 1849 1255 1884 spe:
1278 1839 1426 1883 juvenes
1449 1837 1560 1871 etiam
1586 1845 1732 1883 propter
1754 1835 1836 1870 cali-

261 1891 410 1925 ditatem
432 1900 581 1925 naturae
603 1892 739 1926 habent
761 1891 896 1926 multos
919 1892 1084 1937 spiritus,
1107 1899 1142 1925 et
1163 1891 1211 1925 ita
1233 1891 1268 1925 in
1292 1891 1342 1925 eis
1369 1902 1434 1924 cor
1461 1890 1673 1937 ampliatur:
1701 1901 1742 1924 ex
1765 1901 1837 1924 am-

262 1945 436 1991 plitudine
456 1953 577 1979 autem
598 1946 716 1979 cordis
738 1953 801 1987 est,
818 1945 915 1991 quod
939 1945 1067 1991 aliquis
1091 1945 1133 1978 ad
1158 1945 1268 1978 ardua
1286 1945 1420 1986 tendat,
1436 1952 1471 1978 et
1487 1944 1570 1978 ideo
1589 1945 1736 1989 juvenes
1755 1951 1837 1977 sunt

263 1999 430 2040 animosi,
452 2007 487 2032 et
507 1999 625 2032 bonae
647 1999 733 2045 spei.
758 1999 932 2032 Similiter
954 1999 1064 2032 etiam
1085 1998 1148 2040 illi,
1169 1999 1229 2044 qui
1250 2009 1325 2032 non
1344 2005 1427 2032 sunt
1448 1997 1543 2044 passi
1560 1997 1755 2043 repulsam,
1768 2007 1835 2030 nec

263 2052 398 2097 experti
419 2052 679 2098 impedimenta
702 2052 738 2085 in
761 2052 833 2086 suis
857 2053 1058 2094 conatibus,
1086 2052 1130 2086 de
1156 2051 1254 2085 facili
1281 2059 1450 2097 reputant
1477 2051 1611 2097 aliquid
1632 2051 1699 2085 sibi
1725 2050 1838 2096 possi-

263 2105 333 2138 bile
350 2117 357 2146 3
380 2105 474 2138 unde
494 2113 528 2139 et
545 2107 692 2150 juvenes
712 2114 858 2152 propter
876 2105 1174 2152 inexperientiam
1192 2105 1552 2151 impedimentorum,
1567 2112 1602 2138 et
1616 2103 1836 2145 defectuum,

265 2158 308 2191 de
329 2157 426 2191 facili
447 2166 614 2204 reputant
636 2158 769 2204 aliquid
792 2159 858 2192 sibi
880 2158 1070 2205 possibile:
1095 2167 1131 2192 et
1156 2158 1239 2192 ideo
1266 2166 1349 2192 sunt
1373 2158 1490 2192 bonae
1517 2158 1603 2204 spei.
1631 2158 1710 2192 Duo
1737 2159 1836 2192 etiam

266 2213 401 2246 istorum
414 2217 490 2246 sunt
504 2213 537 2245 in
551 2214 661 2255 ebriis,
673 2213 811 2246 scilicet
826 2213 1001 2254 caliditas,
1013 2221 1047 2246 et
1062 2212 1317 2259 multiplicatio
1332 2212 1522 2258 spirituum
1537 2219 1684 2258 propter
1692 2211 1834 2246 vinum:

264 2273 300 2299 et
320 2265 450 2298 iterum
473 2266 754 2299 inconsideratio
778 2266 1036 2311 periculorum,
1059 2266 1117 2300 vel
1135 2265 1354 2300 defectuum.
1374 2265 1418 2300 Et
1436 2273 1582 2312 propter
1600 2265 1768 2299 eamdem
1786 2275 1837 2298 ra-

263 2318 402 2352 tionem
425 2318 534 2352 etiam
562 2330 690 2353 omnes
717 2319 826 2361 stulti,
854 2327 889 2353 et
915 2319 1177 2354 deliberatione
1202 2330 1277 2354 non
1306 2327 1447 2354 utentes
1474 2318 1598 2353 omnia
1624 2326 1775 2360 tentant,
1802 2326 1836 2352 et

264 2380 347 2406 sunt
367 2372 485 2405 bonae
507 2372 593 2417 spei.

336 2425 396 2459 An
418 2436 567 2460 PRJMUM
591 2436 678 2471 ergo
701 2426 908 2469 dicendum,
931 2427 1029 2473 quod
1055 2427 1091 2461 in
1113 2427 1314 2472 juvenibus,
1341 2434 1376 2461 et
1401 2426 1437 2460 in
1465 2426 1571 2461 ebriis
1592 2425 1677 2461 licet
1697 2437 1771 2460 non
1792 2425 1837 2460 sit

265 2478 414 2512 firmitas
437 2479 637 2512 secundum
658 2480 706 2512 rei
729 2481 930 2522 veritatem,
954 2489 1006 2514 est
1027 2489 1150 2515 tamen
1172 2481 1208 2514 in
1232 2481 1282 2515 eis
1305 2481 1506 2515 secundum
1525 2491 1654 2515 eorum
1673 2480 1838 2514 aestima-

265 2533 423 2574 tionem3
442 2540 609 2578 reputant
627 2533 723 2566 enim
743 2544 780 2567 se
800 2533 948 2567 firmiter
967 2543 1196 2569 assecuturos
1215 2534 1315 2576 illud,
1330 2534 1429 2580 quod
1444 2542 1598 2580 sperant.

338 2586 381 2620 Et
399 2586 564 2620 similiter
578 2586 772 2620 dicendum
795 2598 844 2621 Al)
864 2598 1082 2629 SECUNDUM,
1099 2588 1193 2634 quod
1214 2589 1373 2633 juvenes,
1389 2595 1424 2622 et
1438 2587 1526 2622 ebrii
1544 2587 1677 2622 habent
1690 2586 1835 2633 quidem

268 2639 513 2674 infirmitatem
540 2640 740 2674 secundum
763 2641 812 2674 rei
835 2641 1035 2682 veritatem,
1064 2643 1124 2676 sed
1152 2641 1353 2676 secundum
1376 2652 1504 2675 eorum
1530 2641 1835 2676 existimationem

267 2694 401 2728 habent
428 2702 662 2739 potestatem:
687 2695 769 2740 quia
791 2706 876 2728 suos
899 2695 1060 2729 desectus
1083 2707 1156 2729 non
1180 2703 1418 2741 cognoscunt.

339 2748 398 2781 AD
422 2758 592 2782 ’namium
616 2748 821 2789 dicendum,
850 2748 946 2793 quod
973 2760 1046 2781 non
1075 2749 1196 2783 solum
1223 2749 1454 2795 experientia,
1476 2748 1538 2783 sed
1561 2748 1670 2783 etiam
1697 2748 1837 2794 inexpe-

270 2801 394 2835 rientia
418 2809 470 2835 est
492 2801 769 2847 quodammodo
793 2812 900 2835 causat
924 2802 1010 2847 spei,
1033 2810 1070 2835 ut
1093 2802 1228 2836 dictum
1253 2810 1306 2837 cst
1330 2802 1408 2846 (arr.
1431 2802 1569 2848 praec).
