1907 3198
502 195 726 232 QUAESTlo
759 195 936 225 LXXXIV.
971 195 1216 226 ARTICULUS
1250 195 1276 224 1.
1599 185 1678 227 601

178 276 242 314 AD
256 286 406 313 mumma
420 287 509 323 ergo
523 277 730 320 dicendum,
745 277 841 325 quod
857 289 930 313 non
942 278 985 312 ab
1004 277 1135 312 eodem
1151 277 1264 312 oritur
1277 277 1401 319 virtus,
1415 284 1451 311 et
1469 286 1661 324 peccatum
1675 290 1682 312 :

111 331 226 366 oritur
245 330 345 366 enim
358 338 549 377 peccatum
569 342 611 366 ex
633 331 793 378 appetitu
816 330 1087 366 commutabilis
1105 330 1203 372 boni,
1226 338 1262 365 et
1282 330 1364 365 ideo
1388 331 1566 377 appetitus
1589 331 1684 365 illius

110 383 211 426 boni,
231 384 330 431 quod
351 385 451 430 juvat
472 385 515 418 ad
543 386 799 432 consequenda
818 386 943 420 omnia
970 385 1186 432 temporalia
1208 385 1316 427 bona,
1335 385 1434 420 radix
1450 394 1685 432 peccatorum

110 436 259 473 dicitur:
281 437 393 473 virtus
409 446 530 473 autem
550 439 663 473 oritur
679 451 721 474 ex
741 441 899 486 appetitu
915 438 1224 474 incommutabilis
1239 439 1346 481 boni;
1365 447 1401 473 et
1414 439 1497 474 ideo
1513 439 1683 482 charitas,

110 501 205 538 quae
224 498 280 526 est
297 501 402 526 amor
417 491 499 533 Dei,
521 492 668 538 ponitur
689 493 787 527 radix
806 493 990 536 virtutum,
1012 492 1314 528 secundumillud
1335 492 1467 539 Ephes.
1491 504 1539 539 3.:
1555 493 1596 528 In
1610 493 1687 528 cha-

108 545 209 581 ritate
226 543 385 588 radicati,
407 550 436 580 et
448 545 601 592 fundati.

181 597 243 635 AD
263 608 472 634 SECUNDUM
499 599 707 642 dicendum,
732 600 830 646 quod
853 600 1031 647 appetitus
1052 599 1290 647 pecuniarum
1321 600 1452 634 dicitur
1478 611 1558 635 esse
1584 600 1684 635 radix

109 659 357 700 peccatorum,
370 663 446 687 non
459 652 607 699 quidem
622 653 706 700 quia
720 653 866 689 divitiae
881 662 1026 701 propter
1040 665 1078 688 se
1093 662 1312 700 quaerantur
1329 662 1519 700 tamquam
1534 653 1684 689 ultimus

109 704 204 750 finis,
222 705 286 742 sed
306 705 392 753 quia
411 705 570 741 multum
590 715 822 754 quaeruntur,
850 716 887 742 ut
910 706 1014 742 utiles
1041 707 1085 742 ad
1107 719 1259 742 omnem
1282 706 1525 754 temporalem
1553 706 1684 742 finem:

109 766 146 797 et
164 759 250 807 quia
266 759 470 795 universale
491 759 630 795 bonum
653 768 706 795 est
727 760 967 808 appetibilius,
989 772 1099 808 quam
1122 760 1269 808 aliquod
1289 760 1506 808 particulare
1532 761 1684 804 bonum,

106 811 194 849 ideo
206 813 325 860 magis
338 821 464 849 movet
483 814 696 861 appetitum,
706 825 817 861 quam
835 814 1015 861 quaedam
1028 814 1125 849 bona
1139 813 1348 861 singularia,
1366 825 1459 861 quae
1473 813 1583 850 simul
1598 825 1684 849 cum

104 865 234 906 ,multis
259 865 338 902 aliis
359 877 422 914 per
439 868 634 914 pecuniam
655 867 782 902 haberi
801 874 963 915 possunt.

180 919 242 956 AD
268 930 442 956 τεκτιυκ
467 920 675 963 dicendum,
701 921 799 968 quod
833 921 926 956 sicut
946 921 982 956 in
1016 921 1121 956 rebus
1147 921 1370 957 naturalibus
1398 933 1473 956 non
1500 921 1684 968 quaeritur

108 973 195 1022 quid
215 985 360 1022 semper
375 973 450 1018 fiat,
463 975 526 1010 sed
548 975 633 1022 quid
655 975 692 1009 in
706 974 866 1022 pluribus
889 975 1048 1018 accidat;
1070 986 1115 1010 eo
1130 975 1227 1022 quod
1250 984 1378 1010 natura
1394 974 1683 1022 corruptibilium

106 1038 231 1065 rerum
250 1027 419 1076 impediri
440 1036 570 1076 potest,
597 1036 636 1063 ut
660 1039 734 1064 non
762 1040 905 1075 semper
928 1029 1061 1064 eodem
1088 1029 1202 1064 modo
1229 1037 1415 1076 operetur:
1437 1029 1487 1063 ita
1513 1029 1624 1064 etiam
1646 1028 1683 1063 in

106 1080 307 1118 moralibus
327 1082 578 1117 consideratur
591 1082 689 1129 quod
711 1091 749 1117 ut
767 1082 802 1117 in
821 1082 981 1129 pluribus
1003 1091 1068 1124 est,
1087 1093 1162 1117 non
1181 1091 1303 1118 autern
1325 1082 1423 1130 quod
1445 1094 1590 1129 semper
1611 1090 1683 1124 est;

107 1145 154 1175 eo
173 1135 273 1183 quod
293 1134 463 1172 voluntas
487 1147 563 1170 non
584 1146 627 1170 ex
660 1136 875 1171 necessitate
897 1145 1086 1182 operatur;
1117 1147 1191 1171 non
1224 1137 1334 1183 igitur
1367 1136 1497 1171 dicitur
1531 1136 1681 1170 avaritia

106 1188 209 1224 radix
228 1190 398 1224 omnium
418 1188 614 1232 malorum,
636 1189 721 1236 quia
741 1189 925 1225 interdum
947 1189 1094 1236 aliquod
1116 1189 1214 1224 aliud
1237 1189 1377 1224 malum
1395 1190 1440 1225 sit
1461 1190 1562 1225 radix
1584 1191 1681 1235 ejus3

107 1241 172 1279 sed
185 1242 271 1290 quia
287 1252 332 1278 ex
342 1242 423 1291 ipsa
434 1241 656 1290 frequentius
670 1242 741 1278 alia
756 1243 854 1278 mala
868 1244 1043 1286 oriuntur,
1058 1243 1198 1279 ratione
1212 1244 1398 1291 praedicta
1415 1244 1464 1289 (in
1480 1250 1572 1292 corp.
1587 1244 1681 1289 art).

678 1384 1026 1431 ARTICULUS
1061 1386 1119 1430 ΙΙ.
1611 1407 1680 1444 449

359 1492 513 1524 UTRUM
540 1493 748 1524 SUPERBIA
775 1493 844 1524 sn·
866 1493 1043 1524 niu-um
1069 1493 1205 1524 OMNIS
1229 1493 1433 1524 PECCATI.

107 1580 197 1628 (2-2.
216 1593 249 1630 q.
269 1580 346 1618 162.
366 1586 432 1617 art.
452 1593 485 1618 2.
506 1586 536 1617 et
548 1586 614 1617 art.
627 1594 657 1629 5.
679 1582 723 1616 ad
735 1594 763 1618 ι.
784 1587 815 1617 et
834 1587 899 1617 art.
922 1593 952 1629 7.
975 1582 1018 1616 ad
1031 1594 1059 1618 r.
1082 1587 1110 1617 et
1130 1593 1162 1618 2.
1184 1582 1272 1617 Dist.
1294 1594 1350 1627 42.
1364 1594 1395 1628 q.
1414 1594 1446 1618 2.
1467 1588 1532 1617 art.
1554 1595 1582 1618 1.
1596 1582 1640 1617 ad
1648 1583 1680 1618 8.

619 1641 647 1671 et
667 1647 701 1682 4.
728 1637 817 1671 Dist.
844 1648 893 1683 17.
920 1649 951 1683 q.
979 1648 1010 1672 2.
1029 1641 1096 1672 art.
1118 1649 1146 1672 1.

201 1694 232 1727 el
256 1690 352 1727 Rom.
369 1701 398 1726 1.
416 1689 486 1726 lect.
503 1690 537 1726 8.
556 1690 616 1734 fin.
629 1695 660 1726 et
677 1696 748 1737 cap.
768 1702 798 1737 7.
813 1690 884 1725 lect.
905 1701 939 1735 4.
965 1696 995 1726 et
1012 1702 1040 1726 ι.
1066 1690 1144 1726 Cor.
1168 1703 1214 1726 Π.
1246 1690 1317 1726 lect.
1337 1702 1368 1726 2.
1384 1697 1476 1738 corp.
1496 1691 1585 1735 fin).

176 1777 240 1815 AD
259 1788 469 1815 SECUNDUM
501 1779 553 1814 sic
590 1778 809 1826 proceditur.
832 1778 995 1822 Videtur,
1025 1779 1123 1826 quod
1158 1779 1326 1826 superbia
1351 1790 1426 1814 non
1461 1779 1506 1814 sit
1538 1779 1681 1814 initium

106 1831 228 1868 omnis
247 1832 407 1880 peccati:
430 1833 530 1868 radix
563 1833 662 1868 enim
689 1841 744 1868 est
769 1832 954 1880 quoddam
976 1832 1196 1879 principium
1218 1833 1376 1875 arboris;
1399 1841 1434 1868 et
1460 1833 1509 1867 ita
1539 1833 1682 1868 videtur

102 1885 204 1923 idem
223 1896 304 1923 esse
322 1885 436 1930 radix,
457 1894 493 1921 et
512 1886 657 1922 initium
675 1887 834 1934 peccati:
857 1886 920 1921 sed
939 1886 1117 1933 cupiditas
1139 1895 1193 1922 est
1207 1887 1306 1921 radix
1328 1887 1449 1921 omnis
1466 1887 1619 1933 peccati,
1642 1895 1680 1922 ut

102 1938 245 1976 dictum
263 1946 320 1976 est
339 1939 421 1985 (art.
432 1939 582 1988 pusca),-
610 1951 699 1986 ergo
722 1941 798 1988 ipsa
817 1940 928 1976 etlam
955 1948 1009 1975 est
1034 1940 1178 1975 initium
1205 1941 1326 1976 omnis
1353 1941 1506 1987 peccati,
1525 1952 1600 1976 non
1622 1952 1681 1976 au-

104 1999 182 2029 tem
196 1993 376 2042 superbia.

178 2056 211 2083 2.
235 2045 475 2084 PRAETEREA.
502 2047 614 2082 Eccli.
638 2058 689 2083 10.
709 2047 860 2082 dicitur:
878 2048 1016 2083 Initium
1035 2049 1206 2096 superbiae
1227 2048 1370 2083 hominis
1390 2053 1433 2083 ast
1454 2053 1640 2095 apostatare
1661 2060 1681 2083 a

105 2099 203 2137 Deo:
223 2099 287 2137 sed
306 2101 489 2149 apostasia
510 2112 530 2136 a
555 2101 638 2136 Deo
660 2109 712 2136 est
734 2101 920 2148 quoddam
954 2110 1171 2149 peccatum3
1194 2113 1283 2148 ergo
1318 2101 1465 2148 aliquod
1488 2110 1680 2149 peccatum

100 2161 163 2192 nt
179 2153 325 2190 initium
344 2154 553 2202 superbiae3
575 2166 663 2202 ergo
689 2154 767 2202 ipsa
788 2165 863 2190 non
885 2163 939 2190 est
960 2155 1102 2190 initium
1123 2155 1244 2190 omnis
1267 2155 1418 2202 peccati.

180 2219 211 2256 3.
231 2207 469 2244 PRAETEREA.
481 2208 573 2243 Illud
591 2208 734 2244 videtur
755 2220 833 2244 esse
857 2209 998 2244 initium
1022 2211 1142 2244 omnis
1164 2209 1316 2256 peccati,
1331 2210 1428 2256 quod
1449 2208 1534 2244 facit
1555 2209 1681 2244 omnia

104 2269 273 2310 peccata:
294 2261 358 2298 sed
378 2262 451 2298 hoc
473 2270 528 2299 est
546 2262 773 2297 inordinatus
795 2273 900 2298 amor
921 2263 988 2306 sui,
1009 2263 1071 2310 qui
1093 2262 1180 2298 facit
1201 2263 1385 2298 civitatem
1410 2263 1619 2310 Babylonis,
1642 2271 1680 2297 ut

105 2314 261 2364 August.
281 2315 370 2351 dicit
386 2315 427 2351 in
450 2326 502 2360 14.
525 2315 569 2351 de
601 2316 681 2351 Civ.
703 2316 774 2351 Dei
795 2318 883 2364 (cap.
915 2317 973 2352 ult.
1000 2322 1028 2352 et
1055 2318 1088 2352 in
1115 2317 1168 2353 Ps.
1196 2317 1287 2363 64.),·
1311 2328 1398 2363 ergo
1423 2328 1527 2352 amor
1547 2317 1601 2352 sui
1628 2325 1682 2352 est

103 2367 249 2405 initium
269 2369 390 2406 omnis
410 2369 564 2417 peccati,
586 2381 659 2405 non
683 2378 806 2404 autem
829 2370 1008 2417 superbia.

177 2422 254 2459 SED
275 2433 431 2459 CONTRA
453 2431 518 2466 est,
540 2423 639 2470 quod
660 2423 790 2459 dicitur
811 2423 920 2459 Eccli.
949 2435 1011 2460 10:
1034 2425 1176 2460 Initium
1198 2426 1303 2460 omnis
1320 2427 1450 2472 peccati
1466 2426 1632 2472 superbia.

176 2475 408 2513 Resrounto
434 2477 641 2519 dicendum,
676 2478 774 2524 quod
804 2478 938 2524 quidam
973 2478 1109 2520 dicunt,
1143 2479 1349 2525 superbiam
1384 2479 1454 2513 dici
1494 2479 1681 2526 tripliciter.

109 2528 185 2566 Uno
210 2529 320 2574 modo,
350 2530 554 2567 secundum
584 2530 683 2578 quod
717 2531 882 2578 superbia
903 2531 1084 2578 significat
1105 2532 1355 2567 inordinatum
1377 2532 1578 2579 appetitum
1600 2543 1681 2578 pro-

105 2584 206 2631 priae
222 2583 474 2620 excellentiae:
496 2591 531 2620 et
551 2585 603 2620 sic
631 2593 683 2620 est
709 2584 867 2632 speciale
889 2594 1092 2632 peccatum.
1115 2586 1195 2622 Alio
1223 2586 1331 2629 modo,
1361 2587 1560 2621 secundum
1583 2586 1680 2632 quod

104 2635 279 2685 importat
298 2638 495 2686 quemdam
518 2637 700 2674 actualem
722 2647 973 2686 contemptum
998 2640 1079 2683 Dei,
1097 2649 1275 2687 quantum
1303 2640 1345 2674 ad
1375 2640 1471 2674 hunc
1495 2638 1679 2681 effectum,

104 2689 168 2738 qui
184 2698 240 2728 est
257 2701 334 2728 non
354 2691 459 2728 subdi
473 2693 549 2738 ejus
572 2697 786 2739 praecepto:
801 2700 834 2727 et
856 2693 907 2728 sic
930 2693 1066 2735 dicunt,
1088 2693 1184 2740 quod
1209 2702 1261 2728 est
1284 2693 1453 2737 generale
1477 2702 1679 2739 peccatum.

113 2742 225 2782 Taefio
245 2743 355 2789 modo,
376 2745 578 2782 secundum
593 2746 689 2793 quod
705 2746 877 2793 importat
892 2747 1089 2793 quamdam
1113 2746 1388 2782 inclinationem
1410 2747 1452 2780 m!
1465 2747 1679 2807 hujusmodi

107 2804 360 2847 contemptum
382 2810 425 2834 ex
447 2799 679 2847 corruptione
707 2808 873 2835 naturae:
897 2809 932 2835 ct
953 2801 1003 2835 sic
1031 2800 1166 2843 dicunt,
1193 2801 1290 2847 quod
1318 2810 1371 2835 cst
1397 2800 1538 2834 initium
1562 2800 1682 2835 onmis

106 2851 258 2900 peccati.
280 2850 326 2891 Et
345 2850 465 2889 differt
496 2863 517 2888 a
552 2852 769 2900 cupiditate:
797 2853 882 2900 quia
904 2853 1080 2905 cupiditas
1119 2854 1264 2901 respicit
1292 2863 1483 2900 peccatum
1511 2866 1553 2888 cx
1581 2862 1680 2901 parte

106 2899 359 2943 eonversidhis
378 2905 424 2942 ad
440 2905 581 2942 bonum
601 2906 876 2950 commutabile,
894 2918 936 2943 ex
959 2919 1031 2954 quo
1054 2919 1245 2955 peccatum
1273 2908 1550 2955 quodammodo
1572 2908 1681 2943 nutri-
