1907 3182
267 147 346 202 184
683 159 903 195 QUAESTIO
937 159 1024 189 xxi.
1057 159 1300 189 ARTICULUS
1332 160 1389 189 1v.

811 308 1156 353 ARTICULUS
1189 309 1266 352 IV.
1749 332 1814 368 134

318 416 469 446 UTRUM
495 416 637 446 ACTUS
662 415 885 454 HUMANUS,
910 416 1177 451 INQUANTUM
1202 416 1282 445 EST
1309 415 1467 456 BONUS,
1488 417 1570 446 VEL
1593 417 1751 457 MALUS‚

406 481 577 511 HABEAT
604 481 831 510 RATIONEM
857 481 1022 520 MERITI,
1047 482 1130 511 VEL
1153 482 1362 511 DEMERITI
1388 482 1503 511 APUD
1527 483 1663 512 DEUM.

873 568 973 613 (Hah.
996 568 1028 603 6.
1051 568 1121 603 lect.
1139 569 1197 615 3.).

326 658 386 693 AD
401 668 588 698 QUARTUM
602 658 651 692 sic
667 657 881 704 proceditur.
900 657 1063 700 Videtur,
1082 659 1179 704 quod
1197 666 1297 692 actus
1314 658 1474 693 hominis
1487 658 1681 702 bonus‚vel
1696 658 1813 693 malus

256 722 329 746 non
352 712 481 745 habeat
495 712 671 745 rationem
687 711 816 753 meriti,
830 710 888 745 vel
907 711 1069 745 demeriti
1085 723 1147 757 per
1166 712 1479 757 comparationem
1498 712 1542 746 ad
1555 713 1692 747 Deum:
1715 713 1810 758 quia,

256 773 293 798 ut
313 765 449 799 dictum
472 773 523 798 est
547 764 624 807 (art.
641 766 786 810 pratea),
809 766 975 807 meritum,
1007 772 1042 798 et
1071 765 1263 799 demeritum
1291 765 1462 810 importat
1491 765 1657 800 ordinem
1687 766 1731 799 ad
1759 777 1813 800 re-

255 820 591 864 compensationem
612 817 804 863 profectus,
825 818 883 851 vel
906 818 1029 852 damni
1050 818 1093 852 ad
1116 817 1269 852 alterum
1291 817 1398 851 illati:
1418 818 1480 852 sed
1497 818 1614 853 bonus
1633 826 1733 853 actus
1750 819 1815 852 ho-

255 872 372 913 minis,
394 871 451 905 vel
472 870 588 905 malus
610 882 683 905 non
703 871 796 905 cedit
822 871 858 904 in
887 871 1046 917 aliquem
1070 871 1284 917 profectum,
1305 871 1363 905 vel
1385 871 1559 905 damnum
1586 871 1696 918 ipsius
1721 872 1810 906 Dei:

254 925 382 959 dicitur
403 924 499 958 enim
516 924 582 969 Job
609 934 680 970 35.:
703 925 740 959 Si·
756 926 960 970 peccaveris,
984 924 1062 970 quid
1083 926 1111 959 ei
1132 925 1290 959 nocebis?
1318 930 1423 970 porro
1444 926 1472 959 si
1487 926 1572 970 juste
1593 926 1706 971 egeris,
1733 925 1813 971 quid

252 978 388 1012 donabis
407 979 465 1012 ei?
486 977 582 1023 Ergo
606 985 705 1011 actus
727 977 887 1012 hominis
907 978 1036 1020 bonus,
1054 977 1113 1012 vel
1131 977 1247 1012 malus
1266 989 1341 1012 non
1359 978 1470 1012 habet
1486 978 1665 1013 rationem
1683 978 1814 1022 meriti,

252 1031 310 1066 vel
332 1030 497 1065 demeriti
520 1030 613 1076 apud
635 1031 766 1064 Deum.

324 1095 354 1118 2.
377 1085 612 1119 PRAETEREA.
634 1084 918 1118 Instrumentum
937 1083 1028 1118 nihil
1046 1091 1214 1126 meretur,
1227 1083 1287 1118 vel
1305 1084 1509 1119 demeretur
1527 1084 1622 1131 apud
1640 1095 1736 1127 eum,
1751 1086 1811 1131 qui

253 1138 360 1172 utitur
380 1138 640 1180 instrument03
663 1138 745 1184 quia
763 1146 838 1172 tota
858 1138 952 1172 actio
975 1137 1203 1172 instrumenti
1221 1145 1274 1172 est
1292 1138 1422 1172 utentis
1439 1138 1536 1184 ipso:
1559 1137 1621 1172 sed
1642 1138 1757 1172 homo
1776 1139 1813 1172 in

253 1191 393 1237 agendo
416 1198 469 1225 est
489 1192 768 1225 instrumentum
787 1191 928 1225 divinae
946 1191 1084 1225 virtutis
1105 1191 1485 1237 principaliter-ipsum
1499 1192 1700 1234 moventis;
1718 1191 1813 1225 unde

253 1246 380 1279 dicitur
409 1246 474 1279 Isa.
503 1255 573 1279 10.:
605 1244 779 1290 Numquid
806 1245 1009 1291 gloriabitur
1035 1246 1156 1279 securis
1182 1250 1299 1280 contra
1319 1257 1406 1287 eum,
1428 1246 1485 1291 qui
1504 1250 1590 1280 secat
1609 1246 1643 1279 in
1664 1246 1728 1280 ea?
1754 1250 1813 1280 aut

251 1299 450 1333 exaltabitur
466 1309 557 1333 serra
578 1303 693 1333 contra
713 1310 797 1338 eum,
817 1310 836 1332 α
859 1310 920 1344 quo
939 1298 1114 1333 trahitur?
1133 1298 1204 1332 Ubi
1222 1297 1410 1333 manifeste
1429 1298 1620 1333 hominem
1639 1306 1808 1345 agentem

253 1359 440 1398 comparat
461 1352 719 1393 instrument03
743 1362 829 1397 ergo
851 1351 979 1393 homo,
1000 1352 1091 1386 bene
1114 1351 1268 1397 agendo,
1282 1350 1341 1386 vel
1354 1351 1462 1394 male,
1476 1363 1551 1386 non
1569 1359 1740 1394 meretur,
1753 1351 1810 1386 vel

254 1405 458 1440 demeretur
480 1405 572 1451 apud
593 1405 725 1438 Deum.

327 1470 354 1504 3.
383 1459 617 1493 PRAETEREA.
646 1458 759 1492 Actus
786 1458 966 1492 humanus
993 1458 1101 1492 habet
1126 1458 1308 1492 rationem
1334 1458 1464 1500 meriti,
1485 1457 1544 1492 vel
1565 1458 1742 1500 demeriti,
1763 1458 1813 1492 in-

251 1521 425 1559 quantum
447 1512 630 1546 ordinatur
651 1512 694 1546 ad
716 1511 886 1546 alterum:
910 1512 972 1546 sed
994 1523 1067 1545 non
1090 1512 1210 1545 omnis
1233 1520 1332 1546 actus
1355 1512 1536 1546 humanus
1558 1511 1744 1546 ordinatur
1765 1511 1810 1546 ad

252 1567 390 1607 Deum3
418 1577 503 1611 ergo
530 1577 604 1599 non
632 1576 759 1599 omnes
787 1573 885 1599 actus
912 1565 1008 1607 boni,
1035 1564 1094 1599 vel
1119 1564 1207 1599 mali
1233 1565 1368 1599 habent
1393 1566 1572 1600 rationem
1598 1565 1729 1608 meriti,
1753 1564 1813 1599 vel

254 1619 419 1654 demeriti
441 1619 534 1665 apud
555 1619 686 1652 Deum.

324 1674 398 1708 SED
422 1683 575 1708 CONTRA
599 1681 661 1715 est,
685 1672 780 1718 quod
803 1672 932 1706 dicitur
953 1672 1050 1706 Eccl.
1073 1671 1153 1706 ult.:
1179 1672 1323 1715 Cuncta,
1343 1684 1424 1718 quae
1442 1672 1544 1718 fiunt,
1566 1672 1701 1708 adducet
1721 1673 1812 1708 Deus

252 1729 285 1762 in
303 1727 481 1773 judicium,
503 1728 570 1761 sive
592 1727 725 1768 honum,
755 1727 822 1760 sive
851 1726 999 1760 malam:
1027 1726 1089 1760 sed
1118 1725 1294 1771 judicium
1323 1726 1496 1772 importat
1524 1726 1810 1769 retributionem,

251 1789 413 1828 respectu
441 1781 540 1826 cujus
569 1782 733 1821 nmmum,
764 1779 823 1813 vel
855 1779 1047 1814 dmuritum
1077 1779 1228 1821 dicitur3
1259 1790 1345 1825 ergo
1375 1779 1494 1813 omnis
1525 1786 1624 1814 actus
1650 1779 1810 1814 hominis

250 1835 376 1877 bonus,
398 1834 455 1868 vel
477 1833 593 1867 malus
615 1834 723 1867 habet
745 1834 924 1867 rationem
946 1834 1074 1874 meriti,
1096 1832 1154 1866 vel
1176 1833 1341 1867 demeriti
1364 1833 1457 1879 apud
1478 1833 1610 1867 Deum.

321 1888 550 1923 Rfispoxnno
573 1887 778 1928 dicendum,
801 1887 908 1932 quod,
932 1887 1024 1920 sicut
1045 1886 1182 1920 dictum
1204 1893 1257 1920 est
1278 1886 1360 1931 (art.
1377 1887 1520 1932 praec),
1540 1894 1640 1921 actus
1659 1885 1810 1932 alicujus

251 1942 410 1976 hominis
433 1942 540 1975 habet
566 1941 745 1974 rationem
772 1940 901 1981 meriti,
923 1940 980 1974 vel
1004 1940 1179 1981 demeriti,
1206 1940 1407 1974 secundum
1433 1939 1529 1986 quod
1556 1940 1741 1974 ordinatur
1767 1940 1810 1974 ad

252 1995 416 2037 alterum,
436 1995 488 2029 vel
509 1995 646 2028 ratione
675 1995 761 2039 ejus,
790 1994 842 2028 vel
872 1993 1010 2027 ratione
1041 1993 1323 2027 communitatis.
1356 1993 1519 2039 Utroque
1549 2001 1672 2028 autem
1698 1993 1810 2028 modo

253 2058 353 2083 actus
375 2050 486 2082 nostri
505 2048 602 2089 boni,
621 2047 677 2081 vel
697 2047 783 2080 mali
801 2047 936 2081 habent
953 2047 1132 2080 rationem
1151 2047 1279 2088 meriti,
1300 2046 1359 2081 vel
1377 2046 1543 2081 demeriti
1561 2046 1653 2094 apud
1671 2046 1810 2082 Deum:

253 2103 390 2137 ratione
412 2101 558 2147 quidem
585 2101 705 2147 ipsius,
733 2101 947 2146 inquantum
969 2108 1021 2134 est
1043 2100 1190 2134 ultimus
1216 2100 1376 2134 hominis
1401 2099 1501 2142 finis;
1528 2107 1582 2134 est
1607 2107 1728 2134 autem
1755 2100 1811 2134 de-

252 2157 378 2197 bitum,
402 2164 439 2189 ut
462 2155 504 2188 ad
526 2155 636 2188 finem
658 2154 827 2188 ultimum
855 2165 982 2188 01111103
1010 2161 1109 2188 actus
1137 2153 1346 2195 referantur,
1373 2161 1411 2187 ut
1436 2164 1542 2200 supra
1568 2153 1731 2188 habitum
1758 2161 1811 2188 est

253 2210 297 2256 (q.
320 2222 370 2256 19.
394 2214 458 2243 art.
480 2209 563 2253 10.);
588 2208 680 2242 unde
703 2208 763 2253 qui
785 2207 867 2241 facit
889 2216 1009 2242 actum
1032 2206 1171 2241 malum
1192 2218 1265 2241 non
1288 2206 1504 2241 referibilem
1526 2207 1561 2241 in
1582 2207 1716 2248 Deum,
1734 2218 1809 2241 non

251 2271 368 2298 servat
388 2263 567 2296 honorem
589 2262 670 2301 Dei,
693 2261 753 2307 qui
780 2261 908 2295 ultimo
931 2260 992 2294 fini
1014 2261 1181 2295 debetur:
1211 2272 1252 2294 ex
1278 2268 1376 2307 parte
1397 2271 1483 2294 vero
1510 2260 1620 2295 totius
1647 2271 1810 2295 commu-

251 2316 370 2350 nitatis
393 2315 560 2357 universi,
583 2315 665 2361 quia
687 2315 721 2347 in
745 2314 903 2360 qualibet
927 2315 1188 2348 communitate
1215 2313 1275 2348 ille
1298 2313 1358 2360 qui
1379 2313 1471 2360 regit
1496 2315 1809 2356 communitatem,

251 2369 441 2415 praecipue
462 2369 571 2403 habet
593 2379 716 2401 curam
735 2368 821 2401 boni
840 2368 1064 2409 communis;
1087 2367 1180 2401 unde
1200 2367 1243 2401 ad
1262 2379 1344 2401 eum
1363 2367 1514 2413 pertinet
1533 2368 1726 2402 retribuere
1743 2363 1821 2414 pro'

250 2424 317 2466 his,
340 2434 430 2469 quae
451 2423 554 2463 bene,
576 2421 633 2456 vel
655 2421 749 2455 male
773 2421 861 2455 fiunt
882 2421 916 2455 in
941 2421 1220 2455 communitate:
1245 2429 1297 2455 est
1315 2429 1436 2455 autem
1458 2421 1557 2455 Deus
1575 2421 1808 2467 gubemat0r‚

250 2486 284 2511 01
306 2485 423 2510 100101
443 2476 552 2510 totius
574 2475 740 2517 universi,
764 2475 855 2508 sicut
877 2475 911 2508 in
935 2475 1051 2520 primo
1079 2475 1242 2508 habitum
1270 2483 1323 2508 est
1344 2475 1392 2520 (q.
1411 2487 1478 2521 103.
1500 2480 1565 2510 art.
1589 2474 1652 2519 6.),
1677 2483 1712 2509 et
1733 2486 1809 2522 spc-

250 2530 387 2564 cialiter
409 2529 638 2563 rationalium
662 2536 917 2562 creaturarum.
944 2528 1046 2562 Unde
1071 2527 1302 2562 manifestum
1325 2535 1388 2570 est,
1411 2528 1507 2574 quod
1531 2536 1630 2562 actus
1657 2528 1808 2562 humani

249 2584 381 2618 habent
402 2583 579 2617 rationem
602 2582 730 2623 meriti,
752 2581 806 2615 vel
831 2581 992 2615 demeriti
1012 2593 1073 2627 per
1093 2581 1405 2628 comparationem
1425 2581 1467 2615 ad
1486 2581 1623 2627 ipsum:
1647 2581 1806 2628 alioquin

249 2646 466 2684 sequeretur,
491 2636 585 2682 quod
608 2636 706 2670 Deus
729 2646 801 2668 non
825 2635 970 2669 haberet
994 2647 1118 2668 curam
1141 2635 1183 2669 de
1207 2635 1344 2669 actibus
1366 2635 1547 2669 humanis.

322 2692 380 2725 An
403 2700 549 2724 PRIMUM
572 2700 658 2734 ergo
681 2689 884 2730 dicendum,
912 2689 1006 2734 quod
1030 2701 1091 2734 per
1113 2697 1233 2723 actum
1259 2688 1419 2722 hominis
1440 2688 1520 2722 Deo
1543 2689 1741 2722 secundum
1768 2700 1805 2723 30

250 2744 339 2778 1111111
369 2752 486 2790 potest
515 2754 730 2783 accrescere,
752 2741 809 2775 vel
831 2742 1009 2788 deperire:
1041 2740 1101 2776 se'd
1132 2750 1252 2776 tamen
1280 2742 1406 2784 homo,
1429 2750 1603 2788 quantum
1625 2741 1660 2775 in
1683 2753 1719 2776 30
1741 2750 1805 2784 031,

251 2797 382 2843 aliquid
411 2797 585 2831 subtrahit
609 2797 701 2837 Deo,
730 2795 787 2829 vel
809 2796 840 2829 01
863 2796 1016 2838 exhibet,
1046 2807 1129 2829 cum
1159 2804 1287 2838 servat,
1309 2795 1366 2829 vel
1387 2806 1460 2830 non
1482 2803 1600 2830 servat
1626 2795 1804 2837 ordinem,

251 2862 358 2897 quem
380 2851 479 2885 Deus
502 2849 660 2884 instituit.
