1907 3198
521 186 745 223 QUAESTIO
780 186 880 216 LXX.
915 185 1161 217 ARTICULUS
1195 186 1256 215 ΙΙΙ.
1583 185 1664 229 493

91 271 163 306 hoc
183 270 336 318 pertinet
357 271 563 316 benignitas:
586 269 754 304 dicuntur
772 270 869 305 enim
890 269 1050 316 benigni,
1070 280 1161 316 quos
1187 269 1305 303 bonus
1327 268 1421 315 ignis
1443 267 1579 302 amoris
1605 267 1670 302 fer-

90 335 176 360 vere
196 323 282 359 facit
303 324 346 358 ad
368 323 670 359 benefaciendum
692 324 884 370 proximis:
906 325 999 358 tertio
1022 331 1199 370 quantum
1219 323 1262 356 ad
1281 322 1366 364 hoc,
1385 322 1482 369 quod
1502 322 1670 368 aequani-

90 378 196 413 miter
215 377 413 413 tolerentur
427 377 524 411 mala
539 377 582 412 ab
598 377 649 412 eis
670 377 785 412 illata:
806 385 841 412 et
855 377 898 411 ad
915 377 984 412 hoc
1001 377 1156 424 pertinet
1171 376 1396 418 mansuetudo,
1413 387 1506 422 quae
1522 375 1670 410 cohibet

90 432 185 468 iras:
215 437 335 478 quarto
355 439 532 478 quantum
560 431 604 465 ad
631 431 714 473 hoc,
742 431 839 477 quod
866 442 940 465 non
968 430 1089 465 solum
1116 442 1179 477 per
1206 431 1295 465 iram
1318 430 1492 476 proximis
1513 441 1587 464 non
1608 440 1671 464 no-

92 496 249 528 ceamus,
271 485 332 520 sed
347 485 457 520 etiam
471 496 590 531 neque
605 496 668 531 per
681 484 858 527 fraudem,
872 484 930 519 vel
952 496 1015 532 per
1037 484 1163 519 dolum
1179 496 1185 517 ;
1210 492 1244 519 ct
1267 484 1310 518 ad
1326 484 1396 518 hoc
1413 485 1566 530 pertinet
1579 483 1668 526 fides,

91 539 121 575 si
140 550 207 587 pro
227 538 400 574 fidelitate
420 546 603 574 sumatur:
627 539 689 574 sed
712 540 738 573 si
763 547 926 573 sumatur
948 549 1013 585 pro
1036 538 1118 581 fide,
1141 549 1210 585 qua
1235 539 1392 573 creditur
1412 539 1446 572 in
1466 537 1600 580 Deum,
1619 538 1668 572 sic

90 604 154 641 per
173 593 268 628 hanc
290 593 475 628 ordinatur
498 593 614 627 homo
638 593 681 626 ad
703 593 750 635 id,
773 593 870 640 quod
893 600 946 627 est
967 604 1075 639 supra
1097 604 1158 635 se;
1182 601 1220 627 ut
1241 592 1379 627 scilicet
1397 592 1512 626 homo
1536 591 1672 626 intelle-

92 654 190 683 ctum
211 658 316 682 suum
338 646 421 682 Deo
440 647 617 693 subjiciat,
639 655 674 681 et
695 658 758 694 per
781 658 1009 693 consequens
1031 648 1168 689 omnia,
1184 658 1276 693 quae
1298 647 1409 693 ipsius
1425 653 1517 698 sunt.
1534 646 1606 680 Sed
1625 646 1670 680 ad

90 701 139 745 id,
160 702 257 749 quod
278 700 371 736 infra
393 709 458 744 est,
484 701 575 736 bene
597 701 801 748 disponitur
826 701 965 736 homo:
991 702 1107 748 primo
1135 701 1282 748 quidem
1305 708 1479 747 quantum
1508 701 1552 734 ad
1579 707 1672 734 exte-

91 755 204 791 riores
225 755 398 798 actiones,
419 766 484 803 per
503 755 708 799 modestiam,
727 767 820 802 quae
842 755 877 789 in
897 755 1068 790 omnibus
1083 754 1200 797 dictis,
1216 763 1250 789 et
1265 754 1368 789 factis
1384 755 1537 789 modum
1553 755 1672 789 obser-

90 817 170 845 vat:
196 817 373 856 quantum
395 809 439 844 ad
462 809 652 844 interiores
681 809 1009 856 concupiscentias,
1036 821 1100 855 per
1126 811 1378 852 continentiam,
1407 817 1442 844 et
1467 810 1670 844 castitatem:

91 863 167 899 sive
186 863 278 898 haec
299 863 364 898 duo
382 863 650 909 distinguantur
670 875 734 910 per
754 863 839 906 hoc,
861 863 959 910 quod
979 865 1112 899 castitas
1130 862 1310 898 refraenat
1330 863 1523 897 hominem
1543 863 1585 897 ab
1606 862 1672 897 illi-

91 917 182 960 citis,
203 918 404 953 continentia
424 928 513 952 vero
536 929 556 952 a
577 917 703 952 licitis:
731 917 806 952 sive
829 929 893 964 per
918 917 1002 961 hoc,
1025 917 1122 964 quod
1151 919 1318 952 continens
1344 918 1476 964 patitur
1503 917 1673 964 concupi-

91 971 275 1014 scientias,
296 971 358 1006 sed
381 981 455 1006 non
478 971 686 1014 deducitur;
708 976 813 1007 castus
835 980 957 1006 autem
976 983 1094 1018 neque
1116 972 1260 1019 patitur,
1282 982 1400 1018 neque
1423 971 1623 1006 deducitur.

166 1025 227 1060 AD
248 1035 398 1060 PRIMUM
421 1036 509 1071 ergo
532 1025 739 1068 dicendum,
761 1025 857 1072 quod
880 1025 1120 1061 sanctificatio
1142 1025 1181 1060 fit
1199 1037 1263 1072 per
1282 1037 1411 1060 omnes
1431 1026 1590 1068 virtutes,
1609 1036 1672 1072 per

93 1090 182 1126 quas
203 1079 315 1114 etiam
336 1086 485 1126 peccata
507 1078 699 1114 tolluntur:
723 1079 818 1114 unde
839 1079 976 1115 fructus
991 1080 1038 1114 ibi
1052 1079 1282 1126 singulariter
1301 1080 1512 1114 nominatur
1525 1088 1673 1126 propter

93 1132 272 1168 unitatem
286 1133 429 1179 generis
447 1133 508 1178 [al.
519 1138 656 1180 propter
672 1135 832 1169 virtutem
849 1134 1006 1180 generis}
1026 1135 1123 1181 quod
1139 1134 1173 1168 in
1190 1134 1323 1169 multas
1338 1135 1476 1181 species
1491 1135 1672 1178 dividitur,

93 1187 294 1223 secundum
316 1197 404 1234 quas
427 1187 595 1221 dicuntur
617 1187 721 1222 multi
743 1187 892 1222 fructus.

165 1241 226 1276 AD
240 1250 446 1276 SECUNDUM
468 1241 676 1283 dicendum,
693 1242 790 1288 quod
812 1241 949 1276 fructus
972 1243 1175 1285 centesimus,
1190 1244 1417 1289 sexagesimus,
1435 1251 1470 1278 et
1488 1244 1673 1289 trigesimus

94 1305 169 1330 non
189 1293 476 1330 diversificantur
496 1295 699 1330 secundum
730 1295 889 1330 diversas
911 1297 1052 1342 species
1074 1296 1324 1332 virtuosorum
1347 1305 1508 1339 actuum,
1535 1296 1597 1331 sed
1623 1307 1675 1331 se-

95 1348 253 1383 cundum
274 1348 436 1383 diversos
466 1347 699 1394 perfectionis
726 1349 858 1396 gradus
889 1350 999 1384 etiam
1031 1351 1136 1384 unius
1163 1350 1326 1385 virtutis:
1354 1351 1446 1385 sicut
1472 1351 1674 1385 continentia

93 1402 276 1448 conjugalis
301 1402 431 1437 dicitur
451 1402 649 1448 significari
678 1414 742 1450 per
770 1403 927 1438 fructum
960 1405 1184 1449 trigesimum;
1209 1406 1412 1440 continentia
1438 1404 1585 1439 vidualis
1610 1415 1674 1451 per

91 1457 349 1502 sexagesimum.-
370 1457 549 1503 virginalis
570 1464 692 1491 autem
714 1468 778 1503 per
799 1458 1020 1499 centesimum,
1045 1465 1079 1492 et
1106 1457 1185 1492 aliis
1208 1459 1319 1493 etiam
1342 1459 1461 1493 modis
1489 1459 1604 1493 sancti
1626 1459 1674 1492 di-

93 1509 280 1558 stinguunt
300 1515 364 1546 tres
384 1510 617 1557 evangelicos
639 1510 775 1546 fructus
797 1511 998 1546 secundum
1021 1517 1083 1546 tres
1104 1512 1236 1559 gradus
1253 1513 1413 1547 virtutis:
1437 1521 1471 1548 et
1489 1520 1674 1560 ponuntur

93 1568 157 1600 tres
177 1563 321 1611 gradus,
342 1564 427 1611 quia
448 1564 639 1611 cujuslibet
660 1565 711 1600 rei
733 1565 908 1612 perfectio
931 1565 1126 1600 attenditur
1147 1566 1349 1601 secundum
1366 1568 1589 1615 principium,
1606 1579 1673 1602 me-

92 1616 196 1660 dium,
216 1625 252 1653 et
263 1618 380 1665 finem.

164 1672 225 1708 AD
247 1683 420 1709 TERTIUM
442 1673 649 1716 dicendum,
671 1673 769 1721 quod
788 1674 860 1709 hoc
883 1674 1003 1721 ipsum
1025 1675 1123 1721 quod
1147 1683 1200 1709 est
1221 1675 1258 1709 in
1276 1675 1428 1710 tristitiis
1446 1687 1520 1710 non
1540 1683 1675 1722 pertur-

90 1725 181 1770 bari,
202 1727 382 1762 rationem
405 1727 631 1762 delectabilis
651 1728 780 1762 habet:
804 1736 838 1763 et
859 1727 960 1770 fides,
980 1729 1123 1763 etiarnsi
1143 1729 1341 1776 accipiatur
1359 1738 1466 1776 prout
1485 1738 1538 1764 est
1551 1729 1675 1764 funda-

92 1788 270 1824 mentum,
295 1781 406 1816 habet
431 1781 631 1828 quamdam
658 1782 838 1816 rationem
865 1782 995 1825 ultimi,
1023 1791 1057 1817 et
1083 1782 1319 1825 delectabilis,
1346 1784 1547 1818 secundum
1576 1783 1673 1830 quod

93 1834 256 1870 continet
276 1835 550 1870 certitudinem:
573 1836 668 1870 unde
692 1835 795 1871 Glos.
812 1837 938 1882 (interl.
953 1843 1023 1884 sup.
1039 1837 1100 1872 loc.
1120 1838 1254 1884 Apost.)
1274 1838 1437 1883 exponit:
1461 1837 1568 1880 ficies,
1583 1838 1675 1872 idest

93 1887 132 1924 de
151 1889 376 1924 invisibilibus
398 1889 568 1925 certitudo.

163 1942 225 1978 AD
246 1953 436 1983 QUARTUM
455 1943 782 1990 dicendum,quod,
793 1946 886 1979 sicut
900 1945 1125 1991 Augustinus
1147 1945 1234 1980 dicit
1248 1957 1356 1992 super
1373 1945 1516 1993 epistol.
1531 1946 1575 1980 ad
1591 1945 1674 1981 Gal.

93 1996 184 2045 (cap.
201 2007 229 2044 5.
251 2003 323 2045 sup.
345 1997 444 2032 illud:
465 1998 608 2033 Fructus
626 2003 736 2033 autem
757 2000 930 2045 spiritus).·
958 1999 1133 2046 Apostolus
1155 2012 1219 2033 non
1241 2000 1300 2035 hoc
1324 2001 1369 2035 ita
1390 2002 1540 2047 suscepit,
1562 2005 1598 2035 ut
1618 2001 1675 2035 do-

93 2055 187 2094 ceret,
211 2056 292 2097 quot
309 2056 385 2086 sunt
404 2051 458 2087 vel
479 2058 578 2098 opera
600 2053 723 2094 carnis,
745 2053 798 2088 vel
811 2053 946 2099 fructus
966 2055 1130 2100 spiritus;
1153 2054 1205 2088 sed
1227 2059 1263 2089 ut
1284 2054 1469 2096 ostenderet,
1491 2056 1523 2089 in
1545 2067 1608 2101 quo
1621 2067 1674 2101 ge-

93 2116 168 2140 nere
193 2105 254 2140 illa
270 2105 426 2148 vitanda,
449 2105 510 2140 illa
530 2117 610 2141 vero
630 2106 785 2141 sectanda
807 2108 891 2142 sint:
914 2107 1009 2141 unde
1032 2107 1235 2153 potuissent
1256 2107 1314 2142 vel
1336 2108 1468 2155 plures,
1483 2108 1541 2143 vel
1563 2109 1674 2144 etiam

94 2158 284 2206 pauciores
313 2158 450 2194 fructus
478 2160 702 2194 enumerari:
731 2168 766 2195 et
791 2168 914 2195 tamen
943 2172 1072 2196 omnes
1100 2161 1295 2204 donorum,
1317 2171 1352 2197 et
1377 2163 1550 2197 virtutum
1574 2172 1674 2198 actus

95 2220 246 2260 possunt
265 2213 468 2248 secundum
489 2214 689 2260 quamdam
707 2215 1002 2249 convenientiam
1018 2215 1062 2250 ad
1078 2215 1169 2251 haec
1186 2216 1320 2258 reduci,
1347 2217 1549 2251 secundum
1575 2217 1673 2264 quod

95 2276 223 2302 omnes
243 2266 404 2311 virtutes,
427 2275 462 2302 et
483 2268 580 2302 dona
601 2279 751 2303 necesse
774 2277 827 2303 est
849 2269 946 2315 quod
970 2269 1138 2304 ordinent
1161 2279 1321 2304 mentem
1339 2270 1460 2317 aliquo
1475 2272 1676 2318 praedicto⁴

95 2330 176 2355 rum
196 2320 412 2356 modorum:
435 2321 531 2356 unde
553 2329 589 2356 et
611 2330 712 2356 actus
735 2323 946 2368 sapientiae,
969 2331 1004 2358 et
1033 2335 1351 2371 quorumcumque
1379 2325 1561 2359 donorum
1584 2326 1676 2360 ordi-

94 2373 259 2409 nantium
274 2374 318 2410 ad
331 2375 469 2410 bonum
485 2375 705 2410 reducuntur
720 2376 762 2410 ad
780 2377 1006 2420 charitatem,
1027 2378 1213 2424 gaudium,
1234 2387 1268 2413 et
1283 2390 1432 2425 pacem3
1452 2379 1534 2414 ideo
1550 2388 1673 2414 tamen

95 2427 215 2474 potius
234 2428 340 2471 haec,
361 2440 473 2475 quam
495 2429 566 2464 alia
588 2430 827 2471 enumeravit,
849 2431 933 2477 quia
953 2431 1011 2466 hic
1035 2441 1248 2467 enumerata
1265 2433 1381 2479 magis
1400 2433 1599 2479 important
1618 2433 1675 2468 vel

0 2489 1 2493 ’
39 2494 41 2499 ·
95 2479 303 2517 fruitionem
330 2482 525 2526 bonorum,
547 2482 605 2518 vel
635 2483 862 2519 sedationem
893 2484 1096 2521 malorum:
1127 2487 1224 2533 quod
1256 2487 1397 2522 videtur
1423 2487 1467 2522 ad
1495 2489 1674 2523 rationem

96 2532 231 2572 fructus
252 2536 442 2584 pertinere.

643 2614 990 2661 ARTICULUS
1029 2618 1104 2661 iv.
1610 2643 1670 2679 371

28 2743 36 2759 s
99 2702 251 2735 UTRUM
267 2704 466 2736 FRUCTUS
484 2705 678 2736 SPIRITUS
701 2706 860 2737 SANCTI
878 2707 1251 2740 CONTRARIENTUR
1270 2710 1481 2741 OPERIBUS
1502 2711 1671 2742 CARle.

36 2797 58 2818 ,ι
684 2776 782 2821 (Gal.
801 2789 830 2823 5.
849 2777 921 2812 lect.
945 2778 976 2813 6.
991 2779 1085 2825 sim).

30 2819 57 2885 i
170 2851 231 2888 AD
257 2862 447 2892 QUARTUM
474 2853 525 2889 sic
553 2854 771 2901 proceditur.
795 2854 959 2899 Videtur,
982 2857 1079 2903 quod
1102 2857 1238 2893 fructus
1262 2858 1416 2905 Spiritus
1438 2871 1511 2894 non
1535 2869 1675 2895 contra-

56 2951 57 2955 *
100 2903 235 2941 cientur
255 2906 424 2954 operibus
445 2908 575 2951 carnis,
597 2920 689 2955 quae
713 2909 912 2955 Apostolus
934 2919 1124 2947 enumerat
1153 2912 1249 2958 (Gal.
1266 2925 1293 2958 5.
1295 2914 1336 2958 ):
1367 2914 1548 2949 contraria
1575 2915 1674 2949 enim

38 3087 67 3143 S(

16 3143 113 3198 A
126 3192 130 3198 .
