1923 3198
577 214 802 252 QUAESTIO
837 214 882 244 11.
914 212 1162 244 ARTICULUS
1192 213 1235 243 V.
1630 213 1681 256 35

185 300 248 335 An
259 308 410 335 ramula
430 309 518 344 ergo
536 297 744 339 dicendum,
759 296 857 343 quod
871 295 965 331 sicut
985 306 1117 341 corpus
1132 294 1319 330 ordinatur
1333 293 1377 328 ad
1399 293 1572 335 animam,
1595 293 1687 328 sicut

115 353 160 389 ad
181 352 310 395 finem;
331 352 379 387 ita
404 352 502 386 bona
527 351 705 386 exteriora
727 350 771 385 ad
791 350 910 397 ipsum
933 360 1086 396 corpus;
1107 356 1143 383 et
1164 349 1244 383 ideo
1271 347 1532 382 rationabiliter
1548 348 1687 382 bonurn

115 406 278 454 corporis
299 405 499 453 praefertur
519 405 623 439 bonis
645 403 894 445 exterioribus,
924 413 1017 450 quae
1039 413 1102 449 per
1123 413 1274 436 censum
1296 401 1562 448 significantur:
1596 401 1689 436 sicut

114 468 152 497 et
169 460 307 496 bonum
330 460 474 494 animae
495 457 695 506 praefertur
716 457 886 492 omnibus
908 456 1013 490 bonis
1035 455 1210 502 corporis.

185 514 247 550 An
265 524 472 549 secuuntur
487 512 694 554 dicendum,
709 511 807 558 quod
821 522 900 546 esse
922 509 1135 556 simpliciter
1149 517 1352 556 acceptum,
1371 509 1571 543 secundum
1591 507 1688 554 quod

114 566 268 603 includit
284 567 322 602 in
335 578 374 602 se
392 577 542 602 omnem
563 564 827 613 perfectionem
847 563 1001 604 essendi,
1016 563 1240 610 praeeminet
1253 562 1360 604 vitae,
1375 571 1410 597 et
1423 562 1593 596 omnibus
1614 572 1691 608 per-

115 620 333 657 fectionibus
352 619 668 666 subsequentibus:
691 618 741 653 sic
764 618 873 664 igitur
889 617 1009 664 ipsum
1023 627 1101 651 esse
1120 616 1318 663 praehabet
1334 616 1370 650 in
1389 627 1427 651 se
1446 615 1572 650 onmia
1592 615 1689 649 bona

115 674 390 722 subsequentia:
408 682 444 708 et
463 673 535 708 hoc
550 672 664 707 modo
684 667 839 718 Dionys.
857 670 1028 718 loquitur.
1048 669 1121 704 Sed
1135 670 1166 704 si
1187 669 1463 704 consideretur
1455 680 1576 716 ipsum
1597 679 1689 710 esse,

116 736 226 777 prout
242 727 474 776 participatur
487 727 524 761 in
544 726 614 761 hac
632 736 682 767 re,
703 724 792 760 vel'
782 736 820 760 m
831 723 907 767 illa,
927 735 1021 771 quae
1041 734 1116 758 non
1131 723 1278 770 capiunt
1295 732 1412 758 totam
1426 722 1689 782 perfectionem

116 781 270 824 essendi,
291 780 354 816 sed
374 780 509 815 habent
529 791 607 815 esse
629 778 895 826 imperfectum,
916 778 1009 813 sicut
1030 785 1085 812 cst
1106 788 1184 812 esse
1203 777 1395 823 cujuslibet
1415 785 1614 817 creaturae,
1638 776 1688 810 sic

116 834 352 871 manifestum
364 842 430 877 est,
447 833 570 881 quod
562 844 683 881 ipsum
696 843 776 868 esse
790 842 876 867 cum
889 830 1112 879 perfectione
1131 831 1361 878 superaddita
1376 839 1429 866 est
1449 829 1689 871 eminentius;

117 888 213 925 unde
226 897 263 924 et
273 888 428 936 Dionys.
443 887 579 923 ibidem
599 887 698 929 dicit,
714 886 811 933 quod
826 885 985 921 viventia
1003 893 1087 920 sunt
1106 885 1260 920 meliora
1278 885 1525 926 existentibus,
1539 892 1577 919 et
1591 882 1691 918 intel-

116 942 268 991 ligentia
287 942 503 978 viventibus.

190 996 251 1032 An
269 1006 442 1032 τειτιυιιι
463 995 669 1037 dicendum,
687 994 785 1042 quod
798 994 882 1041 quia
900 993 979 1028 finis
994 993 1188 1040 respondet
1202 993 1392 1040 principio,
1410 1004 1453 1027 ex
1467 992 1529 1027 illa
1551 992 1690 1026 ratione

117 1050 300 1099 probatur,
317 1050 416 1097 quod
436 1048 585 1084 ultimus
599 1048 679 1083 finis
700 1057 754 1083 est
774 1048 933 1095 primum
953 1047 1171 1095 principium
1187 1047 1340 1089 essendi,
1359 1047 1395 1081 in
1409 1057 1482 1094 quo
1497 1054 1551 1081 est
1571 1046 1692 1080 omnis

118 1103 264 1140 &endi
281 1102 479 1151 perfectio:
506 1103 609 1148 cujus
630 1101 906 1137 similitudinem
932 1109 1115 1148 appetunt,
1146 1101 1347 1136 secundum
1374 1111 1476 1135 suam
1504 1099 1694 1147 perfectio-

118 1168 219 1200 nem,
226 1157 408 1205 quaedam
420 1155 569 1203 quidem
577 1156 778 1190 secundum
793 1166 872 1190 esse
885 1163 1039 1196 tantum,
1054 1155 1234 1201 quaedam
1245 1154 1446 1189 secundum
1463 1165 1541 1189 esse
1555 1154 1693 1194 vivens,

119 1210 300 1259 quaedam
331 1209 533 1246 secundum
560 1219 639 1244 esse
660 1209 799 1250 vivens,
825 1216 861 1243 et
894 1207 1113 1254 intelligens,
1135 1216 1170 1243 et
1202 1208 1368 1243 beatum:
1397 1216 1433 1243 et
1461 1208 1533 1242 hoc
1560 1217 1694 1254 pauco-

121 1275 205 1302 mm
224 1271 291 1300 est.

682 1403 1030 1450 ARTICULUS
1060 1404 1139 1448 VI.
1653 1425 1694 1459 14

240 1514 396 1547 υτιιυιι
420 1513 679 1546 ΒΕΔτιτυιιο
706 1513 891 1544 nomms
915 1512 1162 1544 comm-AT
1190 1512 1234 1542 m
1261 1512 1544 1542 VOLUPTATE.

123 1602 173 1650 (4.
183 1602 273 1640 ΒΜ.
282 1613 340 1649 44.
348 1613 416 1650 φτ.
426 1606 565 1650 art.3.q.
576 1613 609 1648 4.
620 1601 663 1636 ad
669 1613 697 1648 3.
708 1606 739 1637 et
746 1612 780 1647 4.
790 1606 819 1636 et
829 1601 885 1636 lib.
891 1613 919 1648 3.
931 1601 1046 1637 Contr.
1056 1612 1087 1646 g.
1098 1607 1170 1648 cap.
1182 1611 1235 1647 27.
1246 1605 1275 1635 et
1283 1612 1328 1648 33.
1339 1605 1368 1636 et
1378 1607 1487 1648 opusc.
1498 1612 1524 1636 r.
1538 1600 1694 1647 cap.108.

525 1656 688 1693 etManh.
699 1667 727 1702 5.
742 1660 773 1691 et
788 1667 820 1692 2.
839 1655 947 1691 Ethic.
967 1655 1036 1690 lect.
1050 1667 1079 1702 5.
1099 1660 1129 1690 et
1146 1655 1216 1690 lect.
1238 1656 1307 1700 ιο).

193 1746 256 1783 An
281 1755 436 1782 serron
455 1745 507 1780 sic
528 1744 747 1792 proceditur.
762 1743 926 1786 Videtur,
948 1744 1045 1791 quod
1067 1743 1253 1778 beatitudo
1271 1743 1433 1778 hominis
1453 1743 1490 1777 in
1511 1742 1697 1789 voluptate

123 1799 313 1838 consistat:
338 1799 525 1835 beatitudo
544 1799 655 1841 enim,
671 1810 758 1833 curn
779 1798 825 1833 sit
843 1797 993 1833 ultimus
1014 1797 1106 1840 finis,
1126 1808 1202 1832 non
1224 1798 1404 1844 appetitur
1424 1804 1572 1844 propter
1589 1796 1698 1838 aliud,

123 1854 188 1891 aed
207 1853 281 1890 ali'a
299 1861 448 1902 propter
466 1853 602 1900 ipsam:
623 1852 686 1888 sed
707 1853 778 1887 hoc
793 1852 953 1887 maxime
967 1851 1138 1886 convenit
1159 1851 1408 1886 delectationi:
1429 1849 1623 1885 ridiculum
1646 1857 1700 1884 est

124 1908 223 1945 enim
243 1907 288 1943 ab
308 1907 433 1955 aliquo
453 1918 639 1954 quaerere,
661 1914 808 1953 propter
828 1906 914 1953 quid
935 1905 1023 1941 velit
1048 1905 1234 1947 delectari,
1256 1913 1294 1940 ut
1320 1905 1451 1939 dicitur
1471 1904 1507 1938 in
1542 1914 1594 1939 10.
1616 1903 1699 1938 Eth.

125 1961 214 2010 (cap.
238 1962 313 2008 a.),·
330 1971 420 2008 ergo
439 1960 626 1996 beatitudo
646 1960 806 1995 maxime
829 1960 863 1994 in
885 1959 1083 2006 voluptate,
1105 1967 1141 1993 et
1161 1958 1402 1993 delectatione
1420 1958 1595 1992 consistit.

194 2023 229 2051 2.
254 2015 492 2051 ΡιΑετΕιΕΑ.
519 2014 643 2049 Causa
668 2014 784 2061 prima
810 2013 1062 2048 vehementius
1095 2012 1282 2059 imprimit,
1309 2023 1420 2059 quam
1452 2011 1623 2054 secunda,
1661 2019 1701 2046 ut

125 2069 257 2107 dicitur
275 2069 314 2104 in
334 2068 395 2104 lib.
411 2068 458 2103 de
478 2068 610 2104 Causis
632 2067 804 2115 (proposit.
826 2068 893 2113 ι.).·
916 2066 1102 2101 influentia
1121 2074 1242 2100 autem
1262 2065 1341 2100 finis
1364 2066 1559 2100 attenditur
1576 2076 1702 2100 secun-

124 2123 216 2160 dum
236 2123 315 2170 ejus
335 2122 548 2170 appetitum.
569 2121 661 2156 Illud
691 2132 780 2167 ergo
801 2121 943 2155 videtur
968 2120 1101 2155 habere
1130 2119 1309 2154 rationem
1338 2119 1417 2154 finis
1445 2119 1575 2161 ultimi,
1601 2119 1699 2166 quod

125 2177 285 2214 maxine
305 2183 432 2212 movet
455 2175 673 2223 appetitum:
695 2174 767 2210 hoc
790 2182 911 2209 autem
934 2182 987 2209 est
1007 2173 1194 2220 voluptas:
1217 2174 1319 2218 cujus
1345 2173 1490 2219 signum
1512 2181 1576 2214 est,
1602 2172 1700 2219 quod

125 2229 370 2268 delectationi
380 2237 524 2266 tantum
533 2229 702 2264 absorbet
719 2228 880 2264 hominis
894 2227 1133 2270 voluntatem,
1148 2235 1183 2262 et
1201 2227 1393 2268 rationem,
1408 2226 1505 2273 quod
1521 2226 1590 2261 alia
1604 2227 1700 2261 bona

127 2292 362 2320 contemnere
382 2283 488 2326 facit3
503 2293 592 2329 ergo
605 2282 758 2324 videtur,
776 2281 873 2329 quod
896 2281 1044 2316 ultimus
1065 2281 1146 2316 finis
1164 2281 1336 2322 hominis,
1352 2281 1412 2327 qui
1431 2288 1485 2315 est
1502 2280 1700 2321 beatitudo,

127 2336 290 2373 anime
307 2336 347 2372 in
365 2335 554 2384 voluptate
574 2335 759 2371 consistat.

201 2401 235 2438 3.
254 2391 492 2427 Fumea.
507 2389 607 2425 eum
621 2389 800 2437 appetitus
813 2388 859 2424 sit
871 2388 970 2431 boni,
985 2387 1085 2430 illud,
1104 2387 1202 2435 quod
1221 2387 1346 2422 omnia
1360 2395 1544 2434 appetunt,
1561 2386 1702 2422 videtur

128 2454 210 2482 ene
227 2444 369 2480 benum
387 2444 588 2492 optimam:
615 2443 678 2478 sed
707 2442 991 2478 delectationem
1012 2442 1139 2476 omnia
1168 2449 1353 2488 appetunt,
1383 2449 1419 2475 et
1443 2441 1636 2487 sapientes,
1668 2448 1704 2475 et

129 2497 351 2546 insipientes,
371 2506 408 2533 et
427 2497 538 2533 etiam
555 2497 696 2532 ratione
714 2496 895 2539 carentia;
917 2507 1006 2541 ergo
1028 2495 1223 2531 delectatio
1242 2502 1295 2530 est
1315 2494 1518 2541 optimum3
1539 2493 1705 2529 consistit

129 2562 222 2600 erp
238 2552 278 2588 in
293 2550 483 2599 voluptate
499 2550 698 2593 beatitudo,
719 2560 812 2597 quae
833 2558 888 2585 est
908 2559 1096 2584 summum
1117 2549 1268 2583 bonurn.

197 2604 281 2642 :San
300 2614 458 2642 onum
475 2612 541 2647 est,
562 2604 660 2666 quod
682 2603 785 2639 Boet.
800 2603 888 2638 dicit
903 2603 940 2638 in
965 2614 994 2649 3.
1008 2603 1053 2638 de
1067 2601 1221 2638 Consol.
1242 2602 1354 2649 (prosa
1370 2602 1443 2648 7.):
1464 2602 1585 2637 Tristes
1601 2602 1705 2637 exibas

129 2713 254 2762 fian
268 2717 411 2761 possent,
431 2712 517 2748 nihil
535 2723 654 2748 causae
673 2716 761 2754 esset,
782 2711 863 2758 quin
879 2710 1015 2758 pecudes
1035 2721 1161 2757 quoque
1183 2711 1294 2745 beatae
1313 2721 1373 2744 csse
1393 2709 1560 2744 dicantur.

171 2765 436 2804 Rmrmmto
451 2764 662 2808 dicendum,
681 2764 780 2812 quod
801 2764 885 2811 quia
898 2763 1161 2799 delectationes
1182 2763 1394 2810 corporales
1414 2761 1576 2809 pluribus
1596 2770 1705 2798 noue

132 2827 228 2864 ant,
248 2827 521 2867 assumpserunt
540 2819 608 2854 sibi
627 2829 765 2854 nomen
786 2817 1028 2865 ιοΙιιριειιιιπι,
1043 2825 1081 2852 ιιι
1101 2817 1232 2851 dicitur
1253 2827 1286 2861 7.
1309 2815 1706 2863 Etbicor.(up.13.ad

132 2872 226 2920 fin.).·
240 2872 279 2908 in
298 2872 427 2921 quibus
445 2880 569 2908 tamen
589 2871 775 2908 beatitudo
785 2870 1031 2918 principaliter
1044 2881 1117 2905 non
1133 2869 1308 2910 consistit,
1326 2869 1411 2916 quia
1432 2869 1468 2903 in
1490 2880 1705 2916 unaquaque

134 2935 177 2965 te
194 2925 293 2964 aliud
312 2934 380 2971 est,
399 2925 498 2975 quod
519 2925 672 2973 pertinet
700 2924 744 2960 ad
774 2924 968 2960 essentiam
991 2925 1079 2970 ejus,
1113 2923 1209 2958 aliud
1238 2931 1291 2958 est
1318 2923 1503 2970 proprium
1538 2923 1706 2959 accidens
