1907 3182
237 185 316 240 198
647 197 867 232 QUAESTIO
900 197 1016 226 xxiv.
1050 195 1295 225 ARTIOEJLUS
1329 195 1389 224 111.

232 278 373 319 rationi,
400 286 438 311 ut
462 289 568 323 supra
593 277 730 311 dictum
760 285 814 311 est
841 277 885 322 (q.
913 288 962 322 17.
989 282 1052 311 art.
1080 278 1140 322 7.)‚
1165 276 1208 309 ad
1258 274 1519 321 perfectionem
1545 273 1705 316 moralis,
1731 273 1806 308 sive

237 331 390 365 humani
410 331 496 365 boni
516 332 680 376 pertinet,
702 330 799 376 quod
818 330 928 364 etiam
948 330 1048 375 ipsae
1069 329 1256 375 passiones
1279 328 1422 361 animae
1441 329 1511 361 sint
1531 326 1717 373 regulatae
1739 337 1803 372 per

235 387 426 418 rationem.
1264 423 1268 426 .

304 438 406 471 Sicut
427 437 535 483 igitur
556 436 684 470 melius
700 444 764 477 est,
779 435 875 482 quod
889 436 1005 469 homo
1021 443 1055 469 et
1068 434 1156 468 velit
1176 434 1326 474 bonum,
1345 440 1380 467 et
1396 432 1506 467 faciat
1519 433 1688 467 exteriori
1703 439 1806 467 actu:

233 491 282 524 ita
305 491 415 525 etiam
438 491 480 524 ad
503 489 765 536 perfectionem
786 489 873 523 boni
892 488 1040 522 moralis
1062 487 1226 533 pertinet,
1249 486 1346 532 quod
1368 486 1483 520 homo
1507 486 1551 520 ad
1573 486 1712 520 bonum
1730 496 1808 520 mo-

236 552 372 586 veatur,
402 555 477 577 non
507 543 627 577 solum
653 542 853 577 secundum
881 541 1120 581 voluntatem,
1151 540 1213 574 sed
1240 539 1350 573 etiam
1376 540 1577 573 secundum
1607 539 1807 585 appetitum

233 597 456 638 sensitivum,
477 596 680 630 secundum
701 594 789 628 illud
811 594 908 640 quod
930 594 966 627 in
988 593 1082 627 Psal.
1105 593 1160 638 83.
1184 592 1332 627 dicitur:
1357 592 1426 627 Cor
1446 604 1568 635 meum,
1588 597 1617 627 et
1634 603 1712 627 caro
1733 603 1807 626 mea

234 651 466 685 exultaverunt
486 651 519 683 in
537 650 647 683 Deum
661 650 792 690 vivum,
807 656 845 681 ut
859 659 916 682 cor
930 647 1152 692 accipiamus
1166 657 1230 691 pro
1247 645 1406 692 appetitu
1419 644 1655 687 intellectivo,
1674 656 1806 680 carnem

236 711 358 737 autem
377 714 442 748 pro
465 702 623 748 appetitu
645 701 829 736 sensitivo.

305 757 364 790 An
390 766 540 790 PRmt'M
567 766 654 800 ergo
677 755 882 795 dicendum,
906 753 1003 799 quod
1024 752 1211 798 passiones
1235 751 1378 785 animae
1400 751 1575 798 dupliciter
1596 763 1634 786 se
1656 759 1808 797 possunt

234 809 365 843 habere
389 810 432 842 ad
452 808 628 854 judicium
650 807 817 841 rationis:
841 818 905 840 uno
928 805 1023 840 modo
1047 805 1319 839 antecedenter:
1343 812 1378 838 et
1398 804 1462 846 sic,
1484 816 1569 838 curn
1596 804 1808 839 obnubilent

233 862 409 907 judicium
435 861 596 902 rationis,
625 873 667 895 ex
693 871 765 906 quo
789 859 966 906 dependet
990 859 1134 893 bonitas
1162 857 1312 892 moralis
1339 865 1451 899 actus,
1478 857 1686 892 diminuunt
1707 865 1808 892 actus

234 915 452 949 bonitatem:
476 913 690 948 laudabilius
714 913 811 947 enirn
834 921 897 954 est,
920 912 1017 958 quod
1040 923 1082 946 ex
1103 911 1238 957 judicio
1264 911 1416 945 rationis
1438 910 1566 956 aliquis
1584 910 1695 945 faciat
1715 921 1808 957 opus

235 969 429 1009 charitatis,
453 979 561 1013 quam
584 978 626 1001 ex
647 966 726 1000 sola
748 966 916 1012 passione
939 965 1223 999 misericordiae.
1246 964 1324 999 Alio
1346 967 1442 998 modo
1464 975 1502 998 se
1524 964 1659 998 habent
1684 974 1809 998 conse-

235 1030 402 1067 quenter:
427 1029 461 1055 et
482 1021 552 1054 hoc
575 1020 762 1066 duplicitam·
786 1031 849 1053 uno
874 1018 970 1053 modo
998 1030 1061 1065 per
1087 1018 1240 1052 modum
1266 1017 1538 1059 redundantiae,
1565 1017 1650 1063 quia
1670 1016 1809 1051 scilicet

235 1086 318 1108 cum
340 1074 503 1119 superior
524 1084 605 1119 pars
628 1073 770 1106 animae
797 1073 935 1106 intense
959 1080 1126 1106 movetur
1153 1072 1189 1105 in
1217 1070 1363 1117 aliquid,
1385 1070 1545 1116 sequitur
1566 1078 1710 1104 motum
1733 1071 1808 1115 ejus

235 1127 345 1161 etiam
368 1138 449 1172 pars
471 1126 636 1161 inferior:
659 1134 694 1160 et
715 1127 765 1160 sic
787 1126 908 1172 passio
932 1126 1087 1160 existens
1111 1132 1377 1170 consequenter
1398 1124 1435 1157 in
1454 1124 1614 1170 appetitu
1635 1124 1808 1158 sensitivo

236 1190 289 1216 est
303 1182 447 1227 signum
462 1180 676 1215 intensionis
690 1180 906 1221 voluntatis;
926 1187 961 1214 et
978 1179 1028 1213 sic
1043 1179 1178 1213 indicat
1191 1178 1392 1212 bonitatem
1411 1177 1592 1211 moralem
1611 1178 1807 1222 majorem:

235 1236 301 1269 alio
324 1235 418 1269 modo
449 1246 512 1280 per
542 1234 695 1268 modum
725 1233 925 1275 electionis,
947 1232 1092 1279 quando
1120 1231 1259 1266 scilicet
1286 1231 1402 1265 homo
1429 1242 1472 1265 ex
1497 1230 1632 1276 judicio
1659 1230 1808 1264 rationis

237 1288 337 1334 eligit
352 1287 446 1321 affici
465 1287 584 1333 aliqua
606 1287 786 1334 passione,
808 1295 847 1320 ut
867 1286 1070 1332 promptius
1093 1293 1272 1332 operetur,
1295 1292 1514 1331 cooperante
1530 1284 1690 1330 appetitu
1701 1283 1810 1318 sensi-

236 1342 331 1376 tivo:
355 1350 390 1375 et
415 1341 464 1375 sic
487 1341 607 1387 passio
631 1341 773 1374 animae
797 1340 894 1374 addit
916 1340 959 1374 ad
980 1340 1183 1374 bonitatem
1205 1339 1369 1373 actionis.

307 1396 368 1429 AD
388 1405 595 1429 SECUNDUM
614 1394 819 1435 dicendum,
836 1394 931 1439 quod
950 1393 987 1426 in
1007 1393 1102 1435 Deo,
1118 1401 1152 1426 et
1165 1392 1202 1425 in
1218 1391 1355 1438 angelis
1370 1402 1445 1425 non
1461 1399 1514 1426 est
1536 1391 1713 1438 appetitus
1732 1402 1810 1425 sen-

237 1448 375 1489 sitivus,
398 1458 515 1493 neque
538 1447 646 1481 etiam
669 1447 832 1481 membra
855 1457 1041 1493 corporea,
1063 1454 1098 1480 et
1118 1446 1201 1480 ideo
1223 1446 1362 1479 bonum
1380 1445 1416 1478 in
1438 1445 1490 1479 eis
1510 1456 1586 1479 non
1615 1444 1808 1479 attenditur

236 1502 438 1535 secundum
460 1500 727 1534 ordinationem
741 1500 964 1546 passionum,
987 1506 1048 1533 aut
1069 1509 1332 1544 corporeorum
1354 1505 1512 1540 actuum,
1532 1499 1625 1532 sicut
1638 1498 1675 1532 in
1691 1497 1807 1531 nobis.

307 1555 367 1588 AD
391 1564 562 1588 TERTIUM
589 1554 794 1595 dicendum,
821 1553 919 1599 quod
941 1553 1060 1599 passio
1082 1552 1235 1586 tendens
1253 1552 1290 1585 in
1311 1551 1452 1585 malum
1471 1551 1694 1598 praecedens
1719 1551 1808 1597 judi-

238 1608 335 1641 cium
357 1608 505 1641 rationis
527 1607 695 1640 diminuit
714 1614 917 1652 peccatum,
945 1606 1006 1640 sed
1034 1616 1261 1651 consequens
1289 1604 1410 1651 aliquo
1437 1604 1708 1650 praedictorum
1729 1615 1807 1638 mo-

236 1661 368 1694 dorum
390 1668 497 1706 auget
518 1660 650 1706 ipsum,
671 1659 730 1694 vel
750 1659 930 1704 significat
951 1666 1190 1705 augmentum
1212 1659 1299 1704 ejus.

783 1776 1129 1822 ARTICULUS
1174 1776 1251 1819 IV.
1743 1797 1804 1833 145

326 1873 480 1903 UTRUM
506 1873 673 1908 ALIQUA
695 1872 846 1902 PASSIO
875 1873 942 1901 SIT
965 1872 1096 1911 BONA,
1118 1872 1200 1901 VEL
1228 1871 1349 1900 MALA
1367 1871 1424 1901 EX
1450 1871 1535 1901 SUA
1557 1871 1718 1901 SPECIE.

425 1948 508 1993 (2-2.
532 1960 561 1993 q.
580 1948 647 1994 158.
670 1953 734 1982 art.
755 1960 782 1982 Ι.
802 1954 893 1994 corp.
913 1952 941 1982 et
957 1958 989 1992 4.
1012 1948 1100 1982 Dist.
1122 1959 1165 1993 15.
1187 1959 1217 1993 q.
1236 1960 1263 1982 I.
1283 1947 1325 1981 ad
1345 1958 1378 1992 4.
1401 1959 1431 1993 q.
1450 1959 1481 1982 2.
1503 1952 1567 1982 art.
1589 1959 1617 1982 r.

473 2006 501 2036 εἰ
519 2002 608 2036 Dist.
626 2013 680 2047 >⁷0-
703 2013 732 2047 q.
751 2013 783 2036 2.
806 2006 871 2036 art.
892 2012 926 2045 4.
949 2013 978 2047 q.
998 2013 1025 2047 3.
1048 2000 1090 2034 ad
1104 2013 1132 2047 3.
1151 2006 1181 2036 et
1199 2001 1284 2035 Mal.
1303 2013 1332 2047 q.
1354 2013 1406 2036 10.
1428 2006 1493 2036 art.
1511 2001 1570 2046 1.).
1589 2052 1595 2055 ᾖ

307 2084 366 2118 AD
378 2094 565 2123 QUARTUM
586 2084 635 2119 sic
654 2085 870 2130 proceditur.
893 2083 1055 2125 Videtur,
1071 2084 1167 2130 quod
1181 2083 1282 2117 nulla
1302 2083 1424 2130 passio
1447 2083 1590 2118 animae
1608 2084 1808 2118 secundum

235 2138 396 2184 speciem
419 2149 523 2172 suam
544 2138 589 2172 sit
608 2139 717 2179 bona,
738 2138 797 2172 vel
816 2137 912 2172 mala
930 2137 1135 2172 moraliter:
1154 2138 1294 2171 bonum
1315 2137 1425 2179 enim,
1449 2145 1484 2172 et
1504 2137 1644 2171 malum
1668 2137 1807 2172 morale

238 2191 431 2225 attenditur
444 2192 646 2225 secundum
661 2191 858 2225 rationem:
875 2191 935 2225 sed
948 2191 1134 2236 passiones
1149 2191 1276 2225 suntin
1289 2191 1448 2237 appetitu
1463 2190 1656 2225 sensitivo:
1673 2199 1708 2225 et
1717 2191 1808 2225 itaid

237 2244 334 2290 quod
357 2252 409 2278 est
431 2244 630 2278 secundum
652 2244 844 2286 rationem,
867 2244 997 2278 accidit
1019 2244 1089 2286 eis,
1112 2255 1196 2278 cum
1219 2255 1306 2290 ergo
1328 2243 1430 2285 nihil,
1451 2244 1548 2290 quod
1567 2252 1621 2279 est
1635 2255 1698 2291 per
1719 2244 1810 2279 acci-

237 2298 336 2339 dens,
358 2297 534 2343 pertineat
556 2297 599 2331 ad
621 2297 780 2343 speciem
808 2298 869 2338 rei,
895 2297 1047 2338 videtur,
1075 2297 1172 2343 quod
1201 2296 1301 2331 nulla
1327 2297 1448 2343 passio
1476 2298 1678 2332 secundum
1703 2309 1807 2332 suam

237 2351 396 2397 speciem
419 2351 463 2385 sit
483 2351 591 2393 bona,
613 2350 671 2384 vel
693 2350 800 2384 mala.

309 2414 339 2437 2.
355 2404 590 2438 PRAETERffl.
606 2404 732 2445 Actus,
748 2412 782 2438 et
796 2404 981 2450 passiones
995 2403 1130 2438 habent
1143 2404 1302 2449 speciem
1313 2415 1356 2438 ex
1367 2404 1531 2449 object03
1546 2404 1576 2438 si
1589 2415 1677 2450 ergo
1688 2404 1808 2451 aliqua

238 2458 358 2503 passio
387 2458 588 2491 secundum
619 2457 778 2502 aliquam
808 2468 912 2491 suam
941 2457 1102 2503 speciem
1130 2465 1224 2491 esset
1251 2457 1359 2499 bona,
1386 2456 1446 2491 vel
1475 2456 1584 2499 mala,
1613 2465 1808 2504 oporteret,

238 2510 334 2555 quod
358 2510 556 2555 passiones,
578 2521 730 2556 quarum
753 2510 937 2555 objectum
959 2518 1013 2544 est
1034 2511 1167 2552 bonum,
1189 2510 1308 2544 bonae
1335 2517 1455 2544 essent
1480 2509 1682 2545 secundum
1703 2521 1807 2544 suam

238 2563 414 2608 speciem:
439 2571 476 2597 ut
498 2574 611 2606 amor,
639 2563 869 2604 desiderium,
892 2571 926 2597 et
948 2563 1138 2609 gaudium:
1163 2571 1197 2598 et
1218 2563 1416 2609 passiones,
1443 2574 1597 2610 quarum
1623 2563 1807 2609 objectum

239 2624 292 2650 est
319 2617 457 2658 malum,
486 2624 605 2651 essent
630 2616 747 2650 malae
775 2616 976 2650 secundum
1003 2627 1106 2650 suam
1133 2617 1313 2663 speciem;
1334 2625 1373 2652 ut
1395 2617 1532 2659 odium,
1553 2617 1674 2659 timor,
1697 2625 1732 2652 et
1751 2617 1809 2651 tri-

239 2669 352 2704 stitia:
377 2673 438 2703 sed
461 2669 531 2703 hoc
555 2677 652 2715 patet
673 2680 750 2704 esse
768 2669 919 2711 falsum3
941 2680 1014 2703 non
1038 2681 1125 2715 ergo
1149 2670 1268 2716 aliqua
1286 2670 1406 2716 passio
1429 2678 1481 2705 est
1501 2670 1610 2712 bona,
1630 2669 1691 2704 vel
1711 2670 1807 2705 mala

241 2734 281 2756 ex
305 2734 367 2756 sua
390 2734 522 2768 specie.

317 2787 345 2820 3.
370 2776 605 2810 PRAETEREA.
629 2775 738 2810 Nulla
760 2775 898 2822 specics
921 2776 1130 2821 passionum
1152 2784 1216 2818 est,
1239 2788 1330 2822 quae
1352 2787 1426 2811 non
1447 2777 1649 2812 inveniatur
1670 2777 1707 2811 in
1728 2776 1808 2812 aliis

244 2829 480 2864 animalibus:
508 2829 570 2864 sed
596 2830 733 2863 bonum
760 2829 898 2863 morale
926 2840 998 2863 non
1029 2830 1209 2864 invenitur
1234 2830 1303 2864 nisi
1329 2830 1365 2864 in
1390 2830 1562 2873 homine3
1593 2841 1682 2877 ergo
1709 2830 1807 2865 nulla

243 2882 365 2927 passio
390 2883 531 2917 animae
553 2883 649 2917 bona
673 2890 737 2924 est,
759 2882 817 2916 vel
839 2882 934 2916 mala
957 2895 997 2916 cx
1020 2893 1083 2916 sua
1106 2883 1236 2929 specie.
