1907 3198
11 474 23 523 Μ
6 402 23 463 ⁸0⁸.

530 187 754 223 QUAESTro
789 186 845 216 v1.
880 186 1128 217 AnrlcuLus
1162 186 1218 216 1v.
1598 187 1653 229 77

80 281 277 318 corporum
299 277 419 304 essent
438 268 671 311 innaturales,
693 276 729 304 et
749 268 950 303 violentae:
974 276 1057 303 sunt
1083 275 1205 302 autem
1227 266 1410 302 naturales
1431 275 1578 313 propter
1598 278 1658 301 na-

77 323 232 360 turalem
247 323 485 370 aptitudinem
497 322 709 357 interiorem
724 322 910 363 materiae,
925 321 983 356 vel
998 322 1149 367 subjecti
1169 321 1213 355 ad
1231 320 1343 355 talem
1358 320 1636 367 dispositionem
1649 337 1658 368 3

79 386 115 414 et
133 377 298 413 similiter
319 377 464 424 quando
485 375 654 410 voluntas
672 385 841 410 movetur
860 375 902 409 ab
923 375 1108 422 appetibili
1130 375 1332 409 secundum
1352 374 1537 421 propriam
1557 373 1656 408 incli-

78 431 279 474 nationem,
299 442 375 466 non
397 439 450 466 cst
471 438 592 465 motus
615 429 808 472 violentus,
831 429 892 464 sed
914 429 1152 463 voluntarius.

150 485 211 521 AD
233 495 407 520 TERTfflM
428 483 635 526 dicendum,
656 483 754 530 quod
777 483 824 526 id,
846 483 882 516 in
904 483 1002 529 quod
1023 482 1193 517 voluntas
1219 482 1336 517 tendit
1361 481 1562 528 peccando,
1590 480 1656 515 etsi

79 539 125 576 sit
144 538 296 582 malum,
317 548 352 574 et
374 547 501 574 contra
522 537 737 573 rationalem
756 545 924 571 naturam
947 536 1148 571 secundum
1168 536 1218 570 rei
1236 536 1439 578 veritatem,
1461 534 1659 582 apprehen-

79 592 174 628 ditur
198 601 322 628 tamen
349 601 388 627 ut
412 593 562 635 bonum,
590 600 625 626 et
651 591 873 626 conveniens
899 599 1070 633 naturae;
1101 590 1317 637 inquantum
1349 598 1403 625 est
1435 588 1657 624 conveniens

79 646 223 684 homini
242 646 443 682 secundum
465 645 625 693 aliquam
646 644 930 680 delectationem
952 655 1090 688 sensus,
1111 644 1171 679 vel
1192 643 1394 679 secundum
1416 643 1576 690 aliquem
1597 642 1658 677 ha-

79 701 195 738 bitum
215 709 439 749 corruptum.

653 831 1003 878 ARTICULUS
1036 831 1089 875 v,
1609 852 1652 887 45

341 941 495 973 UTRUM
526 941 769 972 VIOLENTIA
802 941 972 972 CAUSET
1006 938 1392 970 INVOLUNTARIUM.

82 1030 197 1078 (Supr-
213 1035 281 1067 art.
297 1041 332 1076 4.
352 1036 443 1078 corp.
460 1035 491 1066 et
506 1030 589 1077 infr.
607 1035 672 1066 art.
691 1030 724 1066 6.
743 1029 786 1065 ad
803 1041 830 1065 ι.
849 1041 879 1076 q.
899 1040 945 1075 73.
963 1033 1031 1064 art.
1046 1028 1079 1064 6.
1094 1034 1184 1075 corp.
1199 1033 1227 1063 et
1241 1039 1311 1064 2-2.
1326 1039 1357 1074 q.
1371 1028 1427 1064 88.
1443 1031 1506 1063 art.
1523 1027 1557 1063 6.
1572 1026 1615 1062 ad
1628 1039 1656 1063 ι.

679 1089 710 1119 et
728 1083 813 1120 Mal.
835 1095 865 1130 q.
885 1084 919 1119 6.
939 1084 1058 1130 corp).

152 1180 213 1216 An
233 1189 415 1220 QUmTUu
435 1179 486 1214 sic
508 1179 728 1225 proceditur.
750 1178 914 1220 Videtur,
937 1178 1034 1225 quod
1056 1177 1230 1213 violentia
1247 1189 1322 1212 non
1346 1185 1471 1213 causet
1491 1176 1659 1212 involun-

79 1234 230 1271 tarium:
251 1232 498 1268 voluntarium
517 1233 627 1275 enim,
644 1241 680 1267 et
696 1232 984 1267 involuntarium
1003 1232 1203 1267 secundum
1222 1231 1450 1267 voluntatem
1469 1231 1658 1266 dicuntur:

79 1288 142 1324 sed
160 1286 339 1323 voluntati
357 1286 531 1322 violentia
552 1286 676 1322 inferri
695 1297 770 1321 non
792 1294 922 1333 potest,
945 1294 983 1321 ut
1004 1294 1191 1320 ostensum
1214 1294 1267 1320 est
1290 1285 1371 1330 (art.
1391 1286 1541 1332 praec.);
1569 1296 1656 1332 ergo

78 1340 251 1377 violentia
270 1340 557 1376 involuntarium
579 1351 728 1376 causare
750 1351 825 1375 non
847 1348 977 1387 potest.

149 1405 183 1431 2.
203 1394 442 1431 Fut-rann.
463 1394 516 1438 Id,
537 1394 635 1442 quod
657 1402 711 1429 est
731 1393 1030 1436 involuntarium,
1056 1401 1110 1428 est
1136 1404 1221 1428 cum
1243 1393 1396 1436 tristitia,
1418 1401 1458 1427 ut
1482 1393 1656 1427 Damasc.

77 1449 151 1495 (lib.
167 1460 200 1485 2.
221 1448 318 1485 Orth.
335 1448 414 1484 Fid.
435 1454 510 1497 cap.
531 1449 598 1495 21.)
619 1456 655 1483 et
671 1447 809 1482 Philos.
833 1447 873 1494 (3.
893 1447 1109 1494 Ethaeapgt.)
1133 1446 1280 1482 dicunt:
1302 1446 1364 1481 sed
1387 1446 1584 1493 aliquando
1599 1457 1658 1493 pa-

76 1503 163 1539 titur
187 1501 317 1550 aliquis
344 1501 570 1545 violentiam,
591 1513 659 1537 nec
677 1509 800 1537 tamen
822 1501 906 1536 inde
927 1501 1107 1544 tristatur3
1130 1512 1218 1547 ergo
1239 1500 1414 1536 violentia
1435 1511 1510 1535 non
1533 1508 1658 1535 causat

77 1555 373 1592 involuntarium.

150 1621 182 1658 3.
201 1609 440 1646 PRAETEREA.
462 1610 514 1654 Id,
536 1609 635 1658 quod
657 1618 711 1645 est
732 1621 751 1644 a
772 1609 972 1652 voluntate,
998 1620 1074 1644 non
1100 1617 1221 1656 potest
1247 1620 1326 1644 esse
1350 1608 1654 1643 involuntarium:

76 1664 141 1701 sed
160 1663 282 1712 aliqua
301 1663 462 1700 violenta
487 1673 571 1700 sunt
591 1676 611 1699 a
632 1664 842 1699 voluntate:
871 1664 965 1699 sicut
991 1674 1076 1698 cum
1105 1663 1235 1710 aliquis
1262 1674 1347 1697 cum
1374 1674 1529 1710 corpore
1557 1662 1656 1710 gravi

76 1728 220 1753 sursum
253 1717 433 1762 ascendit3
463 1726 499 1754 et
530 1718 624 1754 sicut
657 1729 742 1752 cum
768 1717 898 1764 aliquis
925 1716 1076 1752 inflectit
1103 1717 1268 1752 membra
1296 1725 1423 1752 contra
1449 1715 1654 1751 naturalem

75 1782 206 1808 eorum
225 1770 508 1816 flexibilitatem
529 1784 618 1820 ergo
640 1772 814 1807 violentia
840 1783 915 1807 non
938 1780 1063 1807 causat
1083 1771 1383 1806 involuntarium.

147 1826 225 1863 SED
251 1837 408 1863 CONTRA
433 1835 498 1870 est,
525 1827 623 1874 quod
650 1826 789 1862 Philos.
817 1835 852 1862 et
877 1827 1052 1861 Damasc.
1082 1826 1206 1861 dicunt
1232 1826 1331 1871 (locis
1356 1827 1391 1860 in
1413 1837 1487 1872 arg.
1508 1837 1539 1861 2.
1570 1825 1656 1871 cit),

75 1880 174 1929 quod
196 1880 332 1929 aliquid
353 1889 407 1917 est
426 1880 715 1917 involuntarium
737 1893 800 1928 per
820 1880 1046 1916 violentiam.

146 1934 378 1972 RESPonm-:o
399 1935 608 1979 dicendum,
629 1935 727 1982 quod
748 1935 923 1970 violentia
945 1935 1081 1969 directe
1104 1934 1301 1981 opponitur
1317 1933 1545 1976 voluntari03
1565 1933 1658 1968 sicut

75 1988 187 2025 etiam
207 1997 243 2024 et
261 1988 436 2025 naturali:
459 2001 658 2025 commune
676 1997 731 2024 est
748 1989 846 2024 enirn
864 1988 1085 2031 voluntario,
1104 1997 1139 2023 et
1156 1987 1324 2030 naturali,
1345 1988 1443 2035 quod
1462 1996 1656 2034 utrumque

76 2042 123 2078 sit
138 2054 160 2078 a
176 2043 356 2091 principio
372 2043 590 2079 intrinseco:
612 2043 815 2078 violentum
834 2052 956 2078 autem
975 2050 1029 2077 est
1047 2053 1066 2076 a
1084 2042 1263 2089 principio
1283 2042 1497 2077 extrinseco.
1517 2041 1561 2076 Et
1578 2052 1657 2088 pro-

76 2104 155 2146 pter
174 2097 260 2141 hoc,
279 2098 374 2134 sicut
390 2098 427 2133 in
446 2098 564 2141 rebus,
582 2109 674 2145 quae
693 2098 904 2145 cognitione
924 2105 1060 2139 carent,
1078 2096 1252 2131 violentia
1271 2095 1405 2143 aliquid
1424 2095 1510 2130 facit
1528 2103 1655 2130 contra

27 2167 34 2180 ·
75 2159 267 2188 naturam:
288 2152 339 2188 ita
358 2152 395 2187 in
417 2153 523 2188 rebus
549 2151 857 2199 cognoscentibus
882 2151 969 2186 facit
995 2150 1131 2198 aliquid
1153 2161 1231 2185 esse
1254 2158 1381 2184 contra
1403 2149 1654 2184 voluntatem:

77 2205 176 2253 quod
208 2213 332 2241 autem
361 2214 416 2242 est
440 2214 568 2241 contra
593 2214 773 2248 naturam,
796 2205 926 2240 dicitur
953 2216 1031 2240 esse
1057 2203 1280 2246 innaturale3
1307 2212 1342 2239 et
1367 2203 1532 2238 similiter
1558 2203 1655 2250 quod

77 2267 132 2295 est
151 2267 279 2295 contra
298 2259 540 2303 voluntatem,
561 2259 692 2295 dicitur
713 2270 790 2294 esse
812 2258 1120 2301 involuntarium3
1143 2258 1237 2292 unde
1259 2257 1432 2293 violentia
1455 2257 1657 2292 involunta-

77 2312 173 2350 rium
194 2322 330 2350 causat.

147 2366 210 2404 AD
234 2378 386 2404 anuu
411 2379 500 2415 ergo
527 2367 735 2410 dicendum,
762 2367 860 2414 quod
886 2366 1173 2402 involuntarium
1201 2365 1409 2401 voluntario
1441 2366 1653 2413 opponitur:

76 2420 215 2457 dictum
240 2429 295 2458 est
319 2430 441 2457 autem
468 2433 574 2469 supra
600 2421 684 2467 (art.
703 2423 846 2469 praec),
873 2421 971 2468 quod
998 2420 1247 2456 voluntarium
1273 2420 1404 2455 dicitur
1430 2431 1504 2455 non
1533 2420 1654 2455 solum

77 2482 191 2519 actus,
211 2475 275 2523 qui
294 2483 348 2511 est
367 2476 578 2511 immediate
594 2475 706 2523 ipsius
727 2475 936 2518 voluntatis,
954 2475 1016 2510 sed
1037 2475 1147 2510 etiam
1170 2483 1271 2509 actus
1294 2486 1313 2509 a
1335 2475 1523 2509 voluntate
1545 2475 1656 2520 impe-

77 2537 192 2573 ratus;
213 2537 389 2578 quantum
407 2529 516 2577 igitur
534 2529 578 2564 ad
597 2537 731 2572 actum,
750 2530 811 2577 qui
829 2538 883 2564 est
904 2529 1115 2563 immediate
1134 2528 1244 2575 ipsius
1262 2528 1472 2570 voluntatis,
1492 2537 1529 2562 ut
1548 2539 1655 2574 supra

77 2582 215 2619 dictum
236 2591 291 2619 est
311 2583 393 2629 (art.
408 2583 553 2631 praem),
576 2582 750 2619 violentia
771 2582 951 2618 voluntati
972 2581 1095 2618 inferri
1115 2594 1190 2617 non
1219 2590 1358 2629 potest:
1386 2582 1448 2617 sed
1477 2590 1654 2629 quantum

78 2636 123 2672 ad
143 2644 265 2672 actum
287 2636 505 2685 imperatum
527 2636 696 2672 voluntas
718 2645 837 2684 potest
863 2637 936 2684 pati
958 2636 1189 2671 violentiam:
1219 2644 1254 2671 et
1279 2644 1454 2683 quantum
1483 2635 1527 2669 ad
1554 2635 1652 2670 hunc

79 2698 202 2727 actum
221 2690 396 2726 violentia
416 2690 700 2726 involuntarium
722 2691 818 2726 facit.

149 2744 211 2780 An
231 2755 440 2781 SECUNDUM
465 2744 673 2788 dicendum,
694 2745 792 2792 quod
810 2745 903 2780 sicut
920 2745 1072 2780 naturale
1091 2745 1233 2787 dicitur,
1253 2745 1350 2792 quod
1373 2754 1426 2779 cst
1447 2744 1648 2779 secundum

78 2796 354 2835 inclinationem
378 2807 549 2842 naturae;
575 2799 624 2834 ita
649 2799 877 2834 voluntarium
906 2799 1047 2842 dicitur,
1070 2799 1167 2846 quod
1195 2808 1249 2834 cst
1275 2799 1476 2834 secundum
1504 2798 1652 2833 inclina-

78 2850 219 2889 tionem
238 2851 455 2888 voluntatis:
476 2852 607 2888 dicitur
632 2861 755 2888 autem
778 2853 912 2900 aliquid
935 2853 1098 2888 naturale
1120 2853 1306 2901 dupliciter.
1336 2853 1409 2888 Uno
1432 2852 1541 2896 modo,
1569 2852 1653 2899 quia

80 2914 136 2942 m
153 2917 176 2942 a
194 2914 334 2950 namra,
352 2906 446 2942 sicut
465 2918 486 2942 a
507 2907 686 2954 principio
709 2907 848 2942 activo:
872 2907 965 2942 sicut
986 2906 1185 2942 calefacere
1208 2915 1262 2942 cst
1282 2906 1446 2942 naturale
1469 2907 1555 2954 igni.
1573 2907 1652 2942 Alio
