<?xml version="1.0" encoding="UTF-8"?>
<!DOCTYPE html PUBLIC "-//W3C//DTD XHTML 1.0 Transitional//EN"
    "http://www.w3.org/TR/xhtml1/DTD/xhtml1-transitional.dtd">
<html xmlns="http://www.w3.org/1999/xhtml" xml:lang="en" lang="en">
 <head>
  <title>
</title>
<meta http-equiv="Content-Type" content="text/html;charset=utf-8" />
  <meta name='ocr-system' content='tesseract 3.04.00' />
  <meta name='ocr-capabilities' content='ocr_page ocr_carea ocr_par ocr_line ocrx_word'/>
</head>
<body>
  <div class='ocr_page' id='page_1' title='image "./divithomaeaquina02thomuoft_0602.png"; bbox 0 0 1875 3198; ppageno 0'>
   <div class='ocr_carea' id='block_1_1' title="bbox 225 211 1414 267">
    <p class='ocr_par' dir='ltr' id='par_1_1' title="bbox 225 211 1414 267">
     <span class='ocr_line' id='line_1_1' title="bbox 225 211 1414 267; baseline 0 -14"><span class='ocrx_word' id='word_1_1' title='bbox 225 211 308 267; x_wconf 69' lang='lat'>598</span> <span class='ocrx_word' id='word_1_2' title='bbox 603 224 824 259; x_wconf 82' lang='lat' dir='ltr'><strong>QUAESTIO</strong></span> <span class='ocrx_word' id='word_1_3' title='bbox 860 224 1039 254; x_wconf 85' lang='lat' dir='ltr'>LXXXIII.</span> <span class='ocrx_word' id='word_1_4' title='bbox 1074 224 1319 254; x_wconf 91' lang='lat' dir='ltr'><strong>ARTICULUS</strong></span> <span class='ocrx_word' id='word_1_5' title='bbox 1353 224 1414 254; x_wconf 90' lang='grc' dir='ltr'><strong>ΙΙΙ.</strong></span> 
     </span>
    </p>
   </div>
   <div class='ocr_carea' id='block_1_2' title="bbox 196 304 1795 2170">
    <p class='ocr_par' dir='ltr' id='par_1_2' title="bbox 223 304 1791 405">
     <span class='ocr_line' id='line_1_2' title="bbox 223 304 1791 352; baseline 0.001 -14"><span class='ocrx_word' id='word_1_6' title='bbox 223 304 344 350; x_wconf 85' lang='lat' dir='ltr'>ginale</span> <span class='ocrx_word' id='word_1_7' title='bbox 367 313 534 340; x_wconf 80' lang='lat' dir='ltr'>causatur</span> <span class='ocrx_word' id='word_1_8' title='bbox 548 316 610 352; x_wconf 90' lang='lat' dir='ltr'>per</span> <span class='ocrx_word' id='word_1_9' title='bbox 625 314 746 340; x_wconf 88' lang='lat' dir='ltr'>actum</span> <span class='ocrx_word' id='word_1_10' title='bbox 762 306 992 351; x_wconf 83' lang='lat' dir='ltr'>generativae</span> <span class='ocrx_word' id='word_1_11' title='bbox 1007 306 1209 351; x_wconf 85' lang='lat' dir='ltr'>potentiae;</span> <span class='ocrx_word' id='word_1_12' title='bbox 1229 316 1316 351; x_wconf 87' lang='lat' dir='ltr'>ergo</span> <span class='ocrx_word' id='word_1_13' title='bbox 1331 305 1424 340; x_wconf 89' lang='lat' dir='ltr'>inter</span> <span class='ocrx_word' id='word_1_14' title='bbox 1439 313 1597 340; x_wconf 84' lang='lat' dir='ltr'>caeteras</span> <span class='ocrx_word' id='word_1_15' title='bbox 1611 305 1791 352; x_wconf 83' lang='lat' dir='ltr'>potentias</span> 
     </span>
     <span class='ocr_line' id='line_1_3' title="bbox 225 359 1440 405; baseline 0.001 -13"><span class='ocrx_word' id='word_1_16' title='bbox 225 359 369 392; x_wconf 90' lang='lat' dir='ltr'>animae</span> <span class='ocrx_word' id='word_1_17' title='bbox 390 359 531 392; x_wconf 85' lang='lat' dir='ltr'>videtur</span> <span class='ocrx_word' id='word_1_18' title='bbox 553 359 669 404; x_wconf 87' lang='lat' dir='ltr'>magis</span> <span class='ocrx_word' id='word_1_19' title='bbox 691 359 868 404; x_wconf 90' lang='lat' dir='ltr'>pertinere</span> <span class='ocrx_word' id='word_1_20' title='bbox 892 359 935 392; x_wconf 90' lang='lat' dir='ltr'>ad</span> <span class='ocrx_word' id='word_1_21' title='bbox 958 359 1205 404; x_wconf 74' lang='lat' dir='ltr'>generativam</span> <span class='ocrx_word' id='word_1_22' title='bbox 1228 360 1440 405; x_wconf 89' lang='lat' dir='ltr'>potentiam.</span> 
     </span>
    </p>

    <p class='ocr_par' dir='ltr' id='par_1_3' title="bbox 221 411 1792 618">
     <span class='ocr_line' id='line_1_4' title="bbox 295 411 1785 458; baseline 0.001 -13"><span class='ocrx_word' id='word_1_23' title='bbox 295 422 326 445; x_wconf 87' lang='lat'>2.</span> <span class='ocrx_word' id='word_1_24' title='bbox 348 412 584 447; x_wconf 73' lang='lat' dir='ltr'>PRAETEREA.</span> <span class='ocrx_word' id='word_1_25' title='bbox 601 413 799 446; x_wconf 79' lang='lat' dir='ltr'>Peccatum</span> <span class='ocrx_word' id='word_1_26' title='bbox 815 411 991 457; x_wconf 77' lang='lat' dir='ltr'>originale</span> <span class='ocrx_word' id='word_1_27' title='bbox 1005 424 1068 458; x_wconf 86' lang='lat' dir='ltr'>per</span> <span class='ocrx_word' id='word_1_28' title='bbox 1083 423 1207 446; x_wconf 88' lang='lat' dir='ltr'>semen</span> <span class='ocrx_word' id='word_1_29' title='bbox 1224 412 1366 447; x_wconf 88' lang='lat' dir='ltr'>carnale</span> <span class='ocrx_word' id='word_1_30' title='bbox 1381 412 1595 446; x_wconf 83' lang='lat' dir='ltr'>traducitur:</span> <span class='ocrx_word' id='word_1_31' title='bbox 1615 412 1678 447; x_wconf 90' lang='lat' dir='ltr'>sed</span> <span class='ocrx_word' id='word_1_32' title='bbox 1694 412 1785 447; x_wconf 91' lang='lat' dir='ltr'>aliae</span> 
     </span>
     <span class='ocr_line' id='line_1_5' title="bbox 221 465 1790 512; baseline 0.001 -13"><span class='ocrx_word' id='word_1_33' title='bbox 221 465 314 499; x_wconf 82' lang='lat' dir='ltr'>vires</span> <span class='ocrx_word' id='word_1_34' title='bbox 330 465 472 499; x_wconf 85' lang='lat' dir='ltr'>animae</span> <span class='ocrx_word' id='word_1_35' title='bbox 488 465 764 511; x_wconf 77' lang='lat' dir='ltr'>propinquiores</span> <span class='ocrx_word' id='word_1_36' title='bbox 787 473 869 499; x_wconf 88' lang='lat' dir='ltr'>sunt</span> <span class='ocrx_word' id='word_1_37' title='bbox 891 465 1000 507; x_wconf 83' lang='lat' dir='ltr'>carni,</span> <span class='ocrx_word' id='word_1_38' title='bbox 1017 477 1126 511; x_wconf 86' lang='lat' dir='ltr'>quam</span> <span class='ocrx_word' id='word_1_39' title='bbox 1140 465 1327 507; x_wconf 84' lang='lat' dir='ltr'>voluntas;</span> <span class='ocrx_word' id='word_1_40' title='bbox 1347 467 1438 500; x_wconf 88' lang='lat' dir='ltr'>sicut</span> <span class='ocrx_word' id='word_1_41' title='bbox 1451 473 1549 512; x_wconf 88' lang='lat' dir='ltr'>patet</span> <span class='ocrx_word' id='word_1_42' title='bbox 1563 465 1607 500; x_wconf 94' lang='lat' dir='ltr'>de</span> <span class='ocrx_word' id='word_1_43' title='bbox 1622 466 1790 500; x_wconf 89' lang='lat' dir='ltr'>omnibus</span> 
     </span>
     <span class='ocr_line' id='line_1_6' title="bbox 222 519 1792 565; baseline 0.001 -12"><span class='ocrx_word' id='word_1_44' title='bbox 222 519 412 560; x_wconf 87' lang='lat' dir='ltr'>sensitivis‚</span> <span class='ocrx_word' id='word_1_45' title='bbox 440 530 531 564; x_wconf 87' lang='lat' dir='ltr'>quae</span> <span class='ocrx_word' id='word_1_46' title='bbox 559 527 706 552; x_wconf 88' lang='lat' dir='ltr'>utuntur</span> <span class='ocrx_word' id='word_1_47' title='bbox 732 530 871 564; x_wconf 82' lang='lat' dir='ltr'>organo</span> <span class='ocrx_word' id='word_1_48' title='bbox 901 519 1101 565; x_wconf 86' lang='lat' dir='ltr'>corporali;</span> <span class='ocrx_word' id='word_1_49' title='bbox 1129 530 1215 565; x_wconf 88' lang='lat' dir='ltr'>ergo</span> <span class='ocrx_word' id='word_1_50' title='bbox 1244 519 1360 564; x_wconf 87' lang='lat' dir='ltr'>magis</span> <span class='ocrx_word' id='word_1_51' title='bbox 1386 519 1423 552; x_wconf 88' lang='lat' dir='ltr'>in</span> <span class='ocrx_word' id='word_1_52' title='bbox 1450 520 1500 553; x_wconf 88' lang='lat' dir='ltr'>eis</span> <span class='ocrx_word' id='word_1_53' title='bbox 1522 527 1575 554; x_wconf 84' lang='lat' dir='ltr'>est</span> <span class='ocrx_word' id='word_1_54' title='bbox 1599 527 1792 565; x_wconf 85' lang='lat' dir='ltr'>peccatum</span> 
     </span>
     <span class='ocr_line' id='line_1_7' title="bbox 223 571 821 618; baseline 0 -12"><span class='ocrx_word' id='word_1_55' title='bbox 223 571 411 618; x_wconf 78' lang='lat' dir='ltr'>originale,</span> <span class='ocrx_word' id='word_1_56' title='bbox 435 583 544 618; x_wconf 89' lang='lat' dir='ltr'>quam</span> <span class='ocrx_word' id='word_1_57' title='bbox 566 572 601 605; x_wconf 89' lang='lat' dir='ltr'>in</span> <span class='ocrx_word' id='word_1_58' title='bbox 623 571 821 606; x_wconf 85' lang='lat' dir='ltr'>voluntate.</span> 
     </span>
    </p>

    <p class='ocr_par' dir='ltr' id='par_1_4' title="bbox 221 625 1793 778">
     <span class='ocr_line' id='line_1_8' title="bbox 298 625 1793 672; baseline 0 -13"><span class='ocrx_word' id='word_1_59' title='bbox 298 637 326 672; x_wconf 81' lang='lat'>3.</span> <span class='ocrx_word' id='word_1_60' title='bbox 349 626 586 660; x_wconf 77' lang='lat' dir='ltr'>PRAETEREA.</span> <span class='ocrx_word' id='word_1_61' title='bbox 610 625 816 659; x_wconf 78' lang='lat' dir='ltr'>Intellectus</span> <span class='ocrx_word' id='word_1_62' title='bbox 839 633 892 659; x_wconf 90' lang='lat' dir='ltr'>est</span> <span class='ocrx_word' id='word_1_63' title='bbox 906 625 1003 671; x_wconf 91' lang='lat' dir='ltr'>prior</span> <span class='ocrx_word' id='word_1_64' title='bbox 1021 625 1225 659; x_wconf 88' lang='lat' dir='ltr'>voluntate:</span> <span class='ocrx_word' id='word_1_65' title='bbox 1249 636 1322 659; x_wconf 93' lang='lat' dir='ltr'>non</span> <span class='ocrx_word' id='word_1_66' title='bbox 1345 625 1442 659; x_wconf 91' lang='lat' dir='ltr'>enim</span> <span class='ocrx_word' id='word_1_67' title='bbox 1465 633 1518 660; x_wconf 90' lang='lat' dir='ltr'>est</span> <span class='ocrx_word' id='word_1_68' title='bbox 1537 625 1706 660; x_wconf 85' lang='lat' dir='ltr'>voluntas</span> <span class='ocrx_word' id='word_1_69' title='bbox 1724 626 1793 660; x_wconf 91' lang='lat' dir='ltr'>nisi</span> 
     </span>
     <span class='ocr_line' id='line_1_9' title="bbox 223 678 1789 724; baseline 0 -11"><span class='ocrx_word' id='word_1_70' title='bbox 223 680 266 713; x_wconf 89' lang='lat' dir='ltr'>de</span> <span class='ocrx_word' id='word_1_71' title='bbox 288 680 387 713; x_wconf 89' lang='lat' dir='ltr'>bono</span> <span class='ocrx_word' id='word_1_72' title='bbox 415 678 619 720; x_wconf 79' lang='lat' dir='ltr'>intellect03</span> <span class='ocrx_word' id='word_1_73' title='bbox 647 679 677 712; x_wconf 89' lang='lat' dir='ltr'>si</span> <span class='ocrx_word' id='word_1_74' title='bbox 698 690 786 723; x_wconf 90' lang='lat' dir='ltr'>ergo</span> <span class='ocrx_word' id='word_1_75' title='bbox 814 686 1006 724; x_wconf 89' lang='lat' dir='ltr'>peccatum</span> <span class='ocrx_word' id='word_1_76' title='bbox 1032 678 1209 724; x_wconf 83' lang='lat' dir='ltr'>originale</span> <span class='ocrx_word' id='word_1_77' title='bbox 1232 679 1344 712; x_wconf 88' lang='lat' dir='ltr'>inficit</span> <span class='ocrx_word' id='word_1_78' title='bbox 1366 690 1495 713; x_wconf 88' lang='lat' dir='ltr'>omnes</span> <span class='ocrx_word' id='word_1_79' title='bbox 1517 679 1696 724; x_wconf 81' lang='lat' dir='ltr'>potentias</span> <span class='ocrx_word' id='word_1_80' title='bbox 1718 679 1789 713; x_wconf 91' lang='lat' dir='ltr'>ani-</span> 
     </span>
     <span class='ocr_line' id='line_1_10' title="bbox 221 732 1600 778; baseline 0 -12"><span class='ocrx_word' id='word_1_81' title='bbox 221 744 315 774; x_wconf 91' lang='lat' dir='ltr'>mae,</span> <span class='ocrx_word' id='word_1_82' title='bbox 336 733 476 766; x_wconf 87' lang='lat' dir='ltr'>videtur</span> <span class='ocrx_word' id='word_1_83' title='bbox 495 732 591 777; x_wconf 86' lang='lat' dir='ltr'>quod</span> <span class='ocrx_word' id='word_1_84' title='bbox 613 743 676 778; x_wconf 87' lang='lat' dir='ltr'>per</span> <span class='ocrx_word' id='word_1_85' title='bbox 698 732 795 778; x_wconf 88' lang='lat' dir='ltr'>prius</span> <span class='ocrx_word' id='word_1_86' title='bbox 818 732 954 766; x_wconf 81' lang='lat' dir='ltr'>inficiat</span> <span class='ocrx_word' id='word_1_87' title='bbox 971 732 1207 774; x_wconf 86' lang='lat' dir='ltr'>intellectum,</span> <span class='ocrx_word' id='word_1_88' title='bbox 1222 740 1410 778; x_wconf 86' lang='lat' dir='ltr'>tamquam</span> <span class='ocrx_word' id='word_1_89' title='bbox 1428 732 1600 778; x_wconf 82' lang='lat' dir='ltr'>priorem.</span> 
     </span>
    </p>

    <p class='ocr_par' dir='ltr' id='par_1_5' title="bbox 220 785 1791 981">
     <span class='ocr_line' id='line_1_11' title="bbox 293 785 1782 831; baseline 0 -11"><span class='ocrx_word' id='word_1_90' title='bbox 293 786 367 820; x_wconf 81' lang='lat' dir='ltr'>SED</span> <span class='ocrx_word' id='word_1_91' title='bbox 395 796 550 820; x_wconf 74' lang='lat' dir='ltr'>CONTRA</span> <span class='ocrx_word' id='word_1_92' title='bbox 577 793 640 827; x_wconf 86' lang='lat' dir='ltr'>est,</span> <span class='ocrx_word' id='word_1_93' title='bbox 667 785 762 831; x_wconf 89' lang='lat' dir='ltr'>quod</span> <span class='ocrx_word' id='word_1_94' title='bbox 785 785 918 830; x_wconf 84' lang='lat' dir='ltr'>justitia</span> <span class='ocrx_word' id='word_1_95' title='bbox 945 785 1131 831; x_wconf 84' lang='lat' dir='ltr'>originalis</span> <span class='ocrx_word' id='word_1_96' title='bbox 1158 796 1221 831; x_wconf 89' lang='lat' dir='ltr'>per</span> <span class='ocrx_word' id='word_1_97' title='bbox 1247 786 1343 831; x_wconf 86' lang='lat' dir='ltr'>prius</span> <span class='ocrx_word' id='word_1_98' title='bbox 1368 786 1516 831; x_wconf 78' lang='lat' dir='ltr'>respicit</span> <span class='ocrx_word' id='word_1_99' title='bbox 1539 785 1782 820; x_wconf 88' lang='lat' dir='ltr'>voluntatem:</span> 
     </span>
     <span class='ocr_line' id='line_1_12' title="bbox 220 838 1790 885; baseline -0.001 -12"><span class='ocrx_word' id='word_1_100' title='bbox 220 847 273 873; x_wconf 88' lang='lat' dir='ltr'>est</span> <span class='ocrx_word' id='word_1_101' title='bbox 299 839 396 873; x_wconf 86' lang='lat' dir='ltr'>enim</span> <span class='ocrx_word' id='word_1_102' title='bbox 423 838 599 873; x_wconf 86' lang='lat' dir='ltr'>rectitudo</span> <span class='ocrx_word' id='word_1_103' title='bbox 626 838 834 880; x_wconf 82' lang='lat' dir='ltr'>voluntatis,</span> <span class='ocrx_word' id='word_1_104' title='bbox 858 846 896 872; x_wconf 91' lang='lat' dir='ltr'>ut</span> <span class='ocrx_word' id='word_1_105' title='bbox 916 838 1040 872; x_wconf 84' lang='lat' dir='ltr'>Ansel.</span> <span class='ocrx_word' id='word_1_106' title='bbox 1069 839 1155 872; x_wconf 87' lang='lat' dir='ltr'>dicit</span> <span class='ocrx_word' id='word_1_107' title='bbox 1180 839 1216 872; x_wconf 90' lang='lat' dir='ltr'>in</span> <span class='ocrx_word' id='word_1_108' title='bbox 1242 838 1301 872; x_wconf 88' lang='lat' dir='ltr'>lib.</span> <span class='ocrx_word' id='word_1_109' title='bbox 1324 838 1367 872; x_wconf 91' lang='lat' dir='ltr'>de</span> <span class='ocrx_word' id='word_1_110' title='bbox 1396 838 1589 884; x_wconf 87' lang='lat' dir='ltr'>Conceptu</span> <span class='ocrx_word' id='word_1_111' title='bbox 1610 838 1790 885; x_wconf 88' lang='lat' dir='ltr'>Virginali</span> 
     </span>
     <span class='ocr_line' id='line_1_13' title="bbox 223 892 1791 939; baseline -0.001 -12"><span class='ocrx_word' id='word_1_112' title='bbox 223 892 308 938; x_wconf 73' lang='lat' dir='ltr'>(cap.</span> <span class='ocrx_word' id='word_1_113' title='bbox 321 905 348 938; x_wconf 81' lang='lat'>3.</span> <span class='ocrx_word' id='word_1_114' title='bbox 370 904 389 926; x_wconf 79' lang='grc' dir='ltr'>ιι</span> <span class='ocrx_word' id='word_1_115' title='bbox 405 892 527 936; x_wconf 80' lang='lat' dir='ltr'>med.);</span> <span class='ocrx_word' id='word_1_116' title='bbox 549 903 636 938; x_wconf 82' lang='lat' dir='ltr'>ergo</span> <span class='ocrx_word' id='word_1_117' title='bbox 652 900 844 938; x_wconf 86' lang='lat' dir='ltr'>peccatum</span> <span class='ocrx_word' id='word_1_118' title='bbox 857 892 1046 938; x_wconf 78' lang='lat' dir='ltr'>originale,</span> <span class='ocrx_word' id='word_1_119' title='bbox 1061 892 1158 938; x_wconf 87' lang='lat' dir='ltr'>quod</span> <span class='ocrx_word' id='word_1_120' title='bbox 1174 892 1206 926; x_wconf 90' lang='lat' dir='ltr'>ei</span> <span class='ocrx_word' id='word_1_121' title='bbox 1222 892 1427 938; x_wconf 87' lang='lat' dir='ltr'>opponitur,</span> <span class='ocrx_word' id='word_1_122' title='bbox 1450 904 1513 938; x_wconf 90' lang='lat' dir='ltr'>per</span> <span class='ocrx_word' id='word_1_123' title='bbox 1526 892 1624 939; x_wconf 90' lang='lat' dir='ltr'>prius</span> <span class='ocrx_word' id='word_1_124' title='bbox 1645 892 1791 939; x_wconf 85' lang='lat' dir='ltr'>respicit</span> 
     </span>
     <span class='ocr_line' id='line_1_14' title="bbox 220 946 462 981; baseline 0 -1"><span class='ocrx_word' id='word_1_125' title='bbox 220 946 462 981; x_wconf 88' lang='lat' dir='ltr'>voluntatem.</span> 
     </span>
    </p>

    <p class='ocr_par' dir='ltr' id='par_1_6' title="bbox 196 998 1795 1367">
     <span class='ocr_line' id='line_1_15' title="bbox 290 998 1791 1045; baseline 0 -11"><span class='ocrx_word' id='word_1_126' title='bbox 290 1000 520 1035; x_wconf 65' lang='lat' dir='ltr'>ResPONDEo</span> <span class='ocrx_word' id='word_1_127' title='bbox 543 999 751 1041; x_wconf 83' lang='lat' dir='ltr'>dicendum,</span> <span class='ocrx_word' id='word_1_128' title='bbox 774 1000 871 1045; x_wconf 90' lang='lat' dir='ltr'>quod</span> <span class='ocrx_word' id='word_1_129' title='bbox 894 999 930 1033; x_wconf 90' lang='lat' dir='ltr'>in</span> <span class='ocrx_word' id='word_1_130' title='bbox 950 999 1147 1033; x_wconf 85' lang='lat' dir='ltr'>infectione</span> <span class='ocrx_word' id='word_1_131' title='bbox 1175 999 1315 1045; x_wconf 87' lang='lat' dir='ltr'>peccati</span> <span class='ocrx_word' id='word_1_132' title='bbox 1341 998 1527 1045; x_wconf 88' lang='lat' dir='ltr'>originalis</span> <span class='ocrx_word' id='word_1_133' title='bbox 1549 998 1610 1033; x_wconf 82' lang='lat' dir='ltr'>duo</span> <span class='ocrx_word' id='word_1_134' title='bbox 1634 1007 1688 1034; x_wconf 89' lang='lat' dir='ltr'>est</span> <span class='ocrx_word' id='word_1_135' title='bbox 1708 1010 1791 1034; x_wconf 88' lang='lat' dir='ltr'>con-</span> 
     </span>
     <span class='ocr_line' id='line_1_16' title="bbox 196 1052 1790 1100; baseline -0.001 -12"><span class='ocrx_word' id='word_1_136' title='bbox 196 1083 201 1087; x_wconf 84' lang='grc'><em>.</em></span> <span class='ocrx_word' id='word_1_137' title='bbox 219 1054 394 1088; x_wconf 84' lang='lat' dir='ltr'>siderare:</span> <span class='ocrx_word' id='word_1_138' title='bbox 413 1055 528 1100; x_wconf 61' lang='lat' dir='ltr'>Primo</span> <span class='ocrx_word' id='word_1_139' title='bbox 545 1053 692 1099; x_wconf 88' lang='lat' dir='ltr'>quidem</span> <span class='ocrx_word' id='word_1_140' title='bbox 706 1053 978 1087; x_wconf 80' lang='lat' dir='ltr'>inhaerentiam</span> <span class='ocrx_word' id='word_1_141' title='bbox 994 1054 1068 1098; x_wconf 76' lang='lat' dir='ltr'>ejus</span> <span class='ocrx_word' id='word_1_142' title='bbox 1085 1053 1128 1086; x_wconf 90' lang='lat' dir='ltr'>ad</span> <span class='ocrx_word' id='word_1_143' title='bbox 1143 1053 1366 1098; x_wconf 85' lang='lat' dir='ltr'>subjectum:</span> <span class='ocrx_word' id='word_1_144' title='bbox 1383 1060 1418 1086; x_wconf 88' lang='lat' dir='ltr'>et</span> <span class='ocrx_word' id='word_1_145' title='bbox 1429 1052 1594 1087; x_wconf 79' lang='lat' dir='ltr'>secundun</span> <span class='ocrx_word' id='word_1_146' title='bbox 1607 1053 1665 1087; x_wconf 82' lang='lat' dir='ltr'>hoc</span> <span class='ocrx_word' id='word_1_147' title='bbox 1674 1054 1790 1100; x_wconf 83' lang='lat' dir='ltr'>primo</span> 
     </span>
     <span class='ocr_line' id='line_1_17' title="bbox 219 1106 1792 1154; baseline -0.001 -12"><span class='ocrx_word' id='word_1_148' title='bbox 219 1109 350 1154; x_wconf 56' lang='lat' dir='ltr'>respicit</span> <span class='ocrx_word' id='word_1_149' title='bbox 368 1109 536 1142; x_wconf 57' lang='lat' dir='ltr'>assumam</span> <span class='ocrx_word' id='word_1_150' title='bbox 555 1109 698 1148; x_wconf 68' lang='lat' dir='ltr'>animae,</span> <span class='ocrx_word' id='word_1_151' title='bbox 713 1114 749 1140; x_wconf 88' lang='lat' dir='ltr'>ut</span> <span class='ocrx_word' id='word_1_152' title='bbox 765 1107 904 1140; x_wconf 84' lang='lat' dir='ltr'>dictum</span> <span class='ocrx_word' id='word_1_153' title='bbox 927 1114 979 1141; x_wconf 90' lang='lat' dir='ltr'>est</span> <span class='ocrx_word' id='word_1_154' title='bbox 996 1106 1075 1150; x_wconf 71' lang='lat' dir='ltr'>(art.</span> <span class='ocrx_word' id='word_1_155' title='bbox 1095 1107 1225 1152; x_wconf 73' lang='lat' dir='ltr'>praec.)</span> <span class='ocrx_word' id='word_1_156' title='bbox 1239 1119 1249 1140; x_wconf 92' lang='grc'>.·</span> <span class='ocrx_word' id='word_1_157' title='bbox 1272 1106 1384 1140; x_wconf 63' lang='lat' dir='ltr'>deinde</span> <span class='ocrx_word' id='word_1_158' title='bbox 1399 1113 1542 1152; x_wconf 87' lang='lat' dir='ltr'>oportet</span> <span class='ocrx_word' id='word_1_159' title='bbox 1563 1106 1792 1140; x_wconf 86' lang='lat' dir='ltr'>considerare</span> 
     </span>
     <span class='ocr_line' id='line_1_18' title="bbox 219 1159 1795 1207; baseline -0.001 -13"><span class='ocrx_word' id='word_1_160' title='bbox 219 1160 493 1195; x_wconf 84' lang='lat' dir='ltr'>inclinationem</span> <span class='ocrx_word' id='word_1_161' title='bbox 509 1161 594 1207; x_wconf 75' lang='lat' dir='ltr'>¹ejus</span> <span class='ocrx_word' id='word_1_162' title='bbox 618 1160 661 1193; x_wconf 82' lang='lat' dir='ltr'>ad</span> <span class='ocrx_word' id='word_1_163' title='bbox 689 1168 829 1194; x_wconf 88' lang='lat' dir='ltr'>actum:</span> <span class='ocrx_word' id='word_1_164' title='bbox 859 1168 894 1193; x_wconf 90' lang='lat' dir='ltr'>et</span> <span class='ocrx_word' id='word_1_165' title='bbox 915 1160 973 1194; x_wconf 77' lang='lat' dir='ltr'>huc</span> <span class='ocrx_word' id='word_1_166' title='bbox 1000 1159 1096 1194; x_wconf 77' lang='lat' dir='ltr'>modo</span> <span class='ocrx_word' id='word_1_167' title='bbox 1123 1161 1253 1205; x_wconf 67' lang='lat' dir='ltr'>respicit</span> <span class='ocrx_word' id='word_1_168' title='bbox 1274 1161 1439 1206; x_wconf 66' lang='lat' dir='ltr'>potentias</span> <span class='ocrx_word' id='word_1_169' title='bbox 1467 1161 1610 1194; x_wconf 76' lang='lat' dir='ltr'>animae.</span> <span class='ocrx_word' id='word_1_170' title='bbox 1635 1159 1795 1205; x_wconf 88' lang='lat' dir='ltr'>Oportet</span> 
     </span>
     <span class='ocr_line' id='line_1_19' title="bbox 220 1212 1792 1261; baseline -0.001 -13"><span class='ocrx_word' id='word_1_171' title='bbox 220 1225 319 1260; x_wconf 86' lang='lat' dir='ltr'>ergo,</span> <span class='ocrx_word' id='word_1_172' title='bbox 341 1215 438 1261; x_wconf 82' lang='lat' dir='ltr'>quod</span> <span class='ocrx_word' id='word_1_173' title='bbox 461 1213 560 1248; x_wconf 91' lang='lat' dir='ltr'>illam</span> <span class='ocrx_word' id='word_1_174' title='bbox 588 1225 649 1260; x_wconf 89' lang='lat' dir='ltr'>per</span> <span class='ocrx_word' id='word_1_175' title='bbox 676 1214 773 1259; x_wconf 90' lang='lat' dir='ltr'>prius</span> <span class='ocrx_word' id='word_1_176' title='bbox 802 1213 980 1259; x_wconf 85' lang='lat' dir='ltr'>respiciat,</span> <span class='ocrx_word' id='word_1_177' title='bbox 1008 1224 1098 1259; x_wconf 89' lang='lat' dir='ltr'>quae</span> <span class='ocrx_word' id='word_1_178' title='bbox 1126 1213 1283 1259; x_wconf 84' lang='lat' dir='ltr'>primam</span> <span class='ocrx_word' id='word_1_179' title='bbox 1309 1212 1587 1247; x_wconf 84' lang='lat' dir='ltr'>inclinationem</span> <span class='ocrx_word' id='word_1_180' title='bbox 1613 1213 1722 1247; x_wconf 89' lang='lat' dir='ltr'>habet</span> <span class='ocrx_word' id='word_1_181' title='bbox 1748 1212 1792 1247; x_wconf 89' lang='lat' dir='ltr'>ad</span> 
     </span>
     <span class='ocr_line' id='line_1_20' title="bbox 221 1266 1787 1314; baseline 0 -13"><span class='ocrx_word' id='word_1_182' title='bbox 221 1268 465 1314; x_wconf 89' lang='lat' dir='ltr'>peccandum:</span> <span class='ocrx_word' id='word_1_183' title='bbox 488 1268 580 1301; x_wconf 83' lang='lat' dir='ltr'>haec</span> <span class='ocrx_word' id='word_1_184' title='bbox 604 1275 726 1302; x_wconf 88' lang='lat' dir='ltr'>autem</span> <span class='ocrx_word' id='word_1_185' title='bbox 749 1275 802 1301; x_wconf 91' lang='lat' dir='ltr'>est</span> <span class='ocrx_word' id='word_1_186' title='bbox 822 1266 1002 1308; x_wconf 84' lang='lat' dir='ltr'>voluntas,</span> <span class='ocrx_word' id='word_1_187' title='bbox 1030 1275 1068 1300; x_wconf 92' lang='lat' dir='ltr'>ut</span> <span class='ocrx_word' id='word_1_188' title='bbox 1090 1278 1132 1300; x_wconf 79' lang='lat' dir='ltr'>ex</span> <span class='ocrx_word' id='word_1_189' title='bbox 1154 1277 1261 1313; x_wconf 87' lang='lat' dir='ltr'>supra</span> <span class='ocrx_word' id='word_1_190' title='bbox 1288 1266 1391 1300; x_wconf 88' lang='lat' dir='ltr'>dictis</span> <span class='ocrx_word' id='word_1_191' title='bbox 1413 1274 1510 1313; x_wconf 87' lang='lat' dir='ltr'>patet</span> <span class='ocrx_word' id='word_1_192' title='bbox 1531 1267 1578 1312; x_wconf 86' lang='lat' dir='ltr'>(q.</span> <span class='ocrx_word' id='word_1_193' title='bbox 1602 1277 1655 1312; x_wconf 83' lang='lat'>74.</span> <span class='ocrx_word' id='word_1_194' title='bbox 1674 1271 1738 1301; x_wconf 79' lang='lat' dir='ltr'>art.</span> <span class='ocrx_word' id='word_1_195' title='bbox 1760 1278 1787 1301; x_wconf 80' lang='grc' dir='ltr'>Ι.</span> 
     </span>
     <span class='ocr_line' id='line_1_21' title="bbox 218 1319 1494 1367; baseline -0.002 -11"><span class='ocrx_word' id='word_1_196' title='bbox 218 1326 247 1356; x_wconf 68' lang='lat' dir='ltr'>et</span> <span class='ocrx_word' id='word_1_197' title='bbox 261 1321 332 1366; x_wconf 87' lang='lat'><em>2.);</em></span> <span class='ocrx_word' id='word_1_198' title='bbox 356 1322 450 1355; x_wconf 87' lang='lat' dir='ltr'>unde</span> <span class='ocrx_word' id='word_1_199' title='bbox 474 1329 667 1367; x_wconf 86' lang='lat' dir='ltr'>peccatum</span> <span class='ocrx_word' id='word_1_200' title='bbox 689 1320 865 1366; x_wconf 80' lang='lat' dir='ltr'>originale</span> <span class='ocrx_word' id='word_1_201' title='bbox 888 1332 952 1366; x_wconf 91' lang='lat' dir='ltr'>per</span> <span class='ocrx_word' id='word_1_202' title='bbox 974 1320 1072 1365; x_wconf 86' lang='lat' dir='ltr'>prius</span> <span class='ocrx_word' id='word_1_203' title='bbox 1094 1320 1238 1366; x_wconf 84' lang='lat' dir='ltr'>respicit</span> <span class='ocrx_word' id='word_1_204' title='bbox 1256 1319 1494 1354; x_wconf 88' lang='lat' dir='ltr'>voluntatem.</span> 
     </span>
    </p>

    <p class='ocr_par' dir='ltr' id='par_1_7' title="bbox 218 1373 1795 1581">
     <span class='ocr_line' id='line_1_22' title="bbox 292 1373 1795 1419; baseline -0.001 -10"><span class='ocrx_word' id='word_1_205' title='bbox 292 1375 351 1409; x_wconf 84' lang='lat' dir='ltr'>AD</span> <span class='ocrx_word' id='word_1_206' title='bbox 373 1385 522 1409; x_wconf 71' lang='lat' dir='ltr'>PRxMUM</span> <span class='ocrx_word' id='word_1_207' title='bbox 539 1386 625 1419; x_wconf 83' lang='lat' dir='ltr'>ergo</span> <span class='ocrx_word' id='word_1_208' title='bbox 646 1374 852 1415; x_wconf 81' lang='lat' dir='ltr'>dicendum,</span> <span class='ocrx_word' id='word_1_209' title='bbox 868 1374 963 1419; x_wconf 89' lang='lat' dir='ltr'>quod</span> <span class='ocrx_word' id='word_1_210' title='bbox 979 1381 1172 1419; x_wconf 86' lang='lat' dir='ltr'>peccatum</span> <span class='ocrx_word' id='word_1_211' title='bbox 1195 1373 1371 1419; x_wconf 86' lang='lat' dir='ltr'>originale</span> <span class='ocrx_word' id='word_1_212' title='bbox 1385 1384 1460 1407; x_wconf 89' lang='lat' dir='ltr'>non</span> <span class='ocrx_word' id='word_1_213' title='bbox 1482 1381 1649 1408; x_wconf 85' lang='lat' dir='ltr'>causatur</span> <span class='ocrx_word' id='word_1_214' title='bbox 1669 1373 1706 1407; x_wconf 88' lang='lat' dir='ltr'>in</span> <span class='ocrx_word' id='word_1_215' title='bbox 1728 1373 1795 1407; x_wconf 92' lang='lat' dir='ltr'>ho-</span> 
     </span>
     <span class='ocr_line' id='line_1_23' title="bbox 220 1426 1792 1474; baseline -0.001 -12"><span class='ocrx_word' id='word_1_216' title='bbox 220 1428 318 1462; x_wconf 84' lang='lat' dir='ltr'>mine</span> <span class='ocrx_word' id='word_1_217' title='bbox 341 1439 401 1474; x_wconf 90' lang='lat' dir='ltr'>per</span> <span class='ocrx_word' id='word_1_218' title='bbox 423 1428 628 1474; x_wconf 84' lang='lat' dir='ltr'>potentiam</span> <span class='ocrx_word' id='word_1_219' title='bbox 651 1427 898 1473; x_wconf 82' lang='lat' dir='ltr'>generativam</span> <span class='ocrx_word' id='word_1_220' title='bbox 914 1426 1036 1472; x_wconf 87' lang='lat' dir='ltr'>prolis,</span> <span class='ocrx_word' id='word_1_221' title='bbox 1059 1427 1120 1460; x_wconf 90' lang='lat' dir='ltr'>sed</span> <span class='ocrx_word' id='word_1_222' title='bbox 1136 1438 1199 1472; x_wconf 89' lang='lat' dir='ltr'>per</span> <span class='ocrx_word' id='word_1_223' title='bbox 1221 1434 1343 1460; x_wconf 86' lang='lat' dir='ltr'>actum</span> <span class='ocrx_word' id='word_1_224' title='bbox 1358 1427 1540 1472; x_wconf 88' lang='lat' dir='ltr'>potentiae</span> <span class='ocrx_word' id='word_1_225' title='bbox 1563 1427 1792 1473; x_wconf 85' lang='lat' dir='ltr'>generativae</span> 
     </span>
     <span class='ocr_line' id='line_1_24' title="bbox 218 1479 1788 1528; baseline -0.001 -13"><span class='ocrx_word' id='word_1_226' title='bbox 218 1482 394 1528; x_wconf 41' lang='lat' dir='ltr'>parenti&amp;</span> <span class='ocrx_word' id='word_1_227' title='bbox 417 1481 510 1515; x_wconf 87' lang='lat' dir='ltr'>unde</span> <span class='ocrx_word' id='word_1_228' title='bbox 525 1493 598 1515; x_wconf 92' lang='lat' dir='ltr'>non</span> <span class='ocrx_word' id='word_1_229' title='bbox 615 1489 768 1527; x_wconf 86' lang='lat' dir='ltr'>oportet,</span> <span class='ocrx_word' id='word_1_230' title='bbox 790 1481 887 1526; x_wconf 87' lang='lat' dir='ltr'>quod</span> <span class='ocrx_word' id='word_1_231' title='bbox 903 1491 967 1514; x_wconf 88' lang='lat' dir='ltr'>sua</span> <span class='ocrx_word' id='word_1_232' title='bbox 985 1479 1045 1524; x_wconf 85' lang='lat' dir='ltr'>[al.</span> <span class='ocrx_word' id='word_1_233' title='bbox 1061 1481 1143 1525; x_wconf 72' lang='lat' dir='ltr'>ejus]</span> <span class='ocrx_word' id='word_1_234' title='bbox 1163 1480 1325 1526; x_wconf 87' lang='lat' dir='ltr'>potentia</span> <span class='ocrx_word' id='word_1_235' title='bbox 1347 1480 1555 1526; x_wconf 84' lang='lat' dir='ltr'>generativa</span> <span class='ocrx_word' id='word_1_236' title='bbox 1570 1480 1616 1514; x_wconf 92' lang='lat' dir='ltr'>sit</span> <span class='ocrx_word' id='word_1_237' title='bbox 1630 1480 1788 1526; x_wconf 87' lang='lat' dir='ltr'>primum</span> 
     </span>
     <span class='ocr_line' id='line_1_25' title="bbox 219 1534 805 1581; baseline -0.003 -12"><span class='ocrx_word' id='word_1_238' title='bbox 219 1535 424 1581; x_wconf 82' lang='lat' dir='ltr'>subjectum</span> <span class='ocrx_word' id='word_1_239' title='bbox 447 1534 634 1579; x_wconf 79' lang='lat' dir='ltr'>originalis</span> <span class='ocrx_word' id='word_1_240' title='bbox 656 1534 805 1580; x_wconf 87' lang='lat' dir='ltr'>peccati.</span> 
     </span>
    </p>

    <p class='ocr_par' dir='ltr' id='par_1_8' title="bbox 219 1585 1794 1956">
     <span class='ocr_line' id='line_1_26' title="bbox 294 1585 1794 1633; baseline -0.002 -10"><span class='ocrx_word' id='word_1_241' title='bbox 294 1589 354 1623; x_wconf 83' lang='lat' dir='ltr'>AD</span> <span class='ocrx_word' id='word_1_242' title='bbox 382 1599 588 1623; x_wconf 72' lang='lat' dir='ltr'>SECUNDUM</span> <span class='ocrx_word' id='word_1_243' title='bbox 617 1588 822 1629; x_wconf 84' lang='lat' dir='ltr'>dicendum,</span> <span class='ocrx_word' id='word_1_244' title='bbox 850 1587 947 1633; x_wconf 87' lang='lat' dir='ltr'>quod</span> <span class='ocrx_word' id='word_1_245' title='bbox 974 1594 1167 1631; x_wconf 87' lang='lat' dir='ltr'>peccatum</span> <span class='ocrx_word' id='word_1_246' title='bbox 1193 1585 1370 1632; x_wconf 87' lang='lat' dir='ltr'>originale</span> <span class='ocrx_word' id='word_1_247' title='bbox 1396 1586 1506 1621; x_wconf 88' lang='lat' dir='ltr'>habet</span> <span class='ocrx_word' id='word_1_248' title='bbox 1530 1586 1694 1633; x_wconf 75' lang='lat' dir='ltr'>duplice-m</span> <span class='ocrx_word' id='word_1_249' title='bbox 1715 1598 1794 1633; x_wconf 89' lang='lat' dir='ltr'>pro-</span> 
     </span>
     <span class='ocr_line' id='line_1_27' title="bbox 221 1639 1792 1687; baseline -0.001 -11"><span class='ocrx_word' id='word_1_250' title='bbox 221 1653 384 1676; x_wconf 86' lang='lat' dir='ltr'>cessum:</span> <span class='ocrx_word' id='word_1_251' title='bbox 409 1654 510 1675; x_wconf 73' lang='lat' dir='ltr'>mtum</span> <span class='ocrx_word' id='word_1_252' title='bbox 533 1641 680 1687; x_wconf 87' lang='lat' dir='ltr'>quidem</span> <span class='ocrx_word' id='word_1_253' title='bbox 703 1652 722 1674; x_wconf 91' lang='lat' dir='ltr'>a</span> <span class='ocrx_word' id='word_1_254' title='bbox 741 1652 848 1674; x_wconf 91' lang='lat' dir='ltr'>carne</span> <span class='ocrx_word' id='word_1_255' title='bbox 871 1640 914 1673; x_wconf 89' lang='lat' dir='ltr'>ad</span> <span class='ocrx_word' id='word_1_256' title='bbox 938 1640 1115 1673; x_wconf 86' lang='lat' dir='ltr'>animam:</span> <span class='ocrx_word' id='word_1_257' title='bbox 1141 1640 1246 1673; x_wconf 82' lang='lat' dir='ltr'>alium</span> <span class='ocrx_word' id='word_1_258' title='bbox 1271 1651 1359 1673; x_wconf 90' lang='lat' dir='ltr'>vero</span> <span class='ocrx_word' id='word_1_259' title='bbox 1391 1639 1433 1673; x_wconf 85' lang='lat' dir='ltr'>ab</span> <span class='ocrx_word' id='word_1_260' title='bbox 1465 1641 1619 1674; x_wconf 83' lang='lat' dir='ltr'>essentia</span> <span class='ocrx_word' id='word_1_261' title='bbox 1650 1641 1792 1675; x_wconf 84' lang='lat' dir='ltr'>animae</span> 
     </span>
     <span class='ocr_line' id='line_1_28' title="bbox 222 1693 1792 1741; baseline 0 -12"><span class='ocrx_word' id='word_1_262' title='bbox 222 1695 266 1729; x_wconf 86' lang='lat' dir='ltr'>ad</span> <span class='ocrx_word' id='word_1_263' title='bbox 288 1695 488 1741; x_wconf 81' lang='lat' dir='ltr'>potentias:</span> <span class='ocrx_word' id='word_1_264' title='bbox 508 1696 641 1741; x_wconf 68' lang='lat' dir='ltr'>primas</span> <span class='ocrx_word' id='word_1_265' title='bbox 659 1694 805 1740; x_wconf 86' lang='lat' dir='ltr'>quidem</span> <span class='ocrx_word' id='word_1_266' title='bbox 828 1704 1019 1739; x_wconf 87' lang='lat' dir='ltr'>processus</span> <span class='ocrx_word' id='word_1_267' title='bbox 1043 1701 1095 1727; x_wconf 89' lang='lat' dir='ltr'>est</span> <span class='ocrx_word' id='word_1_268' title='bbox 1116 1693 1318 1727; x_wconf 91' lang='lat' dir='ltr'>secundum</span> <span class='ocrx_word' id='word_1_269' title='bbox 1340 1693 1507 1727; x_wconf 89' lang='lat' dir='ltr'>ordinem</span> <span class='ocrx_word' id='word_1_270' title='bbox 1529 1695 1792 1739; x_wconf 86' lang='lat' dir='ltr'>generationis:</span> 
     </span>
     <span class='ocr_line' id='line_1_29' title="bbox 219 1746 1794 1794; baseline -0.001 -11"><span class='ocrx_word' id='word_1_271' title='bbox 219 1749 377 1784; x_wconf 53' lang='lat' dir='ltr'>secundus</span> <span class='ocrx_word' id='word_1_272' title='bbox 404 1756 526 1782; x_wconf 87' lang='lat' dir='ltr'>autem</span> <span class='ocrx_word' id='word_1_273' title='bbox 553 1748 755 1782; x_wconf 86' lang='lat' dir='ltr'>secundum</span> <span class='ocrx_word' id='word_1_274' title='bbox 782 1747 948 1781; x_wconf 85' lang='lat' dir='ltr'>ordinem</span> <span class='ocrx_word' id='word_1_275' title='bbox 975 1746 1222 1793; x_wconf 86' lang='lat' dir='ltr'>perfectionis:</span> <span class='ocrx_word' id='word_1_276' title='bbox 1250 1754 1284 1780; x_wconf 89' lang='lat' dir='ltr'>et</span> <span class='ocrx_word' id='word_1_277' title='bbox 1309 1747 1392 1781; x_wconf 91' lang='lat' dir='ltr'>ideo</span> <span class='ocrx_word' id='word_1_278' title='bbox 1420 1747 1586 1793; x_wconf 87' lang='lat' dir='ltr'>quamvis</span> <span class='ocrx_word' id='word_1_279' title='bbox 1614 1747 1706 1781; x_wconf 86' lang='lat' dir='ltr'>aliae</span> <span class='ocrx_word' id='word_1_280' title='bbox 1732 1759 1794 1794; x_wconf 93' lang='lat' dir='ltr'>po-</span> 
     </span>
     <span class='ocr_line' id='line_1_30' title="bbox 220 1800 1793 1847; baseline 0.001 -11"><span class='ocrx_word' id='word_1_281' title='bbox 220 1803 366 1844; x_wconf 85' lang='lat' dir='ltr'>tentiae,</span> <span class='ocrx_word' id='word_1_282' title='bbox 388 1802 526 1836; x_wconf 88' lang='lat' dir='ltr'>scilicet</span> <span class='ocrx_word' id='word_1_283' title='bbox 548 1802 751 1843; x_wconf 80' lang='lat' dir='ltr'>sensitivae,</span> <span class='ocrx_word' id='word_1_284' title='bbox 773 1801 1050 1847; x_wconf 83' lang='lat' dir='ltr'>propinquiores</span> <span class='ocrx_word' id='word_1_285' title='bbox 1068 1800 1138 1834; x_wconf 88' lang='lat' dir='ltr'>sint</span> <span class='ocrx_word' id='word_1_286' title='bbox 1161 1800 1279 1842; x_wconf 86' lang='lat' dir='ltr'>carni;</span> <span class='ocrx_word' id='word_1_287' title='bbox 1298 1802 1382 1846; x_wconf 86' lang='lat' dir='ltr'>quia</span> <span class='ocrx_word' id='word_1_288' title='bbox 1403 1808 1528 1835; x_wconf 85' lang='lat' dir='ltr'>tamen</span> <span class='ocrx_word' id='word_1_289' title='bbox 1548 1800 1718 1836; x_wconf 82' lang='lat' dir='ltr'>voluntas</span> <span class='ocrx_word' id='word_1_290' title='bbox 1740 1810 1793 1837; x_wconf 85' lang='lat' dir='ltr'>est</span> 
     </span>
     <span class='ocr_line' id='line_1_31' title="bbox 220 1854 1792 1902; baseline -0.001 -12"><span class='ocrx_word' id='word_1_291' title='bbox 220 1856 458 1902; x_wconf 83' lang='lat' dir='ltr'>propinquior</span> <span class='ocrx_word' id='word_1_292' title='bbox 481 1855 657 1890; x_wconf 86' lang='lat' dir='ltr'>essentiae</span> <span class='ocrx_word' id='word_1_293' title='bbox 681 1855 835 1897; x_wconf 83' lang='lat' dir='ltr'>animae,</span> <span class='ocrx_word' id='word_1_294' title='bbox 858 1863 1044 1900; x_wconf 83' lang='lat' dir='ltr'>tamquam</span> <span class='ocrx_word' id='word_1_295' title='bbox 1067 1854 1233 1900; x_wconf 88' lang='lat' dir='ltr'>superior</span> <span class='ocrx_word' id='word_1_296' title='bbox 1253 1854 1426 1900; x_wconf 84' lang='lat' dir='ltr'>potentia,</span> <span class='ocrx_word' id='word_1_297' title='bbox 1440 1854 1558 1901; x_wconf 90' lang='lat' dir='ltr'>primo</span> <span class='ocrx_word' id='word_1_298' title='bbox 1574 1856 1736 1900; x_wconf 87' lang='lat' dir='ltr'>pervenit</span> <span class='ocrx_word' id='word_1_299' title='bbox 1749 1855 1792 1889; x_wconf 87' lang='lat' dir='ltr'>ad</span> 
     </span>
     <span class='ocr_line' id='line_1_32' title="bbox 220 1908 886 1956; baseline -0.005 -12"><span class='ocrx_word' id='word_1_300' title='bbox 220 1910 337 1956; x_wconf 86' lang='lat' dir='ltr'>ipsam</span> <span class='ocrx_word' id='word_1_301' title='bbox 356 1909 504 1943; x_wconf 82' lang='lat' dir='ltr'>infectio</span> <span class='ocrx_word' id='word_1_302' title='bbox 528 1908 712 1953; x_wconf 82' lang='lat' dir='ltr'>originalis</span> <span class='ocrx_word' id='word_1_303' title='bbox 735 1908 886 1953; x_wconf 85' lang='lat' dir='ltr'>peccati.</span> 
     </span>
    </p>

    <p class='ocr_par' dir='ltr' id='par_1_9' title="bbox 221 1960 1793 2170">
     <span class='ocr_line' id='line_1_33' title="bbox 292 1960 1793 2007; baseline -0.001 -9"><span class='ocrx_word' id='word_1_304' title='bbox 292 1964 353 1998; x_wconf 87' lang='lat' dir='ltr'>AD</span> <span class='ocrx_word' id='word_1_305' title='bbox 377 1973 548 1997; x_wconf 74' lang='lat' dir='ltr'>TERTiuM</span> <span class='ocrx_word' id='word_1_306' title='bbox 571 1962 778 2004; x_wconf 82' lang='lat' dir='ltr'>dicendum,</span> <span class='ocrx_word' id='word_1_307' title='bbox 805 1962 903 2007; x_wconf 89' lang='lat' dir='ltr'>quod</span> <span class='ocrx_word' id='word_1_308' title='bbox 930 1960 1133 1996; x_wconf 85' lang='lat' dir='ltr'>intellectus</span> <span class='ocrx_word' id='word_1_309' title='bbox 1160 1960 1435 2006; x_wconf 88' lang='lat' dir='ltr'>quodammodo</span> <span class='ocrx_word' id='word_1_310' title='bbox 1463 1961 1645 2007; x_wconf 86' lang='lat' dir='ltr'>praecedit</span> <span class='ocrx_word' id='word_1_311' title='bbox 1668 1961 1793 1996; x_wconf 89' lang='lat' dir='ltr'>volun-</span> 
     </span>
     <span class='ocr_line' id='line_1_34' title="bbox 222 2014 1793 2062; baseline -0.001 -11"><span class='ocrx_word' id='word_1_312' title='bbox 222 2025 346 2058; x_wconf 84' lang='lat' dir='ltr'>tatem,</span> <span class='ocrx_word' id='word_1_313' title='bbox 370 2018 584 2062; x_wconf 84' lang='lat' dir='ltr'>inquantum</span> <span class='ocrx_word' id='word_1_314' title='bbox 606 2015 778 2062; x_wconf 87' lang='lat' dir='ltr'>proponit</span> <span class='ocrx_word' id='word_1_315' title='bbox 799 2017 830 2049; x_wconf 84' lang='lat' dir='ltr'>ei</span> <span class='ocrx_word' id='word_1_316' title='bbox 849 2026 955 2049; x_wconf 88' lang='lat' dir='ltr'>suum</span> <span class='ocrx_word' id='word_1_317' title='bbox 968 2015 1170 2059; x_wconf 80' lang='lat' dir='ltr'>objectum:</span> <span class='ocrx_word' id='word_1_318' title='bbox 1194 2014 1266 2048; x_wconf 87' lang='lat' dir='ltr'>alio</span> <span class='ocrx_word' id='word_1_319' title='bbox 1284 2025 1372 2049; x_wconf 88' lang='lat' dir='ltr'>vero</span> <span class='ocrx_word' id='word_1_320' title='bbox 1387 2014 1499 2048; x_wconf 88' lang='lat' dir='ltr'>modo</span> <span class='ocrx_word' id='word_1_321' title='bbox 1513 2014 1682 2050; x_wconf 84' lang='lat' dir='ltr'>voluntas</span> <span class='ocrx_word' id='word_1_322' title='bbox 1697 2027 1793 2062; x_wconf 84' lang='lat' dir='ltr'>prae-</span> 
     </span>
     <span class='ocr_line' id='line_1_35' title="bbox 223 2067 1792 2115; baseline 0 -11"><span class='ocrx_word' id='word_1_323' title='bbox 223 2071 317 2104; x_wconf 90' lang='lat' dir='ltr'>cedit</span> <span class='ocrx_word' id='word_1_324' title='bbox 338 2069 564 2104; x_wconf 83' lang='lat' dir='ltr'>intellectum</span> <span class='ocrx_word' id='word_1_325' title='bbox 586 2069 788 2103; x_wconf 87' lang='lat' dir='ltr'>secundum</span> <span class='ocrx_word' id='word_1_326' title='bbox 807 2069 973 2103; x_wconf 89' lang='lat' dir='ltr'>ordinem</span> <span class='ocrx_word' id='word_1_327' title='bbox 996 2068 1169 2102; x_wconf 84' lang='lat' dir='ltr'>motionis</span> <span class='ocrx_word' id='word_1_328' title='bbox 1192 2067 1235 2102; x_wconf 90' lang='lat' dir='ltr'>ad</span> <span class='ocrx_word' id='word_1_329' title='bbox 1255 2075 1394 2110; x_wconf 82' lang='lat' dir='ltr'>actum3</span> <span class='ocrx_word' id='word_1_330' title='bbox 1409 2079 1501 2114; x_wconf 86' lang='lat' dir='ltr'>quae</span> <span class='ocrx_word' id='word_1_331' title='bbox 1515 2068 1662 2115; x_wconf 89' lang='lat' dir='ltr'>quidem</span> <span class='ocrx_word' id='word_1_332' title='bbox 1677 2070 1792 2104; x_wconf 89' lang='lat' dir='ltr'>motio</span> 
     </span>
     <span class='ocr_line' id='line_1_36' title="bbox 221 2123 662 2170; baseline -0.005 -12"><span class='ocrx_word' id='word_1_333' title='bbox 221 2124 376 2170; x_wconf 81' lang='lat' dir='ltr'>pertinet</span> <span class='ocrx_word' id='word_1_334' title='bbox 394 2123 437 2157; x_wconf 86' lang='lat' dir='ltr'>ad</span> <span class='ocrx_word' id='word_1_335' title='bbox 459 2131 662 2169; x_wconf 84' lang='lat' dir='ltr'>peccatum.</span> 
     </span>
    </p>
   </div>
   <div class='ocr_carea' id='block_1_3' title="bbox 780 2227 1788 2285">
    <p class='ocr_par' dir='ltr' id='par_1_10' title="bbox 780 2227 1788 2285">
     <span class='ocr_line' id='line_1_37' title="bbox 780 2227 1788 2285; baseline -0.001 -14"><span class='ocrx_word' id='word_1_336' title='bbox 780 2227 1127 2273; x_wconf 87' lang='lat' dir='ltr'><strong>ARTICULUS</strong></span> <span class='ocrx_word' id='word_1_337' title='bbox 1163 2227 1240 2270; x_wconf 94' lang='lat' dir='ltr'>IV.</span> <span class='ocrx_word' id='word_1_338' title='bbox 1720 2249 1788 2285; x_wconf 83' lang='lat'>447</span> 
     </span>
    </p>
   </div>
   <div class='ocr_carea' id='block_1_4' title="bbox 364 2323 1653 2426">
    <p class='ocr_par' dir='ltr' id='par_1_11' title="bbox 364 2323 1653 2426">
     <span class='ocr_line' id='line_1_38' title="bbox 364 2323 1653 2364; baseline -0.002 -8"><span class='ocrx_word' id='word_1_339' title='bbox 364 2326 517 2356; x_wconf 83' lang='lat' dir='ltr'><strong>UTRUM</strong></span> <span class='ocrx_word' id='word_1_340' title='bbox 551 2326 805 2356; x_wconf 77' lang='lat' dir='ltr'>PRAEFATAE</span> <span class='ocrx_word' id='word_1_341' title='bbox 840 2324 1092 2354; x_wconf 83' lang='lat' dir='ltr'>POTENTIAE</span> <span class='ocrx_word' id='word_1_342' title='bbox 1126 2324 1224 2354; x_wconf 85' lang='lat' dir='ltr'>SINT</span> <span class='ocrx_word' id='word_1_343' title='bbox 1258 2323 1390 2354; x_wconf 80' lang='lat' dir='ltr'><strong>MAGIS</strong></span> <span class='ocrx_word' id='word_1_344' title='bbox 1423 2324 1653 2364; x_wconf 84' lang='lat' dir='ltr'>1NFECTAE,</span> 
     </span>
     <span class='ocr_line' id='line_1_39' title="bbox 861 2389 1161 2426; baseline -0.003 -7"><span class='ocrx_word' id='word_1_345' title='bbox 861 2390 985 2426; x_wconf 87' lang='lat' dir='ltr'><strong>QUAM</strong></span> <span class='ocrx_word' id='word_1_346' title='bbox 1018 2389 1161 2418; x_wconf 84' lang='lat' dir='ltr'><strong>ALIAE.</strong></span> 
     </span>
    </p>
   </div>
   <div class='ocr_carea' id='block_1_5' title="bbox 223 2465 1791 2567">
    <p class='ocr_par' dir='ltr' id='par_1_12' title="bbox 223 2465 1791 2567">
     <span class='ocr_line' id='line_1_40' title="bbox 223 2465 1791 2513; baseline -0.001 -10"><span class='ocrx_word' id='word_1_347' title='bbox 223 2468 269 2513; x_wconf 87' lang='lat'>(2.</span> <span class='ocrx_word' id='word_1_348' title='bbox 295 2469 381 2503; x_wconf 80' lang='lat' dir='ltr'>Dist.</span> <span class='ocrx_word' id='word_1_349' title='bbox 404 2479 459 2512; x_wconf 77' lang='lat'>24.</span> <span class='ocrx_word' id='word_1_350' title='bbox 482 2479 511 2513; x_wconf 85' lang='lat' dir='ltr'>q.</span> <span class='ocrx_word' id='word_1_351' title='bbox 534 2479 564 2502; x_wconf 86' lang='lat'>2.</span> <span class='ocrx_word' id='word_1_352' title='bbox 585 2472 648 2501; x_wconf 77' lang='lat' dir='ltr'>art.</span> <span class='ocrx_word' id='word_1_353' title='bbox 667 2479 695 2513; x_wconf 83' lang='lat'>5.</span> <span class='ocrx_word' id='word_1_354' title='bbox 718 2472 746 2501; x_wconf 74' lang='lat' dir='ltr'>et</span> <span class='ocrx_word' id='word_1_355' title='bbox 768 2468 854 2501; x_wconf 74' lang='lat' dir='ltr'>Dist.</span> <span class='ocrx_word' id='word_1_356' title='bbox 874 2479 920 2513; x_wconf 78' lang='lat'>31.</span> <span class='ocrx_word' id='word_1_357' title='bbox 944 2478 973 2512; x_wconf 85' lang='lat' dir='ltr'>q.</span> <span class='ocrx_word' id='word_1_358' title='bbox 996 2479 1022 2501; x_wconf 70' lang='grc' dir='ltr'>Ι.</span> <span class='ocrx_word' id='word_1_359' title='bbox 1046 2471 1108 2500; x_wconf 82' lang='lat' dir='ltr'>art.</span> <span class='ocrx_word' id='word_1_360' title='bbox 1132 2477 1163 2500; x_wconf 91' lang='lat'>2.</span> <span class='ocrx_word' id='word_1_361' title='bbox 1186 2470 1213 2500; x_wconf 74' lang='lat' dir='ltr'>et</span> <span class='ocrx_word' id='word_1_362' title='bbox 1234 2476 1266 2510; x_wconf 83' lang='lat'>4.</span> <span class='ocrx_word' id='word_1_363' title='bbox 1289 2465 1378 2500; x_wconf 77' lang='lat' dir='ltr'>Dist.</span> <span class='ocrx_word' id='word_1_364' title='bbox 1397 2477 1444 2512; x_wconf 79' lang='lat'>31.</span> <span class='ocrx_word' id='word_1_365' title='bbox 1467 2477 1497 2511; x_wconf 85' lang='lat' dir='ltr'>q.</span> <span class='ocrx_word' id='word_1_366' title='bbox 1519 2478 1546 2501; x_wconf 80' lang='grc' dir='ltr'>ι.</span> <span class='ocrx_word' id='word_1_367' title='bbox 1565 2471 1631 2501; x_wconf 82' lang='lat' dir='ltr'>art.</span> <span class='ocrx_word' id='word_1_368' title='bbox 1653 2478 1681 2501; x_wconf 87' lang='lat' dir='ltr'>I.</span> <span class='ocrx_word' id='word_1_369' title='bbox 1700 2466 1743 2500; x_wconf 86' lang='lat' dir='ltr'>ad</span> <span class='ocrx_word' id='word_1_370' title='bbox 1762 2479 1791 2502; x_wconf 82' lang='lat'>1.</span> 
     </span>
     <span class='ocr_line' id='line_1_41' title="bbox 328 2519 1710 2567; baseline -0.001 -11"><span class='ocrx_word' id='word_1_371' title='bbox 328 2527 356 2557; x_wconf 77' lang='lat' dir='ltr'>et</span> <span class='ocrx_word' id='word_1_372' title='bbox 384 2523 471 2556; x_wconf 70' lang='lat' dir='ltr'>Vari.</span> <span class='ocrx_word' id='word_1_373' title='bbox 490 2534 520 2567; x_wconf 84' lang='lat' dir='ltr'>q.</span> <span class='ocrx_word' id='word_1_374' title='bbox 542 2533 590 2567; x_wconf 81' lang='lat'>25.</span> <span class='ocrx_word' id='word_1_375' title='bbox 611 2526 677 2555; x_wconf 84' lang='lat' dir='ltr'>art.</span> <span class='ocrx_word' id='word_1_376' title='bbox 697 2521 729 2555; x_wconf 89' lang='lat'>6.</span> <span class='ocrx_word' id='word_1_377' title='bbox 753 2526 841 2566; x_wconf 79' lang='lat' dir='ltr'>corp.</span> <span class='ocrx_word' id='word_1_378' title='bbox 864 2526 891 2555; x_wconf 73' lang='lat' dir='ltr'>ct</span> <span class='ocrx_word' id='word_1_379' title='bbox 913 2520 997 2554; x_wconf 73' lang='lat' dir='ltr'>Mal,</span> <span class='ocrx_word' id='word_1_380' title='bbox 1020 2531 1049 2566; x_wconf 86' lang='lat' dir='ltr'>q.</span> <span class='ocrx_word' id='word_1_381' title='bbox 1071 2531 1104 2564; x_wconf 75' lang='lat'>4.</span> <span class='ocrx_word' id='word_1_382' title='bbox 1127 2525 1193 2554; x_wconf 83' lang='lat' dir='ltr'>art.</span> <span class='ocrx_word' id='word_1_383' title='bbox 1217 2531 1248 2554; x_wconf 84' lang='lat'>2.</span> <span class='ocrx_word' id='word_1_384' title='bbox 1271 2519 1313 2554; x_wconf 81' lang='lat' dir='ltr'>ad</span> <span class='ocrx_word' id='word_1_385' title='bbox 1333 2530 1383 2554; x_wconf 77' lang='lat'>12.</span> <span class='ocrx_word' id='word_1_386' title='bbox 1405 2524 1435 2554; x_wconf 72' lang='lat' dir='ltr'>ct</span> <span class='ocrx_word' id='word_1_387' title='bbox 1455 2524 1519 2554; x_wconf 74' lang='lat' dir='ltr'>art.</span> <span class='ocrx_word' id='word_1_388' title='bbox 1538 2531 1566 2565; x_wconf 89' lang='lat'>5.</span> <span class='ocrx_word' id='word_1_389' title='bbox 1587 2519 1631 2554; x_wconf 85' lang='lat' dir='ltr'>ad</span> <span class='ocrx_word' id='word_1_390' title='bbox 1650 2519 1710 2564; x_wconf 69' lang='grc'><strong><em>1.).</em></strong></span> 
     </span>
    </p>
   </div>
   <div class='ocr_carea' id='block_1_6' title="bbox 223 2601 1792 2969">
    <p class='ocr_par' dir='ltr' id='par_1_13' title="bbox 223 2601 1792 2862">
     <span class='ocr_line' id='line_1_42' title="bbox 295 2601 1791 2649; baseline -0.003 -10"><span class='ocrx_word' id='word_1_391' title='bbox 295 2604 354 2638; x_wconf 85' lang='lat' dir='ltr'>AD</span> <span class='ocrx_word' id='word_1_392' title='bbox 377 2614 565 2643; x_wconf 80' lang='lat' dir='ltr'><strong>QUARTUM</strong></span> <span class='ocrx_word' id='word_1_393' title='bbox 587 2603 637 2637; x_wconf 90' lang='lat' dir='ltr'>sic</span> <span class='ocrx_word' id='word_1_394' title='bbox 660 2602 874 2649; x_wconf 84' lang='lat' dir='ltr'>proceditur.</span> <span class='ocrx_word' id='word_1_395' title='bbox 898 2601 1061 2643; x_wconf 88' lang='lat' dir='ltr'>Videtur,</span> <span class='ocrx_word' id='word_1_396' title='bbox 1084 2602 1180 2648; x_wconf 89' lang='lat' dir='ltr'>quod</span> <span class='ocrx_word' id='word_1_397' title='bbox 1203 2601 1407 2647; x_wconf 82' lang='lat' dir='ltr'>praedictae</span> <span class='ocrx_word' id='word_1_398' title='bbox 1429 2602 1610 2647; x_wconf 86' lang='lat' dir='ltr'>potentiae</span> <span class='ocrx_word' id='word_1_399' title='bbox 1628 2613 1702 2636; x_wconf 88' lang='lat' dir='ltr'>non</span> <span class='ocrx_word' id='word_1_400' title='bbox 1721 2602 1791 2636; x_wconf 90' lang='lat' dir='ltr'>sint</span> 
     </span>
     <span class='ocr_line' id='line_1_43' title="bbox 223 2654 1792 2703; baseline -0.001 -12"><span class='ocrx_word' id='word_1_401' title='bbox 223 2658 342 2703; x_wconf 78' lang='lat' dir='ltr'>magis</span> <span class='ocrx_word' id='word_1_402' title='bbox 365 2656 531 2698; x_wconf 85' lang='lat' dir='ltr'>infectae,</span> <span class='ocrx_word' id='word_1_403' title='bbox 554 2668 663 2702; x_wconf 82' lang='lat' dir='ltr'>quam</span> <span class='ocrx_word' id='word_1_404' title='bbox 686 2655 795 2689; x_wconf 81' lang='lat' dir='ltr'>aliae:</span> <span class='ocrx_word' id='word_1_405' title='bbox 819 2654 966 2689; x_wconf 84' lang='lat' dir='ltr'>infectio</span> <span class='ocrx_word' id='word_1_406' title='bbox 1000 2656 1095 2689; x_wconf 81' lang='lat' dir='ltr'>enim</span> <span class='ocrx_word' id='word_1_407' title='bbox 1127 2654 1313 2700; x_wconf 83' lang='lat' dir='ltr'>originalis</span> <span class='ocrx_word' id='word_1_408' title='bbox 1343 2654 1483 2701; x_wconf 84' lang='lat' dir='ltr'>peccati</span> <span class='ocrx_word' id='word_1_409' title='bbox 1511 2656 1626 2701; x_wconf 85' lang='lat' dir='ltr'>magis</span> <span class='ocrx_word' id='word_1_410' title='bbox 1652 2655 1792 2690; x_wconf 82' lang='lat' dir='ltr'>videtur</span> 
     </span>
     <span class='ocr_line' id='line_1_44' title="bbox 224 2708 1789 2757; baseline -0.002 -12"><span class='ocrx_word' id='word_1_411' title='bbox 224 2711 400 2757; x_wconf 88' lang='lat' dir='ltr'>pertinere</span> <span class='ocrx_word' id='word_1_412' title='bbox 421 2711 463 2744; x_wconf 82' lang='lat' dir='ltr'>ad</span> <span class='ocrx_word' id='word_1_413' title='bbox 488 2709 587 2743; x_wconf 87' lang='lat' dir='ltr'>illam</span> <span class='ocrx_word' id='word_1_414' title='bbox 611 2709 754 2743; x_wconf 82' lang='lat' dir='ltr'>animae</span> <span class='ocrx_word' id='word_1_415' title='bbox 777 2717 928 2754; x_wconf 81' lang='lat' dir='ltr'>partem,</span> <span class='ocrx_word' id='word_1_416' title='bbox 951 2720 1041 2754; x_wconf 84' lang='lat' dir='ltr'>quae</span> <span class='ocrx_word' id='word_1_417' title='bbox 1065 2708 1160 2754; x_wconf 88' lang='lat' dir='ltr'>prius</span> <span class='ocrx_word' id='word_1_418' title='bbox 1183 2716 1394 2754; x_wconf 83' lang='lat' dir='ltr'>potestesse</span> <span class='ocrx_word' id='word_1_419' title='bbox 1413 2708 1614 2753; x_wconf 87' lang='lat' dir='ltr'>subjectum</span> <span class='ocrx_word' id='word_1_420' title='bbox 1632 2709 1789 2754; x_wconf 88' lang='lat' dir='ltr'>pcccati:</span> 
     </span>
     <span class='ocr_line' id='line_1_45' title="bbox 223 2760 1791 2808; baseline -0.001 -11"><span class='ocrx_word' id='word_1_421' title='bbox 223 2765 314 2798; x_wconf 88' lang='lat' dir='ltr'>haec</span> <span class='ocrx_word' id='word_1_422' title='bbox 339 2771 460 2797; x_wconf 78' lang='lat' dir='ltr'>autem</span> <span class='ocrx_word' id='word_1_423' title='bbox 484 2771 536 2797; x_wconf 86' lang='lat' dir='ltr'>est</span> <span class='ocrx_word' id='word_1_424' title='bbox 558 2762 743 2797; x_wconf 79' lang='lat' dir='ltr'>rationalis</span> <span class='ocrx_word' id='word_1_425' title='bbox 766 2773 858 2807; x_wconf 81' lang='lat' dir='ltr'>pars,</span> <span class='ocrx_word' id='word_1_426' title='bbox 885 2770 919 2795; x_wconf 83' lang='lat' dir='ltr'>et</span> <span class='ocrx_word' id='word_1_427' title='bbox 946 2762 1137 2807; x_wconf 73' lang='lat' dir='ltr'>praecipue</span> <span class='ocrx_word' id='word_1_428' title='bbox 1164 2760 1352 2803; x_wconf 82' lang='lat' dir='ltr'>voluntas3</span> <span class='ocrx_word' id='word_1_429' title='bbox 1380 2772 1467 2807; x_wconf 87' lang='lat' dir='ltr'>ergo</span> <span class='ocrx_word' id='word_1_430' title='bbox 1494 2760 1570 2807; x_wconf 88' lang='lat' dir='ltr'>ipsa</span> <span class='ocrx_word' id='word_1_431' title='bbox 1597 2769 1650 2796; x_wconf 86' lang='lat' dir='ltr'>est</span> <span class='ocrx_word' id='word_1_432' title='bbox 1676 2761 1791 2808; x_wconf 86' lang='lat' dir='ltr'>magis</span> 
     </span>
     <span class='ocr_line' id='line_1_46' title="bbox 224 2815 859 2862; baseline -0.005 -11"><span class='ocrx_word' id='word_1_433' title='bbox 224 2816 356 2851; x_wconf 85' lang='lat' dir='ltr'>infecta</span> <span class='ocrx_word' id='word_1_434' title='bbox 379 2828 441 2862; x_wconf 82' lang='lat' dir='ltr'>per</span> <span class='ocrx_word' id='word_1_435' title='bbox 459 2824 647 2862; x_wconf 82' lang='lat' dir='ltr'>peccatum</span> <span class='ocrx_word' id='word_1_436' title='bbox 671 2815 859 2860; x_wconf 78' lang='lat' dir='ltr'>originale.</span> 
     </span>
    </p>

    <p class='ocr_par' dir='ltr' id='par_1_14' title="bbox 227 2867 1791 2969">
     <span class='ocr_line' id='line_1_47' title="bbox 297 2867 1791 2914; baseline -0.001 -9"><span class='ocrx_word' id='word_1_437' title='bbox 297 2880 328 2904; x_wconf 83' lang='lat'>2.</span> <span class='ocrx_word' id='word_1_438' title='bbox 345 2870 580 2905; x_wconf 43' lang='lat' dir='ltr'>Palmum.</span> <span class='ocrx_word' id='word_1_439' title='bbox 598 2869 706 2903; x_wconf 77' lang='lat' dir='ltr'>Nulla</span> <span class='ocrx_word' id='word_1_440' title='bbox 722 2869 774 2902; x_wconf 72' lang='lat' dir='ltr'>vis</span> <span class='ocrx_word' id='word_1_441' title='bbox 790 2869 932 2902; x_wconf 75' lang='lat' dir='ltr'>animae</span> <span class='ocrx_word' id='word_1_442' title='bbox 949 2867 1103 2902; x_wconf 75' lang='lat' dir='ltr'>inlicitur</span> <span class='ocrx_word' id='word_1_443' title='bbox 1118 2880 1179 2914; x_wconf 81' lang='lat' dir='ltr'>per</span> <span class='ocrx_word' id='word_1_444' title='bbox 1194 2867 1350 2914; x_wconf 81' lang='lat' dir='ltr'>culpam,</span> <span class='ocrx_word' id='word_1_445' title='bbox 1365 2868 1430 2902; x_wconf 79' lang='lat' dir='ltr'>nisi</span> <span class='ocrx_word' id='word_1_446' title='bbox 1446 2867 1657 2914; x_wconf 80' lang='lat' dir='ltr'>inquantum</span> <span class='ocrx_word' id='word_1_447' title='bbox 1673 2876 1791 2914; x_wconf 88' lang='lat' dir='ltr'>potest</span> 
     </span>
     <span class='ocr_line' id='line_1_48' title="bbox 227 2921 1788 2969; baseline -0.001 -11"><span class='ocrx_word' id='word_1_448' title='bbox 227 2923 371 2958; x_wconf 87' lang='lat' dir='ltr'>obedire</span> <span class='ocrx_word' id='word_1_449' title='bbox 394 2924 522 2958; x_wconf 82' lang='lat' dir='ltr'>rationi</span> <span class='ocrx_word' id='word_1_450' title='bbox 539 2936 545 2957; x_wconf 92' lang='lat'>:</span> <span class='ocrx_word' id='word_1_451' title='bbox 565 2923 772 2969; x_wconf 79' lang='lat' dir='ltr'>generativa</span> <span class='ocrx_word' id='word_1_452' title='bbox 795 2930 915 2956; x_wconf 81' lang='lat' dir='ltr'>autem</span> <span class='ocrx_word' id='word_1_453' title='bbox 938 2933 1011 2956; x_wconf 88' lang='lat' dir='ltr'>non</span> <span class='ocrx_word' id='word_1_454' title='bbox 1035 2930 1152 2967; x_wconf 89' lang='lat' dir='ltr'>potest</span> <span class='ocrx_word' id='word_1_455' title='bbox 1165 2921 1324 2964; x_wconf 85' lang='lat' dir='ltr'>obedire,</span> <span class='ocrx_word' id='word_1_456' title='bbox 1339 2929 1376 2957; x_wconf 84' lang='lat' dir='ltr'>ut</span> <span class='ocrx_word' id='word_1_457' title='bbox 1390 2921 1518 2956; x_wconf 89' lang='lat' dir='ltr'>dicitur</span> <span class='ocrx_word' id='word_1_458' title='bbox 1531 2921 1568 2956; x_wconf 87' lang='lat' dir='ltr'>in</span> <span class='ocrx_word' id='word_1_459' title='bbox 1587 2932 1614 2956; x_wconf 83' lang='lat'>1.</span> <span class='ocrx_word' id='word_1_460' title='bbox 1631 2921 1788 2957; x_wconf 84' lang='lat' dir='ltr'>Ethicor.</span> 
     </span>
    </p>
   </div>
  </div>
 </body>
</html>
