1907 3198
477 206 702 243 QUAESTIO
735 205 873 236 xxxn.
906 205 1155 236 ARTICULUS
1189 206 1247 236 VI.
1571 207 1655 252 249

74 291 197 338 prium
217 290 367 333 bonum,
389 291 487 337 quod
509 290 590 338 plus
615 291 733 325 homo
760 298 871 333 amat,
897 301 1008 337 quam
1035 289 1137 324 odiat
1163 289 1304 324 malum
1326 290 1489 326 alterius:
1512 291 1659 326 vincere

73 344 175 380 enim
195 351 251 378 est
270 343 486 379 delectabile
512 344 736 386 naturaliter,
757 344 975 390 inquantum
1002 355 1066 390 per
1091 344 1164 378 hoc
1191 342 1231 377 fit
1256 344 1463 378 aestimatio
1490 345 1659 391 propriae

73 396 332 440 excellentiae3
353 405 390 432 et
409 406 558 445 propter
578 397 650 432 hoc
673 409 804 433 omnes
826 397 914 440 ludi,
933 397 969 431 in
989 397 1118 444 quibus
1140 404 1195 432 est
1215 397 1454 439 concertatio,
1473 406 1509 432 et
1530 398 1566 432 in
1585 398 1661 445 qui-

72 451 140 486 bus
164 458 286 498 potest
310 461 389 486 esse
415 451 581 493 victoria,
607 460 692 486 sunt
718 451 878 485 maxime
904 449 1157 486 delectabiles:
1186 459 1222 485 et
1247 450 1502 486 universaliter
1528 462 1659 487 omnes

68 504 377 547 concertationes,
398 505 602 539 secundum
624 505 723 552 quod
741 505 878 539 habent
894 515 998 551 spem
1016 504 1209 540 victoriae:
1229 504 1447 551 redarguere
1470 513 1604 548 autem,
1624 514 1660 540 et

72 560 260 606 increpare
278 566 400 606 potest
417 570 497 593 esse
511 558 690 606 dupliciter
703 558 957 594 delectationis
979 569 1106 593 causa:
1130 570 1195 593 uno
1217 558 1350 600 modo,
1341 568 1560 605 inquantum
1572 558 1660 594 facit

68 611 216 648 homini
235 611 541 658 imaginationem
569 612 738 659 propriae
765 612 978 659 sapientiae,
1001 620 1038 647 et
1058 611 1313 647 excellentiae:
1335 612 1525 660 increpare
1547 613 1658 655 enim,

69 673 111 701 et
128 665 312 712 corripere
337 673 392 701 est
417 665 636 712 sapientum,
664 674 699 700 et
725 667 930 712 majorum:
957 665 1024 700 alio
1046 665 1155 708 modo,
1172 665 1375 701 secundum
1406 666 1506 713 quod
1528 666 1658 714 aliquis

68 718 308 766 increpando,
323 728 360 754 et
378 719 681 765 reprehendendo
702 719 805 754 alteri
822 717 1005 754 benefacit
1022 719 1120 766 quod
1139 727 1194 754 est
1215 719 1443 762 delectabile,
1459 728 1498 754 ut
1518 720 1656 755 dictum

69 779 136 809 est·
147 771 200 818 (ιή
220 779 310 820 corp.
332 774 427 819 art).
454 773 551 808 Irato
575 781 698 808 autem
721 783 774 808 est
795 773 1011 808 delectabile
1033 773 1172 820 punire,
1200 773 1418 820 inquantum
1444 773 1587 808 videtur
1607 785 1659 809 re-

71 836 223 862 movere
252 834 491 874 apparentem
520 827 821 870 minorationem,
852 839 946 874 quae
975 827 1117 862 videtur
1147 839 1225 863 esse
1253 839 1296 863 ex
1325 828 1559 875 praecedenti
1587 828 1658 864 lae-

68 878 192 916 sione:
213 890 300 915 cum
321 880 421 915 enim
439 880 570 928 aliquis
587 889 642 916 est
656 881 699 915 ab
716 880 789 916 alio
803 880 938 925 laesus,
950 881 1094 916 videtur
1114 892 1179 928 per
1199 881 1271 916 hoc
1294 881 1338 916 ab
1361 881 1434 916 alio
1453 882 1656 918 minoratus

66 944 166 970 esse:
187 941 225 969 et
242 933 328 969 ideo
350 934 488 982 appetit
507 934 552 970 ab
574 934 644 969 hac
667 935 915 970 minoratione
933 934 1076 970 liberari
1098 947 1163 983 per
1183 935 1462 971 retributionem
1483 936 1656 972 laesionis

66 995 108 1023 et
125 989 178 1024 sic
198 995 309 1035 patet,
330 988 430 1036 quod
450 987 667 1024 benefacere
689 988 795 1024 alteri
816 1000 880 1036 per
902 1000 940 1024 se
962 998 1083 1037 potest
1103 1001 1182 1025 esse
1204 989 1438 1025 delectabile:
1462 990 1524 1025 sed
1547 990 1657 1026 male-

67 1039 188 1078 facere
206 1041 311 1078 alteri
327 1053 404 1078 non
422 1050 478 1078 est
493 1041 722 1085 delectabile,
735 1043 806 1078 nisi
818 1043 1036 1090 inquantum
1050 1043 1192 1079 videtur
1209 1044 1390 1091 pertinere
1407 1044 1452 1079 ad
1466 1045 1656 1092 proprium

65 1095 219 1132 bonum.

631 1221 982 1267 ARTICULUS
1010 1223 1113 1266 VII.
1590 1236 1654 1272 188

289 1330 448 1361 UTRUM
479 1330 741 1361 S1M1L1Tuno
775 1331 844 1361 SIT
878 1331 1021 1362 CAUSA
1054 1332 1430 1364 DELECTATmNIs.

135 1419 199 1455 AD
219 1428 416 1455 szr’rmuu
436 1419 489 1454 sic
507 1418 728 1467 proceditur.
747 1419 907 1463 Videtur,
923 1420 1021 1468 quod
1036 1420 1238 1456 similitudo
1259 1433 1336 1456 non
1358 1422 1403 1457 sit
1429 1434 1539 1458 causa
1560 1423 1655 1458 dele-

62 1472 252 1509 cmtionis:
274 1473 471 1520 principari
491 1473 603 1516 enim,
625 1481 662 1508 et
681 1485 850 1520 praeesse
873 1475 1074 1521 quamdam
1102 1475 1437 1510 dissimilitudinem
1459 1477 1652 1524 importat:

56 1527 130 1577 ¹sed
149 1526 359 1575 principari,
385 1535 422 1562 et
446 1538 615 1574 praeesse
641 1527 854 1562 naturaliter
881 1537 935 1563 est
960 1528 1186 1572 delectabile,
1215 1538 1254 1564 ut
1279 1530 1410 1564 dicitur
1430 1531 1467 1564 in
1494 1542 1521 1565 1.
1544 1531 1651 1567 Rhet.

65 1581 157 1630 (cap.
184 1593 231 1618 ιι.
246 1587 353 1629 prope
370 1581 470 1628 fin.);
493 1592 582 1629 ergo
609 1581 868 1618 dissimilitudo
895 1583 1014 1630 magis
1036 1591 1091 1618 est
1112 1594 1222 1619 causa
1248 1583 1514 1627 delectationis,
1541 1597 1652 1632 quam

62 1635 280 1672 similitudo.

135 1700 168 1726 2.
190 1689 430 1726 PRAETEREA.
451 1690 556 1725 Nihil
578 1690 696 1738 magis
719 1699 773 1726 est
794 1691 970 1726 dissimile
997 1691 1244 1735 delectationi,
1266 1704 1377 1739 quam
1399 1693 1562 1728 tristitia:
1588 1694 1652 1729 sed

58 1743 74 1773 .”
106 1744 129 1787 ’,
149 1744 213 1792 qui
232 1743 418 1791 patiuntur
438 1744 635 1787 tristitiam,
657 1745 818 1780 maxime
840 1754 1041 1792 sequuntur
1062 1745 1336 1789 delectationes,
1351 1755 1390 1782 ut
1408 1747 1539 1782 dicitur
1558 1748 1596 1782 in
1619 1759 1651 1794 7.

55 1802 69 1830 ἡ
94 1798 148 1834 th.
165 1797 254 1846 (cap.
269 1799 360 1844 14),-
376 1808 466 1845 ergo
488 1797 748 1834 dissimilitudo
770 1807 826 1834 est
847 1799 966 1845 magis
989 1811 1099 1835 causa
1121 1800 1387 1843 delectationis,
1414 1813 1526 1848 quarn
1552 1802 1652 1837 simi-

137 1917 168 1954 3.
188 1905 429 1942 PRAETEREA.
451 1905 521 1949 Illi,
543 1906 605 1953 qui
634 1914 719 1941 sunt
747 1906 878 1953 repleti
907 1906 1087 1954 aliquibus
1114 1907 1429 1952 delectationibus,
1455 1921 1531 1944 non
1558 1909 1652 1944 dele-

61 1975 64 1978 ’
107 1986 110 1989 .
130 1967 206 1995 ·tur
225 1959 263 1994 in
284 1960 349 2002 eis,
370 1959 433 1995 sed
461 1960 580 2006 magis
606 1959 794 1995 fastidiunt
816 1972 897 2004 eas;
919 1961 1015 1996 sicut
1043 1970 1142 2009 patet
1168 1962 1205 1997 in
1237 1962 1440 2010 repletione
1463 1964 1650 2007 ciborum;

97 2030 105 2044 ·
123 2031 129 2045 .
158 2024 249 2061 ergo
270 2013 445 2050 simitudo
467 2022 523 2049 est
542 2013 796 2050 delectationis
815 2027 936 2050 causa.

130 2067 212 2104 ‘Sl-:D
238 2078 396 2104 CONTRA
421 2076 488 2111 est,
510 2068 609 2115 quod
631 2068 833 2104 similitudo
856 2078 910 2104 est
931 2081 1042 2105 causa
1070 2070 1218 2113 amoris,
1240 2079 1280 2105 ut
1300 2071 1439 2106 dictum
1462 2081 1516 2108 est
1541 2084 1650 2120 supra

59 2132 113 2170 q.
129 2133 184 2170 27.
202 2126 268 2157 art.
285 2123 355 2169 3.).·
382 2133 489 2157 amor
502 2130 626 2158 autem
641 2131 695 2158 est
709 2135 820 2158 causa
838 2122 1113 2168 delectationis;
1133 2136 1222 2172 ergo
1245 2125 1446 2162 similitudo
1468 2135 1523 2162 est
1540 2138 1650 2162 causa

64 2174 327 2220 electationis.

132 2229 368 2266 Rmounzo
388 2229 598 2273 dicendum,
625 2230 724 2278 quod
746 2230 948 2267 similitudo
963 2241 1016 2267 est
1029 2233 1212 2280 quaedam
1235 2233 1365 2277 unitas,
1387 2234 1482 2269 unde
1505 2234 1538 2269 id
1563 2235 1650 2282 quod

122 2284 241 2328 simile,
255 2285 457 2331 inquantum
477 2289 523 2320 est
548 2297 666 2327 unum,
681 2290 724 2320 est
738 2284 936 2328 delectabile,
961 2286 1054 2322 sicut
1075 2295 1110 2321 et
1132 2287 1301 2330 amabile,
1321 2296 1359 2322 ut
1380 2299 1488 2335 supra
1510 2289 1650 2324 dictum

66 2346 92 2391 ᾗ
136 2338 217 2385 (loc.
234 2339 321 2384 cit).
338 2338 426 2374 Etsi
438 2337 570 2385 quidem
585 2338 629 2381 id,
648 2338 736 2385 quod
756 2344 799 2374 est
814 2339 934 2382 simile,
948 2342 1130 2388 proprium
1150 2342 1272 2376 bonum
1286 2354 1351 2376 non
1371 2348 1578 2390 corrumpat,
1597 2343 1649 2378 sed

68 2428 81 2432 „
104 2396 195 2435 cat,
213 2395 259 2427 est
276 2391 474 2439 simpliciter
498 2391 708 2428 delectabile:
730 2401 817 2440 puta
843 2393 960 2430 homo
981 2395 1138 2438 homini,
1153 2396 1343 2442 etjuvenis
1364 2397 1505 2443 juveni:
1528 2399 1555 2433 si
1568 2410 1648 2433 vero

123 2446 360 2493 corruptivum
374 2447 514 2493 proprii
531 2447 622 2489 boni,
641 2448 686 2482 sic
699 2453 762 2494 per
779 2447 929 2484 accidens
949 2449 1089 2496 efficitur
1106 2450 1162 2497 ja
1155 2450 1375 2493 tidiosum‚v
1377 2451 1406 2486 I
1427 2454 1647 2494 contristans·

97 2515 129 2529 ιι
158 2499 309 2547 quidem
333 2499 552 2547 inquantum
579 2508 634 2536 est
659 2500 790 2544 simile,
819 2510 854 2537 et
880 2514 1011 2546 unum3
1038 2504 1101 2538 sed
1127 2504 1345 2551 inquantum
1373 2506 1575 2566 corrumpit
1599 2507 1648 2549 id,

71 2552 162 2591 uod
183 2561 238 2589 est
258 2554 376 2615 magis
398 2565 525 2589 unum.
549 2553 662 2596 Quod
685 2563 808 2590 autem
831 2556 965 2617 aliquid
993 2557 1112 2592 simile
1140 2567 1352 2606 corrumpat
1377 2560 1566 2620 proprium
1588 2560 1649 2595 bo-

74 2624 143 2637 un·-
185 2607 366 2655 contingit
385 2607 584 2655 duplicium·
607 2621 672 2644 uno
698 2609 808 2652 modo,
831 2611 916 2657 quia
939 2612 1140 2672 corrumpit
1166 2623 1376 2648 mensuram
1404 2614 1540 2660 proprii
1560 2614 1648 2649 boni

96 2676 98 2678 ·
150 2661 351 2710 quemdam
376 2673 586 2698 excessum:
614 2663 753 2698 bonum
781 2665 892 2707 enim,
919 2666 1114 2713 praecipue
1142 2667 1346 2714 corporale,
1374 2676 1412 2702 ut
1438 2669 1584 2712 sanitas,
1610 2668 1647 2703 in

67 2715 222 2756 ,wdam
242 2716 604 2752 commensuratione
626 2717 804 2760 consistit,
819 2727 854 2753 et
867 2727 1016 2766 propter
1033 2719 1106 2754 hoc
1129 2721 1464 2767 superabundantes
1487 2722 1568 2765 cibi,
1589 2722 1648 2758 vel

87 2768 245 2805 elibet
263 2769 526 2806 delectationes
553 2770 762 2817 corporales
789 2770 1039 2808 fastidiuntur:
1069 2774 1136 2808 alio
1164 2774 1257 2809 modo
1282 2786 1344 2822 per
1366 2776 1541 2810 directam
1563 2787 1650 2812 con-

83 2864 87 2866 ,
116 2823 284 2860 'etatem
305 2823 351 2859 ad
371 2824 560 2872 proprium
581 2824 739 2860 bonum:
761 2825 856 2862 sicut
876 2826 978 2873 figuli
1001 2827 1259 2864 abominantur
1285 2829 1377 2864 alios
1400 2829 1544 2876 figulos,
1570 2842 1646 2866 non

89 2898 91 2903 ‚
102 2879 109 2881 “
127 2885 280 2914 uantum
296 2886 381 2914 sunt
393 2877 508 2925 figuli,
516 2878 604 2914 sed'
594 2887 810 2926 inquantum
826 2892 890 2927 per
904 2892 968 2916 eos
983 2881 1156 2917 amittunt
1169 2882 1425 2918 excellentiam
1447 2886 1646 2931 propriam,

77 2934 100 2962 ‘a
118 2948 120 2952 ¹
161 2931 352 2980 proprium
371 2930 528 2975 lucrum,
549 2943 643 2979 quae
665 2941 840 2980 appetunt
859 2935 954 2970 sicut
974 2936 1163 2983 proprium
1185 2936 1336 2972 bonum.
