1875 3198
232 213 319 254 554
621 210 843 245 QUAESTIO
877 210 1022 240 LXXVI.
1056 209 1301 239 ARTICULUS
1334 209 1390 238 lv.

230 294 292 328 sed
311 304 374 339 per
395 293 582 335 accidens3
605 292 699 326 unde
721 301 774 326 est
790 292 839 326 ibi
859 292 979 326 minor
1007 299 1261 337 comtemptus,
1289 299 1323 325 et
1339 302 1402 337 per
1429 301 1653 337 consequens
1675 291 1794 324 minus

230 355 432 393 peccatum.

301 400 361 434 AD
382 411 532 434 PRIMUM
562 410 648 445 ergo
680 398 887 440 dicendum,
920 398 1016 444 quod
1050 398 1268 443 ignorantia,
1298 397 1499 432 secundum
1532 408 1643 443 quam
1676 398 1794 431 omnis

231 448 354 488 malus*
379 462 432 487 est
456 454 641 499 ignorans,
662 463 737 485 non
760 460 812 485 est
835 463 943 485 causa
965 451 1116 497 peccati,
1154 451 1216 485 sed
1244 450 1377 497 aliquid
1401 461 1627 496 consequens
1649 450 1694 484 ad
1716 461 1796 484 cau-

232 519 320 549 sam,
344 506 482 541 scilicet
504 506 546 540 ad
566 506 786 552 passionem,
804 504 862 538 vel
883 505 1049 539 habitum
1070 504 1306 538 inclinantem
1332 504 1368 537 in
1387 512 1590 550 peccatum.

303 561 362 594 AD
390 570 595 594 SECUNDUM
623 558 828 600 dicendum,
856 559 952 604 quod
980 566 1171 604 peccatum
1197 566 1347 604 peccato
1381 557 1543 591 additum
1576 556 1662 591 facit
1694 556 1796 602 plura

233 621 392 660 peccata,
414 624 488 646 non
509 620 631 646 tamen
653 611 739 645 facit
760 623 902 657 semper
917 613 1033 657 majus
1055 619 1246 657 peccatum
1262 623 1270 653 3
1286 611 1368 657 quia
1382 610 1474 645 forte
1492 622 1566 644 non
1589 610 1797 644 coincidunt

233 667 268 700 in
290 667 387 700 idem
413 674 615 712 peccatum,
642 665 704 698 sed
731 672 813 698 sunt
834 664 953 710 plura:
983 673 1016 699 et
1042 673 1160 710 potest
1183 664 1404 710 contingere,
1427 664 1456 698 si
1477 664 1596 710 primo
1618 664 1797 698 diminuat

233 719 444 761 secundum,
459 719 555 765 quod
571 718 679 752 ambo
699 717 806 752 simul
827 729 902 751 non
923 718 1081 751 habeant
1094 725 1232 752 tantam
1248 717 1475 763 gravitatem,
1493 725 1664 763 quantam
1684 728 1796 750 unum

233 772 352 807 solum
379 772 548 806 haberet:
577 772 669 805 sicut
694 771 937 805 homicidium
964 771 1108 817 gravius
1135 779 1326 817 peccatum
1350 779 1414 813 est,
1436 771 1465 805 si
1487 771 1532 805 sit
1553 782 1572 804 a
1593 771 1714 805 sobrio
1735 771 1799 804 ho·

235 827 330 860 mine
352 825 500 867 facturn,
523 837 632 871 quam
651 825 680 859 si
694 825 754 858 fiat
777 825 818 858 ab
843 825 940 859 ebrio
963 825 1131 867 homine3
1154 826 1318 870 quamvis
1336 824 1427 858 haec
1450 825 1521 858 sint
1538 824 1610 858 duo
1628 831 1796 870 peccata:

235 880 317 926 quia
333 880 485 913 ebrietas
501 878 579 925 plus
594 879 762 912 diminuit
783 878 825 912 de
846 879 986 912 ratione
1005 878 1185 924 sequentis
1201 877 1352 924 peccati,
1367 889 1478 924 quam
1492 877 1537 911 sit
1550 889 1614 911 sua
1629 877 1798 923 gravitas,

305 933 364 966 AD
393 943 564 967 TERTmM
587 932 792 973 dicendum,
815 931 911 977 quod
932 931 1083 965 verbum
1105 931 1292 965 Ambrosii
1318 939 1437 977 potest
1462 930 1616 976 intelligi
1638 930 1681 964 de
1699 930 1799 976 igno-

236 986 350 1020 rantia
365 985 576 1032 simpliciter
591 985 773 1019 affectata:
792 984 850 1018 vel
868 993 987 1031 potest
1004 984 1157 1030 intelligi
1170 985 1206 1018 in
1221 996 1353 1030 genere
1368 985 1509 1031 peccati
1521 984 1798 1030 ingratitudinis,

235 1040 271 1073 in
294 1051 385 1085 quae
408 1050 572 1073 summus
599 1039 730 1085 gradus
753 1046 816 1080 est,
840 1038 936 1084 quod
963 1038 1077 1072 homo
1106 1038 1215 1072 etiam
1240 1037 1417 1072 beneficia
1437 1049 1512 1072 non
1538 1045 1798 1084 recognoscat:

234 1092 292 1127 vel
317 1100 435 1138 potest
455 1092 607 1137 intelligi
629 1092 671 1126 de
691 1091 895 1137 ignorantia
923 1091 1152 1134 infidelitatis,
1181 1103 1272 1138 quae
1299 1091 1578 1125 fundamentum
1605 1089 1798 1137 spiritualis

236 1145 389 1180 aedificii
415 1146 598 1179 subvertit.

306 1200 366 1233 AD
388 1209 577 1238 QUARTUM
599 1198 806 1240 dicendum,
828 1198 924 1244 quod
947 1198 1063 1232 ebrius
1078 1206 1237 1232 meretur
1252 1198 1397 1244 quidem
1411 1198 1556 1245 duplices
1576 1198 1802 1232 multactiones

237 1261 381 1299 propter
403 1252 474 1286 duo
497 1260 658 1298 peccata,
681 1263 772 1298 quae
796 1252 1003 1294 committit,
1022 1251 1160 1285 scilicet
1181 1251 1404 1294 ebrietatem,
1426 1261 1460 1286 et
1483 1251 1578 1286 aliud
1597 1259 1801 1298 peccatum,

237 1306 334 1352 quod
356 1317 398 1340 ex
420 1305 590 1340 ebrietate
613 1305 788 1351 sequitur:
812 1313 935 1339 tamen
958 1305 1110 1339 ebrietas
1133 1305 1272 1339 ratione
1294 1305 1521 1351 ignorantiae
1544 1304 1733 1350 adjunctae
1755 1304 1803 1337 di-

238 1359 368 1393 minuit
388 1370 541 1404 sequens
564 1367 778 1405 peccatum3
802 1367 836 1392 et
857 1357 948 1392 forte
971 1357 1062 1404 plus„
1104 1370 1213 1404 quarn
1236 1358 1280 1392 sit
1301 1358 1457 1404 gravitas
1477 1358 1588 1404 ipsius
1609 1357 1802 1399 ebrietatis,

239 1421 276 1446 ut
290 1412 426 1446 dictum
443 1420 495 1446 est
509 1413 560 1457 (in
580 1413 698 1458 corp).
714 1411 783 1446 Vel
799 1420 917 1457 potest
931 1411 1012 1453 dici,
1028 1412 1124 1457 quod
1140 1411 1227 1445 illud
1242 1413 1392 1446 verbum
1407 1412 1588 1446 inducitur
1602 1411 1802 1446 secundum

239 1465 504 1499 ordinationem
528 1465 715 1510 cujusdam
734 1465 861 1498 Pittaci
877 1464 1106 1510 legislatoris,
1121 1465 1181 1510 qui
1196 1465 1329 1507 statuit,
1348 1465 1477 1507 ebrios,
1499 1465 1529 1499 si
1549 1465 1802 1512 percusserint,

240 1518 394 1564 amplius
421 1519 634 1564 puniendos,
661 1530 735 1552 non
759 1519 802 1552 ad
824 1518 969 1552 veniam
992 1518 1198 1564 respiciens,
1221 1530 1331 1564 quam
1345 1519 1432 1553 ebrii
1450 1519 1581 1553 debent
1603 1519 1719 1564 magis
1740 1518 1801 1552 ha-

238 1573 333 1614 bere,
356 1573 416 1606 sed
440 1572 483 1606 ad
505 1572 717 1614 utilitatem3
745 1572 828 1618 quia
854 1571 973 1617 plures
1000 1571 1213 1617 injuriantur
1240 1572 1339 1614 ebrii,
1366 1583 1476 1618 quam
1502 1571 1623 1614 sobrii,
1645 1580 1683 1606 ut
1704 1580 1802 1618 patet

239 1637 303 1672 per
323 1625 460 1660 Philos.
483 1625 518 1659 in
542 1636 572 1659 2.
595 1625 701 1659 Polit.
727 1625 874 1670 (szcb'jin.
897 1626 984 1670 liln).

701 1959 1056 2020 QUAESTIO
1099 1959 1352 2006 LXXVII.

384 2095 446 2127 DE
474 2096 627 2127 CAUSA
652 2095 849 2126 PECCATI
876 2096 937 2126 EX
962 2095 1114 2126 PARTE
1142 2095 1395 2127 APPETITUS
1422 2095 1667 2134 SENSITIVI,

671 2166 722 2197 IN
761 2166 882 2198 OCTO
915 2165 1175 2198 ARTICULOS
1202 2166 1376 2197 DIVISA.

315 2318 457 2352 Deinde
484 2317 786 2351 considerandum
810 2326 862 2351 est
883 2317 926 2351 de
954 2328 1062 2351 causa
1084 2316 1223 2363 peccati
1245 2327 1286 2351 ex
1308 2324 1408 2363 parte
1429 2315 1606 2363 appetitus
1627 2316 1805 2351 sensitivi:

246 2380 364 2406 utrum
387 2371 507 2417 passio
527 2370 668 2404 animae
691 2371 734 2404 sit
757 2382 864 2404 causa
887 2370 1036 2416 peccati.

744 2460 786 2493 Et
808 2460 896 2493 circa
919 2459 976 2494 hoc
995 2464 1204 2504 quaeruntur
1225 2464 1306 2494 octo.

317 2531 452 2564 Primo.
477 2530 607 2564 Utrum
630 2529 749 2575 passio
773 2530 949 2576 appetitus
972 2529 1130 2563 sensitivi
1154 2529 1267 2575 possit
1289 2540 1448 2570 movere,
1470 2528 1528 2563 vel
1554 2528 1727 2563 inclinare
1746 2538 1794 2563 vo

246 2584 432 2618 luntatem.
1524 2582 1527 2584 ’

319 2637 500 2672 Secundo.
524 2637 655 2671 Utrum
679 2636 791 2682 possit
814 2647 981 2682 superare
1004 2636 1181 2670 rationem
1205 2643 1331 2670 contra
1353 2636 1429 2681 ejus
1451 2635 1651 2670 scientiam.

319 2690 457 2725 Tertio.
482 2691 612 2725 Utrum
635 2698 837 2737 peccatum,
860 2690 955 2736 quod
976 2701 1016 2723 ex
1036 2690 1203 2736 passione
1221 2689 1398 2736 provenit,
1418 2689 1462 2724 sit
1483 2697 1674 2736 peccatum
1696 2699 1738 2722 ex
1758 2687 1808 2722 in·

249 2745 426 2780 firmitate.

321 2798 473 2839 Quarto.
497 2798 628 2832 Utrum
651 2798 739 2832 haec
756 2797 887 2843 passio,
907 2808 998 2843 quac
1018 2805 1070 2831 est
1093 2808 1195 2831 amor
1216 2796 1282 2838 sui,
1304 2798 1348 2831 sit
1370 2807 1478 2831 causa
1496 2795 1616 2830 omnis
1637 2793 1786 2841 peccati.

321 2852 471 2893 Quinto.
494 2853 549 2886 Dc
579 2852 648 2886 illis
670 2851 779 2886 tribus
802 2851 929 2892 causis,
957 2862 1048 2896 quac
1076 2858 1258 2896 ponuntur
1283 2861 1311 2885 1.
1329 2849 1432 2895 Joan.
1464 2860 1509 2895 3.:
1535 2847 1807 2894 Concupiscentia

250 2907 431 2948 mulorum,
456 2907 713 2952 concupiscentia
733 2906 853 2946 carnis,
876 2910 905 2940 ct
926 2906 1078 2951 superbia
1100 2905 1198 2938 vilae.
