1907 3198
527 163 749 200 QUAESTIO
783 164 823 195 C.
857 162 1104 194 ARTICULUS
1137 163 1177 193 V.
1547 164 1626 207 721

69 254 214 298 propter
233 244 343 289 aliud,
365 253 400 281 et
420 245 503 280 ideo
523 256 598 280 non
619 244 780 292 oportuit
801 244 897 279 circa
919 252 1110 291 peccatum
1132 243 1333 286 homicidii,
1362 251 1397 279 et
1429 243 1509 279 falsi
1541 244 1636 279 testi-

69 299 185 339 nonii
205 299 397 348 prohibere
419 307 610 346 peccatum
632 298 762 341 cordis,
784 298 847 333 sed
868 297 989 333 solum
1011 298 1141 345 operis.

139 353 201 389 AD
221 363 374 389 813wa
395 352 602 394 dicendum,
623 352 733 399 quod,
754 352 846 387 sicut
866 363 974 398 supra
988 352 1124 386 dictum
1139 359 1193 386 est
1210 351 1258 398 (q.
1277 363 1324 398 23.
1343 356 1407 386 art.
1426 351 1485 396 1.)‚
1505 361 1635 386 omnes

65 407 253 457 passiones
270 406 457 442 irascibilis
478 406 683 441 derivantur
704 417 724 440 a
746 406 973 452 passionibus
996 404 1307 452 concupiscibilis3
1330 413 1365 440 et
1382 405 1465 440 ideo
1483 405 1519 439 in
1538 415 1636 451 prae-

61 460 180 509 aptis
200 459 379 507 decalogi,
400 471 492 507 quae
514 468 596 495 sunt
616 460 719 506 quasi
740 459 855 506 prima
877 458 1058 494 elementa
1080 458 1182 503 legis,
1203 469 1278 493 non
1311 467 1388 494 erat
1420 458 1559 493 mentio
1588 457 1636 492 sa·

102 513 194 551 enda
213 513 259 550 de
275 513 503 561 passionibus
525 512 724 555 irascibilis,
745 513 808 548 sed
830 512 950 547 solum
973 513 1016 547 dc
1039 512 1265 559 passionibus
1283 511 1586 559 concupiscibilis.

621 655 969 701 ARTICULUS
1000 655 1078 699 VI.
1570 677 1629 713 535

32 772 34 777 .
64 747 220 794 vnum
251 758 592 791 CONVENIENTER
618 758 906 790 oxomen-run
933 758 1083 789 DECEM
1110 758 1363 790 PRAECEPTA
1390 758 1632 790 DECALOGI.

587 846 631 894 (3.
656 847 746 882 Dist.
769 858 820 894 37.
847 859 877 894 q.
900 859 928 894 3.
955 852 1021 882 art.
1048 846 1109 892 2.).

135 935 197 972 AD
209 945 363 972 813wa
375 935 428 972 sic
442 935 660 983 proceditur.
674 935 838 978 Videtur,
852 936 950 983 quod
963 936 1262 972 inconvenienter
1276 935 1487 971 ordinentur
1504 935 1633 971 decem

88 1008 91 1019 ι
115 1009 117 1012 -
136 997 257 1038 cepta
275 989 461 1037 decalogi:
483 989 630 1025 dilectio
651 989 750 1026 enim
771 989 928 1037 proximi
948 990 1090 1025 videtur
1111 1001 1189 1025 esse
1216 989 1362 1037 praevia
1395 989 1440 1024 ad
1473 989 1635 1026 dilectio-

98 1062 141 1076 ...ι
169 1043 259 1080 Dei:
280 1043 365 1092 quia
385 1043 570 1092 proximus
593 1051 647 1079 est
666 1043 772 1079 nobis
790 1043 907 1090 magis
926 1051 1046 1086 notus,
1065 1055 1175 1091 quam
1193 1043 1307 1086 Deus,
1326 1043 1526 1078 secundum
1544 1043 1632 1078 illud

64 1106 98 1137 J.
113 1097 218 1146 Joan.
237 1107 292 1142 4.·
314 1098 386 1144 Qui
402 1097 553 1145 fratrem
572 1109 680 1140 suum,
703 1109 798 1144 quem
818 1097 919 1141 videt,
946 1109 1012 1132 non
1038 1097 1161 1144 diligit,
1188 1098 1312 1140 Deum,
1333 1109 1428 1144 quem
1449 1109 1514 1132 non
1531 1097 1632 1140 videt,

170 1151 226 1187 do
244 1156 352 1200 potest
374 1150 536 1198 diligere?
557 1151 630 1187 Sed
651 1151 719 1186 tria
740 1151 856 1198 prima
883 1159 1076 1198 praecepta
1108 1151 1288 1198 pertinent
1319 1151 1364 1185 ad
1398 1150 1632 1186 dilectionem

62 1212 88 1233 ³
100 1205 146 1250 ei,
165 1213 304 1254 septem
323 1216 412 1241 vero
436 1205 507 1240 alia
522 1205 566 1240 ad
581 1204 815 1240 dilectionem
830 1204 1006 1252 proximi3
1021 1215 1110 1251 ergo
1125 1204 1426 1240 inconvenienter
1438 1213 1633 1253 praecepta

58 1258 232 1306 ecalogi
251 1259 473 1295 ordinantur.

135 1322 167 1348 2.
188 1312 426 1349 Pau-mnu.
447 1312 518 1348 Per
537 1321 730 1360 praecepta
752 1311 968 1347 affirmativa
989 1312 1212 1359 imperantur
1233 1320 1334 1347 actus
1356 1312 1549 1355 virtutum;
1570 1324 1632 1360 per

72 1374 255 1414 raecepta
273 1377 362 1402 vero
382 1366 550 1413 negativa
571 1366 808 1413 prohibentur
830 1374 931 1402 actus
949 1366 1140 1401 vitiorum:
1156 1366 1230 1408 sed,
1245 1365 1447 1401 secundum
1462 1366 1631 1401 Boetium

73 1438 90 1449 υ
119 1427 319 1456 comment.
336 1419 722 1455 Praedicamentorum
740 1420 837 1467 prius
855 1428 938 1455 sunt
956 1419 1164 1466 extirpanda
1183 1420 1281 1462 vitia,
1299 1431 1409 1466 quam
1427 1419 1632 1455 inserantur

87 1472 96 1482 ¹
156 1480 229 1518 tes;
249 1484 338 1520 ergo
358 1473 452 1509 inter
471 1481 665 1520 praecepta
686 1473 901 1521 pertinentia
923 1473 967 1508 ad
989 1473 1197 1521 proximum
1218 1473 1337 1520 primo
1366 1473 1535 1521 ponenda
1555 1473 1632 1509 fue-

66 1533 69 1535 ’
163 1535 358 1575 praecepta
376 1527 558 1574 negativa,
579 1538 690 1574 quam
712 1526 938 1562 affirmativa.

77 1586 83 1597 ’
135 1591 166 1629 3.
183 1581 420 1618 Prummu.
442 1581 640 1642 Praecepta
661 1580 751 1628 legis
773 1581 902 1616 dantur
923 1581 966 1616 de
989 1581 1126 1616 actibus
1147 1581 1362 1616 hominum:
1381 1580 1443 1616 sed
1462 1582 1560 1628 prior
1577 1589 1631 1617 est

154 1652 157 1655 ·
183 1635 316 1678 cordis,
336 1646 447 1682 quam
464 1635 549 1678 oris,
566 1634 626 1670 vel
639 1635 826 1670 exterioris
841 1635 980 1696 operis;
996 1647 1084 1682 ergo
1100 1635 1372 1670 inconvenienti
1387 1635 1513 1671 ordine
1532 1647 1631 1683 prae-

76 1696 167 1738 pta
187 1688 231 1725 de
252 1699 328 1724 non
349 1689 656 1736 concupiscendo,
677 1700 770 1736 quae
791 1689 972 1736 pertinent
993 1689 1036 1724 ad
1059 1700 1134 1733 cor,
1156 1689 1286 1724 ultimo
1308 1697 1501 1736 ponuntur.

0 1774 8 1799 Χ
132 1742 209 1779 SED
235 1753 391 1779 CONTRA
417 1750 482 1785 est,
508 1742 605 1790 quod
627 1743 755 1789 Apost.
778 1743 863 1778 dicit
885 1743 993 1779 Rom.
1021 1744 1204 1789 13..Qua1,
1226 1755 1246 1778 a
1265 1744 1315 1778 D
1310 1755 1336 1778 o
1356 1749 1443 1785 sunt,
1471 1743 1625 1778 ordinata

0 1819 8 1854 ὲ
96 1800 154 1833 l:
169 1795 231 1832 sed
252 1803 444 1844 praecepta
466 1795 635 1841 decalogi
649 1804 731 1831 sunt
748 1796 958 1832 immediate
980 1797 1062 1832 data
1077 1809 1096 1831 a
1111 1797 1205 1840 Deo,
1221 1805 1258 1832 ut
1272 1797 1408 1832 dictum
1430 1805 1484 1832 est
1506 1797 1585 1842 (ar-‚t
1596 1809 1626 1844 3.

0 1886 4 1907 Ι
80 1846 89 1855 ⁷
112 1852 132 1887 ”.
151 1851 223 1898 q.),·
245 1861 334 1897 ergo
357 1849 637 1885 convenientem
665 1850 832 1885 ordinem
857 1850 1002 1885 habent.

0 1900 10 1961 1'
42 1902 48 1952 ᾖ
131 1903 362 1941 RESPONDEO
375 1903 582 1946 dicendum,
597 1903 694 1951 quod
717 1904 810 1939 sicut
828 1904 965 1939 dictum
987 1913 1041 1940 est
1063 1903 1160 1949 (ibid.
1182 1909 1210 1939 et
1230 1910 1296 1940 art.
1315 1916 1343 1951 5.
1372 1904 1414 1939 ad
1440 1905 1505 1950 1.);
1533 1916 1632 1952 prac-

79 1979 82 1981 -
103 1965 166 2006 pta
191 1956 359 2005 decalogi
385 1956 514 1992 dantur
535 1956 579 1992 de
601 1957 670 2000 his,
696 1969 788 2005 quae
812 1957 933 1993 statim
955 1958 991 1992 in
1014 1966 1183 2005 promptu
1206 1969 1309 1993 mens
1337 1958 1497 1993 hominis
1524 1958 1632 1993 susci-

44 2047 47 2059 ,
95 2029 99 2042 ι
124 2010 386 2047 :manifestum
409 2019 464 2047 est
484 2018 618 2054 autem,
640 2011 738 2058 quod
775 2020 876 2047 tanto
911 2011 1044 2059 aliquid
1071 2014 1189 2059 magis
1216 2023 1235 2046 a
1262 2012 1400 2047 ratione
1428 2012 1630 2059 suscipitur,

0 2104 14 2126 1.
48 2068 54 2116 '2
95 2082 99 2091 “
117 2084 120 2087 ’
140 2072 196 2101 ·to
217 2064 442 2101 contrarium
464 2072 519 2100 est
543 2064 701 2111 gravius,
722 2073 758 2100 et
779 2065 896 2111 magis
917 2077 1122 2112 repugnans
1146 2066 1295 2101 rationi:
1318 2065 1550 2101 manifestum
1579 2074 1631 2101 est

0 2145 14 2169 ς,
50 2134 54 2142 ·
84 2156 87 2158 ,
116 2130 193 2163 rm,
213 2118 312 2167 quod
331 2129 416 2155 cum
433 2118 585 2154 rationis
603 2118 695 2154 ordo
719 2130 739 2153 a
760 2118 830 2154 fine
852 2119 1012 2166 incipiat,
1035 2119 1193 2154 maxime
1215 2128 1269 2155 est
1290 2127 1415 2154 contra
1438 2119 1629 2162 rationem,

4 2211 9 2218 ,
50 2207 54 2221 ,
121 2172 238 2209 homo
274 2172 479 2208 inordinate
511 2172 644 2207 habeat
677 2183 717 2208 se
743 2172 838 2207 circa
860 2172 989 2209 finem:
1011 2173 1092 2208 finis
1119 2181 1240 2208 autem
1262 2173 1445 2208 humanae
1466 2173 1573 2216 vitae,
1595 2182 1630 2209 et

0 2218 1 2225 ἵ
49 2226 56 2266 ἶ
107 2225 242 2262 ietatis
254 2233 310 2262 est
328 2225 446 2270 Deus;
467 2233 503 2261 et
523 2225 608 2261 ideo
629 2226 748 2273 primo
770 2227 930 2274 oportuit
951 2238 1014 2274 per
1036 2235 1227 2288 praecepta
1249 2227 1416 2274 decalogi
1438 2227 1628 2262 hominem

52 2313 58 2327 ‚
113 2302 115 2304 v
148 2291 226 2316 ·are
244 2280 290 2316 ad
309 2279 444 2323 Deum,
459 2291 545 2315 cum
558 2280 635 2327 ejus
650 2281 874 2315 contrarium
889 2281 934 2315 sit
955 2281 1236 2327 gravissimum:
1251 2281 1344 2317 sicut
1354 2281 1465 2317 etiam
1479 2282 1514 2316 in
1534 2293 1630 2317 excr-

52 2374 57 2378 ,
118 2345 213 2382 qui
229 2333 418 2369 ordinatur
438 2334 483 2370 ad
512 2334 656 2376 ducem,
677 2335 771 2369 sicut
791 2334 835 2369 ad
858 2333 981 2377 finem,
1009 2336 1166 2382 primum
1194 2343 1258 2377 est,
1285 2335 1382 2382 quod
1410 2335 1514 2370 miles
1552 2336 1629 2370 sub-

52 2390 61 2442 g
143 2398 163 2424 r
180 2387 282 2431 duci;
307 2394 343 2424 et
367 2387 476 2435 hujus
501 2387 725 2423 contrarium
752 2396 806 2423 cst
838 2387 1110 2435 gravissimum:
1134 2389 1333 2424 secundum
1356 2400 1456 2432 vcro,
1478 2397 1516 2424 ut
1550 2389 1628 2424 aliis

114 2441 302 2477 dinetur.
328 2441 426 2477 Inter
451 2441 528 2489 ipsa
562 2450 696 2484 autem,
731 2453 794 2488 per
820 2453 912 2489 quae
940 2442 1181 2477 ordinamur
1173 2454 1209 2477 in
1235 2442 1377 2485 Deum,
1395 2444 1547 2503 primurm
1571 2454 1629 2477 oc-

53 2487 62 2506 '¹
140 2495 176 2539 t,
197 2495 296 2543 quod
317 2494 434 2530 homo
452 2494 605 2530 fideliter
626 2495 658 2530 ei
681 2495 864 2538 subdatur,
879 2495 1017 2530 nullam
1037 2496 1353 2543 participationem
1368 2507 1452 2530 cum
1472 2496 1627 2531 inimicis

138 2565 166 2580 a·
202 2548 411 2585 ..secundum
443 2556 563 2584 autem
587 2557 650 2591 cst,
684 2549 781 2595 quod
804 2549 836 2583 ei
858 2551 1099 2584 reverentiam
1130 2550 1314 2585 exhibeat:
1346 2552 1477 2585 tertium
1506 2559 1626 2585 autem

140 2602 238 2650 quod
261 2602 372 2638 etiam
393 2601 610 2637 famulatum
632 2602 836 2649 impendat:
865 2604 1053 2650 majusque
1076 2611 1266 2650 peccatum
1295 2612 1347 2638 cst
1385 2603 1419 2637 in
1455 2604 1625 2646 exercitu,

57 2643 65 2665 '
112 2655 220 2692 miles
241 2654 433 2692 infideliter
453 2667 566 2703 agens
588 2667 672 2691 cum
695 2657 799 2691 hoste
823 2666 968 2703 pactum
1005 2658 1148 2699 habeat,
1171 2669 1279 2704 quam
1304 2658 1331 2692 si
1355 2657 1513 2704 aliquam
1546 2658 1627 2692 irre-

130 2710 254 2746 tiam
271 2708 381 2745 faciat
406 2709 507 2745 duci:
531 2718 566 2745 et
584 2710 654 2745 hoc
678 2719 731 2745 est
750 2710 858 2745 ctiam
883 2711 1039 2757 gravius,
1061 2723 1170 2758 quam
1194 2711 1222 2745 si
1250 2712 1284 2745 in
1305 2711 1427 2758 aliquo
1450 2711 1626 2758 obsequio

121 2779 130 2789 ⁴
175 2761 349 2799 deficiens
369 2762 583 2799 inveniatur.
611 2764 650 2798 In
677 2764 878 2811 praeceptis
912 2773 1033 2799 autem
1068 2765 1316 2799 ordinantibus
1352 2765 1395 2799 ad
1419 2765 1624 2811 proximum

251 2827 288 2852 tn
313 2824 379 2859 est,
399 2817 498 2864 quod
520 2817 636 2863 magis
674 2826 851 2864 repugnat
881 2818 1022 2860 rationi,
1057 2827 1091 2854 ct
1126 2819 1270 2864 gravius
1298 2827 1486 2865 peccatum
1510 2826 1574 2860 est,
1596 2819 1623 2854 si

133 2878 173 2908 ·0
202 2880 279 2906 non
303 2878 422 2907 servet
442 2870 609 2906 ordinem
640 2871 801 2907 debitum
823 2871 867 2906 ad
890 2883 1074 2918 personas,
1101 2872 1229 2920 quibus
1252 2882 1304 2907 est
1326 2872 1443 2919 magis
1465 2872 1623 2913 debitor;

0 2588 19 2668 Ἁίῐι
0 2470 18 2558 tufi*

58 2726 64 2772 l

59 2793 70 2866 Ξ
107 2814 116 2823 .

0 2952 17 2989 fii:
0 2899 17 2936 ’τὶ
0 2857 17 2882 ΐὸ
0 2749 20 2829 Fun
