1907 3198
513 184 738 222 QUAESTIO
772 183 862 214 XVI.
898 182 1147 214 ARTICULUS
1182 182 1238 211 IV.
1592 181 1675 224 135

87 274 138 310 sic
161 283 246 308 cum
266 282 353 306 usus
374 269 555 317 pertineat
576 267 620 304 ad
638 268 865 315 praedictam
884 265 1092 301 motionem
1107 264 1319 307 voluntatis,
1336 263 1500 299 medium
1516 272 1570 299 est
1582 263 1676 299 inter

87 327 318 368 electionem,
341 332 376 359 et
397 324 665 359 executionem.

156 381 218 416 An
240 389 450 415 SECUNDUM
478 377 687 420 dicendum,
710 376 809 424 quod
830 376 878 419 id,
901 374 999 422 quod
1019 383 1073 410 est
1094 386 1158 422 per
1172 374 1370 409 essentiam
1391 384 1496 408 suam
1519 372 1677 408 relatum

85 434 264 484 posterius
286 442 341 468 est
362 432 550 467 absoluto:
574 431 636 466 sed
663 431 711 474 id,
735 431 794 465 cui
816 430 1059 465 attribuuntur
1080 428 1288 471 relationes,
1311 439 1387 462 non
1410 435 1556 474 oportet
1577 428 1676 474 quod

85 490 131 525 sit
150 488 348 536 posterius:
371 487 488 522 immo
511 494 649 534 quanto
673 497 782 520 causa
805 493 859 520 est
880 486 990 532 prior,
1013 492 1116 519 tanto
1135 483 1247 518 habet
1267 482 1464 517 relationes
1489 482 1532 517 ad
1555 482 1676 529 plures

86 542 247 579 effectus.

155 597 218 633 AD
245 606 420 632 TERTIUM
450 595 659 638 dicendum,
690 593 788 641 quod
820 592 951 628 electio
982 592 1169 640 praecedit
1198 603 1318 633 usum,
1349 591 1379 626 si
1409 589 1612 626 referantur
1634 590 1679 625 ad

84 651 204 688 idem:
225 650 318 686 nihil
339 657 463 685 autem
485 649 665 696 prohibet,
688 648 787 696 quod
808 659 895 683 usus
917 649 1024 682 unius
1046 646 1243 694 praecedat
1264 645 1486 680 electionem
1509 645 1677 688 alterius;

85 714 121 742 et
138 705 224 754 quia
246 713 348 740 actus
369 704 570 739 voluntatis
591 703 828 738 reflectuntur
849 714 958 750 supra
981 701 1133 748 seipsos,
1146 701 1183 735 in
1199 700 1363 748 quolibet
1381 708 1464 735 actu
1479 699 1679 734 voluntatis

84 768 207 809 potest
227 759 347 807 accipi
367 771 550 802 consensus,
574 767 609 794 et
630 758 754 801 electio,
770 766 806 792 et
818 768 911 793 usus:
928 765 968 792 ut
982 757 1011 792 si
1026 756 1178 799 dicatur,
1194 755 1292 803 quod
1308 754 1479 790 voluntas
1496 754 1681 789 consentit

83 826 124 851 se
145 814 294 862 eligere,
316 822 352 849 et
373 813 556 848 consentit
577 824 615 848 se
639 812 858 854 consentire,
882 819 917 846 et
943 811 1055 846 utitur
1086 822 1123 845 se
1147 811 1191 846 ad
1223 809 1542 851 consentiendum,
1570 817 1606 844 et
1620 808 1680 843 eli-

84 869 265 918 gendum:
289 876 324 904 et
345 879 491 915 semper
511 867 572 903 isti
594 875 696 902 actus
718 866 877 902 ordinati
898 865 942 900 ad
964 865 1012 909 id,
1035 865 1134 913 quod
1156 873 1211 900 est
1231 866 1340 911 prius,
1364 873 1447 899 sunt
1465 865 1616 911 priores.

597 1139 959 1203 QUAESTIO
1001 1139 1160 1188 XVII.

356 1269 421 1301 DE
468 1268 669 1301 ACTIBUS
715 1267 972 1299 IMPERATIS
1019 1268 1051 1298 A
1090 1266 1397 1305 VOLUNTATE,

505 1341 559 1372 IN
584 1340 758 1373 NOVEM
784 1339 1051 1372 ARTICULOS
1078 1339 1257 1372 DIVISA.

156 1465 302 1501 Deinde
323 1464 634 1501 considerandum
657 1472 712 1500 est
734 1464 778 1499 de
805 1463 944 1499 actibus
965 1463 1154 1511 imperatis
1181 1474 1201 1497 a
1222 1462 1424 1498 voluntate.

568 1556 615 1592 Et
635 1557 727 1591 circa
748 1555 808 1591 hoc
830 1560 1043 1602 quaeruntur
1063 1567 1195 1590 novem.

157 1629 297 1665 Primo.
319 1629 455 1665 Utrum
475 1628 659 1676 imperare
681 1628 726 1663 sit
748 1636 848 1663 actus
871 1627 1083 1671 voluntatis,
1104 1626 1163 1662 vel
1185 1626 1348 1662 rationis.

163 1684 349 1720 Secundo.
372 1684 507 1719 Utrum
528 1683 711 1730 imperare
733 1683 912 1730 pertineat
934 1682 979 1717 ad
1000 1683 1104 1717 bruta
1127 1681 1313 1717 animalia.

160 1738 301 1774 Tertio.
322 1738 380 1774 De
403 1738 530 1773 ordine
551 1737 699 1784 imperii
716 1737 761 1772 ad
784 1749 903 1772 usum.

160 1794 316 1836 Quarto.
339 1793 475 1828 Utrum
495 1792 704 1839 imperium,
727 1801 763 1827 et
781 1801 883 1827 actus
902 1793 1099 1839 imperatus
1120 1791 1192 1827 sint
1210 1803 1303 1826 unus
1323 1799 1436 1835 actus,
1455 1791 1515 1827 vel
1534 1791 1679 1827 diversi.

162 1848 318 1890 Quinto.
341 1847 477 1883 Utrum
501 1855 603 1882 actus
624 1846 824 1882 voluntatis
847 1848 1057 1894 imperetur.

159 1903 283 1939 Sexto.
305 1902 441 1938 Utrum
463 1910 565 1937 actus
586 1901 750 1937 rationis.

160 1957 339 2006 Septimo.
362 1957 498 1992 Utrum
520 1965 622 1991 actus
650 1957 829 2004 appetitus
852 1956 1027 1991 sensitivi.

159 2013 319 2049 Octavo.
342 2011 477 2047 Utrum
500 2019 602 2046 actus
625 2011 770 2046 animae
792 2011 1018 2058 vegetabilis.

158 2067 284 2104 Nono.
311 2067 447 2102 Utrum
470 2074 573 2101 actus
595 2066 819 2101 exteriorum
841 2066 1105 2100 membrorum.

668 2209 1020 2256 ARTICULUS
1057 2211 1089 2253 1.
1633 2234 1675 2271 9,

190 2322 348 2354 UTRUM
374 2322 592 2353 IMPERARE
625 2322 694 2353 SIT
728 2322 873 2352 ACTUS
907 2322 1133 2361 RATIONIS,
1160 2322 1242 2352 VEL
1271 2321 1574 2352 VOLUNTATIS.

275 2411 383 2459 (Infr.
406 2424 436 2459 q.
461 2412 519 2448 60.
542 2416 608 2447 art.
631 2423 659 2446 Ι.
682 2412 851 2459 corp.fin.
873 2416 903 2446 et
924 2423 989 2447 2-2.
1009 2424 1039 2458 q.
1063 2412 1111 2458 83.
1135 2417 1201 2447 art.
1224 2424 1251 2447 Ι.
1274 2416 1304 2446 et
1324 2424 1376 2448 10.
1399 2418 1491 2460 corp.

390 2471 421 2502 et
448 2466 536 2501 Veri.
559 2478 591 2513 q.
613 2477 667 2502 22.
691 2471 757 2502 art.
772 2478 823 2502 12.
839 2465 883 2501 ad
896 2477 929 2511 4.
952 2470 982 2501 et
1004 2465 1128 2511 Quodl.
1149 2478 1181 2513 9.
1205 2471 1271 2501 art.
1294 2466 1376 2511 12.).

159 2558 221 2594 An
242 2569 395 2594 PRmUM
414 2558 466 2594 sic
485 2557 705 2605 proceditur.
724 2557 890 2600 Videtur,
910 2557 1008 2605 quod
1030 2558 1213 2605 imperare
1235 2569 1310 2592 non
1333 2559 1378 2592 sit
1400 2566 1502 2592 actus
1517 2559 1680 2603 rationis,

90 2611 155 2648 sed
175 2611 390 2648 voluntatis:
413 2613 594 2659 imperare
610 2612 708 2647 enim
723 2621 776 2647 est
791 2624 940 2647 movere
956 2613 1162 2660 quoddam:
1180 2613 1267 2647 dicit
1294 2613 1392 2647 enim
1412 2613 1564 2647 Avicen.
1581 2614 1679 2660 quod

89 2666 300 2715 quadruplex
320 2674 375 2702 est
391 2678 546 2702 movens
561 2666 720 2702 scilicet:
733 2668 920 2715 perficiens,
940 2667 1125 2715 (inponens,
1150 2669 1330 2714 imperans,
1350 2672 1379 2702 ct
1397 2668 1597 2703 consilians.-
1618 2668 1680 2703 sed

90 2720 135 2756 ad
152 2720 384 2756 voluntatem
405 2721 561 2769 pertinet
582 2733 733 2756 movere
747 2733 878 2756 ornnes
894 2721 983 2756 alias
998 2722 1093 2756 vires
1109 2722 1267 2764 animae,
1291 2730 1329 2756 ut
1343 2721 1481 2756 dictum
1497 2730 1551 2756 est
1572 2734 1681 2770 supra

91 2773 142 2822 (q.
163 2787 196 2823 9.
223 2781 288 2811 art.
310 2776 379 2823 1.),·
403 2786 491 2822 ergo
514 2775 695 2823 imperare
718 2784 772 2810 est
795 2784 896 2810 actus
915 2775 1127 2811 voluntatis.

161 2839 195 2864 2.
215 2829 457 2866 PRAETEREA.
481 2829 586 2864 Sicut
606 2830 778 2877 imperari
799 2830 956 2877 pertinet
978 2831 1022 2865 ad
1045 2831 1093 2874 id,
1116 2831 1215 2877 quod
1238 2839 1293 2865 est
1310 2830 1527 2876 subjectum,
1549 2831 1598 2866 ita
1616 2831 1681 2866 im-

90 2894 217 2930 perare
236 2884 418 2932 pertinere
439 2884 583 2920 videtur
602 2884 646 2919 ad
664 2884 712 2927 id,
734 2885 832 2932 quod
849 2893 904 2920 est
917 2885 1078 2920 maxime
1099 2885 1276 2920 liberum:
1299 2885 1362 2920 sed
1381 2885 1482 2920 radix
1503 2885 1679 2921 libertatis

92 2945 147 2973 est
166 2938 327 2974 maxime
348 2938 386 2974 in
406 2938 618 2983 voluntate;
639 2950 729 2987 ergo
750 2938 952 2975 voluntatis
974 2948 1028 2975 est
1049 2939 1243 2987 imperare.
