1907 3198
0 198 5 263 ᾗ
476 220 698 258 αυΑΕετ-ιο
733 220 876 251 Lxxrv.
910 221 1155 252 ana-mutus
1189 221 1229 252 x.
1551 222 1631 265 543

80 304 214 348 divina,
236 312 321 352 puta
342 315 425 339 cum
447 304 526 351 quis
547 304 679 351 patitur
699 303 857 338 subitum
880 302 1099 338 infidelitatis
1126 311 1287 338 motum:
1315 310 1350 337 et
1375 302 1540 349 quamvis
1566 301 1641 337 infi-

78 357 207 395 deliras
227 357 427 394 secundum
448 369 553 393 suum
576 369 689 404 genus
716 358 759 392 sit
785 366 974 404 peccatum
1002 356 1176 398 mortale;
1203 364 1325 391 tamen
1352 356 1491 390 subitus
1518 364 1640 390 motus

78 410 299 448 infidelitatis
321 419 374 446 est
394 418 585 459 peccatum
599 410 763 446 veniale:
782 411 866 458 quia
885 418 1075 457 peccatum
1093 409 1247 445 mortale
1266 421 1340 444 non
1356 417 1407 444 est
1424 409 1491 444 nisi
1511 417 1638 444 contra

78 463 200 513 legem
221 464 302 500 Dei.
324 464 449 500 Potest
470 473 590 499 autem
614 464 747 511 aliquid
770 464 915 506 horum,
937 475 1029 510 quae
1052 465 1230 510 pertinent
1252 463 1295 498 ad
1318 463 1438 505 fidem,
1454 463 1572 498 subito
1591 474 1642 497 ra-

78 517 171 555 tioni
190 529 380 554 occurrere
401 518 466 553 sub
488 517 645 565 quadam
668 517 738 552 alia
756 517 907 559 ratione,
923 525 1117 564 antequam
1137 528 1244 563 super
1257 517 1327 551 hoc
1344 516 1565 558 consulatur,
1583 515 1640 550 vel

80 570 222 608 consuli
247 571 361 619 possit
387 571 478 606 ratio
506 579 664 613 aeterna,
690 571 781 605 idest
807 570 862 605 lex
889 570 977 606 Dei:
1005 579 1090 617 puta
1118 582 1201 605 cum
1229 571 1307 617 quis
1334 570 1638 605 resurrectionem

79 632 309 661 mortuorum
329 625 449 660 subito
471 624 708 672 apprehendit
725 632 762 659 ut
780 623 1043 671 impossibilem
1062 624 1262 659 secundum
1281 632 1458 667 naturam,
1481 631 1516 659 et
1532 623 1641 659 simul

79 677 386 726 apprehendendo
404 678 567 713 renititur
581 677 643 724 [al.
664 677 873 723 rernittitttrJ,
889 686 1082 724 antequam
1097 685 1240 724 tempus
1258 677 1390 712 habeat
1407 677 1640 719 deliberandi,

78 731 176 780 quod
196 731 268 767 hoc
290 738 345 767 est
364 731 469 767 nobis
487 731 658 767 traditum
673 738 712 766 ut
725 731 946 766 credendum
961 731 1162 766 secundum
1176 730 1297 777 legem
1311 731 1483 766 divinam.
1504 730 1640 766 Sivero

79 793 163 834 post
180 785 276 821 hanc
297 784 596 821 deliberationem
618 793 740 820 motus
761 784 981 820 infidelitatis
1003 793 1158 827 maneat,
1181 793 1235 820 est
1253 793 1443 832 peccatum
1465 784 1640 820 mortale:

78 846 116 875 et
133 837 219 875 ideo
240 838 337 874 circa
357 838 545 886 proprium
565 838 762 885 objectum,
783 846 819 873 et
836 838 866 873 si
886 838 930 873 sit
956 846 1145 885 peccatum
1173 838 1327 874 mortale
1349 850 1391 873 ex
1413 849 1557 885 genere,
1579 849 1642 885 po-

78 899 148 929 test
169 891 261 928 ratio
282 892 446 941 superior
462 903 612 940 peccare
633 891 822 927 venialiter
842 892 878 926 in
900 892 1024 927 subitis
1042 892 1212 935 motibus,
1234 891 1292 927 vel
1309 893 1418 928 etiam
1441 891 1642 926 mortaliter

78 956 144 994 per
162 945 399 982 deliberatum
420 957 657 982 consensum:
677 946 712 981 in
733 946 790 981 his
813 953 946 988 autem,
964 957 1055 993 quae
1074 946 1252 993 pertinent
1271 946 1314 981 ad
1331 944 1518 981 inferiores
1535 945 1640 987 vires,

78 1009 222 1047 semper
242 1007 370 1048 peccat
389 999 592 1035 mortaliter
613 999 649 1034 in
670 999 738 1042 his,
760 1010 852 1046 quae
874 1008 958 1034 sunt
983 1007 1131 1046 peccata
1153 999 1321 1034 mortalia
1343 1011 1385 1034 ex
1407 1011 1473 1034 suo
1496 1010 1640 1046 genere,

80 1063 155 1089 non
176 1061 299 1089 autem
319 1053 356 1089 in
378 1053 446 1097 his,
467 1064 560 1101 quae
582 1053 783 1088 secundum
805 1064 910 1088 suum
933 1064 1047 1099 genus
1068 1061 1150 1088 sunt
1167 1053 1322 1088 venialia
1345 1061 1505 1100 peccata.

149 1106 211 1142 AD
234 1117 384 1144 numm
411 1118 499 1154 ergo
524 1107 731 1149 dicendum,
757 1106 855 1154 quod
882 1114 1084 1153 peccatum,
1115 1107 1211 1154 quod
1245 1115 1299 1142 est
1327 1115 1453 1141 contra
1483 1106 1640 1142 rationes

79 1166 255 1203 aeternas,
275 1161 342 1196 etsi
362 1160 407 1196 sit
427 1168 617 1208 peccatum
645 1159 798 1195 mortale
820 1171 862 1195 ex
881 1171 1023 1206 genere,
1051 1167 1170 1206 potest
1195 1168 1316 1195 tamen
1344 1171 1422 1195 esse
1448 1168 1639 1207 peccatum

78 1212 220 1249 veniale
240 1221 386 1261 propter
406 1213 716 1261 imperfectionem
739 1221 839 1248 actus
861 1213 979 1256 subiti,
1001 1222 1038 1248 ut
1060 1213 1197 1248 dictum
1219 1222 1272 1249 est
1295 1214 1344 1259 (in
1366 1220 1456 1261 corp.
1479 1215 1573 1260 art).

149 1267 211 1303 Ao
236 1277 443 1303 SECUNDUM
465 1267 671 1310 dicendum,
693 1267 790 1314 quod
812 1267 847 1301 in
869 1267 1064 1314 operativis
1085 1267 1128 1302 ad
1151 1268 1342 1310 rationem,
1364 1268 1407 1302 ad
1430 1279 1539 1314 quam
1566 1279 1643 1315 per·

78 1319 169 1357 tinet
188 1319 411 1364 deliberatio,
431 1321 586 1368 pertinet
598 1321 708 1356 etiam
730 1320 881 1368 simplex
899 1322 1046 1356 intuitus
1060 1331 1200 1363 eorum,
1222 1333 1264 1356 ex
1280 1321 1408 1368 quibus
1430 1321 1641 1356 deliberatio

80 1373 261 1422 procedit:
288 1375 379 1410 sicut
405 1374 514 1409 etiam
535 1374 571 1409 in
592 1373 822 1421 speculativis
849 1373 893 1408 ad
921 1376 1099 1409 rationem
1126 1374 1279 1420 pertinet
1301 1382 1335 1409 et
1356 1374 1583 1421 syllogizare,
1606 1383 1640 1410 et

79 1427 346 1475 propositiones
366 1426 547 1471 formare;
568 1435 602 1462 et
623 1427 706 1462 ideo
729 1427 838 1462 etiam
861 1427 952 1462 ratio
974 1435 1092 1475 potest
1113 1427 1245 1463 habere
1267 1428 1423 1463 subitum
1446 1437 1601 1463 motum.

149 1480 210 1516 AD
232 1490 403 1517 TERTltJM
429 1474 636 1524 di‘cendum,
658 1481 754 1528 quod
777 1492 848 1515 una
869 1489 904 1516 et
925 1481 1053 1516 eadem
1075 1492 1142 1524 res,
1164 1489 1281 1528 potest
1300 1482 1459 1517 diversas
1481 1482 1642 1517 conside-

78 1532 236 1570 rationes
253 1533 399 1578 habere,
417 1545 570 1582 quarum
593 1545 663 1569 una
685 1542 739 1569 est
757 1533 867 1569 altera
890 1534 1013 1570 altior:
1036 1535 1127 1569 sicut
1148 1535 1269 1570 Deum
1291 1546 1369 1570 esse
1390 1543 1509 1583 potest
1527 1535 1642 1570 consi·

77 1585 207 1631 derari,
226 1586 286 1623 vel
305 1587 520 1635 inquantum
547 1596 600 1623 est
625 1587 874 1633 cognoscibile
900 1589 1039 1623 ratione
1065 1588 1238 1631 humana,
1259 1589 1317 1624 vel
1339 1589 1553 1636 inquantum
1574 1598 1641 1624 tra-

77 1639 174 1677 ditur
185 1640 405 1677 revelatione
419 1641 552 1684 divina,
565 1652 658 1689 quae
672 1649 725 1676 est
739 1642 980 1677 consideratio
995 1642 1120 1678 altior:
1135 1651 1169 1678 et
1185 1643 1266 1678 ideo
1278 1643 1442 1690 quamvis
1457 1643 1639 1690 objectum

76 1694 226 1731 rationis
243 1695 438 1743 superioris
456 1695 501 1731 sit
515 1695 686 1743 quiddam
704 1696 904 1730 secundum
926 1704 1092 1731 naturam
1114 1698 1164 1731 rei
1187 1696 1422 1739 altissimum;
1443 1705 1564 1732 tamen
1581 1709 1641 1744 po-

75 1754 146 1785 toet
164 1748 275 1784 etiam
292 1749 414 1784 reduci
433 1748 469 1784 in
483 1749 679 1797 quamdam
694 1748 860 1784 altiorem
879 1750 1226 1785 considerationem:
1247 1758 1281 1785 et
1298 1751 1367 1785 hac
1384 1751 1524 1786 ratione
1543 1751 1639 1798 quod

77 1801 115 1839 in
133 1809 237 1838 motu
257 1802 376 1838 subito
397 1813 471 1838 non
497 1810 573 1838 erat
593 1810 783 1850 peccatum
806 1802 972 1845 mortale,
994 1814 1056 1850 per
1081 1803 1379 1839 deliberationem
1406 1805 1638 1840 reducentem

76 1853 294 1892 inaltiorem
313 1855 644 1892 considerationem
666 1855 705 1891 fit
725 1864 915 1903 peccatum
934 1857 1100 1901 mortale,
1122 1857 1214 1892 sicut
1235 1869 1341 1905 supra
1364 1858 1566 1905 expositum
1586 1867 1640 1893 est

78 1906 132 1956 (ἴοι
149 1915 240 1946 coro.
260 1910 357 1957 art).

541 2203 909 2279 'QUAESTIO
951 2204 1160 2252 LXXV.

350 2333 414 2366 DE
450 2333 614 2366 CAUSIS
658 2333 972 2366 PECCATORUM
1011 2334 1062 2365 m
1101 2335 1356 2372 GENERALI.

461 2405 512 2437 IN
538 2405 765 2446 QUATUOR
785 2405 1046 2438 AR'I'ICULOS
1074 2405 1247 2438 DIVISA.

70 2597 74 2605 Ι
132 2549 290 2588 'Deinde
314 2551 616 2589 considerandum
645 2560 699 2588 est
723 2552 767 2588 de
793 2554 909 2588 causis
935 2561 1182 2600 peccatorum,
1208 2561 1242 2589 ct
1258 2555 1371 2602 primo
1401 2554 1435 2589 in
1463 2553 1635 2599 generali,

127 2604 215 2643 undo
234 2605 272 2642 in
291 2605 452 2655 speciali.

524 2688 627 2725 Circa
642 2691 793 2738 primum
813 2696 1020 2737 quaeruntur
1040 2696 1194 2738 quatuor.

149 2765 287 2804 Primo.
307 2766 439 2804 Utrum
461 2776 649 2816 peccatum
671 2766 803 2803 habeat
824 2780 983 2803 causam.

149 2819 332 2858 Secundo.
354 2820 486 2858 ΠΜ
504 2821 638 2857 habeat
657 2832 804 2857 causam
823 2822 1044 2858 interiorem.

150 2871 290 2914 Tertio.
311 2873 443 2911 Utrum
465 2874 596 2910 habeat
617 2885 764 2910 causam
786 2876 1019 2911 exteriorch

125 2945 134 2965 ·.
151 2925 306 2971 Quam
329 2926 460 2964 Utrum
481 2935 672 2976 peccatum
693 2928 737 2964 sit
758 2939 864 2964 causa
888 2930 1036 2977 peccati.
