1907 3198
0 0 53 251 Γ
547 214 771 252 QUAESTIO
804 214 846 245 C.
878 213 1125 244 ARTICULUS
1157 212 1200 243 X.
1582 213 1668 256 729

96 305 136 335 et
156 297 243 359 ideo
268 296 494 345 impossibile
521 305 586 339 est,
613 295 711 343 quod
732 295 902 342 Pelagius
928 295 1027 337 dixit,
1049 294 1240 330 hominem
1266 293 1419 341 implere
1445 293 1566 340 legem
1593 294 1670 329 sine

97 359 226 400 gratia.

651 472 998 519 ARTICULUS
1032 472 1112 516 XI.
1606 494 1671 529 540

224 579 382 615 unum
413 581 754 614 CONVENIENTER
786 581 886 612 ALIA
921 581 1117 612 MORALIA
1142 581 1395 611 PRAECEPTA
1428 580 1551 610 LEGIS

419 647 785 679 DISTINGUANTUR
817 647 1011 678 PRAETER
1044 645 1338 677 DECALOGUM.

500 735 616 784 (Supr.
637 741 704 772 art.
723 748 752 783 3.
770 741 801 772 et
821 736 900 771 locis
920 734 1042 770 ibidem
1063 735 1261 781 annotatis).

166 825 230 862 An
250 835 485 861 unntcluuu
500 825 551 860 sic
568 825 786 872 proceditur.
799 823 963 867 Videtur,
977 825 1075 871 quod
1089 824 1390 860 inconvenienter
1406 824 1671 869 distinguantur

95 878 168 916 alia
194 878 351 915 moralia
382 887 578 926 praecepta
612 878 704 924 legis
737 886 879 926 praeter
911 877 1148 925 decalogum3
1171 879 1267 925 quia,
1301 887 1339 913 ut
1372 878 1555 913 Dominus
1584 878 1671 913 dicit

93 933 225 970 Manu.
238 942 315 969 22.:
333 933 374 968 In
387 932 512 969 duobus
529 934 715 980 praeceptis
727 933 902 968 charitatis
910 932 1028 980 pendet
1041 934 1147 967 omnis
1167 932 1231 975 lex,
1245 937 1275 967 et
1285 932 1466 980 prophetae
1475 945 1486 967 :
1501 932 1562 967 sed
1577 932 1668 966 haec

93 987 170 1024 duo
188 993 383 1034 praecepta
402 985 628 1032 explicantur
648 997 711 1032 per
736 986 863 1021 decem
884 994 1078 1033 praecepta
1103 985 1292 1032 decalogi;
1318 997 1409 1032 ergo
1430 997 1504 1020 non
1527 994 1670 1032 oportet

94 1040 166 1078 alia
186 1048 380 1087 praecepta
400 1039 556 1075 moralia
575 1039 729 1075 tradere.

166 1103 200 1130 2.
221 1093 460 1129 PRAETEREA.
488 1093 687 1140 Praecepta
713 1092 867 1128 moralia
894 1103 914 1127 a
940 1092 1181 1139 judicialibus,
1206 1100 1243 1127 et
1267 1092 1596 1128 caeremonialibus
1622 1092 1671 1127 di-

93 1147 338 1194 stinguuntur,
359 1155 398 1182 ut
416 1147 556 1182 dictum
577 1155 632 1182 est
651 1146 700 1193 (q.
717 1152 830 1194 praec.
852 1151 919 1182 art.
937 1158 966 1193 3.
984 1157 1018 1190 4.
1032 1147 1131 1191 215).-
1143 1145 1206 1180 sed
1228 1146 1550 1182 determinationes
1573 1157 1671 1181 com·

94 1201 263 1237 munium
291 1207 571 1248 praeceptorum
597 1199 794 1235 moralium
820 1200 1000 1246 pertinent
1027 1199 1070 1234 ad
1097 1199 1292 1245 judicialia,
1323 1208 1358 1234 et
1386 1199 1670 1234 caeremonialia

94 1253 534 1303 praeceptazcommunia
544 1261 667 1288 autem
677 1260 872 1300 praecepta
886 1252 1041 1287 moralia
1052 1253 1118 1287 sub
1139 1252 1320 1297 decalogo
1341 1254 1584 1295 continentur,
1612 1252 1671 1288 vel

94 1308 207 1344 etiam
227 1306 410 1354 decalogo
431 1314 784 1354 praesupponuntur‚
806 1314 845 1340 ut
858 1306 995 1340 dictum
1018 1314 1072 1340 est
1088 1306 1166 1349 (art.
1185 1318 1214 1352 3.
1228 1306 1298 1352 huj.
1313 1307 1376 1353 q.),·
1392 1318 1481 1352 ergo
1503 1307 1672 1342 inconve-

93 1361 236 1398 nienter
253 1361 447 1396 traduntur
463 1358 534 1394 alia
551 1368 745 1406 preacepta
766 1358 921 1394 moralia
943 1367 1085 1406 praeter
1104 1359 1338 1405 decalogum.

168 1426 200 1462 3.
221 1413 462 1451 ΡιΛετειεΑ.
490 1413 692 1459 Praecepta
718 1412 873 1447 moralia
899 1421 983 1447 sunt
1006 1412 1051 1447 de
1073 1412 1212 1448 actibus
1233 1413 1400 1448 omnium
1418 1414 1605 1456 virtutum,
1632 1422 1671 1449 ut

93 1477 202 1517 nupta
221 1467 362 1503 dictum
382 1474 439 1503 est
459 1466 540 1511 (art.
558 1478 590 1502 2.
609 1466 680 1513 huj.
699 1466 772 1513 q.),·
789 1466 884 1501 sicut
902 1466 1010 1512 igitur
1029 1466 1065 1500 in
1084 1465 1166 1512 lege
1180 1476 1364 1513 ponuntur
1384 1476 1576 1514 praecepta
1595 1479 1671 1503 mo-

91 1520 184 1558 nna
203 1528 348 1569 praeter
370 1519 592 1567 decalogum
619 1519 835 1567 pertinentia
862 1520 906 1554 ad
932 1519 1089 1562 latriam,
1115 1519 1381 1563 liberalitatem,
1408 1530 1443 1556 et
1469 1521 1671 1556 misericor-

91 1574 204 1618 diam,
223 1582 262 1610 et
280 1574 507 1616 castitatem3
527 1575 576 1609 ita
597 1573 710 1608 etiam
728 1573 901 1608 deberent
921 1573 1009 1620 poni
1031 1572 1151 1620 aliqua
1172 1583 1365 1621 praecepta
1386 1575 1602 1621 pertinentia
1624 1575 1668 1610 ad

9 1623 30 1663 ὲ
92 1628 182 1666 alias
205 1628 369 1671 virmtes,
393 1635 481 1676 puta
506 1627 555 1662 ad
582 1626 846 1670 fortitudinem,
872 1627 1118 1670 sobrietatem,
1146 1636 1182 1662 et
1209 1627 1280 1662 alia
1306 1628 1537 1674 hujusmodi:
1570 1629 1668 1676 quod

91 1689 216 1719 nmen
235 1691 313 1717 non
332 1680 532 1724 invenitur;
553 1692 630 1716 non
651 1691 740 1727 ergo
769 1681 1033 1716 convenienter
1046 1681 1314 1728 distinguuntur
1327 1682 1363 1716 in
1379 1682 1460 1729 lege
1479 1682 1548 1717 alia
1570 1693 1670 1730 prae-

93 1744 198 1784 cepta
219 1734 375 1772 moralia
394 1743 538 1782 praeter
557 1733 788 1781 decalogum.

0 1795 1 1848 χ
23 1815 26 1818 -
165 1787 243 1826 Sto
264 1798 423 1825 coum
443 1796 510 1831 est,
532 1788 630 1835 quod
650 1788 687 1822 in
709 1787 804 1823 Psal.
831 1788 883 1822 18.
904 1788 1052 1823 dicitur:
1076 1788 1146 1824 Lex
1172 1789 1316 1824 Domini
1341 1789 1572 1832 immaculata,
1595 1801 1670 1825 con-

91 1848 221 1880 vertam
231 1843 381 1878 animas.-
394 1841 456 1877 sed
467 1852 532 1889 per
544 1840 614 1876 alia
628 1841 740 1876 etiam
755 1841 921 1886 moralia,
940 1852 1033 1888 quae
1048 1841 1227 1889 decalogo
1241 1843 1541 1890 superadduntur,
1551 1843 1668 1878 homo

92 1903 328 1933 conservatur
361 1895 498 1942 absque
538 1894 683 1930 macula
709 1895 862 1942 peccati,
889 1903 924 1930 et
949 1895 1072 1929 anima
1107 1895 1184 1940 ejus
1211 1897 1254 1930 ad
1276 1896 1398 1931 Deum
1425 1897 1667 1939 convertitur;

92 1959 184 1998 ergo
203 1949 250 1985 ad
270 1948 395 1996 legem
416 1948 618 1996 pertinebat
639 1948 749 1983 etiam
771 1948 841 1983 alia
862 1957 1054 1995 praecepta
1076 1949 1230 1984 moralia
1251 1950 1403 1985 tradere.

164 2002 398 2039 stroxnto
419 2002 630 2044 dicendum,
652 2002 763 2049 quod,
784 2003 876 2037 sicut
902 2013 943 2037 ex
970 2002 1076 2037 dictis
1101 2011 1199 2050 patet
1219 2004 1267 2050 (q.
1286 2008 1402 2050 praec.
1425 2010 1490 2040 art.
1509 2009 1581 2051 3.et
1599 2004 1666 2050 4.),

93 2064 290 2106 praecepta
309 2055 506 2103 judicialia,
528 2055 812 2091 caeremonialia
829 2067 873 2090 ex
890 2055 970 2091 sola
992 2056 1217 2092 institutione
1235 2057 1309 2092 vim
1331 2058 1481 2094 habent:
1503 2059 1587 2105 quia
1610 2070 1669 2093 an-

92 2118 242 2159 tequam
260 2110 546 2152 instituerentur,
566 2120 641 2145 non
664 2109 852 2148 videbatur
878 2109 1011 2145 referre
1037 2118 1156 2145 utrum
1184 2111 1235 2146 sic
1258 2111 1314 2146 vel
1337 2111 1441 2147 aliter
1462 2112 1581 2147 fieret:
1603 2112 1667 2148 sed

91 2171 285 2213 praecepta
317 2161 472 2198 moralia
501 2173 544 2198 ex
576 2163 657 2210 ipso
682 2163 881 2198 dictamine
908 2163 1082 2198 naturalis
1111 2164 1260 2199 rationis
1289 2164 1490 2200 efficaciam
1521 2166 1667 2208 habent,

91 2216 236 2254 etiamsi
254 2227 457 2265 numquam
483 2216 521 2252 in
551 2215 634 2263 lege
660 2224 872 2251 statuantur.
899 2216 1033 2252 Horum
1061 2223 1172 2252 autem
1197 2218 1326 2265 triplex
1352 2224 1397 2254 est
1414 2219 1548 2263 gradus.
1570 2219 1666 2255 Nam

91 2270 255 2320 quadam
275 2277 361 2306 sunt
380 2270 698 2313 communissima,
719 2278 754 2305 et
773 2269 865 2305 adeo
884 2269 1086 2313 manifesta,
1104 2271 1202 2318 quod
1220 2272 1380 2307 editione
1398 2284 1471 2308 non
1487 2273 1665 2318 indigent:

91 2324 186 2362 sicut
209 2323 384 2360 mandata
403 2323 450 2360 de
471 2323 668 2360 dilectione
690 2323 772 2366 Dei,
794 2331 830 2358 et
851 2324 1017 2371 proximi,
1039 2334 1074 2360 et
1096 2325 1166 2360 alia
1188 2325 1411 2371 hujusmodi,
1434 2336 1471 2362 ut
1492 2339 1597 2374 supra
1619 2327 1668 2362 di·

92 2385 194 2415 otum
218 2384 275 2414 eat
294 2376 378 2422 (m.
404 2389 433 2414 ι.
457 2382 490 2413 ct
505 2389 535 2425 3.
557 2377 627 2424 huj.
655 2377 718 2424 q.),
741 2388 835 2424 quae
861 2385 945 2412 sunt
965 2378 1068 2425 quasi
1090 2378 1180 2414 fines
1201 2388 1490 2427 praeceptorum,
1514 2381 1608 2416 unde
1629 2381 1665 2416 in

91 2431 145 2469 eis
162 2429 287 2468 nunus
305 2439 426 2479 potat
439 2441 560 2467 errare
575 2430 776 2466 secundum
791 2431 966 2476 judicium
986 2431 1153 2468 rationis:
1167 2432 1329 2479 quaedam
1347 2445 1426 2469 vcro
1448 2443 1531 2468 sunt
1550 2434 1666 2480 magis

91 2484 347 2528 determinata,
366 2495 525 2532 quorum
543 2484 723 2519 rationem
743 2483 865 2519 statim
883 2484 1034 2532 quilibet
1052 2485 1162 2520 etiam
1178 2486 1361 2534 popularis
1376 2496 1494 2533 potest
1508 2488 1552 2522 de
1569 2487 1665 2523 facili

91 2537 232 2575 videre:
251 2545 290 2574 et
303 2545 430 2574 tamen
450 2538 536 2586 quia
557 2537 594 2572 in
616 2537 849 2585 paucioribus
863 2537 958 2574 circa
976 2538 1187 2583 hujusmodi
1209 2541 1386 2587 contingit
1408 2541 1582 2586 judicium
1603 2541 1667 2576 hu·

11 2007 40 2415 *uqa-*essan-
11 1847 27 1948 ’⁵'-

91 2601 245 2629 mum
256 2591 428 2640 perverti,
440 2590 651 2638 hujusmodi
666 2591 825 2626 editione
840 2591 1021 2638 indigent;
1036 2601 1072 2628 et
1086 2593 1177 2628 haec
1191 2603 1275 2629 sunt
1285 2603 1475 2642 praecepta
1487 2595 1665 2642 decalogi:

91 2644 254 2694 maa·-
270 2655 362 2681 vero
379 2652 477 2687 sunt,
497 2655 656 2692 quorum
678 2645 772 2680 ratio
793 2655 869 2680 non
887 2653 942 2681 est
961 2646 1055 2681 adeo
1076 2646 1224 2683 cuilibet
1245 2647 1449 2690 manifesta,
1463 2649 1524 2684 sed
1544 2649 1664 2685 solum

91 2697 330 2747 apientibm:
354 2705 392 2734 et
416 2698 485 2734 ista
510 2705 594 2733 sunt
619 2705 813 2745 praecepta
840 2698 996 2734 moralia
1021 2700 1252 2747 superaddita
1278 2701 1471 2746 decalogo,
1493 2703 1623 2738 tradita
1645 2715 1664 2739 a

91 2750 176 2788 Deo
194 2749 334 2799 populo
356 2762 421 2799 per
440 2749 622 2799 Moysem,
643 2759 679 2786 et
700 2751 838 2786 Aaron.
861 2752 932 2787 Sed
958 2753 1042 2799 quia
1065 2764 1119 2795 ea,
1141 2765 1234 2800 quae
1252 2764 1336 2790 sunt
1358 2755 1561 2798 manifesta,
1582 2765 1665 2792 sunt

91 2803 270 2853 principia
291 2803 538 2852 cognoscenffi
548 2815 690 2846 eorum,
704 2815 797 2851 quae
811 2816 885 2840 non
901 2815 983 2841 sunt
997 2806 1201 2849 manifesta,
1216 2807 1285 2842 alia
1302 2818 1494 2856 praecepta
1511 2810 1663 2845 moralia

92 2856 528 2906 superaddita-decalogo
548 2858 770 2893 reducuntur
784 2858 827 2892 ad
842 2868 1034 2906 praecepta
1048 2860 1215 2907 decalogi
1230 2873 1292 2908 per
1308 2862 1458 2896 modum
1475 2863 1663 2908 cujusdam

95 2910 291 2949 additionis
312 2911 358 2947 ad
379 2911 475 2959 ipsa:
496 2922 583 2947 narn
605 2913 640 2947 in
658 2913 774 2959 primo
800 2921 996 2961 praecepto
1021 2913 1188 2961 decalogi
1211 2915 1422 2961 prohibetur
1443 2916 1561 2952 cultus
1583 2917 1666 2953 alic-
