1907 3198
515 173 741 208 QUAESTIO
776 173 843 202 LV.
879 171 1129 202 ARTICULUS
1164 171 1225 201 111.
1578 158 1656 214 381

77 255 150 291 hoc
184 263 340 302 oportet,
375 254 472 301 quod
506 256 616 289 virtus
645 253 835 301 cujuslibet
860 254 911 288 rei
938 253 1078 288 dicatur
1104 252 1140 286 in
1168 251 1294 286 ordine
1317 251 1360 285 ad
1382 252 1540 293 bonurn3
1568 251 1663 285 unde

78 309 191 344 virtus
211 309 386 351 humana,
413 319 505 355 quae
533 317 586 343 est
612 308 756 343 habitus
779 307 998 355 operativus,
1026 314 1079 341 est
1099 306 1217 340 bonus
1239 305 1395 348 habitus,
1417 313 1452 340 et
1473 305 1559 339 boni
1582 316 1666 352 ope-

78 365 224 399 rativus.

150 417 210 452 AD
237 427 387 452 PRIMUM
415 427 503 462 ergo
531 417 739 459 dicendum,
767 415 863 463 quod
891 416 984 450 sicut
1005 415 1203 461 perfectum,
1232 414 1281 448 ita
1310 421 1345 448 et
1376 414 1496 448 bonum
1534 413 1664 447 dicitur

79 471 330 518 metaphorice
357 471 393 504 in
416 470 544 505 malis:
568 471 698 505 dicitur
716 471 813 505 enim
833 478 868 505 et
886 468 1065 516 perfectus
1087 467 1154 510 fur,
1179 468 1255 502 sive
1275 467 1379 509 latro,
1402 475 1436 501 et
1457 467 1574 501 bonus
1598 466 1664 507 fur,

78 525 154 560 sive
174 524 281 567 latro,
303 532 341 559 ut
362 532 461 571 patet
483 536 545 571 per
567 523 705 558 Philos.
730 524 767 558 in
798 535 825 569 ς.
857 523 1017 570 Metaph.
1047 524 1126 566 (tex.
1149 522 1233 566 21.).·
1256 521 1457 556 secundum
1480 521 1552 555 hoc
1577 532 1664 566 ergo

78 578 189 614 etiarn
209 579 319 614 virtus
340 579 591 625 metaphorice
614 579 649 612 in
673 578 778 612 malis
798 578 944 613 dicitur:
968 585 1003 612 et
1025 577 1074 611 sic
1096 577 1206 610 virtus
1222 577 1352 623 peccati
1374 575 1504 609 dicitur
1526 575 1594 617 lex,
1617 575 1667 608 in-

78 641 255 680 quantum
269 631 410 667 scilicet
424 644 487 679 per
501 632 623 679 legem
638 631 919 667 occasionaliter
933 639 987 666 est
1000 638 1191 678 peccatum
1209 637 1499 676 augmentatum,
1514 637 1549 664 et
1563 628 1665 675 quasi

79 686 123 722 ad
145 687 347 721 maximum
370 698 476 722 suum
499 697 606 733 posse
629 687 803 734 pervenit.

150 741 211 776 AD
233 751 442 777 SECUNDUM
464 741 671 783 dicendum,
706 741 804 787 quod
838 739 978 774 malum
1013 739 1206 781 ebrietatis,
1230 746 1265 773 et
1296 737 1432 772 nimiae
1466 737 1664 784 potationis

79 795 244 830 consistit
271 795 307 829 in
333 794 476 830 defectu
508 795 643 829 ordinis
677 795 846 829 rationis:
875 793 1055 840 contingit
1081 801 1204 827 autern
1232 804 1316 826 cum
1344 790 1487 827 defectu
1513 791 1665 825 rationis

79 860 158 884 esse
186 849 346 896 aliquam
373 849 576 896 potentiam
603 848 814 883 inferiorem
842 847 1042 895 perfectam
1071 847 1115 881 ad
1146 847 1193 890 id,
1224 846 1322 893 quod
1354 854 1408 881 est
1434 846 1489 880 sui
1511 846 1666 892 generis,

80 904 190 938 ctiam
212 915 295 937 cum
320 903 572 950 repugnantia,
589 902 648 937 vel
667 902 810 937 defectu
829 902 998 937 rationis:
1022 900 1197 948 perfectio
1221 908 1344 935 autem
1365 899 1447 934 talis
1468 899 1666 946 potentiae,

79 968 164 992 curn
185 957 231 992 sit
252 968 336 991 cum
359 956 502 991 defectu
521 957 684 999 rationis,
706 968 781 991 non
804 964 928 1003 posset
949 956 1021 990 dici
1041 956 1155 990 virtus
1177 955 1351 989 humana.

151 1010 211 1045 An
225 1020 399 1045 TERTmM
421 1010 630 1053 dicendum,
646 1010 744 1057 quod
758 1018 860 1045 tanto
877 1010 968 1044 ratio
983 1008 1180 1057 perfectior
1199 1020 1276 1043 esse
1299 1008 1512 1050 ostenditur,
1529 1015 1664 1054 quanto

78 1063 306 1099 infirmitates
333 1065 509 1110 corporis,
538 1072 574 1099 et
599 1064 814 1099 inferiorum
842 1065 999 1111 partium
1026 1065 1144 1110 magis
1166 1071 1287 1110 potest
1312 1063 1471 1105 vincere,
1494 1073 1557 1097 seu
1579 1061 1668 1096 tole-

79 1129 177 1162 rare;
203 1126 238 1153 et
261 1118 346 1153 ideo
372 1119 485 1154 virtus
511 1119 686 1162 humana,
713 1130 806 1166 quae
834 1119 968 1153 rationi
995 1118 1210 1160 attribuitur,
1237 1118 1273 1151 in
1300 1117 1510 1152 infirmitate
1537 1116 1661 1163 perfici

79 1172 219 1216 dicitur,
232 1183 308 1207 non
323 1172 471 1220 quidem
486 1173 648 1216 rationis,
663 1173 726 1208 sed
742 1173 778 1208 in
793 1172 1003 1207 infirmitate
1023 1172 1199 1219 corporis,
1215 1180 1250 1206 et
1263 1171 1477 1206 inferiorum
1496 1171 1664 1217 partium.

641 1317 990 1363 ARTICULUS
1021 1317 1098 1361 IV.
1589 1336 1658 1372 294

355 1428 511 1459 UTRUM
538 1428 696 1460 VIRTUS
725 1428 1068 1459 CONVENIENTER
1095 1427 1379 1457 DEFINIATUR.

82 1510 128 1556 (2.
146 1511 234 1546 Dist.
260 1523 314 1559 27.
336 1517 402 1547 art.
425 1523 456 1548 2.
478 1516 508 1548 et
524 1524 553 1559 3.
575 1512 664 1547 Dist.
692 1523 740 1558 23.
762 1523 792 1558 q.
815 1524 842 1547 1.
865 1516 930 1546 art.
953 1523 983 1547 2.
1011 1523 1041 1558 q.
1061 1523 1089 1558 3.
1112 1516 1143 1546 et
1171 1511 1258 1546 Veri.
1281 1523 1311 1558 q.
1334 1524 1361 1546 I.
1384 1515 1448 1546 art.
1471 1522 1502 1546 2.
1518 1516 1583 1558 per
1602 1515 1660 1546 tot.

575 1571 607 1602 et
628 1571 692 1601 art.
716 1578 748 1613 9.
771 1565 815 1601 ad
840 1578 868 1601 1.
891 1571 919 1601 et
945 1578 997 1602 10.
1019 1565 1063 1600 ad
1083 1565 1160 1611 IL).

149 1654 211 1690 AD
231 1665 423 1695 QUARTUM
446 1655 496 1691 sic
518 1656 739 1703 proceditur.
762 1655 928 1698 Videtur,
951 1655 1049 1702 quod
1071 1667 1146 1690 non
1174 1655 1219 1689 sit
1242 1655 1465 1690 conveniens
1499 1654 1662 1689 definitio

78 1707 230 1752 virtutis,
249 1721 342 1756 quae
364 1709 458 1745 solet
479 1710 668 1756 assignari,
691 1709 848 1744 scilicet:
879 1710 992 1746 Virtus
1012 1714 1058 1744 est
1080 1711 1166 1744 bona
1185 1710 1329 1756 qualitas
1344 1710 1471 1752 mentis,
1483 1721 1565 1756 quae
1580 1714 1662 1745 rect:

78 1763 221 1806 vivitur,
244 1775 311 1810 qua
331 1764 440 1799 nullus
460 1764 546 1798 male
576 1765 697 1807 utitur,
718 1776 818 1810 quam
841 1764 932 1799 Deus
953 1766 989 1798 in
1018 1765 1112 1798 nobis
1138 1765 1205 1798 sina
1227 1765 1320 1798 nobis
1346 1768 1503 1810 operatur
1518 1776 1528 1798 .·
1550 1765 1663 1798 virtus

79 1816 178 1852 enirn
200 1825 254 1852 est
273 1817 417 1852 bonitas
438 1818 622 1853 hominis:
650 1818 727 1865 ipsa
747 1818 845 1852 enim
864 1827 928 1860 est,
952 1829 1044 1864 quae
1061 1819 1184 1853 boumn
1198 1818 1288 1864 facit
1302 1818 1496 1853 habentem:
1519 1817 1581 1852 sed
1603 1818 1664 1852 bo-

77 1870 172 1906 nitas
191 1882 268 1906 non
288 1871 430 1906 videtur
452 1883 530 1907 esse
549 1872 658 1915 bona,
680 1872 774 1907 sicut
794 1883 862 1907 nec
886 1871 1016 1907 albedo
1040 1880 1094 1907 est
1119 1871 1198 1906 alba
1215 1883 1222 1905 ε
1239 1871 1348 1917 igitur
1363 1871 1667 1906 inconvenienter

78 1925 219 1968 dicitur,
241 1925 340 1973 quod
360 1927 468 1961 virtus
483 1931 526 1961 est
548 1928 634 1961 bona
656 1927 810 1973 qualitas.

150 1989 183 2015 2.
204 1979 443 2016 PRAETEREA.
465 1980 577 2015 Nulla
599 1980 801 2015 differentia
824 1989 878 2016 est
904 1980 1140 2016 communior
1167 1991 1233 2015 suo
1257 1991 1402 2027 genere,
1430 1991 1515 2015 cum
1542 1980 1586 2015 sit
1608 1991 1666 2027 ge—

77 2035 173 2069 neris
193 2033 365 2070 divisiva:
386 2035 449 2070 sed
477 2036 600 2070 bonum
627 2043 680 2070 est
702 2037 949 2078 communius,
972 2047 1083 2082 quam
1121 2034 1298 2082 qualitas:
1322 2035 1544 2069 convertitur
1566 2036 1664 2069 enirn

79 2098 164 2122 cum
194 2096 295 2132 ente;
318 2099 406 2136 ergo
430 2090 552 2124 bonum
573 2100 649 2124 non
672 2089 779 2124 debet
799 2089 886 2136 poni
919 2091 955 2125 in
990 2088 1202 2124 definitione
1223 2089 1376 2131 virtutis,
1399 2096 1438 2123 ut
1460 2088 1663 2124 differentia

79 2141 273 2189 qualitatis.

153 2207 183 2243 3.
197 2196 437 2232 PRAETEREA.
453 2197 555 2232 Sicut
565 2198 721 2245 August.
734 2198 821 2232 dicit
836 2198 871 2232 in
891 2208 941 2232 12.
957 2197 1000 2233 de
1012 2197 1114 2232 Trin.
1127 2198 1218 2245 (cap.
1233 2199 1305 2245 3.1'u
1315 2199 1460 2244 princ),
1471 2198 1529 2233 ubi
1546 2199 1666 2245 primo

79 2250 238 2285 occurrit
259 2250 406 2298 aliquid,
433 2252 530 2298 quod
564 2263 638 2287 non
661 2252 705 2287 sit
727 2252 832 2287 nobis
864 2252 1130 2299 pecoribusque
1152 2263 1364 2294 commune,
1386 2251 1475 2286 illud
1499 2253 1543 2287 ad
1566 2264 1665 2287 men-

79 2309 155 2338 tem
175 2306 352 2352 pertinet;
374 2305 437 2340 sed
469 2306 650 2353 quaedam
685 2306 835 2342 virtutes
858 2314 940 2341 sunt
963 2307 1073 2341 etiam
1104 2305 1409 2341 irrationabilium
1436 2307 1606 2353 partium,
1629 2316 1668 2342 ut

22 2390 31 2397 ‚
80 2356 219 2394 Philos.
243 2359 329 2394 dicit
350 2359 386 2394 in
412 2371 440 2406 3.
463 2359 580 2395 Ethic.
606 2360 693 2408 (cap.
721 2361 993 2408 10.iuprinc.);
1017 2372 1091 2395 non
1114 2372 1202 2408 ergo
1223 2361 1343 2396 omnis
1364 2361 1477 2396 virtus
1500 2369 1555 2396 est
1577 2363 1662 2396 bona

80 2413 225 2459 qualitas
236 2415 362 2449 mentis.

151 2476 184 2510 4.
207 2467 444 2504 PRAETEREA.
467 2468 664 2504 Rectitudo
685 2469 827 2504 videtur
858 2471 902 2505 ad
924 2470 1098 2516 justitiam
1134 2470 1330 2517 pertinere:
1355 2470 1449 2504 unde
1485 2470 1596 2505 iidem
1620 2470 1668 2504 di-

82 2529 212 2556 cuntur
242 2524 335 2565 recti,
371 2531 405 2558 et
430 2524 534 2570 juxti:
558 2523 620 2558 sed
650 2524 783 2569 justitia
811 2532 865 2559 est
903 2525 1042 2571 species
1064 2524 1225 2567 virtutis;
1253 2524 1555 2559 inconvenienter
1577 2535 1664 2570 ergo

82 2575 228 2622 ponitur
247 2581 372 2612 rectum
390 2577 426 2611 in
453 2576 664 2612 definitione
686 2578 839 2620 virtutis,
862 2590 947 2613 cum
970 2579 1118 2613 dicitur:
1150 2579 1246 2624 Quae
1267 2583 1351 2614 recle
1372 2580 1514 2613 vivitur.

157 2640 185 2676 5.
207 2630 445 2667 PRAETEREA.
470 2631 706 2679 Quicumque
729 2633 888 2679 superbit
915 2633 958 2668 de
982 2633 1116 2680 aliquo,
1140 2633 1237 2668 male
1260 2633 1371 2668 utitur
1393 2644 1456 2667 eo:
1481 2633 1542 2667 sed
1563 2632 1668 2667 multi

83 2683 293 2731 superbiunt
313 2685 358 2720 de
378 2686 528 2720 virtute:
552 2686 639 2720 dicit
660 2687 757 2720 enim
770 2687 925 2733 August.
942 2687 977 2721 in
987 2687 1130 2733 Regula
1152 2687 1290 2732 (scilicet
1310 2688 1400 2734 epist.
1416 2698 1489 2733 109.
1503 2687 1666 2733 aliquant.

83 2749 104 2773 a
119 2739 263 2786 princ),
286 2739 383 2786 quod
406 2740 573 2787 superbia
595 2740 706 2775 etiam
727 2740 832 2775 bonis
854 2742 1025 2788 operibus
1052 2742 1252 2784 insidiatur,
1280 2749 1317 2776 ut
1343 2749 1512 2787 pereant3
1534 2741 1667 2776 falsum

38 2815 43 2835 ,
83 2799 138 2828 est
157 2803 257 2839 ergo,
279 2793 376 2840 quod
398 2805 510 2829 nemo
533 2794 664 2829 virtute
687 2794 783 2829 male
805 2804 936 2830 utatur.

0 2856 1 2891 γ
155 2844 188 2881 6.
209 2846 448 2883 PRAETEREA.
472 2847 597 2882 Homo
620 2859 684 2895 per
704 2849 875 2884 virtutem
897 2849 1127 2895 justificatur:
1157 2850 1218 2885 sed
1253 2850 1408 2896 August.
1443 2861 1550 2896 super
1577 2849 1665 2884 illud

80 2897 184 2946 Joan.
209 2910 279 2944 14:
300 2901 440 2948 Majora
458 2901 577 2937 horum
593 2902 710 2948 finiet,
735 2903 821 2938 dicit
842 2904 986 2951 (implic.
1009 2909 1104 2940 tract.
1127 2914 1180 2951 27.
1202 2904 1255 2939 sed
1275 2911 1415 2952 exprers.
1441 2916 1539 2939 serm.
1564 2916 1606 2951 15.
1630 2903 1667 2939 de
