<?xml version="1.0" encoding="UTF-8"?>
<!DOCTYPE html PUBLIC "-//W3C//DTD XHTML 1.0 Transitional//EN"
    "http://www.w3.org/TR/xhtml1/DTD/xhtml1-transitional.dtd">
<html xmlns="http://www.w3.org/1999/xhtml" xml:lang="en" lang="en">
 <head>
  <title>
</title>
<meta http-equiv="Content-Type" content="text/html;charset=utf-8" />
  <meta name='ocr-system' content='tesseract 3.04.00' />
  <meta name='ocr-capabilities' content='ocr_page ocr_carea ocr_par ocr_line ocrx_word'/>
</head>
<body>
  <div class='ocr_page' id='page_1' title='image "./divithomaeaquina02thomuoft_0747.png"; bbox 0 0 1907 3198; ppageno 0'>
   <div class='ocr_carea' id='block_1_1' title="bbox 520 194 1649 239">
    <p class='ocr_par' dir='ltr' id='par_1_1' title="bbox 520 194 1649 239">
     <span class='ocr_line' id='line_1_1' title="bbox 520 194 1649 239; baseline -0.002 -13"><span class='ocrx_word' id='word_1_1' title='bbox 520 195 740 232; x_wconf 61' lang='lat' dir='ltr'>Quaes‘rxo</span> <span class='ocrx_word' id='word_1_2' title='bbox 772 194 847 226; x_wconf 85' lang='lat' dir='ltr'>cn.</span> <span class='ocrx_word' id='word_1_3' title='bbox 880 194 1126 226; x_wconf 69' lang='lat' dir='ltr'>Anncutus</span> <span class='ocrx_word' id='word_1_4' title='bbox 1160 194 1220 225; x_wconf 86' lang='lat'>111.</span> <span class='ocrx_word' id='word_1_5' title='bbox 1566 196 1649 239; x_wconf 87' lang='lat'>743</span> 
     </span>
    </p>
   </div>
   <div class='ocr_carea' id='block_1_2' title="bbox 0 277 1670 2893">
    <p class='ocr_par' dir='ltr' id='par_1_2' title="bbox 0 277 1668 2685">
     <span class='ocr_line' id='line_1_2' title="bbox 86 277 1658 326; baseline 0 -12"><span class='ocrx_word' id='word_1_6' title='bbox 86 277 249 315; x_wconf 82' lang='lat' dir='ltr'>eundum</span> <span class='ocrx_word' id='word_1_7' title='bbox 267 277 366 325; x_wconf 89' lang='lat' dir='ltr'>quod</span> <span class='ocrx_word' id='word_1_8' title='bbox 387 278 646 313; x_wconf 79' lang='lat' dir='ltr'>ordinabantur</span> <span class='ocrx_word' id='word_1_9' title='bbox 667 277 711 312; x_wconf 92' lang='lat' dir='ltr'>ad</span> <span class='ocrx_word' id='word_1_10' title='bbox 732 278 857 313; x_wconf 83' lang='lat' dir='ltr'>cultum</span> <span class='ocrx_word' id='word_1_11' title='bbox 876 278 943 313; x_wconf 75' lang='lat' dir='ltr'>Dei</span> <span class='ocrx_word' id='word_1_12' title='bbox 954 291 964 313; x_wconf 89' lang='lat'><em>:</em></span> <span class='ocrx_word' id='word_1_13' title='bbox 983 278 1087 313; x_wconf 84' lang='lat' dir='ltr'>aliam</span> <span class='ocrx_word' id='word_1_14' title='bbox 1102 288 1190 312; x_wconf 88' lang='lat' dir='ltr'>vero</span> <span class='ocrx_word' id='word_1_15' title='bbox 1212 277 1415 324; x_wconf 83' lang='lat' dir='ltr'>figuralem,</span> <span class='ocrx_word' id='word_1_16' title='bbox 1437 278 1513 313; x_wconf 82' lang='lat' dir='ltr'>sive</span> <span class='ocrx_word' id='word_1_17' title='bbox 1536 279 1658 326; x_wconf 86' lang='lat' dir='ltr'>mysti-</span> 
     </span>
     <span class='ocr_line' id='line_1_3' title="bbox 86 330 1654 379; baseline 0 -12"><span class='ocrx_word' id='word_1_18' title='bbox 86 341 185 375; x_wconf 77' lang='lat' dir='ltr'>cam,</span> <span class='ocrx_word' id='word_1_19' title='bbox 208 331 411 367; x_wconf 80' lang='lat' dir='ltr'>secuudum</span> <span class='ocrx_word' id='word_1_20' title='bbox 437 332 535 378; x_wconf 90' lang='lat' dir='ltr'>quod</span> <span class='ocrx_word' id='word_1_21' title='bbox 561 331 821 366; x_wconf 83' lang='lat' dir='ltr'>ordinabantur</span> <span class='ocrx_word' id='word_1_22' title='bbox 848 331 891 366; x_wconf 89' lang='lat' dir='ltr'>ad</span> <span class='ocrx_word' id='word_1_23' title='bbox 910 331 1127 378; x_wconf 76' lang='lat' dir='ltr'>figurandum</span> <span class='ocrx_word' id='word_1_24' title='bbox 1151 330 1346 366; x_wconf 76' lang='lat' dir='ltr'><em>Christum:</em></span> <span class='ocrx_word' id='word_1_25' title='bbox 1373 339 1407 366; x_wconf 86' lang='lat' dir='ltr'>et</span> <span class='ocrx_word' id='word_1_26' title='bbox 1434 342 1476 366; x_wconf 78' lang='lat' dir='ltr'>cx</span> <span class='ocrx_word' id='word_1_27' title='bbox 1503 340 1654 379; x_wconf 88' lang='lat' dir='ltr'>utraque</span> 
     </span>
     <span class='ocr_line' id='line_1_4' title="bbox 86 384 1657 433; baseline -0.001 -12"><span class='ocrx_word' id='word_1_28' title='bbox 86 392 190 433; x_wconf 82' lang='lat' dir='ltr'>parte</span> <span class='ocrx_word' id='word_1_29' title='bbox 209 392 331 432; x_wconf 84' lang='lat' dir='ltr'>potest</span> <span class='ocrx_word' id='word_1_30' title='bbox 350 385 612 420; x_wconf 79' lang='lat' dir='ltr'>convenienter</span> <span class='ocrx_word' id='word_1_31' title='bbox 631 385 808 432; x_wconf 86' lang='lat' dir='ltr'>assignari</span> <span class='ocrx_word' id='word_1_32' title='bbox 829 396 938 420; x_wconf 88' lang='lat' dir='ltr'>causa</span> <span class='ocrx_word' id='word_1_33' title='bbox 961 384 1290 426; x_wconf 86' lang='lat' dir='ltr'>caeremoniarum,</span> <span class='ocrx_word' id='word_1_34' title='bbox 1305 395 1398 431; x_wconf 88' lang='lat' dir='ltr'>quae</span> <span class='ocrx_word' id='word_1_35' title='bbox 1420 385 1464 419; x_wconf 93' lang='lat' dir='ltr'>ad</span> <span class='ocrx_word' id='word_1_36' title='bbox 1479 385 1657 420; x_wconf 86' lang='lat' dir='ltr'>sacrificia</span> 
     </span>
     <span class='ocr_line' id='line_1_5' title="bbox 86 437 1658 487; baseline -0.001 -12"><span class='ocrx_word' id='word_1_37' title='bbox 86 438 325 487; x_wconf 78' lang='lat' dir='ltr'>pertinebant.</span> <span class='ocrx_word' id='word_1_38' title='bbox 348 437 559 473; x_wconf 88' lang='lat' dir='ltr'>Secundum</span> <span class='ocrx_word' id='word_1_39' title='bbox 588 439 686 473; x_wconf 87' lang='lat' dir='ltr'>enim</span> <span class='ocrx_word' id='word_1_40' title='bbox 712 438 810 485; x_wconf 90' lang='lat' dir='ltr'>quod</span> <span class='ocrx_word' id='word_1_41' title='bbox 836 437 1013 473; x_wconf 82' lang='lat' dir='ltr'>sacrificia</span> <span class='ocrx_word' id='word_1_42' title='bbox 1040 438 1299 473; x_wconf 81' lang='lat' dir='ltr'>ordinabantur</span> <span class='ocrx_word' id='word_1_43' title='bbox 1332 438 1376 472; x_wconf 90' lang='lat' dir='ltr'>ad</span> <span class='ocrx_word' id='word_1_44' title='bbox 1403 438 1542 473; x_wconf 84' lang='lat' dir='ltr'>cultum</span> <span class='ocrx_word' id='word_1_45' title='bbox 1576 439 1658 481; x_wconf 85' lang='lat' dir='ltr'>Dei,</span> 
     </span>
     <span class='ocr_line' id='line_1_6' title="bbox 86 490 1659 539; baseline -0.001 -11"><span class='ocrx_word' id='word_1_46' title='bbox 86 500 197 528; x_wconf 73' lang='lat' dir='ltr'>causa</span> <span class='ocrx_word' id='word_1_47' title='bbox 217 490 481 527; x_wconf 80' lang='lat' dir='ltr'>sacrificiorum</span> <span class='ocrx_word' id='word_1_48' title='bbox 508 491 682 539; x_wconf 75' lang='lat' dir='ltr'>dupliciter</span> <span class='ocrx_word' id='word_1_49' title='bbox 707 492 822 538; x_wconf 88' lang='lat' dir='ltr'>accipi</span> <span class='ocrx_word' id='word_1_50' title='bbox 849 500 978 538; x_wconf 77' lang='lat' dir='ltr'>potest.</span> <span class='ocrx_word' id='word_1_51' title='bbox 1007 492 1081 527; x_wconf 74' lang='lat' dir='ltr'>L&#39;no</span> <span class='ocrx_word' id='word_1_52' title='bbox 1107 491 1218 534; x_wconf 82' lang='lat' dir='ltr'>modo,</span> <span class='ocrx_word' id='word_1_53' title='bbox 1246 491 1446 526; x_wconf 78' lang='lat' dir='ltr'>secundum</span> <span class='ocrx_word' id='word_1_54' title='bbox 1472 493 1570 538; x_wconf 91' lang='lat' dir='ltr'>quod</span> <span class='ocrx_word' id='word_1_55' title='bbox 1596 504 1659 539; x_wconf 87' lang='lat' dir='ltr'>per</span> 
     </span>
     <span class='ocr_line' id='line_1_7' title="bbox 85 544 1660 592; baseline -0.001 -10"><span class='ocrx_word' id='word_1_56' title='bbox 85 544 263 592; x_wconf 66' lang='lat' dir='ltr'>sacrificia</span> <span class='ocrx_word' id='word_1_57' title='bbox 290 545 626 592; x_wconf 82' lang='lat' dir='ltr'>repraesentabatur</span> <span class='ocrx_word' id='word_1_58' title='bbox 651 545 832 580; x_wconf 86' lang='lat' dir='ltr'>ordinatio</span> <span class='ocrx_word' id='word_1_59' title='bbox 859 545 990 580; x_wconf 88' lang='lat' dir='ltr'>mentis</span> <span class='ocrx_word' id='word_1_60' title='bbox 1017 545 1052 579; x_wconf 89' lang='lat' dir='ltr'>in</span> <span class='ocrx_word' id='word_1_61' title='bbox 1079 545 1213 587; x_wconf 89' lang='lat' dir='ltr'>Deum,</span> <span class='ocrx_word' id='word_1_62' title='bbox 1235 545 1279 579; x_wconf 88' lang='lat' dir='ltr'>ad</span> <span class='ocrx_word' id='word_1_63' title='bbox 1301 556 1411 591; x_wconf 88' lang='lat' dir='ltr'>quam</span> <span class='ocrx_word' id='word_1_64' title='bbox 1438 545 1660 581; x_wconf 84' lang='lat' dir='ltr'>excitabatur</span> 
     </span>
     <span class='ocr_line' id='line_1_8' title="bbox 85 597 1659 646; baseline -0.001 -11"><span class='ocrx_word' id='word_1_65' title='bbox 85 598 306 635; x_wconf 81' lang='lat' dir='ltr'>sacrificinm</span> <span class='ocrx_word' id='word_1_66' title='bbox 320 597 495 634; x_wconf 81' lang='lat' dir='ltr'>offerens:</span> <span class='ocrx_word' id='word_1_67' title='bbox 516 599 558 633; x_wconf 86' lang='lat' dir='ltr'>ad</span> <span class='ocrx_word' id='word_1_68' title='bbox 578 607 714 634; x_wconf 83' lang='lat' dir='ltr'>rectam</span> <span class='ocrx_word' id='word_1_69' title='bbox 730 607 851 634; x_wconf 84' lang='lat' dir='ltr'>autern</span> <span class='ocrx_word' id='word_1_70' title='bbox 867 598 1136 633; x_wconf 79' lang='lat' dir='ltr'>ordinationem</span> <span class='ocrx_word' id='word_1_71' title='bbox 1155 598 1287 633; x_wconf 87' lang='lat' dir='ltr'>mentis</span> <span class='ocrx_word' id='word_1_72' title='bbox 1306 599 1340 632; x_wconf 90' lang='lat' dir='ltr'>in</span> <span class='ocrx_word' id='word_1_73' title='bbox 1355 598 1476 642; x_wconf 85' lang='lat' dir='ltr'>Deum</span> <span class='ocrx_word' id='word_1_74' title='bbox 1495 599 1659 646; x_wconf 82' lang='lat' dir='ltr'>pertinet,</span> 
     </span>
     <span class='ocr_line' id='line_1_9' title="bbox 86 652 1660 702; baseline -0.001 -13"><span class='ocrx_word' id='word_1_75' title='bbox 86 652 186 702; x_wconf 88' lang='lat' dir='ltr'>quod</span> <span class='ocrx_word' id='word_1_76' title='bbox 205 652 332 689; x_wconf 82' lang='lat' dir='ltr'>omnia</span> <span class='ocrx_word' id='word_1_77' title='bbox 348 663 441 700; x_wconf 89' lang='lat' dir='ltr'>quae</span> <span class='ocrx_word' id='word_1_78' title='bbox 463 652 579 687; x_wconf 89' lang='lat' dir='ltr'>homo</span> <span class='ocrx_word' id='word_1_79' title='bbox 599 652 720 695; x_wconf 88' lang='lat' dir='ltr'>habet,</span> <span class='ocrx_word' id='word_1_80' title='bbox 741 660 983 699; x_wconf 85' lang='lat' dir='ltr'>recognoscat</span> <span class='ocrx_word' id='word_1_81' title='bbox 1003 663 1024 686; x_wconf 90' lang='lat' dir='ltr'>a</span> <span class='ocrx_word' id='word_1_82' title='bbox 1041 652 1136 694; x_wconf 90' lang='lat' dir='ltr'>Deo,</span> <span class='ocrx_word' id='word_1_83' title='bbox 1164 661 1353 699; x_wconf 88' lang='lat' dir='ltr'>tamquam</span> <span class='ocrx_word' id='word_1_84' title='bbox 1377 663 1397 686; x_wconf 92' lang='lat' dir='ltr'>a</span> <span class='ocrx_word' id='word_1_85' title='bbox 1419 652 1538 699; x_wconf 88' lang='lat' dir='ltr'>primo</span> <span class='ocrx_word' id='word_1_86' title='bbox 1566 653 1660 700; x_wconf 87' lang='lat' dir='ltr'>prin-</span> 
     </span>
     <span class='ocr_line' id='line_1_10' title="bbox 87 705 1659 754; baseline -0.001 -11"><span class='ocrx_word' id='word_1_87' title='bbox 87 706 199 754; x_wconf 82' lang='lat' dir='ltr'>cipio,</span> <span class='ocrx_word' id='word_1_88' title='bbox 217 714 256 742; x_wconf 87' lang='lat' dir='ltr'>et</span> <span class='ocrx_word' id='word_1_89' title='bbox 273 705 418 742; x_wconf 86' lang='lat' dir='ltr'>ordinet</span> <span class='ocrx_word' id='word_1_90' title='bbox 438 706 476 741; x_wconf 88' lang='lat' dir='ltr'>in</span> <span class='ocrx_word' id='word_1_91' title='bbox 497 706 632 748; x_wconf 89' lang='lat' dir='ltr'>Deum,</span> <span class='ocrx_word' id='word_1_92' title='bbox 653 714 841 753; x_wconf 87' lang='lat' dir='ltr'>tamquam</span> <span class='ocrx_word' id='word_1_93' title='bbox 860 707 895 741; x_wconf 93' lang='lat' dir='ltr'>in</span> <span class='ocrx_word' id='word_1_94' title='bbox 918 705 1088 740; x_wconf 87' lang='lat' dir='ltr'>ultimum</span> <span class='ocrx_word' id='word_1_95' title='bbox 1110 705 1239 740; x_wconf 87' lang='lat' dir='ltr'>finem:</span> <span class='ocrx_word' id='word_1_96' title='bbox 1262 714 1298 740; x_wconf 90' lang='lat' dir='ltr'>et</span> <span class='ocrx_word' id='word_1_97' title='bbox 1319 705 1389 740; x_wconf 88' lang='lat' dir='ltr'>hoc</span> <span class='ocrx_word' id='word_1_98' title='bbox 1413 715 1659 753; x_wconf 88' lang='lat' dir='ltr'>repraesenta·</span> 
     </span>
     <span class='ocr_line' id='line_1_11' title="bbox 86 758 1658 807; baseline -0.001 -11"><span class='ocrx_word' id='word_1_99' title='bbox 86 759 193 796; x_wconf 78' lang='lat' dir='ltr'>batur</span> <span class='ocrx_word' id='word_1_100' title='bbox 210 759 250 795; x_wconf 86' lang='lat' dir='ltr'>in</span> <span class='ocrx_word' id='word_1_101' title='bbox 263 758 521 802; x_wconf 80' lang='lat' dir='ltr'>oblationibus,</span> <span class='ocrx_word' id='word_1_102' title='bbox 535 768 570 794; x_wconf 88' lang='lat' dir='ltr'>ct</span> <span class='ocrx_word' id='word_1_103' title='bbox 583 759 786 803; x_wconf 88' lang='lat' dir='ltr'>sacrificiis;</span> <span class='ocrx_word' id='word_1_104' title='bbox 807 759 1009 795; x_wconf 87' lang='lat' dir='ltr'>secundum</span> <span class='ocrx_word' id='word_1_105' title='bbox 1023 759 1120 806; x_wconf 90' lang='lat' dir='ltr'>quod</span> <span class='ocrx_word' id='word_1_106' title='bbox 1140 759 1256 794; x_wconf 83' lang='lat' dir='ltr'>homo</span> <span class='ocrx_word' id='word_1_107' title='bbox 1275 770 1317 794; x_wconf 80' lang='lat' dir='ltr'>ex</span> <span class='ocrx_word' id='word_1_108' title='bbox 1337 759 1446 794; x_wconf 80' lang='lat' dir='ltr'>rebus</span> <span class='ocrx_word' id='word_1_109' title='bbox 1467 760 1541 795; x_wconf 90' lang='lat' dir='ltr'>suis</span> <span class='ocrx_word' id='word_1_110' title='bbox 1555 762 1658 807; x_wconf 85' lang='lat' dir='ltr'>quasi</span> 
     </span>
     <span class='ocr_line' id='line_1_12' title="bbox 86 812 1654 861; baseline -0.001 -11"><span class='ocrx_word' id='word_1_111' title='bbox 86 813 430 861; x_wconf 79' lang='lat' dir='ltr'>inrecoguitionem</span> <span class='ocrx_word' id='word_1_112' title='bbox 444 814 541 860; x_wconf 89' lang='lat' dir='ltr'>quod</span> <span class='ocrx_word' id='word_1_113' title='bbox 556 813 706 848; x_wconf 89' lang='lat' dir='ltr'>haberet</span> <span class='ocrx_word' id='word_1_114' title='bbox 723 825 767 848; x_wconf 88' lang='lat' dir='ltr'>ea</span> <span class='ocrx_word' id='word_1_115' title='bbox 782 825 802 847; x_wconf 85' lang='lat' dir='ltr'>a</span> <span class='ocrx_word' id='word_1_116' title='bbox 819 813 913 855; x_wconf 91' lang='lat' dir='ltr'>Deo,</span> <span class='ocrx_word' id='word_1_117' title='bbox 924 814 960 847; x_wconf 91' lang='lat' dir='ltr'>in</span> <span class='ocrx_word' id='word_1_118' title='bbox 976 813 1158 848; x_wconf 88' lang='lat' dir='ltr'>honorem</span> <span class='ocrx_word' id='word_1_119' title='bbox 1173 813 1243 848; x_wconf 88' lang='lat' dir='ltr'>Dei</span> <span class='ocrx_word' id='word_1_120' title='bbox 1261 824 1304 848; x_wconf 88' lang='lat' dir='ltr'>ea</span> <span class='ocrx_word' id='word_1_121' title='bbox 1319 812 1512 848; x_wconf 84' lang='lat' dir='ltr'>offerebat:</span> <span class='ocrx_word' id='word_1_122' title='bbox 1529 825 1654 849; x_wconf 88' lang='lat' dir='ltr'>secun-</span> 
     </span>
     <span class='ocr_line' id='line_1_13' title="bbox 87 866 1660 915; baseline -0.001 -11"><span class='ocrx_word' id='word_1_123' title='bbox 87 867 176 904; x_wconf 81' lang='lat' dir='ltr'>dom</span> <span class='ocrx_word' id='word_1_124' title='bbox 195 866 295 915; x_wconf 91' lang='lat' dir='ltr'>quod</span> <span class='ocrx_word' id='word_1_125' title='bbox 315 867 404 903; x_wconf 79' lang='lat' dir='ltr'>dixit</span> <span class='ocrx_word' id='word_1_126' title='bbox 424 866 543 902; x_wconf 88' lang='lat' dir='ltr'>David</span> <span class='ocrx_word' id='word_1_127' title='bbox 570 877 597 902; x_wconf 80' lang='grc' dir='ltr'>ι.</span> <span class='ocrx_word' id='word_1_128' title='bbox 620 866 775 914; x_wconf 87' lang='lat' dir='ltr'>Paralip.</span> <span class='ocrx_word' id='word_1_129' title='bbox 798 877 874 910; x_wconf 88' lang='lat'><strong>24.:</strong></span> <span class='ocrx_word' id='word_1_130' title='bbox 904 867 977 902; x_wconf 79' lang='lat' dir='ltr'>Tua</span> <span class='ocrx_word' id='word_1_131' title='bbox 997 872 1071 902; x_wconf 76' lang='lat' dir='ltr'>sunt</span> <span class='ocrx_word' id='word_1_132' title='bbox 1098 868 1234 907; x_wconf 77' lang='lat' dir='ltr'>omnia,-</span> <span class='ocrx_word' id='word_1_133' title='bbox 1256 872 1285 901; x_wconf 74' lang='lat' dir='ltr'>ct</span> <span class='ocrx_word' id='word_1_134' title='bbox 1305 878 1389 913; x_wconf 77' lang='lat' dir='ltr'>quae</span> <span class='ocrx_word' id='word_1_135' title='bbox 1413 867 1451 902; x_wconf 77' lang='lat' dir='ltr'>de</span> <span class='ocrx_word' id='word_1_136' title='bbox 1476 879 1579 902; x_wconf 84' lang='lat' dir='ltr'>manu</span> <span class='ocrx_word' id='word_1_137' title='bbox 1601 874 1660 903; x_wconf 85' lang='lat' dir='ltr'>tua</span> 
     </span>
     <span class='ocr_line' id='line_1_14' title="bbox 86 919 1661 969; baseline -0.001 -12"><span class='ocrx_word' id='word_1_138' title='bbox 86 922 285 969; x_wconf 73' lang='lat' dir='ltr'>accepimus,</span> <span class='ocrx_word' id='word_1_139' title='bbox 298 920 444 956; x_wconf 77' lang='lat' dir='ltr'>dedimus</span> <span class='ocrx_word' id='word_1_140' title='bbox 461 921 523 956; x_wconf 78' lang='lat' dir='ltr'>tibi</span> <span class='ocrx_word' id='word_1_141' title='bbox 532 933 545 961; x_wconf 89' lang='lat'>,·</span> <span class='ocrx_word' id='word_1_142' title='bbox 567 928 603 955; x_wconf 91' lang='lat' dir='ltr'>et</span> <span class='ocrx_word' id='word_1_143' title='bbox 621 920 704 955; x_wconf 90' lang='lat' dir='ltr'>ideo</span> <span class='ocrx_word' id='word_1_144' title='bbox 718 921 755 955; x_wconf 91' lang='lat' dir='ltr'>in</span> <span class='ocrx_word' id='word_1_145' title='bbox 773 920 959 955; x_wconf 89' lang='lat' dir='ltr'>oblatione</span> <span class='ocrx_word' id='word_1_146' title='bbox 974 919 1239 955; x_wconf 87' lang='lat' dir='ltr'>sacrificiorum</span> <span class='ocrx_word' id='word_1_147' title='bbox 1253 920 1519 967; x_wconf 84' lang='lat' dir='ltr'>protestabatur</span> <span class='ocrx_word' id='word_1_148' title='bbox 1532 921 1661 964; x_wconf 91' lang='lat' dir='ltr'>homo,</span> 
     </span>
     <span class='ocr_line' id='line_1_15' title="bbox 87 973 1662 1024; baseline 0 -14"><span class='ocrx_word' id='word_1_149' title='bbox 87 974 188 1024; x_wconf 86' lang='lat' dir='ltr'>quod</span> <span class='ocrx_word' id='word_1_150' title='bbox 206 973 308 1010; x_wconf 77' lang='lat' dir='ltr'>Deus</span> <span class='ocrx_word' id='word_1_151' title='bbox 329 982 426 1010; x_wconf 76' lang='lat' dir='ltr'>esset</span> <span class='ocrx_word' id='word_1_152' title='bbox 453 975 612 1021; x_wconf 89' lang='lat' dir='ltr'>primum</span> <span class='ocrx_word' id='word_1_153' title='bbox 642 974 860 1021; x_wconf 90' lang='lat' dir='ltr'>principium</span> <span class='ocrx_word' id='word_1_154' title='bbox 882 974 1077 1009; x_wconf 85' lang='lat' dir='ltr'>creationis</span> <span class='ocrx_word' id='word_1_155' title='bbox 1099 985 1233 1016; x_wconf 87' lang='lat' dir='ltr'>rerum,</span> <span class='ocrx_word' id='word_1_156' title='bbox 1264 982 1301 1008; x_wconf 91' lang='lat' dir='ltr'>et</span> <span class='ocrx_word' id='word_1_157' title='bbox 1327 973 1478 1009; x_wconf 87' lang='lat' dir='ltr'>ultimus</span> <span class='ocrx_word' id='word_1_158' title='bbox 1499 974 1591 1017; x_wconf 89' lang='lat' dir='ltr'>finis,</span> <span class='ocrx_word' id='word_1_159' title='bbox 1617 975 1662 1010; x_wconf 91' lang='lat' dir='ltr'>ad</span> 
     </span>
     <span class='ocr_line' id='line_1_16' title="bbox 87 1027 1663 1078; baseline -0.001 -13"><span class='ocrx_word' id='word_1_160' title='bbox 87 1039 199 1078; x_wconf 80' lang='lat' dir='ltr'>quem</span> <span class='ocrx_word' id='word_1_161' title='bbox 227 1036 351 1064; x_wconf 68' lang='lat' dir='ltr'>essent</span> <span class='ocrx_word' id='word_1_162' title='bbox 382 1027 508 1063; x_wconf 82' lang='lat' dir='ltr'>omnia</span> <span class='ocrx_word' id='word_1_163' title='bbox 539 1027 746 1071; x_wconf 80' lang='lat' dir='ltr'>reserenda3</span> <span class='ocrx_word' id='word_1_164' title='bbox 777 1035 812 1063; x_wconf 90' lang='lat' dir='ltr'>et</span> <span class='ocrx_word' id='word_1_165' title='bbox 847 1028 930 1075; x_wconf 90' lang='lat' dir='ltr'>quia</span> <span class='ocrx_word' id='word_1_166' title='bbox 961 1028 1115 1075; x_wconf 85' lang='lat' dir='ltr'>pertinet</span> <span class='ocrx_word' id='word_1_167' title='bbox 1145 1028 1188 1062; x_wconf 87' lang='lat' dir='ltr'>ad</span> <span class='ocrx_word' id='word_1_168' title='bbox 1221 1036 1359 1063; x_wconf 88' lang='lat' dir='ltr'>rectam</span> <span class='ocrx_word' id='word_1_169' title='bbox 1393 1028 1663 1064; x_wconf 86' lang='lat' dir='ltr'>ordinationem</span> 
     </span>
     <span class='ocr_line' id='line_1_17' title="bbox 88 1079 1662 1128; baseline 0 -10"><span class='ocrx_word' id='word_1_170' title='bbox 88 1081 223 1118; x_wconf 79' lang='lat' dir='ltr'>mentis</span> <span class='ocrx_word' id='word_1_171' title='bbox 241 1081 279 1117; x_wconf 84' lang='lat' dir='ltr'>in</span> <span class='ocrx_word' id='word_1_172' title='bbox 301 1081 436 1124; x_wconf 86' lang='lat' dir='ltr'>Deum,</span> <span class='ocrx_word' id='word_1_173' title='bbox 457 1089 497 1116; x_wconf 91' lang='lat' dir='ltr'>ut</span> <span class='ocrx_word' id='word_1_174' title='bbox 518 1092 622 1117; x_wconf 89' lang='lat' dir='ltr'>mens</span> <span class='ocrx_word' id='word_1_175' title='bbox 643 1081 805 1116; x_wconf 89' lang='lat' dir='ltr'>humana</span> <span class='ocrx_word' id='word_1_176' title='bbox 821 1092 896 1116; x_wconf 92' lang='lat' dir='ltr'>non</span> <span class='ocrx_word' id='word_1_177' title='bbox 910 1079 1153 1127; x_wconf 86' lang='lat' dir='ltr'>recognoscat</span> <span class='ocrx_word' id='word_1_178' title='bbox 1169 1081 1280 1116; x_wconf 85' lang='lat' dir='ltr'>alium</span> <span class='ocrx_word' id='word_1_179' title='bbox 1296 1082 1453 1128; x_wconf 89' lang='lat' dir='ltr'>primum</span> <span class='ocrx_word' id='word_1_180' title='bbox 1473 1091 1662 1118; x_wconf 87' lang='lat' dir='ltr'>auctorem</span> 
     </span>
     <span class='ocr_line' id='line_1_18' title="bbox 0 1097 1664 1190; baseline 0 -19"><span class='ocrx_word' id='word_1_181' title='bbox 0 1097 19 1190; x_wconf 51' lang='grc' dir='ltr'><strong>ἰ</strong></span> <span class='ocrx_word' id='word_1_182' title='bbox 88 1146 224 1179; x_wconf 79' lang='lat' dir='ltr'>rerum,</span> <span class='ocrx_word' id='word_1_183' title='bbox 244 1135 316 1170; x_wconf 81' lang='lat' dir='ltr'>nisi</span> <span class='ocrx_word' id='word_1_184' title='bbox 335 1134 457 1170; x_wconf 89' lang='lat' dir='ltr'>solum</span> <span class='ocrx_word' id='word_1_185' title='bbox 471 1134 606 1178; x_wconf 86' lang='lat' dir='ltr'>Deum,</span> <span class='ocrx_word' id='word_1_186' title='bbox 626 1146 745 1182; x_wconf 89' lang='lat' dir='ltr'>neque</span> <span class='ocrx_word' id='word_1_187' title='bbox 759 1135 795 1169; x_wconf 86' lang='lat' dir='ltr'>in</span> <span class='ocrx_word' id='word_1_188' title='bbox 815 1134 937 1182; x_wconf 87' lang='lat' dir='ltr'>aliquo</span> <span class='ocrx_word' id='word_1_189' title='bbox 952 1135 1025 1169; x_wconf 89' lang='lat' dir='ltr'>alio</span> <span class='ocrx_word' id='word_1_190' title='bbox 1040 1134 1150 1170; x_wconf 87' lang='lat' dir='ltr'>finem</span> <span class='ocrx_word' id='word_1_191' title='bbox 1165 1145 1271 1169; x_wconf 91' lang='lat' dir='ltr'>suum</span> <span class='ocrx_word' id='word_1_192' title='bbox 1291 1135 1500 1177; x_wconf 85' lang='lat' dir='ltr'>constituat,</span> <span class='ocrx_word' id='word_1_193' title='bbox 1517 1144 1664 1183; x_wconf 87' lang='lat' dir='ltr'>propter</span> 
     </span>
     <span class='ocr_line' id='line_1_19' title="bbox 87 1187 1663 1237; baseline -0.001 -12"><span class='ocrx_word' id='word_1_194' title='bbox 87 1189 162 1226; x_wconf 83' lang='lat' dir='ltr'>hoc</span> <span class='ocrx_word' id='word_1_195' title='bbox 182 1188 442 1237; x_wconf 80' lang='lat' dir='ltr'>prohibebatur</span> <span class='ocrx_word' id='word_1_196' title='bbox 454 1188 491 1223; x_wconf 88' lang='lat' dir='ltr'>in</span> <span class='ocrx_word' id='word_1_197' title='bbox 508 1187 591 1235; x_wconf 81' lang='lat' dir='ltr'>lege</span> <span class='ocrx_word' id='word_1_198' title='bbox 612 1187 734 1223; x_wconf 76' lang='lat' dir='ltr'>offerri</span> <span class='ocrx_word' id='word_1_199' title='bbox 753 1188 972 1223; x_wconf 87' lang='lat' dir='ltr'>sacrificium</span> <span class='ocrx_word' id='word_1_200' title='bbox 995 1188 1102 1223; x_wconf 85' lang='lat' dir='ltr'>alicui</span> <span class='ocrx_word' id='word_1_201' title='bbox 1122 1188 1236 1230; x_wconf 88' lang='lat' dir='ltr'>alteri,</span> <span class='ocrx_word' id='word_1_202' title='bbox 1258 1189 1328 1223; x_wconf 89' lang='lat' dir='ltr'>nisi</span> <span class='ocrx_word' id='word_1_203' title='bbox 1347 1189 1442 1230; x_wconf 88' lang='lat' dir='ltr'>Deo,</span> <span class='ocrx_word' id='word_1_204' title='bbox 1461 1190 1663 1224; x_wconf 87' lang='lat' dir='ltr'>secundum</span> 
     </span>
     <span class='ocr_line' id='line_1_20' title="bbox 14 1241 1663 1289; baseline -0.001 -10"><span class='ocrx_word' id='word_1_205' title='bbox 14 1277 18 1285; x_wconf 89' lang='grc'><em>,</em></span> <span class='ocrx_word' id='word_1_206' title='bbox 89 1242 181 1279; x_wconf 83' lang='lat' dir='ltr'>illud</span> <span class='ocrx_word' id='word_1_207' title='bbox 199 1241 315 1278; x_wconf 81' lang='lat' dir='ltr'>Exod.</span> <span class='ocrx_word' id='word_1_208' title='bbox 336 1251 413 1278; x_wconf 84' lang='lat'>22.:</span> <span class='ocrx_word' id='word_1_209' title='bbox 436 1242 508 1288; x_wconf 76' lang='lat' dir='ltr'>Qui</span> <span class='ocrx_word' id='word_1_210' title='bbox 533 1242 686 1277; x_wconf 75' lang='lat' dir='ltr'>immolat</span> <span class='ocrx_word' id='word_1_211' title='bbox 706 1242 768 1276; x_wconf 79' lang='lat' dir='ltr'>diis</span> <span class='ocrx_word' id='word_1_212' title='bbox 789 1241 969 1285; x_wconf 76' lang='lat' dir='ltr'>occidetur,</span> <span class='ocrx_word' id='word_1_213' title='bbox 986 1247 1221 1289; x_wconf 63' lang='lat' dir='ltr'>praeterquam</span> <span class='ocrx_word' id='word_1_214' title='bbox 1247 1243 1395 1276; x_wconf 81' lang='lat' dir='ltr'>Domino</span> <span class='ocrx_word' id='word_1_215' title='bbox 1416 1243 1477 1278; x_wconf 82' lang='lat' dir='ltr'>soli</span> <span class='ocrx_word' id='word_1_216' title='bbox 1487 1255 1499 1283; x_wconf 83' lang='lat'>,·</span> <span class='ocrx_word' id='word_1_217' title='bbox 1523 1251 1558 1278; x_wconf 86' lang='lat' dir='ltr'>et</span> <span class='ocrx_word' id='word_1_218' title='bbox 1579 1243 1663 1278; x_wconf 87' lang='lat' dir='ltr'>ideo</span> 
     </span>
     <span class='ocr_line' id='line_1_21' title="bbox 0 1281 1663 1342; baseline -0.001 -9"><span class='ocrx_word' id='word_1_219' title='bbox 0 1281 19 1334; x_wconf 54' lang='lat' dir='ltr'>l</span> <span class='ocrx_word' id='word_1_220' title='bbox 90 1296 137 1332; x_wconf 87' lang='lat' dir='ltr'>de</span> <span class='ocrx_word' id='word_1_221' title='bbox 156 1306 267 1332; x_wconf 72' lang='lat' dir='ltr'>eausa</span> <span class='ocrx_word' id='word_1_222' title='bbox 284 1295 614 1332; x_wconf 71' lang='lat' dir='ltr'>caeremoniarium</span> <span class='ocrx_word' id='word_1_223' title='bbox 636 1296 733 1330; x_wconf 89' lang='lat' dir='ltr'>circa</span> <span class='ocrx_word' id='word_1_224' title='bbox 755 1295 931 1330; x_wconf 86' lang='lat' dir='ltr'>sacrificia</span> <span class='ocrx_word' id='word_1_225' title='bbox 953 1304 1072 1342; x_wconf 86' lang='lat' dir='ltr'>potest</span> <span class='ocrx_word' id='word_1_226' title='bbox 1093 1296 1267 1341; x_wconf 84' lang='lat' dir='ltr'>assignari</span> <span class='ocrx_word' id='word_1_227' title='bbox 1290 1296 1394 1330; x_wconf 86' lang='lat' dir='ltr'>ratio.</span> <span class='ocrx_word' id='word_1_228' title='bbox 1417 1297 1496 1332; x_wconf 77' lang='lat' dir='ltr'>Alio</span> <span class='ocrx_word' id='word_1_229' title='bbox 1510 1297 1606 1332; x_wconf 83' lang='lat' dir='ltr'>modo</span> <span class='ocrx_word' id='word_1_230' title='bbox 1620 1308 1663 1332; x_wconf 88' lang='lat' dir='ltr'>ex</span> 
     </span>
     <span class='ocr_line' id='line_1_22' title="bbox 5 1348 1663 1398; baseline 0 -12"><span class='ocrx_word' id='word_1_231' title='bbox 5 1359 7 1362; x_wconf 86' lang='grc'><strong>’</strong></span> <span class='ocrx_word' id='word_1_232' title='bbox 89 1350 177 1393; x_wconf 81' lang='lat' dir='ltr'>hoc,</span> <span class='ocrx_word' id='word_1_233' title='bbox 195 1348 295 1398; x_wconf 85' lang='lat' dir='ltr'>quod</span> <span class='ocrx_word' id='word_1_234' title='bbox 315 1359 380 1397; x_wconf 86' lang='lat' dir='ltr'>per</span> <span class='ocrx_word' id='word_1_235' title='bbox 399 1349 611 1395; x_wconf 79' lang='lat' dir='ltr'>hujusmodi</span> <span class='ocrx_word' id='word_1_236' title='bbox 632 1348 802 1383; x_wconf 87' lang='lat' dir='ltr'>homines</span> <span class='ocrx_word' id='word_1_237' title='bbox 816 1349 1091 1384; x_wconf 86' lang='lat' dir='ltr'>retrahebantur</span> <span class='ocrx_word' id='word_1_238' title='bbox 1110 1360 1129 1382; x_wconf 91' lang='lat' dir='ltr'>a</span> <span class='ocrx_word' id='word_1_239' title='bbox 1143 1348 1330 1383; x_wconf 88' lang='lat' dir='ltr'>sacrificiis</span> <span class='ocrx_word' id='word_1_240' title='bbox 1351 1349 1553 1392; x_wconf 85' lang='lat' dir='ltr'>idolorum;</span> <span class='ocrx_word' id='word_1_241' title='bbox 1568 1351 1663 1386; x_wconf 93' lang='lat' dir='ltr'>unde</span> 
     </span>
     <span class='ocr_line' id='line_1_23' title="bbox 92 1401 1665 1451; baseline 0 -12"><span class='ocrx_word' id='word_1_242' title='bbox 92 1402 206 1446; x_wconf 71' lang='lat' dir='ltr'>etim</span> <span class='ocrx_word' id='word_1_243' title='bbox 223 1410 418 1451; x_wconf 81' lang='lat' dir='ltr'>praecepta</span> <span class='ocrx_word' id='word_1_244' title='bbox 437 1401 483 1437; x_wconf 87' lang='lat' dir='ltr'>de</span> <span class='ocrx_word' id='word_1_245' title='bbox 502 1401 689 1437; x_wconf 80' lang='lat' dir='ltr'>sacrificiis</span> <span class='ocrx_word' id='word_1_246' title='bbox 710 1413 784 1437; x_wconf 92' lang='lat' dir='ltr'>non</span> <span class='ocrx_word' id='word_1_247' title='bbox 806 1401 950 1437; x_wconf 87' lang='lat' dir='ltr'>fuerunt</span> <span class='ocrx_word' id='word_1_248' title='bbox 975 1402 1059 1437; x_wconf 89' lang='lat' dir='ltr'>data</span> <span class='ocrx_word' id='word_1_249' title='bbox 1079 1402 1217 1449; x_wconf 90' lang='lat' dir='ltr'>populo</span> <span class='ocrx_word' id='word_1_250' title='bbox 1231 1403 1466 1448; x_wconf 79' lang='lat' dir='ltr'>judaeorum,</span> <span class='ocrx_word' id='word_1_251' title='bbox 1483 1404 1551 1439; x_wconf 87' lang='lat' dir='ltr'>nisi</span> <span class='ocrx_word' id='word_1_252' title='bbox 1570 1412 1665 1451; x_wconf 89' lang='lat' dir='ltr'>post·</span> 
     </span>
     <span class='ocr_line' id='line_1_24' title="bbox 91 1454 1665 1505; baseline 0.001 -13"><span class='ocrx_word' id='word_1_253' title='bbox 91 1466 203 1505; x_wconf 82' lang='lat' dir='ltr'>quam</span> <span class='ocrx_word' id='word_1_254' title='bbox 222 1454 420 1491; x_wconf 82' lang='lat' dir='ltr'>declinavit</span> <span class='ocrx_word' id='word_1_255' title='bbox 439 1455 485 1490; x_wconf 87' lang='lat' dir='ltr'>ad</span> <span class='ocrx_word' id='word_1_256' title='bbox 498 1455 759 1498; x_wconf 84' lang='lat' dir='ltr'>idololatriam,</span> <span class='ocrx_word' id='word_1_257' title='bbox 781 1455 968 1490; x_wconf 84' lang='lat' dir='ltr'>adorando</span> <span class='ocrx_word' id='word_1_258' title='bbox 983 1455 1138 1490; x_wconf 80' lang='lat' dir='ltr'>vitulum</span> <span class='ocrx_word' id='word_1_259' title='bbox 1154 1455 1399 1499; x_wconf 78' lang='lat' dir='ltr'>conflatilem3</span> <span class='ocrx_word' id='word_1_260' title='bbox 1421 1458 1523 1504; x_wconf 88' lang='lat' dir='ltr'>quasi</span> <span class='ocrx_word' id='word_1_261' title='bbox 1544 1458 1665 1503; x_wconf 82' lang='lat' dir='ltr'>hujus-</span> 
     </span>
     <span class='ocr_line' id='line_1_25' title="bbox 90 1507 1663 1557; baseline 0 -11"><span class='ocrx_word' id='word_1_262' title='bbox 90 1508 194 1546; x_wconf 85' lang='lat' dir='ltr'>modi</span> <span class='ocrx_word' id='word_1_263' title='bbox 212 1507 391 1545; x_wconf 79' lang='lat' dir='ltr'>sacrificia</span> <span class='ocrx_word' id='word_1_264' title='bbox 410 1509 484 1544; x_wconf 89' lang='lat' dir='ltr'>sint</span> <span class='ocrx_word' id='word_1_265' title='bbox 503 1509 651 1551; x_wconf 83' lang='lat' dir='ltr'>istituta,</span> <span class='ocrx_word' id='word_1_266' title='bbox 673 1518 712 1544; x_wconf 90' lang='lat' dir='ltr'>ut</span> <span class='ocrx_word' id='word_1_267' title='bbox 725 1509 881 1556; x_wconf 83' lang='lat' dir='ltr'>populus</span> <span class='ocrx_word' id='word_1_268' title='bbox 895 1509 939 1544; x_wconf 91' lang='lat' dir='ltr'>ad</span> <span class='ocrx_word' id='word_1_269' title='bbox 954 1509 1232 1544; x_wconf 89' lang='lat' dir='ltr'>sacrificandum</span> <span class='ocrx_word' id='word_1_270' title='bbox 1250 1519 1439 1557; x_wconf 87' lang='lat' dir='ltr'>promptus</span> <span class='ocrx_word' id='word_1_271' title='bbox 1454 1511 1663 1557; x_wconf 73' lang='lat' dir='ltr'>huiusmodi</span> 
     </span>
     <span class='ocr_line' id='line_1_26' title="bbox 89 1561 1663 1610; baseline 0.001 -11"><span class='ocrx_word' id='word_1_272' title='bbox 89 1561 269 1600; x_wconf 73' lang='lat' dir='ltr'>sacrificia</span> <span class='ocrx_word' id='word_1_273' title='bbox 288 1562 407 1610; x_wconf 82' lang='lat' dir='ltr'>magis</span> <span class='ocrx_word' id='word_1_274' title='bbox 426 1561 522 1605; x_wconf 88' lang='lat' dir='ltr'>Deo,</span> <span class='ocrx_word' id='word_1_275' title='bbox 543 1573 655 1609; x_wconf 89' lang='lat' dir='ltr'>quam</span> <span class='ocrx_word' id='word_1_276' title='bbox 676 1562 784 1597; x_wconf 89' lang='lat' dir='ltr'>idolis</span> <span class='ocrx_word' id='word_1_277' title='bbox 805 1562 968 1598; x_wconf 83' lang='lat' dir='ltr'>offerret:</span> <span class='ocrx_word' id='word_1_278' title='bbox 991 1563 1087 1598; x_wconf 90' lang='lat' dir='ltr'>unde</span> <span class='ocrx_word' id='word_1_279' title='bbox 1109 1563 1240 1598; x_wconf 89' lang='lat' dir='ltr'>dicitur</span> <span class='ocrx_word' id='word_1_280' title='bbox 1254 1563 1324 1609; x_wconf 91' lang='lat' dir='ltr'>Jer.</span> <span class='ocrx_word' id='word_1_281' title='bbox 1348 1575 1400 1610; x_wconf 89' lang='lat'>7.:</span> <span class='ocrx_word' id='word_1_282' title='bbox 1423 1565 1502 1600; x_wconf 80' lang='lat' dir='ltr'>Non</span> <span class='ocrx_word' id='word_1_283' title='bbox 1523 1577 1594 1600; x_wconf 87' lang='lat' dir='ltr'>sum</span> <span class='ocrx_word' id='word_1_284' title='bbox 1617 1565 1663 1600; x_wconf 89' lang='lat' dir='ltr'>lo-</span> 
     </span>
     <span class='ocr_line' id='line_1_27' title="bbox 91 1617 1662 1664; baseline 0 -10"><span class='ocrx_word' id='word_1_285' title='bbox 91 1621 185 1654; x_wconf 68' lang='lat' dir='ltr'>usses</span> <span class='ocrx_word' id='word_1_286' title='bbox 201 1627 279 1653; x_wconf 76' lang='lat' dir='ltr'>cum</span> <span class='ocrx_word' id='word_1_287' title='bbox 294 1617 449 1664; x_wconf 65' lang='lat' dir='ltr'>patribus</span> <span class='ocrx_word' id='word_1_288' title='bbox 468 1617 595 1658; x_wconf 59' lang='lat' dir='ltr'>vestris,</span> <span class='ocrx_word' id='word_1_289' title='bbox 616 1621 647 1651; x_wconf 78' lang='lat' dir='ltr'>et</span> <span class='ocrx_word' id='word_1_290' title='bbox 666 1627 732 1651; x_wconf 85' lang='lat' dir='ltr'>non</span> <span class='ocrx_word' id='word_1_291' title='bbox 755 1618 913 1664; x_wconf 80' lang='lat' dir='ltr'>praecepi</span> <span class='ocrx_word' id='word_1_292' title='bbox 930 1618 975 1652; x_wconf 72' lang='lat' dir='ltr'>cis</span> <span class='ocrx_word' id='word_1_293' title='bbox 996 1618 1029 1651; x_wconf 86' lang='lat' dir='ltr'>in</span> <span class='ocrx_word' id='word_1_294' title='bbox 1051 1617 1117 1660; x_wconf 74' lang='lat' dir='ltr'>die,</span> <span class='ocrx_word' id='word_1_295' title='bbox 1141 1629 1205 1664; x_wconf 79' lang='lat' dir='ltr'>qua</span> <span class='ocrx_word' id='word_1_296' title='bbox 1232 1617 1332 1652; x_wconf 74' lang='lat' dir='ltr'>eduxi</span> <span class='ocrx_word' id='word_1_297' title='bbox 1351 1630 1402 1653; x_wconf 82' lang='lat' dir='ltr'>cos</span> <span class='ocrx_word' id='word_1_298' title='bbox 1422 1618 1460 1654; x_wconf 73' lang='lat' dir='ltr'>de</span> <span class='ocrx_word' id='word_1_299' title='bbox 1481 1624 1570 1654; x_wconf 78' lang='lat' dir='ltr'>terra</span> <span class='ocrx_word' id='word_1_300' title='bbox 1597 1621 1662 1655; x_wconf 78' lang='lat' dir='ltr'>Ae-</span> 
     </span>
     <span class='ocr_line' id='line_1_28' title="bbox 88 1669 1661 1720; baseline 0.001 -13"><span class='ocrx_word' id='word_1_301' title='bbox 88 1670 193 1718; x_wconf 64' lang='lat' dir='ltr'>gypu&#39;,</span> <span class='ocrx_word' id='word_1_302' title='bbox 211 1669 251 1706; x_wconf 71' lang='lat' dir='ltr'>de</span> <span class='ocrx_word' id='word_1_303' title='bbox 268 1671 371 1706; x_wconf 65' lang='lat' dir='ltr'>verbo</span> <span class='ocrx_word' id='word_1_304' title='bbox 391 1669 674 1711; x_wconf 75' lang='lat' dir='ltr'>holocaustorum,</span> <span class='ocrx_word' id='word_1_305' title='bbox 701 1675 732 1705; x_wconf 80' lang='lat' dir='ltr'>et</span> <span class='ocrx_word' id='word_1_306' title='bbox 751 1670 983 1706; x_wconf 78' lang='lat' dir='ltr'>victimarum.</span> <span class='ocrx_word' id='word_1_307' title='bbox 1010 1670 1107 1706; x_wconf 90' lang='lat' dir='ltr'>Inter</span> <span class='ocrx_word' id='word_1_308' title='bbox 1132 1671 1258 1705; x_wconf 91' lang='lat' dir='ltr'>omnia</span> <span class='ocrx_word' id='word_1_309' title='bbox 1284 1679 1406 1706; x_wconf 88' lang='lat' dir='ltr'>autem</span> <span class='ocrx_word' id='word_1_310' title='bbox 1433 1671 1542 1715; x_wconf 91' lang='lat' dir='ltr'>dona,</span> <span class='ocrx_word' id='word_1_311' title='bbox 1567 1684 1661 1720; x_wconf 85' lang='lat' dir='ltr'>quae</span> 
     </span>
     <span class='ocr_line' id='line_1_29' title="bbox 90 1723 1665 1774; baseline 0.001 -14"><span class='ocrx_word' id='word_1_312' title='bbox 90 1723 193 1760; x_wconf 84' lang='lat' dir='ltr'>Deus</span> <span class='ocrx_word' id='word_1_313' title='bbox 214 1723 380 1759; x_wconf 87' lang='lat' dir='ltr'>humano</span> <span class='ocrx_word' id='word_1_314' title='bbox 404 1723 529 1771; x_wconf 84' lang='lat' dir='ltr'>generi</span> <span class='ocrx_word' id='word_1_315' title='bbox 551 1725 624 1770; x_wconf 85' lang='lat' dir='ltr'>jam</span> <span class='ocrx_word' id='word_1_316' title='bbox 652 1735 715 1771; x_wconf 89' lang='lat' dir='ltr'>per</span> <span class='ocrx_word' id='word_1_317' title='bbox 740 1733 931 1771; x_wconf 83' lang='lat' dir='ltr'>peccatum</span> <span class='ocrx_word' id='word_1_318' title='bbox 959 1724 1063 1771; x_wconf 88' lang='lat' dir='ltr'>lapso</span> <span class='ocrx_word' id='word_1_319' title='bbox 1090 1725 1199 1766; x_wconf 86' lang='lat' dir='ltr'>dedit,</span> <span class='ocrx_word' id='word_1_320' title='bbox 1225 1725 1460 1772; x_wconf 88' lang='lat' dir='ltr'>praecipuum</span> <span class='ocrx_word' id='word_1_321' title='bbox 1487 1735 1542 1762; x_wconf 88' lang='lat' dir='ltr'>est</span> <span class='ocrx_word' id='word_1_322' title='bbox 1567 1727 1665 1774; x_wconf 93' lang='lat' dir='ltr'>quod</span> 
     </span>
     <span class='ocr_line' id='line_1_30' title="bbox 91 1775 1665 1824; baseline 0.002 -11"><span class='ocrx_word' id='word_1_323' title='bbox 91 1776 190 1814; x_wconf 74' lang='lat' dir='ltr'>dedit</span> <span class='ocrx_word' id='word_1_324' title='bbox 206 1775 339 1813; x_wconf 78' lang='lat' dir='ltr'>Filium</span> <span class='ocrx_word' id='word_1_325' title='bbox 355 1788 484 1821; x_wconf 78' lang='lat' dir='ltr'>suum3</span> <span class='ocrx_word' id='word_1_326' title='bbox 506 1777 601 1812; x_wconf 89' lang='lat' dir='ltr'>unde</span> <span class='ocrx_word' id='word_1_327' title='bbox 618 1777 749 1812; x_wconf 88' lang='lat' dir='ltr'>dicitur</span> <span class='ocrx_word' id='word_1_328' title='bbox 761 1777 866 1824; x_wconf 89' lang='lat' dir='ltr'>Joan.</span> <span class='ocrx_word' id='word_1_329' title='bbox 892 1789 940 1824; x_wconf 86' lang='lat'>3.:</span> <span class='ocrx_word' id='word_1_330' title='bbox 961 1778 1016 1813; x_wconf 73' lang='lat' dir='ltr'>Sic</span> <span class='ocrx_word' id='word_1_331' title='bbox 1039 1779 1129 1813; x_wconf 68' lang='lat' dir='ltr'>Deus</span> <span class='ocrx_word' id='word_1_332' title='bbox 1150 1778 1264 1813; x_wconf 60' lang='lat' dir='ltr'>dilexit</span> <span class='ocrx_word' id='word_1_333' title='bbox 1289 1779 1462 1822; x_wconf 80' lang='lat' dir='ltr'>mundum,</span> <span class='ocrx_word' id='word_1_334' title='bbox 1481 1786 1518 1816; x_wconf 81' lang='lat' dir='ltr'>ut</span> <span class='ocrx_word' id='word_1_335' title='bbox 1538 1781 1665 1816; x_wconf 70' lang='lat' dir='ltr'>filium</span> 
     </span>
     <span class='ocr_line' id='line_1_31' title="bbox 88 1830 1668 1879; baseline 0.001 -11"><span class='ocrx_word' id='word_1_336' title='bbox 88 1842 187 1868; x_wconf 70' lang='lat' dir='ltr'>sm</span> <span class='ocrx_word' id='word_1_337' title='bbox 203 1831 413 1878; x_wconf 62' lang='lat' dir='ltr'>unigenum</span> <span class='ocrx_word' id='word_1_338' title='bbox 434 1830 542 1874; x_wconf 75' lang='lat' dir='ltr'>daret,</span> <span class='ocrx_word' id='word_1_339' title='bbox 563 1836 601 1866; x_wconf 81' lang='lat' dir='ltr'>ut</span> <span class='ocrx_word' id='word_1_340' title='bbox 621 1832 738 1873; x_wconf 78' lang='lat' dir='ltr'>omnis,</span> <span class='ocrx_word' id='word_1_341' title='bbox 761 1831 940 1878; x_wconf 55' lang='lat' dir='ltr'>qui&#39;crcdit</span> <span class='ocrx_word' id='word_1_342' title='bbox 963 1833 996 1866; x_wconf 84' lang='lat' dir='ltr'>in</span> <span class='ocrx_word' id='word_1_343' title='bbox 1017 1833 1134 1879; x_wconf 80' lang='lat' dir='ltr'>ipsum,</span> <span class='ocrx_word' id='word_1_344' title='bbox 1158 1843 1223 1866; x_wconf 85' lang='lat' dir='ltr'>non</span> <span class='ocrx_word' id='word_1_345' title='bbox 1245 1838 1371 1879; x_wconf 75' lang='lat' dir='ltr'>pereat,</span> <span class='ocrx_word' id='word_1_346' title='bbox 1398 1833 1450 1868; x_wconf 72' lang='lat' dir='ltr'>sed</span> <span class='ocrx_word' id='word_1_347' title='bbox 1475 1834 1593 1869; x_wconf 71' lang='lat' dir='ltr'>habeat</span> <span class='ocrx_word' id='word_1_348' title='bbox 1616 1836 1668 1869; x_wconf 79' lang='lat' dir='ltr'>vi-</span> 
     </span>
     <span class='ocr_line' id='line_1_32' title="bbox 91 1884 1665 1935; baseline 0 -13"><span class='ocrx_word' id='word_1_349' title='bbox 91 1889 162 1922; x_wconf 69' lang='lat' dir='ltr'>m</span> <span class='ocrx_word' id='word_1_350' title='bbox 178 1889 373 1927; x_wconf 67' lang='lat' dir='ltr'>aternam</span> <span class='ocrx_word' id='word_1_351' title='bbox 395 1892 433 1920; x_wconf 87' lang='lat' dir='ltr'>et</span> <span class='ocrx_word' id='word_1_352' title='bbox 452 1884 536 1920; x_wconf 89' lang='lat' dir='ltr'>ideo</span> <span class='ocrx_word' id='word_1_353' title='bbox 557 1885 790 1932; x_wconf 86' lang='lat' dir='ltr'>potissimum</span> <span class='ocrx_word' id='word_1_354' title='bbox 813 1884 1042 1920; x_wconf 87' lang='lat' dir='ltr'>Sacrificium</span> <span class='ocrx_word' id='word_1_355' title='bbox 1065 1894 1130 1927; x_wconf 86' lang='lat' dir='ltr'>cst,</span> <span class='ocrx_word' id='word_1_356' title='bbox 1146 1897 1219 1932; x_wconf 91' lang='lat' dir='ltr'>quo</span> <span class='ocrx_word' id='word_1_357' title='bbox 1241 1887 1316 1933; x_wconf 89' lang='lat' dir='ltr'>ipse</span> <span class='ocrx_word' id='word_1_358' title='bbox 1339 1887 1508 1923; x_wconf 84' lang='lat' dir='ltr'>Christus</span> <span class='ocrx_word' id='word_1_359' title='bbox 1528 1890 1665 1935; x_wconf 81' lang='lat' dir='ltr'>scipsum</span> 
     </span>
     <span class='ocr_line' id='line_1_33' title="bbox 91 1937 1666 1988; baseline 0.001 -13"><span class='ocrx_word' id='word_1_360' title='bbox 91 1937 210 1975; x_wconf 73' lang='lat' dir='ltr'>obtulit</span> <span class='ocrx_word' id='word_1_361' title='bbox 230 1938 304 1974; x_wconf 76' lang='lat' dir='ltr'>Deo</span> <span class='ocrx_word' id='word_1_362' title='bbox 322 1939 358 1974; x_wconf 81' lang='lat' dir='ltr'>in</span> <span class='ocrx_word' id='word_1_363' title='bbox 374 1937 507 1974; x_wconf 82' lang='lat' dir='ltr'>odorem</span> <span class='ocrx_word' id='word_1_364' title='bbox 526 1939 714 1981; x_wconf 80' lang='lat' dir='ltr'>suavitatis,</span> <span class='ocrx_word' id='word_1_365' title='bbox 738 1946 776 1973; x_wconf 93' lang='lat' dir='ltr'>ut</span> <span class='ocrx_word' id='word_1_366' title='bbox 789 1938 920 1974; x_wconf 87' lang='lat' dir='ltr'>dicitur</span> <span class='ocrx_word' id='word_1_367' title='bbox 941 1939 985 1973; x_wconf 86' lang='lat' dir='ltr'>ad</span> <span class='ocrx_word' id='word_1_368' title='bbox 1008 1938 1139 1986; x_wconf 83' lang='lat' dir='ltr'>Ephes.</span> <span class='ocrx_word' id='word_1_369' title='bbox 1159 1951 1207 1984; x_wconf 83' lang='lat'>5.;</span> <span class='ocrx_word' id='word_1_370' title='bbox 1230 1949 1266 1974; x_wconf 86' lang='lat' dir='ltr'>et</span> <span class='ocrx_word' id='word_1_371' title='bbox 1286 1949 1432 1988; x_wconf 86' lang='lat' dir='ltr'>propter</span> <span class='ocrx_word' id='word_1_372' title='bbox 1454 1941 1525 1976; x_wconf 86' lang='lat' dir='ltr'>hoc</span> <span class='ocrx_word' id='word_1_373' title='bbox 1541 1942 1666 1977; x_wconf 89' lang='lat' dir='ltr'>omnia</span> 
     </span>
     <span class='ocr_line' id='line_1_34' title="bbox 93 1991 1668 2044; baseline 0.001 -14"><span class='ocrx_word' id='word_1_374' title='bbox 93 1991 167 2030; x_wconf 71' lang='lat' dir='ltr'>alia</span> <span class='ocrx_word' id='word_1_375' title='bbox 183 1991 364 2029; x_wconf 70' lang='lat' dir='ltr'>sacrificia</span> <span class='ocrx_word' id='word_1_376' title='bbox 384 1991 630 2028; x_wconf 76' lang='lat' dir='ltr'>offerebantur</span> <span class='ocrx_word' id='word_1_377' title='bbox 646 1993 683 2028; x_wconf 89' lang='lat' dir='ltr'>in</span> <span class='ocrx_word' id='word_1_378' title='bbox 704 1994 818 2028; x_wconf 88' lang='lat' dir='ltr'>veteri</span> <span class='ocrx_word' id='word_1_379' title='bbox 844 1993 937 2040; x_wconf 86' lang='lat' dir='ltr'>lege,</span> <span class='ocrx_word' id='word_1_380' title='bbox 965 2002 1003 2029; x_wconf 91' lang='lat' dir='ltr'>ut</span> <span class='ocrx_word' id='word_1_381' title='bbox 1024 1994 1094 2028; x_wconf 87' lang='lat' dir='ltr'>hoc</span> <span class='ocrx_word' id='word_1_382' title='bbox 1123 2005 1235 2029; x_wconf 91' lang='lat' dir='ltr'>unum</span> <span class='ocrx_word' id='word_1_383' title='bbox 1257 1995 1451 2039; x_wconf 74' lang='lat' dir='ltr'>singulare,</span> <span class='ocrx_word' id='word_1_384' title='bbox 1478 2005 1514 2031; x_wconf 88' lang='lat' dir='ltr'>et</span> <span class='ocrx_word' id='word_1_385' title='bbox 1534 1997 1668 2044; x_wconf 86' lang='lat' dir='ltr'>praeci-</span> 
     </span>
     <span class='ocr_line' id='line_1_35' title="bbox 92 2045 1668 2097; baseline 0.003 -15"><span class='ocrx_word' id='word_1_386' title='bbox 92 2057 208 2095; x_wconf 88' lang='lat' dir='ltr'>puum</span> <span class='ocrx_word' id='word_1_387' title='bbox 223 2046 444 2083; x_wconf 76' lang='lat' dir='ltr'>sacrificium</span> <span class='ocrx_word' id='word_1_388' title='bbox 458 2045 685 2094; x_wconf 87' lang='lat' dir='ltr'>figuraretur,</span> <span class='ocrx_word' id='word_1_389' title='bbox 706 2055 895 2094; x_wconf 86' lang='lat' dir='ltr'>tamquam</span> <span class='ocrx_word' id='word_1_390' title='bbox 917 2047 1117 2094; x_wconf 76' lang='lat' dir='ltr'>perfectum</span> <span class='ocrx_word' id='word_1_391' title='bbox 1140 2059 1203 2095; x_wconf 89' lang='lat' dir='ltr'>per</span> <span class='ocrx_word' id='word_1_392' title='bbox 1220 2049 1443 2096; x_wconf 78' lang='lat' dir='ltr'>imperfecta;</span> <span class='ocrx_word' id='word_1_393' title='bbox 1462 2052 1556 2086; x_wconf 86' lang='lat' dir='ltr'>unde</span> <span class='ocrx_word' id='word_1_394' title='bbox 1571 2051 1668 2097; x_wconf 81' lang='lat' dir='ltr'>Apo-</span> 
     </span>
     <span class='ocr_line' id='line_1_36' title="bbox 92 2099 1667 2150; baseline 0.002 -13"><span class='ocrx_word' id='word_1_395' title='bbox 92 2099 210 2137; x_wconf 68' lang='lat' dir='ltr'>stolus</span> <span class='ocrx_word' id='word_1_396' title='bbox 228 2099 375 2136; x_wconf 79' lang='lat' dir='ltr'>dicitad</span> <span class='ocrx_word' id='word_1_397' title='bbox 388 2100 498 2136; x_wconf 78' lang='lat' dir='ltr'>Hebr.</span> <span class='ocrx_word' id='word_1_398' title='bbox 518 2111 583 2144; x_wconf 75' lang='grc' dir='ltr'>ια,</span> <span class='ocrx_word' id='word_1_399' title='bbox 606 2100 704 2148; x_wconf 88' lang='lat' dir='ltr'>quod</span> <span class='ocrx_word' id='word_1_400' title='bbox 721 2101 880 2136; x_wconf 63' lang='lat' dir='ltr'>Sacerdos</span> <span class='ocrx_word' id='word_1_401' title='bbox 892 2103 1010 2136; x_wconf 75' lang='lat' dir='ltr'>veteris</span> <span class='ocrx_word' id='word_1_402' title='bbox 1020 2101 1095 2147; x_wconf 70' lang='lat' dir='ltr'>legis</span> <span class='ocrx_word' id='word_1_403' title='bbox 1109 2102 1233 2137; x_wconf 73' lang='lat' dir='ltr'>casdem</span> <span class='ocrx_word' id='word_1_404' title='bbox 1252 2110 1345 2150; x_wconf 76' lang='lat' dir='ltr'>saepe</span> <span class='ocrx_word' id='word_1_405' title='bbox 1363 2104 1518 2149; x_wconf 50' lang='lat' dir='ltr'>distrabat</span> <span class='ocrx_word' id='word_1_406' title='bbox 1536 2105 1667 2146; x_wconf 80' lang='lat' dir='ltr'>hostias,</span> 
     </span>
     <span class='ocr_line' id='line_1_37' title="bbox 92 2155 1666 2204; baseline 0.002 -14"><span class='ocrx_word' id='word_1_407' title='bbox 92 2164 178 2202; x_wconf 70' lang='lat' dir='ltr'>quac</span> <span class='ocrx_word' id='word_1_408' title='bbox 195 2164 381 2202; x_wconf 72' lang='lat' dir='ltr'>numquam</span> <span class='ocrx_word' id='word_1_409' title='bbox 396 2159 535 2203; x_wconf 77' lang='lat' dir='ltr'>possunt</span> <span class='ocrx_word' id='word_1_410' title='bbox 554 2155 687 2202; x_wconf 72' lang='lat' dir='ltr'>auferre</span> <span class='ocrx_word' id='word_1_411' title='bbox 705 2159 865 2202; x_wconf 62' lang='lat' dir='ltr'>penam,-</span> <span class='ocrx_word' id='word_1_412' title='bbox 895 2155 1043 2190; x_wconf 80' lang='lat' dir='ltr'>Christus</span> <span class='ocrx_word' id='word_1_413' title='bbox 1064 2160 1172 2190; x_wconf 71' lang='lat' dir='ltr'>autem</span> <span class='ocrx_word' id='word_1_414' title='bbox 1189 2163 1255 2202; x_wconf 81' lang='lat' dir='ltr'>pro</span> <span class='ocrx_word' id='word_1_415' title='bbox 1271 2159 1412 2204; x_wconf 79' lang='lat' dir='ltr'>peccatis</span> <span class='ocrx_word' id='word_1_416' title='bbox 1430 2158 1547 2193; x_wconf 74' lang='lat' dir='ltr'>obtulit</span> <span class='ocrx_word' id='word_1_417' title='bbox 1563 2169 1666 2193; x_wconf 82' lang='lat' dir='ltr'>unam</span> 
     </span>
     <span class='ocr_line' id='line_1_38' title="bbox 93 2207 1667 2257; baseline 0.002 -13"><span class='ocrx_word' id='word_1_418' title='bbox 93 2208 132 2244; x_wconf 68' lang='lat' dir='ltr'>in</span> <span class='ocrx_word' id='word_1_419' title='bbox 148 2209 409 2257; x_wconf 59' lang='lat' dir='ltr'>sempiternum:</span> <span class='ocrx_word' id='word_1_420' title='bbox 430 2216 466 2244; x_wconf 85' lang='lat' dir='ltr'>et</span> <span class='ocrx_word' id='word_1_421' title='bbox 486 2208 571 2256; x_wconf 88' lang='lat' dir='ltr'>quia</span> <span class='ocrx_word' id='word_1_422' title='bbox 590 2220 633 2243; x_wconf 85' lang='lat' dir='ltr'>ex</span> <span class='ocrx_word' id='word_1_423' title='bbox 654 2207 809 2254; x_wconf 85' lang='lat' dir='ltr'>figurato</span> <span class='ocrx_word' id='word_1_424' title='bbox 831 2208 986 2243; x_wconf 88' lang='lat' dir='ltr'>sumitur</span> <span class='ocrx_word' id='word_1_425' title='bbox 1007 2209 1098 2244; x_wconf 90' lang='lat' dir='ltr'>ratio</span> <span class='ocrx_word' id='word_1_426' title='bbox 1117 2208 1266 2255; x_wconf 85' lang='lat' dir='ltr'>figurae,</span> <span class='ocrx_word' id='word_1_427' title='bbox 1285 2210 1368 2245; x_wconf 87' lang='lat' dir='ltr'>ideo</span> <span class='ocrx_word' id='word_1_428' title='bbox 1383 2211 1542 2247; x_wconf 88' lang='lat' dir='ltr'>rationes</span> <span class='ocrx_word' id='word_1_429' title='bbox 1561 2212 1667 2247; x_wconf 88' lang='lat' dir='ltr'>sacri-</span> 
     </span>
     <span class='ocr_line' id='line_1_39' title="bbox 94 2260 1622 2310; baseline 0.001 -12"><span class='ocrx_word' id='word_1_430' title='bbox 94 2260 264 2298; x_wconf 66' lang='lat' dir='ltr'>fidorum</span> <span class='ocrx_word' id='word_1_431' title='bbox 283 2260 491 2310; x_wconf 77' lang='lat' dir='ltr'>figuralium</span> <span class='ocrx_word' id='word_1_432' title='bbox 508 2262 640 2297; x_wconf 88' lang='lat' dir='ltr'>veteris</span> <span class='ocrx_word' id='word_1_433' title='bbox 662 2260 753 2307; x_wconf 84' lang='lat' dir='ltr'>legis</span> <span class='ocrx_word' id='word_1_434' title='bbox 774 2270 858 2297; x_wconf 89' lang='lat' dir='ltr'>sunt</span> <span class='ocrx_word' id='word_1_435' title='bbox 878 2262 1077 2297; x_wconf 83' lang='lat' dir='ltr'>sumendae</span> <span class='ocrx_word' id='word_1_436' title='bbox 1098 2274 1140 2297; x_wconf 74' lang='lat' dir='ltr'>ex</span> <span class='ocrx_word' id='word_1_437' title='bbox 1162 2274 1249 2298; x_wconf 77' lang='lat' dir='ltr'>vero</span> <span class='ocrx_word' id='word_1_438' title='bbox 1272 2263 1451 2299; x_wconf 85' lang='lat' dir='ltr'>sacrificio</span> <span class='ocrx_word' id='word_1_439' title='bbox 1473 2265 1622 2300; x_wconf 87' lang='lat' dir='ltr'>Christi.</span> 
     </span>
     <span class='ocr_line' id='line_1_40' title="bbox 163 2314 1664 2363; baseline 0.001 -12"><span class='ocrx_word' id='word_1_440' title='bbox 163 2314 227 2351; x_wconf 77' lang='lat' dir='ltr'>An</span> <span class='ocrx_word' id='word_1_441' title='bbox 246 2323 396 2352; x_wconf 70' lang='lat' dir='ltr'>mm</span> <span class='ocrx_word' id='word_1_442' title='bbox 417 2325 506 2363; x_wconf 83' lang='lat' dir='ltr'>ergo</span> <span class='ocrx_word' id='word_1_443' title='bbox 527 2315 735 2357; x_wconf 88' lang='lat' dir='ltr'>dicendum,</span> <span class='ocrx_word' id='word_1_444' title='bbox 756 2315 854 2362; x_wconf 88' lang='lat' dir='ltr'>quod</span> <span class='ocrx_word' id='word_1_445' title='bbox 876 2315 977 2351; x_wconf 88' lang='lat' dir='ltr'>Deus</span> <span class='ocrx_word' id='word_1_446' title='bbox 994 2327 1069 2350; x_wconf 91' lang='lat' dir='ltr'>non</span> <span class='ocrx_word' id='word_1_447' title='bbox 1086 2315 1233 2352; x_wconf 81' lang='lat' dir='ltr'>volebat</span> <span class='ocrx_word' id='word_1_448' title='bbox 1254 2317 1464 2362; x_wconf 78' lang='lat' dir='ltr'>hujusmodi</span> <span class='ocrx_word' id='word_1_449' title='bbox 1487 2318 1664 2353; x_wconf 83' lang='lat' dir='ltr'>sacrificia</span> 
     </span>
     <span class='ocr_line' id='line_1_41' title="bbox 92 2367 1668 2417; baseline 0.002 -12"><span class='ocrx_word' id='word_1_450' title='bbox 92 2368 163 2406; x_wconf 72' lang='lat' dir='ltr'>sibi</span> <span class='ocrx_word' id='word_1_451' title='bbox 181 2367 304 2405; x_wconf 76' lang='lat' dir='ltr'>offerri</span> <span class='ocrx_word' id='word_1_452' title='bbox 323 2377 471 2417; x_wconf 89' lang='lat' dir='ltr'>propter</span> <span class='ocrx_word' id='word_1_453' title='bbox 490 2369 586 2417; x_wconf 87' lang='lat' dir='ltr'>ipsas</span> <span class='ocrx_word' id='word_1_454' title='bbox 608 2381 676 2412; x_wconf 84' lang='lat' dir='ltr'>res,</span> <span class='ocrx_word' id='word_1_455' title='bbox 698 2381 791 2417; x_wconf 84' lang='lat' dir='ltr'>quac</span> <span class='ocrx_word' id='word_1_456' title='bbox 818 2368 1072 2412; x_wconf 80' lang='lat' dir='ltr'>offerebantur,</span> <span class='ocrx_word' id='word_1_457' title='bbox 1093 2371 1195 2417; x_wconf 82' lang='lat' dir='ltr'>quasi</span> <span class='ocrx_word' id='word_1_458' title='bbox 1215 2371 1266 2406; x_wconf 87' lang='lat' dir='ltr'>cis</span> <span class='ocrx_word' id='word_1_459' title='bbox 1284 2372 1480 2414; x_wconf 69' lang='lat' dir='ltr'>indigeret:</span> <span class='ocrx_word' id='word_1_460' title='bbox 1503 2374 1597 2408; x_wconf 89' lang='lat' dir='ltr'>unde</span> <span class='ocrx_word' id='word_1_461' title='bbox 1618 2373 1668 2407; x_wconf 90' lang='lat' dir='ltr'>di-</span> 
     </span>
     <span class='ocr_line' id='line_1_42' title="bbox 55 2421 1665 2471; baseline 0.001 -12"><span class='ocrx_word' id='word_1_462' title='bbox 55 2447 57 2450; x_wconf 59' lang='lat'>&lt;</span> <span class='ocrx_word' id='word_1_463' title='bbox 94 2421 190 2459; x_wconf 65' lang='lat' dir='ltr'>eim?</span> <span class='ocrx_word' id='word_1_464' title='bbox 205 2421 276 2459; x_wconf 69' lang='lat' dir='ltr'>lta·</span> <span class='ocrx_word' id='word_1_465' title='bbox 300 2432 349 2459; x_wconf 66' lang='lat' dir='ltr'>L:</span> <span class='ocrx_word' id='word_1_466' title='bbox 374 2422 579 2459; x_wconf 76' lang='lat' dir='ltr'>Holocausta</span> <span class='ocrx_word' id='word_1_467' title='bbox 599 2425 757 2465; x_wconf 68' lang='lat' dir='ltr'>arietum,</span> <span class='ocrx_word' id='word_1_468' title='bbox 779 2428 808 2458; x_wconf 72' lang='lat' dir='ltr'>et</span> <span class='ocrx_word' id='word_1_469' title='bbox 832 2423 961 2470; x_wconf 73' lang='lat' dir='ltr'>adipem</span> <span class='ocrx_word' id='word_1_470' title='bbox 978 2425 1172 2471; x_wconf 65' lang='lat' dir='ltr'>pinguium,</span> <span class='ocrx_word' id='word_1_471' title='bbox 1198 2430 1228 2460; x_wconf 73' lang='lat' dir='ltr'>et</span> <span class='ocrx_word' id='word_1_472' title='bbox 1253 2427 1445 2469; x_wconf 71' lang='lat' dir='ltr'>sanguinem</span> <span class='ocrx_word' id='word_1_473' title='bbox 1468 2427 1665 2468; x_wconf 74' lang='lat' dir='ltr'>viudorum,</span> 
     </span>
     <span class='ocr_line' id='line_1_43' title="bbox 93 2475 1668 2526; baseline 0.001 -13"><span class='ocrx_word' id='word_1_474' title='bbox 93 2480 127 2513; x_wconf 67' lang='lat' dir='ltr'>et</span> <span class='ocrx_word' id='word_1_475' title='bbox 141 2475 328 2520; x_wconf 62' lang='lat' dir='ltr'>hircorum,</span> <span class='ocrx_word' id='word_1_476' title='bbox 343 2481 376 2513; x_wconf 65' lang='lat' dir='ltr'><em>a</em></span> <span class='ocrx_word' id='word_1_477' title='bbox 389 2487 554 2523; x_wconf 75' lang='lat' dir='ltr'>agnorum</span> <span class='ocrx_word' id='word_1_478' title='bbox 571 2476 687 2512; x_wconf 73' lang='lat' dir='ltr'>nolui.-</span> <span class='ocrx_word' id='word_1_479' title='bbox 708 2476 770 2511; x_wconf 81' lang='lat' dir='ltr'>sed</span> <span class='ocrx_word' id='word_1_480' title='bbox 791 2475 939 2512; x_wconf 86' lang='lat' dir='ltr'>volebat</span> <span class='ocrx_word' id='word_1_481' title='bbox 957 2487 1000 2512; x_wconf 85' lang='lat' dir='ltr'>ea</span> <span class='ocrx_word' id='word_1_482' title='bbox 1021 2477 1087 2512; x_wconf 87' lang='lat' dir='ltr'>sibi</span> <span class='ocrx_word' id='word_1_483' title='bbox 1109 2477 1241 2520; x_wconf 77' lang='lat' dir='ltr'>offerri,</span> <span class='ocrx_word' id='word_1_484' title='bbox 1264 2487 1301 2513; x_wconf 87' lang='lat' dir='ltr'>ut</span> <span class='ocrx_word' id='word_1_485' title='bbox 1321 2489 1427 2526; x_wconf 88' lang='lat' dir='ltr'>supra</span> <span class='ocrx_word' id='word_1_486' title='bbox 1449 2479 1587 2515; x_wconf 88' lang='lat' dir='ltr'>dictum</span> <span class='ocrx_word' id='word_1_487' title='bbox 1613 2489 1668 2516; x_wconf 79' lang='lat' dir='ltr'>est</span> 
     </span>
     <span class='ocr_line' id='line_1_44' title="bbox 94 2529 1666 2579; baseline 0.001 -12"><span class='ocrx_word' id='word_1_488' title='bbox 94 2529 334 2579; x_wconf 59' lang='lat' dir='ltr'>(ut-pram),</span> <span class='ocrx_word' id='word_1_489' title='bbox 348 2534 418 2566; x_wconf 70' lang='lat' dir='ltr'>tum</span> <span class='ocrx_word' id='word_1_490' title='bbox 432 2529 477 2565; x_wconf 82' lang='lat' dir='ltr'>ad</span> <span class='ocrx_word' id='word_1_491' title='bbox 498 2529 764 2566; x_wconf 82' lang='lat' dir='ltr'>excludendam</span> <span class='ocrx_word' id='word_1_492' title='bbox 777 2529 1037 2576; x_wconf 85' lang='lat' dir='ltr'>idololatriam,</span> <span class='ocrx_word' id='word_1_493' title='bbox 1051 2536 1119 2566; x_wconf 76' lang='lat' dir='ltr'>tum</span> <span class='ocrx_word' id='word_1_494' title='bbox 1138 2532 1181 2566; x_wconf 89' lang='lat' dir='ltr'>ad</span> <span class='ocrx_word' id='word_1_495' title='bbox 1203 2532 1482 2578; x_wconf 85' lang='lat' dir='ltr'>significandum</span> <span class='ocrx_word' id='word_1_496' title='bbox 1505 2534 1666 2569; x_wconf 86' lang='lat' dir='ltr'>debitum</span> 
     </span>
     <span class='ocr_line' id='line_1_45' title="bbox 94 2581 1666 2634; baseline 0.001 -13"><span class='ocrx_word' id='word_1_497' title='bbox 94 2581 264 2622; x_wconf 63' lang='lat' dir='ltr'>«finan</span> <span class='ocrx_word' id='word_1_498' title='bbox 286 2583 423 2620; x_wconf 79' lang='lat' dir='ltr'>mentis</span> <span class='ocrx_word' id='word_1_499' title='bbox 442 2582 626 2619; x_wconf 84' lang='lat' dir='ltr'>humanae</span> <span class='ocrx_word' id='word_1_500' title='bbox 648 2583 683 2618; x_wconf 91' lang='lat' dir='ltr'>in</span> <span class='ocrx_word' id='word_1_501' title='bbox 710 2583 844 2626; x_wconf 86' lang='lat' dir='ltr'>Deum,</span> <span class='ocrx_word' id='word_1_502' title='bbox 872 2589 941 2619; x_wconf 73' lang='lat' dir='ltr'>turn</span> <span class='ocrx_word' id='word_1_503' title='bbox 973 2584 1082 2619; x_wconf 88' lang='lat' dir='ltr'>etiam</span> <span class='ocrx_word' id='word_1_504' title='bbox 1113 2585 1156 2620; x_wconf 85' lang='lat' dir='ltr'>ad</span> <span class='ocrx_word' id='word_1_505' title='bbox 1189 2584 1417 2631; x_wconf 78' lang='lat' dir='ltr'>figurandum</span> <span class='ocrx_word' id='word_1_506' title='bbox 1453 2589 1666 2634; x_wconf 80' lang='lat' dir='ltr'>mysterium</span> 
     </span>
     <span class='ocr_line' id='line_1_46' title="bbox 95 2636 871 2685; baseline -0.003 -11"><span class='ocrx_word' id='word_1_507' title='bbox 95 2636 356 2685; x_wconf 59' lang='lat' dir='ltr'>menapum</span> <span class='ocrx_word' id='word_1_508' title='bbox 380 2636 565 2673; x_wconf 78' lang='lat' dir='ltr'>humanae</span> <span class='ocrx_word' id='word_1_509' title='bbox 586 2647 650 2684; x_wconf 83' lang='lat' dir='ltr'>per</span> <span class='ocrx_word' id='word_1_510' title='bbox 670 2637 871 2672; x_wconf 81' lang='lat' dir='ltr'>Christum.</span> 
     </span>
    </p>

    <p class='ocr_par' dir='ltr' id='par_1_3' title="bbox 95 2689 1670 2893">
     <span class='ocr_line' id='line_1_47' title="bbox 166 2689 1670 2740; baseline 0.003 -14"><span class='ocrx_word' id='word_1_511' title='bbox 166 2689 230 2727; x_wconf 77' lang='lat' dir='ltr'>An</span> <span class='ocrx_word' id='word_1_512' title='bbox 249 2699 459 2726; x_wconf 66' lang='lat' dir='ltr'>secuuntur</span> <span class='ocrx_word' id='word_1_513' title='bbox 480 2689 687 2733; x_wconf 89' lang='lat' dir='ltr'>dicendum,</span> <span class='ocrx_word' id='word_1_514' title='bbox 709 2690 806 2737; x_wconf 89' lang='lat' dir='ltr'>quod</span> <span class='ocrx_word' id='word_1_515' title='bbox 828 2699 1005 2738; x_wconf 88' lang='lat' dir='ltr'>quantum</span> <span class='ocrx_word' id='word_1_516' title='bbox 1027 2692 1070 2727; x_wconf 84' lang='lat' dir='ltr'>ad</span> <span class='ocrx_word' id='word_1_517' title='bbox 1098 2693 1222 2727; x_wconf 88' lang='lat' dir='ltr'>omnia</span> <span class='ocrx_word' id='word_1_518' title='bbox 1249 2694 1432 2740; x_wconf 83' lang='lat' dir='ltr'>praedicta</span> <span class='ocrx_word' id='word_1_519' title='bbox 1466 2694 1559 2730; x_wconf 84' lang='lat' dir='ltr'>ratio</span> <span class='ocrx_word' id='word_1_520' title='bbox 1584 2705 1670 2730; x_wconf 90' lang='lat' dir='ltr'>con-</span> 
     </span>
     <span class='ocr_line' id='line_1_48' title="bbox 95 2741 1667 2791; baseline 0.002 -11"><span class='ocrx_word' id='word_1_521' title='bbox 95 2742 248 2780; x_wconf 67' lang='lat' dir='ltr'>venien:</span> <span class='ocrx_word' id='word_1_522' title='bbox 265 2741 345 2787; x_wconf 73' lang='lat' dir='ltr'>suit.</span> <span class='ocrx_word' id='word_1_523' title='bbox 363 2751 478 2791; x_wconf 72' lang='lat' dir='ltr'>quare</span> <span class='ocrx_word' id='word_1_524' title='bbox 497 2743 565 2779; x_wconf 77' lang='lat' dir='ltr'>ista</span> <span class='ocrx_word' id='word_1_525' title='bbox 586 2742 759 2779; x_wconf 83' lang='lat' dir='ltr'>animalia</span> <span class='ocrx_word' id='word_1_526' title='bbox 779 2743 1024 2780; x_wconf 78' lang='lat' dir='ltr'>offerebantur</span> <span class='ocrx_word' id='word_1_527' title='bbox 1044 2745 1127 2781; x_wconf 85' lang='lat' dir='ltr'>Deo</span> <span class='ocrx_word' id='word_1_528' title='bbox 1144 2746 1179 2780; x_wconf 91' lang='lat' dir='ltr'>in</span> <span class='ocrx_word' id='word_1_529' title='bbox 1195 2746 1426 2790; x_wconf 81' lang='lat' dir='ltr'>sacrificium,</span> <span class='ocrx_word' id='word_1_530' title='bbox 1443 2756 1479 2783; x_wconf 86' lang='lat' dir='ltr'>ct</span> <span class='ocrx_word' id='word_1_531' title='bbox 1492 2759 1566 2783; x_wconf 91' lang='lat' dir='ltr'>non</span> <span class='ocrx_word' id='word_1_532' title='bbox 1585 2748 1667 2784; x_wconf 80' lang='lat' dir='ltr'>alia.</span> 
     </span>
     <span class='ocr_line' id='line_1_49' title="bbox 97 2795 1670 2847; baseline 0.003 -13"><span class='ocrx_word' id='word_1_533' title='bbox 97 2795 216 2834; x_wconf 56' lang='lat' dir='ltr'>Rho</span> <span class='ocrx_word' id='word_1_534' title='bbox 227 2795 378 2845; x_wconf 73' lang='lat' dir='ltr'>qm&#39;dem</span> <span class='ocrx_word' id='word_1_535' title='bbox 390 2795 437 2832; x_wconf 73' lang='lat' dir='ltr'>ud</span> <span class='ocrx_word' id='word_1_536' title='bbox 453 2795 721 2832; x_wconf 68' lang='lat' dir='ltr'>miudendum</span> <span class='ocrx_word' id='word_1_537' title='bbox 739 2796 1007 2834; x_wconf 82' lang='lat' dir='ltr'>idololatriam:</span> <span class='ocrx_word' id='word_1_538' title='bbox 1024 2801 1109 2847; x_wconf 87' lang='lat' dir='ltr'>quia</span> <span class='ocrx_word' id='word_1_539' title='bbox 1122 2800 1247 2834; x_wconf 88' lang='lat' dir='ltr'>omnia</span> <span class='ocrx_word' id='word_1_540' title='bbox 1263 2800 1332 2835; x_wconf 86' lang='lat' dir='ltr'>alia</span> <span class='ocrx_word' id='word_1_541' title='bbox 1347 2800 1519 2837; x_wconf 87' lang='lat' dir='ltr'>animalia</span> <span class='ocrx_word' id='word_1_542' title='bbox 1543 2801 1670 2838; x_wconf 79' lang='lat' dir='ltr'>offere-</span> 
     </span>
     <span class='ocr_line' id='line_1_50' title="bbox 97 2848 1668 2893; baseline 0.003 -6"><span class='ocrx_word' id='word_1_543' title='bbox 97 2848 187 2888; x_wconf 66' lang='lat' dir='ltr'>bam</span> <span class='ocrx_word' id='word_1_544' title='bbox 205 2848 424 2887; x_wconf 57' lang='lat' dir='ltr'>idemne</span> <span class='ocrx_word' id='word_1_545' title='bbox 443 2850 512 2886; x_wconf 77' lang='lat' dir='ltr'>diis</span> <span class='ocrx_word' id='word_1_546' title='bbox 533 2850 620 2893; x_wconf 77' lang='lat' dir='ltr'>suis,</span> <span class='ocrx_word' id='word_1_547' title='bbox 639 2849 699 2887; x_wconf 85' lang='lat' dir='ltr'>vel</span> <span class='ocrx_word' id='word_1_548' title='bbox 712 2850 764 2886; x_wconf 79' lang='lat' dir='ltr'>eis</span> <span class='ocrx_word' id='word_1_549' title='bbox 779 2850 825 2886; x_wconf 88' lang='lat' dir='ltr'>ad</span> <span class='ocrx_word' id='word_1_550' title='bbox 840 2851 1021 2888; x_wconf 75' lang='lat' dir='ltr'>maleficia</span> <span class='ocrx_word' id='word_1_551' title='bbox 1041 2853 1250 2888; x_wconf 76' lang='lat' dir='ltr'>utebantur:</span> <span class='ocrx_word' id='word_1_552' title='bbox 1271 2854 1339 2889; x_wconf 81' lang='lat' dir='ltr'>ista</span> <span class='ocrx_word' id='word_1_553' title='bbox 1357 2863 1479 2890; x_wconf 87' lang='lat' dir='ltr'>autem</span> <span class='ocrx_word' id='word_1_554' title='bbox 1496 2855 1668 2890; x_wconf 86' lang='lat' dir='ltr'>animalia</span> 
     </span>
    </p>
   </div>
   <div class='ocr_carea' id='block_1_3' title="bbox 98 2902 1670 2955">
    <p class='ocr_par' dir='ltr' id='par_1_4' title="bbox 98 2902 1670 2955">
     <span class='ocr_line' id='line_1_51' title="bbox 98 2902 1670 2955; baseline 0.004 -15"><span class='ocrx_word' id='word_1_555' title='bbox 98 2902 200 2955; x_wconf 51' lang='grc' dir='ltr'>*δ</span> <span class='ocrx_word' id='word_1_556' title='bbox 217 2902 433 2953; x_wconf 67' lang='lat' dir='ltr'>Aegyption,</span> <span class='ocrx_word' id='word_1_557' title='bbox 452 2914 538 2940; x_wconf 85' lang='lat' dir='ltr'>cum</span> <span class='ocrx_word' id='word_1_558' title='bbox 560 2903 691 2953; x_wconf 82' lang='lat' dir='ltr'>quibus</span> <span class='ocrx_word' id='word_1_559' title='bbox 715 2905 919 2941; x_wconf 75' lang='lat' dir='ltr'>conversati</span> <span class='ocrx_word' id='word_1_560' title='bbox 944 2914 1058 2949; x_wconf 85' lang='lat' dir='ltr'>erant,</span> <span class='ocrx_word' id='word_1_561' title='bbox 1087 2906 1346 2943; x_wconf 83' lang='lat' dir='ltr'>abominabilia</span> <span class='ocrx_word' id='word_1_562' title='bbox 1376 2917 1478 2945; x_wconf 86' lang='lat' dir='ltr'>erant</span> <span class='ocrx_word' id='word_1_563' title='bbox 1503 2909 1547 2944; x_wconf 86' lang='lat' dir='ltr'>ad</span> <span class='ocrx_word' id='word_1_564' title='bbox 1574 2910 1670 2946; x_wconf 86' lang='lat' dir='ltr'>occi-</span> 
     </span>
    </p>
   </div>
   <div class='ocr_carea' id='block_1_4' title="bbox 0 1495 124 3198">
    <p class='ocr_par' dir='ltr' id='par_1_5' title="bbox 0 1495 124 3198">
     <span class='ocr_line' id='line_1_52' title="bbox 0 1495 47 1634; baseline 0 0"><span class='ocrx_word' id='word_1_565' title='bbox 0 1495 47 1634; x_wconf 95' lang='lat' dir='ltr'>  </span> 
     </span>
     <span class='ocr_line' id='line_1_53' title="bbox 0 1634 47 1799; baseline 0 -54"><span class='ocrx_word' id='word_1_566' title='bbox 0 1634 47 1799; x_wconf 95' lang='lat' dir='ltr'>   </span> 
     </span>
     <span class='ocr_line' id='line_1_54' title="bbox 0 1806 47 1960; baseline 0 -57"><span class='ocrx_word' id='word_1_567' title='bbox 0 1806 47 1960; x_wconf 95' lang='lat' dir='ltr'>  </span> 
     </span>
     <span class='ocr_line' id='line_1_55' title="bbox 0 1960 48 2123; baseline 0 -53"><span class='ocrx_word' id='word_1_568' title='bbox 0 1960 48 2123; x_wconf 95' lang='lat' dir='ltr'>   </span> 
     </span>
     <span class='ocr_line' id='line_1_56' title="bbox 0 2123 53 2335; baseline 0 -53"><span class='ocrx_word' id='word_1_569' title='bbox 0 2123 53 2335; x_wconf 95' lang='lat' dir='ltr'>    </span> 
     </span>
     <span class='ocr_line' id='line_1_57' title="bbox 0 2342 61 2604; baseline 0 -53"><span class='ocrx_word' id='word_1_570' title='bbox 0 2342 61 2604; x_wconf 95' lang='lat' dir='ltr'>    </span> 
     </span>
     <span class='ocr_line' id='line_1_58' title="bbox 0 2604 67 2716; baseline 0.313 -14"><span class='ocrx_word' id='word_1_571' title='bbox 0 2604 67 2716; x_wconf 95' lang='lat' dir='ltr'>   </span> 
     </span>
     <span class='ocr_line' id='line_1_59' title="bbox 0 2716 124 3198; baseline 0 -217"><span class='ocrx_word' id='word_1_572' title='bbox 0 2716 124 3198; x_wconf 95' lang='lat' dir='ltr'>     </span> 
     </span>
    </p>
   </div>
  </div>
 </body>
</html>
