1907 3198
457 133 680 170 QUAESTIO
715 133 867 164 XXVIII.
901 132 1148 163 ARTICULUS
1181 131 1239 161 VI.
1556 131 1635 162 221

65 217 201 260 omnia,
223 227 316 263 quae
339 216 413 262 agit
433 216 562 260 homo,
586 216 660 263 agit
682 228 725 251 ex
746 216 928 263 passione,
951 215 1013 250 sed
1036 215 1217 262 quaedam
1240 214 1315 260 agit
1336 226 1379 249 ex
1401 214 1594 257 electione,
1610 222 1645 248 et

65 271 244 319 quaedam
267 282 310 305 ex
331 270 551 317 ignorantia,
566 279 604 305 ut
619 270 749 305 dicitur
763 270 800 304 in
817 281 846 316 3.
861 270 980 304 Ethic.
997 269 1165 317 (cap.5.);
1189 280 1278 316 ergo
1297 280 1373 303 non
1395 269 1533 311 omnia,
1553 280 1643 315 quae

63 326 179 361 homo
202 324 287 371 agit,
311 325 385 371 agit
406 336 448 359 ex
471 336 609 359 amore.

135 390 168 415 2.
190 379 428 414 PRAETEREA.
458 379 651 426 Appetitus
681 388 736 414 est
764 379 983 426 principium
1013 387 1148 421 motus,
1179 387 1213 413 et
1236 377 1389 413 actionis
1411 377 1447 411 in
1475 377 1646 411 omnibus

65 432 293 476 animalibus,
315 441 354 467 ut
375 441 473 480 patet
494 434 530 467 in
556 445 584 480 3.
613 434 656 468 de
678 433 814 468 Anima
839 433 918 478 (tex.
943 434 1001 478 48.
1020 438 1050 468 et
1070 434 1171 479 seq.);
1196 433 1226 467 si
1251 432 1361 479 igitur
1388 431 1525 474 omnia,
1553 442 1646 478 quae

64 487 144 535 quis
166 487 251 534 agit,
275 487 350 534 agit
371 498 414 522 ex
436 499 575 530 amore,
603 487 696 522 aliae
718 488 908 534 passiones
930 487 1149 534 appetitivae
1171 487 1282 533 partis
1305 494 1410 521 erunt
1431 485 1645 532 superfluae.

137 552 168 588 3.
194 542 433 577 PRAETEREA.
451 541 554 576 Nihil
576 550 745 577 causatur
759 541 869 577 simul
884 553 903 576 a
925 541 1116 576 contrariis
1132 541 1269 576 causis:
1285 541 1346 576 sed
1362 540 1544 587 quaedam
1558 539 1648 574 fiunt

64 607 107 631 ex
133 595 241 639 odio;
261 607 338 631 non
360 607 448 643 ergo
471 596 598 631 omnia
619 605 702 631 sunt
724 608 766 631 ex
789 607 927 631 amore.

135 649 212 685 SED
234 661 391 686 CONTRA
419 658 484 693 est,
507 651 605 697 quod
626 651 737 685 Dion.
760 651 847 686 dicit
871 661 905 695 4.
934 662 1012 698 cap.
1040 650 1084 685 de
1106 650 1189 684 Div.
1216 649 1328 684 Nom.
1354 649 1442 694 (lect.
1470 649 1522 696 9.)
1550 648 1647 695 quod

65 712 212 752 propter
233 715 400 740 amorem
421 704 510 739 boni
531 705 657 739 omnia
680 713 804 751 agunt,
827 716 1081 752 quaecumque
1103 712 1228 750 agunt.

135 758 368 794 REsponnzo
387 758 597 802 dicendum,
620 759 718 806 quod
741 771 852 794 omne
875 771 986 807 agens
1010 759 1084 806 agit
1105 767 1254 806 propter
1275 757 1388 792 finem
1410 756 1583 804 aliquem,
1610 765 1649 791 ut

65 824 173 860 supra
194 812 332 848 dictum
356 821 411 848 est
433 813 479 860 (q.
501 826 528 849 r.
549 819 614 848 art.
637 826 664 849 1.
687 819 716 848 et
737 815 808 860 2.):
832 813 912 849 finis
935 822 1058 848 autem
1087 822 1141 849 est
1160 813 1301 847 bonum
1328 811 1586 854 desideratum,
1614 820 1650 846 et

66 875 230 903 amatum
251 867 468 914 unicuique3
499 867 594 902 unde
622 867 858 903 manifestum
887 876 950 911 est,
973 868 1072 915 quod
1094 879 1205 902 omne
1236 878 1360 914 agens,
1388 866 1648 913 quodcumque

65 921 121 965 sit,
143 921 219 969 agit
239 933 510 969 quamcumque
535 921 720 957 actionem
743 934 785 957 ex
808 922 930 969 aliquo
954 933 1091 958 amore.

135 976 197 1011 AD
218 986 370 1012 PRIMUM
391 987 479 1023 ergo
501 975 710 1019 dicendum,
733 976 831 1023 quod
854 977 1012 1023 objectio
1035 976 1098 1011 illa
1117 976 1284 1024 procedit
1298 975 1343 1010 de
1366 986 1505 1018 amore,
1520 974 1582 1021 qui
1597 983 1650 1009 est

65 1031 186 1079 passio
214 1030 251 1065 in
279 1030 440 1078 appetitu
470 1030 644 1065 sensitivo
682 1030 855 1065 existens:
878 1042 946 1065 nos
970 1039 1093 1066 autem
1120 1030 1307 1077 loquimur
1329 1041 1425 1064 nunc
1449 1029 1493 1064 de
1521 1040 1649 1064 amore

67 1086 314 1122 communiter
336 1093 501 1133 accepto,
523 1094 632 1133 prout
658 1086 940 1133 comprehendit
961 1086 1025 1121 sub
1049 1097 1087 1121 se
1110 1096 1277 1120 amorem
1305 1084 1570 1126 intellectualem,
1598 1096 1652 1118 ra-

65 1141 235 1184 tionalem,
258 1140 454 1183 animalem,
475 1140 686 1176 naturalem:
709 1140 761 1175 sic
785 1140 884 1175 enim
905 1140 1016 1175 Dion.
1044 1139 1206 1187 loquitur
1232 1139 1276 1174 de
1303 1149 1431 1174 amore
1453 1138 1491 1172 in
1511 1148 1544 1181 4.
1573 1149 1650 1185 cap.

66 1194 111 1231 de
132 1194 216 1230 Div.
238 1194 352 1230 Nom.
373 1194 462 1241 (lect.
485 1194 566 1241 12.).

133 1249 195 1285 AD
209 1259 421 1285 SECUNDUM
435 1249 644 1292 dicendum,
655 1249 754 1296 quod
770 1260 813 1284 ex
828 1260 967 1292 amore,
977 1249 1154 1295 sicutjam
1169 1249 1308 1284 dictum
1320 1256 1374 1284 est
1384 1248 1432 1295 (q.
1442 1259 1490 1295 25.
1505 1252 1572 1283 art.
1586 1258 1619 1282 2.
1619 1247 1650 1293 ),

67 1312 235 1339 causatur
255 1311 293 1339 et
312 1303 544 1346 desiderium,
571 1311 607 1338 et
631 1303 787 1346 tristitia,
815 1311 848 1338 et
876 1302 1084 1346 delectatio,
1112 1311 1147 1338 et
1172 1314 1236 1350 per
1263 1314 1495 1349 consequens
1522 1312 1652 1336 omnes

67 1357 160 1393 aliae
173 1357 382 1405 passiones;
403 1357 499 1392 unde
518 1357 639 1393 omnis
654 1357 763 1400 actio,
778 1368 870 1404 quae
885 1357 1052 1404 procedit
1071 1369 1114 1393 ex
1129 1368 1362 1404 quacumque
1377 1356 1559 1403 passione,
1574 1367 1654 1402 pro-

68 1412 164 1448 cedit
184 1412 295 1448 etiam
317 1423 360 1447 ex
382 1423 520 1455 amore,
539 1412 634 1447 sicut
655 1423 698 1447 ex
718 1411 836 1459 prima
859 1423 990 1455 causa;
1011 1411 1108 1447 unde
1129 1423 1205 1446 non
1221 1410 1448 1458 superfluunt
1466 1410 1557 1445 aliae
1576 1421 1654 1456 pas-

67 1467 201 1510 siones,
223 1477 315 1514 quae
336 1474 420 1502 sunt
441 1477 573 1502 causae
595 1466 796 1514 proximae.

140 1521 202 1556 AD
224 1531 399 1557 Tl-:R‘rmM
420 1520 629 1564 dicendum,
652 1521 750 1569 quod
773 1520 900 1556 odium
916 1521 1028 1556 etiarn
1043 1532 1088 1556 ex
1103 1532 1229 1556 amore
1252 1529 1432 1563 causatur,
1447 1519 1542 1555 sicut
1561 1518 1653 1554 infra

68 1576 208 1612 dicetur
228 1577 275 1624 (q.
292 1588 357 1624 seq.
379 1581 444 1612 art.
466 1576 530 1622 2.).

563 1760 924 1822 QUAESTIO
966 1759 1162 1808 XXIX.

369 1886 434 1918 DE
473 1885 606 1926 ODIO,
648 1886 700 1917 IN
739 1886 826 1918 SEX
865 1885 1130 1918 ARTICULOS
1169 1884 1346 1916 DIVISA.

143 2010 287 2046 Deinde
315 2010 624 2047 considerandum
646 2019 700 2046 est
721 2010 765 2046 de
787 2010 886 2045 odio.

584 2101 629 2137 Et
650 2102 741 2136 circa
764 2101 823 2136 hoc
845 2105 1055 2147 quaeruntur
1071 2112 1137 2135 sex.

143 2171 281 2207 Primo.
303 2171 438 2208 Utrum
459 2183 580 2215 causa,
603 2180 638 2208 et
659 2172 846 2218 objectum
868 2171 943 2206 odii
961 2171 1007 2206 sit
1024 2170 1175 2205 malum.

145 2225 328 2262 Secundo.
351 2226 486 2262 Utrum
509 2226 635 2262 odium
658 2234 825 2261 causetur
848 2238 891 2261 ex
913 2237 1051 2260 amore.

145 2279 287 2316 Tertio.
310 2280 444 2316 Utrum
469 2281 597 2316 odium
619 2281 663 2316 sit
683 2279 824 2322 fortius,
846 2291 956 2327 quarn
981 2291 1094 2314 amor.

146 2334 302 2377 Quarto.
326 2335 460 2370 Utrum
483 2335 612 2382 aliquis
634 2335 748 2382 possit
768 2334 903 2369 habere
927 2334 1013 2369 odio
1036 2334 1206 2381 seipsum.

146 2388 300 2431 Quinto.
323 2389 458 2425 Utrum
481 2389 610 2436 aliquis
632 2389 747 2436 possit
768 2388 902 2424 habere
925 2389 1011 2423 odio
1033 2388 1236 2423 veritatem.

147 2442 271 2479 Sexto.
293 2443 428 2479 Utrum
451 2443 586 2491 aliquid
608 2443 722 2490 possit
742 2443 868 2478 haberi
891 2442 976 2478 odio
999 2443 1035 2478 in
1057 2441 1265 2478 universali.

654 2568 1002 2614 ARTICULUS
1038 2569 1071 2612 I.
1592 2575 1657 2620 164

299 2668 454 2699 UTRUM
487 2667 643 2708 CAUSA,
678 2668 734 2697 ET
763 2667 994 2710 OBJECTUM
1028 2666 1125 2696 ODII
1159 2666 1227 2696 SIT
1262 2665 1431 2695 MALUM.

615 2743 716 2788 (Mal.
739 2756 769 2791 q.
792 2756 841 2780 12.
862 2749 925 2779 art.
945 2755 978 2789 4.
1001 2744 1124 2791 corp).

150 2821 210 2857 AD
231 2832 382 2858 PRIMUM
404 2822 455 2857 sic
478 2821 695 2869 proceditur.
718 2821 883 2865 Videtur,
903 2821 1000 2869 quod
1024 2822 1222 2868 objectum,
1241 2830 1276 2856 et
1294 2832 1404 2855 causa
1423 2820 1497 2854 odii
1519 2831 1593 2854 non
1615 2819 1660 2854 sit

80 2875 236 2912 malurn:
258 2888 368 2912 omne
391 2877 502 2919 enim,
523 2876 621 2924 quod
649 2885 713 2919 est,
741 2877 956 2924 inquantum
983 2876 1208 2923 hujusmodi,
1236 2876 1374 2910 bonum
1403 2883 1472 2917 est3
1500 2874 1528 2909 si
1551 2874 1660 2920 igitur
