1875 3198
212 208 296 251 520
603 204 823 239 QUAESTIO
859 204 1006 233 LXXIII.
1041 203 1283 234 ARTICULUS
1317 203 1377 233 111.

209 288 347 322 litatem
361 287 470 334 ipsius
486 286 643 333 peccati:
659 286 720 320 sed
736 286 919 331 objectum
935 294 988 319 est
1001 285 1150 319 materia
1164 285 1275 331 ipsius
1288 285 1447 331 peccati;
1463 295 1549 331 ergo
1570 284 1771 319 secundum

211 342 350 376 diversa
377 342 518 387 objecta
539 348 773 386 peccatorum
795 340 950 385 gravitas
971 350 1046 373 non
1067 339 1234 372 variatur.

282 405 313 429 2.
336 395 571 429 PRAETEREA.
596 393 763 427 Gravitas
785 393 926 438 peccati
955 400 1008 426 est
1040 393 1195 426 intensio
1229 391 1388 426 malitiae
1419 391 1545 438 ipsius:
1582 400 1773 438 peccatum

212 456 333 482 autem
353 459 426 482 non
449 448 555 481 habet
578 447 755 480 rationem
780 446 937 479 malitiae
960 457 1001 479 ex
1023 453 1121 491 parte
1145 446 1392 479 conversionis
1415 445 1458 478 ad
1477 446 1663 492 proprium
1681 445 1776 491 obje-

213 510 322 543 ctum,
344 501 440 547 quod
463 508 515 534 est
536 500 719 545 quoddam
747 499 884 532 bonum
907 498 1108 545 appetibile,
1143 499 1204 532 sed
1227 499 1342 544 magis
1364 510 1406 532 ex
1427 507 1526 544 parte
1557 498 1774 540 aversionis;

214 566 300 601 ergo
315 555 470 600 gravitas
485 562 719 599 peccatorum
734 564 808 586 non
822 553 980 586 variatur
994 552 1193 586 secundum
1209 553 1349 586 diversa
1363 552 1516 597 objecta.

288 620 316 654 3.
339 608 574 642 PRAETEREA.
598 607 763 647 Peccata,
787 617 877 652 quae
896 606 1030 639 habent
1049 606 1187 639 diversa
1207 606 1359 650 objecta,
1378 614 1460 638 sunt
1477 605 1702 640 diversorum
1721 616 1778 651 ge-

214 673 359 696 nerum:
382 661 442 695 sed
466 672 520 701 ea,
543 671 633 705 quae
656 667 736 693 sunt
759 659 983 693 diversorum
1011 670 1196 704 generum,
1226 670 1300 692 non
1333 666 1415 692 sunt
1448 658 1718 705 comparabilia,
1740 666 1778 692 ut

216 715 386 762 probatur
407 714 442 747 in
466 724 496 759 7.
520 714 628 759 Phys.
652 714 730 757 (tar.
751 725 801 758 30.
821 725 867 758 31.
887 712 975 758 32.),·
1000 723 1087 756 ergo
1110 724 1224 745 unum
1245 719 1437 758 peccatum
1457 723 1532 746 non
1554 720 1607 747 est
1633 712 1778 758 gravius

217 769 329 802 altero
352 768 551 801 secundum
575 767 819 800 diversitatem
843 766 1081 810 objectorum.

289 821 363 855 SED
387 831 552 855 CONTRA.
568 820 722 853 Peccata
738 819 914 865 recipiunt
931 819 1090 865 speciem
1107 830 1148 852 ex
1163 819 1324 864 objectis,
1339 826 1377 852 ut
1391 830 1433 853 ex
1448 830 1553 865 supra
1567 818 1670 852 dictis
1683 826 1782 864 patet

220 874 264 920 (q.
284 885 335 920 72.
351 879 413 908 art.
429 875 472 918 1.)
488 887 497 908 :
522 874 582 907 sed
606 873 809 918 aliquorum
833 880 1066 918 peccatorum
1085 884 1197 906 unum
1220 880 1272 906 est
1293 872 1437 919 gravius
1452 871 1564 906 altero
1579 872 1780 906 secundum

218 939 321 961 suam
342 927 521 972 speciem;
544 927 635 960 sicut
656 926 898 960 homicidium
919 925 1033 967 furt03
1056 937 1144 971 ergo
1166 926 1322 972 gravitas
1340 933 1576 972 peccatorum
1597 925 1714 960 differt
1731 937 1782 959 se-

220 981 379 1015 cundum
402 980 553 1025 objecta.

289 1034 519 1068 Rrspoxnsso
543 1032 748 1074 dicendum,
765 1032 874 1078 quod,
889 1032 982 1066 sicut
1000 1043 1041 1065 ex
1061 1044 1167 1078 supra
1183 1033 1286 1066 dictis
1304 1040 1401 1079 patet
1418 1032 1497 1077 (art.
1513 1039 1627 1079 praec.
1641 1037 1669 1067 et
1683 1044 1713 1078 q.
1729 1043 1781 1079 72.

219 1092 282 1122 art.
310 1089 369 1133 5.),
402 1088 556 1132 gravitas
587 1094 821 1132 peccatorum
851 1085 968 1119 differt
997 1096 1040 1119 eo
1069 1086 1194 1127 modo,
1225 1097 1297 1132 quo
1330 1097 1401 1119 una
1428 1086 1616 1132 aegritudo
1639 1094 1692 1120 est
1713 1085 1783 1120 alia

219 1142 380 1187 gravior:
404 1141 495 1174 sicut
517 1141 614 1174 enim
636 1140 773 1174 bonum
801 1140 961 1173 sanitatis
989 1140 1153 1174 consistit
1178 1140 1214 1174 in
1241 1140 1397 1186 quadarn
1425 1140 1782 1175 commensuratione

218 1196 415 1228 humorum
437 1206 499 1240 per
519 1194 812 1227 convenientiam
835 1193 877 1227 ad
900 1201 1068 1227 naturam
1091 1193 1278 1228 animalis:
1307 1194 1355 1228 ita
1380 1194 1519 1228 bonum
1539 1194 1680 1228 virtutis
1702 1205 1785 1228 con-

219 1248 310 1282 sistit
334 1248 370 1281 in
397 1248 555 1294 quadam
579 1247 937 1281 commensuratione
959 1247 1110 1280 humani
1138 1256 1238 1281 actus
1264 1248 1465 1282 secundum
1492 1247 1784 1282 convenientiam

220 1302 262 1335 ad
282 1301 446 1347 regulam
466 1301 624 1334 rationis.
645 1300 877 1334 Manifestum
896 1308 948 1334 est
967 1309 1099 1342 autem,
1116 1301 1211 1347 quod
1230 1305 1331 1335 tanto
1350 1309 1403 1335 est
1421 1301 1566 1347 gravior
1583 1301 1784 1348 aegritudo,

220 1363 355 1401 quanto
384 1354 523 1388 tollitur
549 1354 668 1388 debita
693 1354 892 1387 humorum
920 1355 1228 1388 commensuratio
1260 1366 1323 1401 per
1348 1354 1784 1389 incommensurationem

224 1408 284 1453 [al.
303 1415 365 1455 per
386 1407 751 1452 commensurationem]
775 1408 903 1453 prioris
925 1408 1108 1453 principii:
1129 1408 1221 1442 sicut
1239 1408 1438 1454 aegritudo,
1457 1419 1548 1454 quae
1566 1407 1732 1454 provenit
1749 1407 1785 1442 in

221 1474 374 1509 corpore
406 1463 568 1496 humano
597 1473 638 1496 ex
665 1462 785 1503 corde,
808 1462 904 1507 quod
927 1470 980 1496 est
1000 1462 1216 1508 principium
1242 1462 1348 1503 vitae,
1375 1461 1433 1495 vel
1459 1472 1502 1496 ex
1527 1461 1660 1508 aliquo,
1688 1460 1785 1507 quod

223 1517 488 1564 appropinquat
510 1516 621 1557 cordi,
643 1515 882 1561 periculosior
903 1523 973 1550 est:
997 1515 1091 1549 unde
1115 1523 1258 1561 oportet
1280 1515 1400 1557 etiam,
1417 1515 1513 1561 quod
1535 1522 1726 1561 peccatum
1741 1514 1786 1548 sit

221 1578 322 1605 tanto
346 1570 500 1615 gravius,
523 1577 658 1615 quanto
685 1569 911 1602 deordinatio
940 1569 1117 1614 contingit
1143 1569 1238 1602 circa
1265 1568 1410 1614 aliquod
1437 1569 1666 1615 principium,
1689 1567 1786 1614 quod

224 1632 276 1658 est
297 1624 392 1670 prius
415 1623 450 1656 in
473 1623 598 1656 ordine
620 1623 786 1656 rationis:
809 1622 901 1656 ratio
925 1630 1046 1656 autem
1069 1622 1212 1656 ordinat
1229 1622 1354 1656 omnia
1371 1622 1406 1656 in
1426 1621 1617 1667 agibilibus
1635 1633 1679 1656 ex
1695 1621 1787 1663 fine3

223 1686 258 1712 et
278 1677 372 1718 ideo,
395 1684 530 1722 quanto
552 1683 742 1722 peccatum
765 1676 942 1721 contingit
963 1676 999 1709 in
1022 1675 1159 1709 actibus
1181 1675 1350 1710 humanis
1373 1686 1415 1709 ex
1437 1675 1556 1709 altiori
1582 1674 1665 1718 fine,
1685 1683 1786 1710 tanto

222 1739 412 1777 peccatum
434 1737 487 1763 est
508 1730 662 1775 gravius.
688 1728 842 1774 Objecta
865 1737 987 1763 autem
1010 1737 1157 1763 actuum
1184 1737 1266 1764 sunt
1291 1728 1381 1763 fines
1408 1740 1536 1764 eorum
1558 1737 1597 1764 ut
1617 1740 1660 1764 ex
1680 1739 1788 1775 supra

222 1785 325 1818 dictis
346 1791 443 1830 patet
467 1783 511 1829 (q.
535 1794 586 1829 72.
609 1788 672 1817 art.
692 1795 719 1828 3.
743 1783 785 1816 ad
806 1784 852 1828 2.)
864 1795 876 1823 ,·
901 1791 935 1817 et
955 1782 1038 1817 ideo
1061 1782 1239 1817 secundum
1266 1782 1491 1818 diversitatem
1518 1784 1721 1829 objectorum
1742 1787 1789 1817 at-

223 1838 366 1873 tenditur
387 1837 560 1871 diversitas
580 1837 758 1881 gravitatis
779 1837 813 1870 in
831 1838 993 1882 peccans,-
1017 1836 1109 1870 sicut
1135 1844 1243 1882 patet,
1267 1836 1364 1883 quod
1393 1847 1448 1870 res
1475 1835 1669 1870 exteriores
1696 1835 1789 1870 ordi-

223 1899 354 1925 nantur
373 1891 416 1924 ad
435 1890 637 1931 hominem,
657 1890 749 1924 sicut
763 1889 807 1923 ad
822 1889 952 1932 finem3
974 1889 1089 1923 homo
1105 1898 1226 1924 autem
1241 1890 1426 1924 ordinatur
1440 1888 1588 1924 ulterius
1602 1889 1640 1924 in
1654 1889 1789 1931 Deum,

223 1945 314 1980 sicut
335 1945 371 1978 in
393 1944 523 1985 finem3
547 1944 640 1977 unde
662 1950 865 1989 peccatum,
893 1942 991 1989 quod
1013 1951 1066 1977 est
1088 1943 1183 1977 circa
1210 1943 1326 1989 ipsam
1353 1942 1591 1978 substantiam
1617 1942 1790 1984 hominis,

223 1999 316 2032 sicut
336 1997 590 2038 homicidium,
613 2004 666 2030 est
687 1997 833 2041 gravius
858 2004 1022 2042 peccato,
1049 1996 1146 2042 quod
1174 2004 1228 2031 est
1256 1997 1351 2030 circa
1379 2007 1434 2031 res
1465 1996 1672 2038 exteriores,
1698 1996 1791 2030 sicut

224 2051 374 2085 furtum:
398 2058 432 2085 et
454 2050 571 2084 adhuc
592 2058 644 2084 est
666 2050 809 2095 gravius
831 2058 1034 2096 peccatum,
1054 2049 1150 2096 quod
1173 2050 1382 2084 immediate
1405 2057 1532 2084 contra
1549 2049 1672 2084 Deum
1693 2060 1791 2084 corn-

225 2105 393 2145 mittitur3
412 2104 503 2137 sicut
522 2103 724 2144 infidelitas,
742 2103 981 2149 blasphemia,
1000 2112 1035 2137 et
1051 2103 1277 2148 hujusmodi:
1298 2111 1332 2137 et
1350 2103 1385 2137 in
1404 2103 1530 2137 ordine
1547 2101 1792 2149 quorumlibet

226 2159 358 2192 horum
381 2165 615 2203 peccatorum
642 2168 754 2190 unum
782 2165 973 2202 peccatum
1001 2164 1053 2191 est
1079 2157 1223 2203 gravius
1251 2156 1376 2198 altero,
1398 2156 1598 2191 secundum
1619 2155 1716 2203 quod
1738 2163 1792 2191 est

228 2212 323 2246 circa
347 2210 480 2256 aliquid
502 2209 746 2256 principalius,
767 2209 825 2243 vel
847 2210 966 2244 minus
987 2209 1204 2256 principale;
1227 2218 1261 2244 et
1282 2210 1364 2256 quia
1386 2218 1536 2256 peccata
1562 2209 1697 2244 habent
1716 2220 1792 2256 spe—

229 2265 323 2299 ciem
339 2275 382 2298 ex
396 2264 556 2308 objectis,
573 2263 772 2297 differentia
787 2264 983 2309 gravitatis,
996 2274 1087 2310 quae
1103 2263 1295 2298 attenditur
1309 2275 1418 2310 penes
1433 2264 1586 2310 objecta,
1597 2271 1650 2298 est
1662 2264 1791 2311 prima,

229 2326 264 2353 et
285 2317 504 2364 principalis,
526 2317 627 2362 quasi
649 2328 876 2363 consequens
898 2318 1068 2363 speciem.

300 2372 359 2406 An
385 2381 534 2405 PRIMUM
557 2381 644 2415 ergo
667 2370 873 2411 dicendum,
893 2370 990 2416 quod
1013 2371 1196 2416 objectum
1224 2371 1290 2405 etsi
1311 2370 1355 2405 sit
1376 2370 1540 2413 materia,
1561 2370 1656 2404 circa
1682 2381 1791 2417 quam

229 2425 443 2460 terminatur
465 2432 576 2464 actus,
595 2423 703 2457 habet
720 2431 842 2457 tamen
859 2424 1036 2458 rationem
1051 2423 1142 2466 finis,
1158 2424 1356 2458 secundum
1373 2424 1470 2471 quod
1484 2424 1635 2459 intentio
1653 2423 1792 2471 agentis

228 2478 338 2513 fertur
359 2478 394 2511 in
417 2478 547 2523 ipsum,
570 2484 607 2510 ut
628 2487 734 2522 supra
756 2477 893 2510 dictum
913 2486 965 2511 cst
988 2478 1033 2523 (q.
1057 2489 1108 2523 72.
1131 2483 1194 2512 art.
1214 2490 1241 2524 3.
1264 2477 1307 2512 ad
1327 2478 1392 2523 2.).·
1411 2477 1530 2512 forma
1551 2485 1673 2512 autem
1691 2485 1792 2512 actus

230 2531 378 2566 moralis
408 2530 585 2576 dependet
615 2541 658 2564 ex
686 2529 766 2571 tine,
789 2537 826 2563 ut
847 2540 888 2563 ex
916 2530 1159 2576 superioribus
1186 2538 1283 2577 patet
1306 2532 1350 2577 (q.
1368 2537 1483 2578 praec.
1505 2535 1569 2565 art.
1589 2531 1622 2566 6.
1641 2535 1669 2566 et
1689 2543 1720 2578 q.
1742 2530 1791 2566 IS.

231 2590 293 2620 art.
323 2586 382 2629 6.).

303 2639 363 2673 AD
387 2647 593 2672 SECUNDUM
616 2636 820 2677 dicendum,
844 2636 939 2682 quod
963 2648 1003 2670 ex
1026 2637 1100 2683 ipsa
1124 2637 1281 2672 indebita
1309 2638 1549 2673 conversione
1576 2638 1619 2672 ad
1647 2636 1792 2684 aliquod
1840 2630 1846 2680 J

231 2693 368 2726 bonum
392 2689 651 2725 commutabile
674 2690 832 2735 sequitur
855 2691 994 2724 aversio
1024 2691 1066 2724 ab
1096 2691 1388 2725 incommutabili
1413 2692 1525 2734 bono,
1546 2691 1582 2725 in
1603 2702 1674 2738 qua
1695 2689 1795 2738 perfi-

233 2746 324 2780 citur
346 2744 436 2778 ratio
459 2743 564 2783 mali;
587 2751 621 2777 et
643 2743 725 2777 ideo
749 2751 902 2788 oportet,
925 2744 1020 2789 quod
1044 2744 1244 2778 secundum
1271 2744 1515 2779 diversitatem
1542 2755 1681 2786 eorum,
1702 2754 1793 2791 quae

234 2799 411 2845 pertinent
434 2798 476 2831 ad
500 2797 787 2837 conversionem,
807 2805 975 2842 sequatur
997 2797 1136 2831 diversa
1159 2797 1315 2842 gravitas
1338 2797 1499 2832 malitiae
1521 2798 1556 2832 in
1578 2797 1746 2844 peccatis.

306 2852 365 2885 An
388 2860 557 2885 'ri-:nrum
581 2849 786 2890 dicendum,
809 2849 903 2895 quod
928 2850 1050 2883 omnia
1074 2850 1215 2895 objecta
1233 2851 1479 2886 humanorum
1498 2858 1645 2886 actuum
1661 2850 1796 2885 habent

235 2906 397 2940 ordinem
422 2905 464 2938 ad
487 2904 662 2938 invicem:
685 2911 719 2937 ct
741 2903 822 2937 ideo
845 2914 971 2937 omncs
993 2912 1092 2937 actus
1113 2904 1262 2938 humani
1281 2903 1557 2951 quodammodo
1576 2903 1795 2939 conveniunt

1789 3116 1845 3198 A

1834 2004 1863 2220 »kp-.-.,
1854 1952 1858 1959 .

1839 2397 1857 2468 .q¹
