1907 3198
476 203 707 241 Quasi-10
741 203 918 234 Lxxx1x.
950 202 1196 234 Alta-teucos
1229 202 1258 233 1.
1572 191 1656 245 637

156 287 234 324 SED
258 297 415 324 coum
436 296 501 331 est,
522 287 620 335 quod
644 287 775 323 dicitur
800 287 930 335 Ephes.
958 298 985 333 ς.
997 287 1082 322 -Ui
1109 286 1273 322 exhiberet
1299 287 1366 333 ipse
1390 278 1454 321 sib'i
1478 285 1657 331 gloriosam

83 340 265 378 Ecclesiam
286 353 352 377 non
370 341 539 377 habentem
560 342 740 384 maculam,
762 346 819 376 aut
845 340 1290 401 riagam,Glos.(intcr1.,·)
1314 339 1414 374 idest.-
1432 338 1567 386 aliquod
1584 345 1659 385 pec-

83 399 196 431 catum
214 395 411 437 criminatu
433 405 523 441 ergo
539 395 724 442 proprium
738 394 878 442 peccati
896 394 1060 429 mortalis
1082 404 1160 429 esse
1181 393 1333 435 videtur,
1354 393 1452 440 quod
1475 391 1658 427 maculam

85 447 123 483 in
144 449 267 484 anima
286 456 423 484 causet.

156 500 388 538 stroumzo
408 501 615 544 dicendum,
641 501 752 548 quod,
778 501 871 536 sicut
892 514 935 536 ex
957 501 1061 536 dictis
1083 508 1181 548 patet
1201 500 1250 546 (q.
1268 499 1325 536 86.
1347 504 1411 534 art.
1434 499 1494 543 1.)‚
1517 497 1660 533 macula

86 553 260 601 importat
278 554 537 590 detrimentum
555 555 681 590 nitoris
700 566 743 590 ex
762 554 885 601 aliquo
905 563 1075 589 contactu
1091 566 1100 596 ;
1122 554 1215 589 sicut
1232 553 1268 588 in
1284 552 1534 600 corporalibus
1553 559 1662 599 patet,

87 618 132 644 ex
151 607 282 655 quibus
301 619 366 655 per
391 608 668 644 similitudinem
694 619 830 643 nomen
858 607 1025 642 maculae
1052 607 1096 642 ad
1124 607 1285 642 animam
1311 605 1542 641 transfertur:
1571 605 1662 640 sicut

86 667 210 696 autem
236 661 273 696 in
298 672 453 709 corpore
478 669 533 697 est
557 661 678 709 duplex
696 661 816 703 nitor;
841 673 925 696 unus
951 662 1098 708 quidem
1125 672 1168 696 ex
1201 660 1396 695 intrinseca
1423 658 1662 706 dispositione

87 713 352 758 membrorum,
372 722 408 750 et
428 714 584 758 coloris;
605 715 691 750 alius
712 723 835 750 autem
856 726 899 749 ex
921 714 1090 750 exteriori
1111 714 1273 749 claritate
1295 713 1591 760 superveniente:
1613 711 1663 746 ita

87 767 199 803 etiam
218 766 258 803 in
283 768 406 803 anima
431 776 486 804 est
509 767 628 815 duplex
653 769 768 811 nitor;
795 780 879 803 unus
904 768 1050 815 quidem
1076 767 1282 809 habitualis,
1304 766 1407 814 quasi
1428 766 1663 807 intrinsecus3

87 820 174 857 alius
195 828 318 857 autem
339 821 504 864 actualis,
526 821 629 868 quasi
650 822 806 857 exterior
826 821 958 867 fulgor.
982 821 1180 856 Peccatum
1207 828 1330 855 autem
1351 819 1493 854 veniale
1514 818 1665 866 impedit

87 873 236 922 quidem
256 874 415 910 nitorem
437 874 632 917 actualem,
652 885 727 910 non
749 882 871 909 tamen
891 874 1138 915 habitualem3
1159 874 1243 921 quia
1261 885 1336 908 non
1357 872 1525 915 excludit,
1545 882 1662 919 neque

87 926 259 963 diminuit
277 927 443 964 habitum
464 928 662 970 charitatis,
684 936 719 963 et
741 928 894 963 aliarum
916 928 1101 969 virtutum,
1124 936 1162 962 ut
1182 926 1273 962 infra
1295 927 1430 974 patebit
1452 926 1536 971 (2·2.
1554 938 1585 972 q.
1606 936 1662 970 24.

87 985 155 1018 art.
179 982 263 1029 10.),
285 981 348 1018 sed
374 981 495 1018 solum
517 981 670 1029 impedit
691 993 816 1017 earum
839 990 981 1017 actum:
1009 981 1154 1016 macula
1183 989 1304 1016 autem
1331 981 1504 1027 importat
1529 979 1663 1026 aliquid

88 1045 243 1071 manens
262 1035 301 1071 in
321 1046 360 1070 re
381 1035 585 1078 maculata;
607 1035 702 1071 unde
724 1035 843 1082 magis
864 1035 1007 1070 videtur
1027 1036 1205 1082 pertinere
1224 1035 1268 1070 ad
1290 1034 1547 1070 detrimentum
1568 1033 1667 1068 habi·

87 1087 197 1125 malis
215 1088 357 1133 nitoris,
377 1100 488 1137 quarn
507 1089 679 1132 actualis;
701 1089 808 1131 unde,
829 1089 973 1136 proprie
995 1088 1192 1136 loquendo,
1214 1096 1405 1135 peccatum
1424 1087 1567 1123 veniale
1588 1098 1662 1122 non

88 1149 216 1178 causat
235 1141 421 1178 maculam
442 1143 478 1178 in
501 1143 642 1178 anima:
665 1151 701 1178 et
721 1143 750 1178 si
773 1142 906 1177 alicubi
927 1142 1067 1177 dicatur
1092 1141 1277 1176 maculam
1303 1142 1488 1184 inducere,
1513 1141 1584 1176 hoc
1612 1149 1666 1176 est

89 1196 293 1233 secundum
313 1196 413 1244 quid,
432 1196 649 1244 inquantum
670 1196 821 1243 impedit
842 1196 1012 1238 nitorem,
1034 1195 1095 1242 qui
1117 1202 1171 1230 est
1191 1206 1233 1230 ex
1255 1195 1394 1230 actibus
1413 1195 1599 1229 virtutum.

162 1249 224 1286 An
240 1259 392 1286 numu
409 1260 499 1297 ergo
516 1250 724 1292 dicendum,
746 1249 843 1296 quod
862 1249 1088 1295 Augustinus
1109 1248 1270 1296 loquitur
1290 1248 1326 1283 in
1348 1259 1392 1283 eo
1415 1259 1513 1290 casu,
1534 1248 1570 1282 in
1592 1258 1665 1294 quo

90 1301 205 1338 multa
233 1310 384 1351 peccata
412 1302 570 1338 venialia
595 1303 806 1349 dispositive
832 1303 1009 1337 inducunt
1035 1302 1079 1337 ad
1105 1301 1279 1337 mortale:
1308 1301 1411 1336 aliter
1438 1309 1561 1337 autem
1590 1312 1664 1336 non

90 1365 301 1404 separarent
319 1357 364 1392 ab
386 1356 555 1404 amplexu
577 1356 746 1392 coelestis
768 1357 903 1403 sponsi.

161 1410 224 1446 AD
244 1420 455 1447 secuuntur
475 1410 684 1453 dicendum,
704 1410 803 1457 quod
824 1408 1044 1444 inordinatio
1067 1417 1168 1444 actus
1190 1409 1225 1443 in
1248 1418 1400 1456 peccato
1423 1407 1569 1444 mortali
1589 1419 1667 1443 cor·

90 1463 227 1511 rumpit
243 1463 409 1499 habitum
429 1463 582 1507 virtutis,
608 1475 682 1499 non
706 1472 827 1498 autem
850 1463 885 1498 in
907 1471 1058 1510 peccato
1081 1462 1224 1498 veniali.

161 1517 224 1554 An
245 1527 418 1554 mnuu
440 1517 648 1560 dicendum,
669 1517 767 1564 quod
786 1517 822 1551 in
837 1524 988 1564 peccato
1007 1516 1154 1551 mortali
1172 1517 1293 1551 anima
1312 1527 1375 1563 per
1395 1527 1558 1551 amorem
1582 1527 1667 1551 con-

90 1570 199 1618 tingit
218 1581 296 1606 rem
317 1570 561 1618 temporalem
587 1571 690 1618 quasi
715 1570 845 1614 finem3
872 1579 908 1606 et
933 1582 996 1618 per
1021 1571 1094 1605 hoc
1115 1570 1276 1606 totaliter
1295 1570 1491 1617 impeditur
1510 1569 1663 1605 influxus

90 1623 295 1672 splendoris
314 1624 464 1672 gratiae,
484 1625 546 1672 qui
566 1625 734 1671 provenit
754 1625 790 1659 in
813 1636 888 1667 eos,
910 1625 971 1672 qui
988 1625 1070 1659 Deo
1093 1624 1291 1660 adhaerent
1312 1633 1350 1660 ut
1371 1624 1501 1660 ultimo
1520 1624 1583 1659 fini
1603 1636 1666 1671 per

92 1677 329 1716 charitatem:
355 1679 419 1715 sed
446 1679 484 1714 in
509 1688 662 1726 peccato
688 1678 821 1714 veniali
842 1690 917 1714 non
939 1679 1114 1715 adhaeret
1133 1679 1249 1714 homo
1270 1686 1456 1714 creaturae
1477 1687 1664 1726 tamquam

92 1730 156 1768 fini
175 1731 328 1776 ultimo;
348 1732 444 1769 unde
464 1743 540 1768 non
561 1741 615 1769 est
635 1733 765 1769 simile.

666 1899 1012 1946 ARTICULUS
1041 1899 1097 1944 11.
1596 1922 1686 1958 475.

225 2007 382 2040 uram(
413 2008 755 2040 CONVENIENTER
787 2008 990 2039 PECCATA
1021 2007 1228 2039 VENIALIA
1255 2009 1335 2039 PER
1362 2007 1546 2049 LIGNUM,

439 2073 637 2114 POENUM,
669 2074 726 2105 ET
759 2074 977 2105 STIPULAM
1010 2073 1334 2105 DESIGNENTUR.

159 2164 210 2211 (4.
229 2165 319 2202 Dist.
339 2177 390 2203 ar.
410 2177 443 2214 q.
464 2178 492 2203 ι.
513 2171 579 2202 art.
599 2177 632 2203 2.
653 2178 684 2214 q.
706 2178 738 2203 2.
756 2172 821 2202 art.
843 2179 871 2203 1.
892 2175 983 2214 corp.
1005 2172 1034 2202 et
1054 2167 1143 2202 Dist.
1164 2167 1223 2212 46.
1246 2179 1276 2214 q.
1299 2178 1331 2203 2.
1353 2172 1419 2202 art.
1438 2179 1465 2214 3.
1488 2167 1532 2202 ad
1549 2167 1608 2214 3.).

167 2265 230 2302 An
250 2276 458 2303 secuuntur
484 2267 535 2303 sic
558 2267 776 2315 proceditur.
802 2267 966 2310 Videtur,
986 2268 1085 2314 quod
1111 2267 1411 2303 inconvenienter
1437 2276 1586 2314 peccata
1611 2279 1669 2303 vc-

95 2317 208 2359 nialia
232 2331 296 2367 per
319 2319 459 2367 lignum,
477 2321 633 2368 foenum,
659 2329 695 2357 et
718 2321 878 2369 stipulam
904 2321 1156 2368 designentur:
1183 2322 1310 2367 lignum
1338 2322 1449 2364 enim,
1474 2323 1605 2364 foenum
1633 2329 1668 2356 et

95 2372 220 2421 stipula
244 2373 413 2409 dicuntur
437 2374 730 2422 superaedificari
752 2374 927 2421 spirituali
954 2373 1212 2410 fundamento:
1241 2375 1302 2410 sed
1329 2384 1478 2422 peccata
1513 2374 1667 2410 venialia

96 2434 183 2463 sunt
205 2434 347 2475 praeter
370 2427 596 2475 spiritualem
623 2428 850 2471 aedificium3
876 2428 970 2464 sicut
995 2429 1104 2464 etiam
1132 2429 1313 2476 quaelibet
1339 2427 1450 2464 salsae
1477 2428 1668 2476 opiniones

97 2487 182 2518 sunt
200 2488 343 2527 praeter
361 2481 570 2524 scientiam
596 2493 685 2527 ergo
713 2490 862 2528 peccata
883 2482 1039 2518 venialia
1060 2494 1134 2517 non
1157 2484 1416 2518 convenienter
1436 2482 1669 2528 designantur

97 2543 162 2582 per
180 2533 322 2581 lignun,
338 2534 494 2582 suenum,
520 2543 557 2570 et
578 2535 746 2582 stipulam.

170 2596 204 2623 2.
229 2586 467 2624 Ριυιετεκεᾼ.
494 2587 572 2631 ille,
606 2589 667 2635 qui
695 2587 862 2624 aedificat
890 2589 1032 2635 lignum,
1050 2589 1203 2636 foenum,
1232 2597 1267 2624 et
1290 2590 1457 2636 stipulum,
1485 2589 1534 2624 sic
1560 2589 1671 2624 salvus

96 2640 164 2679 nit
179 2642 276 2688 quasi
289 2646 355 2689 per
371 2642 498 2688 ignem:
520 2642 582 2678 sed
604 2642 822 2689 quandoque
844 2642 916 2686 ille,
937 2643 998 2690 qui
1020 2643 1217 2678 committit
1238 2651 1385 2689 peccata
1408 2642 1575 2683 venialia,
1596 2654 1669 2677 non

98 2693 308 2731 eritsalvus
327 2695 439 2731 etiam
460 2707 525 2743 per
545 2696 688 2742 ignem;
715 2704 799 2743 puta
826 2707 911 2731 cum
938 2705 1086 2744 peccata
1113 2696 1269 2731 venialia
1297 2697 1526 2731 inveniuntur
1552 2696 1587 2730 in
1613 2707 1670 2736 eo

98 2746 164 2795 qui
182 2746 326 2784 decedit
346 2759 431 2784 cum
452 2757 605 2796 peccato
628 2748 794 2791 mortali;
815 2761 903 2796 ergo
926 2750 1224 2785 inconvenienter
1246 2762 1307 2797 per
1330 2751 1369 2792 li
1366 2762 1468 2792 nmn,
1480 2751 1616 2796 [ιιηιιηι
1636 2758 1671 2785 et

98 2800 258 2850 stipulam
278 2810 429 2849 peccata
450 2802 607 2838 venialia
628 2802 873 2849 designantur.

105 2878 121 2893 -.
175 2864 207 2902 3.
227 2854 466 2898 Ριυιετειιεᾼ.
493 2855 704 2892 Secundum
731 2856 952 2904 Apostolum
979 2857 1041 2900 alu·
1061 2866 1155 2898 sunt,
1177 2857 1236 2904 qui
1259 2857 1432 2898 aedificant
1457 2869 1593 2900 aarum,
1614 2869 1670 2892 ar-

96 2912 246 2957 mon,
263 2912 294 2946 el
308 2908 434 2958 lapidas
448 2910 622 2958 pretiosos,
649 2909 741 2946 idest
769 2922 935 2946 amorem
962 2908 1044 2954 Dei,
1065 2919 1101 2946 et
1121 2911 1287 2958 proximi,
1309 2919 1344 2946 et
1364 2910 1460 2946 bona
1481 2922 1614 2958 opera;
1635 2920 1671 2946 et
