1875 3198
231 203 313 245 742
657 203 878 238 QUAESTIO
915 203 987 232 ClI.
1020 203 1265 232 ARTICULUS
1300 203 1359 232 111.

229 294 304 316 non
323 294 411 329 ergo
434 283 636 317 debuerunt
652 283 735 317 Deo
759 281 880 316 offerri
902 282 1075 316 animalia
1089 282 1222 324 occisa,
1236 282 1298 316 sed
1312 282 1429 328 magis
1444 283 1615 318 animalia
1627 283 1796 318 viventia:

231 336 424 382 praecipue
447 336 529 382 quia
550 336 659 370 etiam
681 335 881 381 Apostolus
907 344 1035 369 monet
1059 335 1168 369 Rom.
1199 345 1271 370 12.:
1297 340 1333 370 ut
1357 336 1566 371 exhibeamus
1590 341 1705 372 nostra
1729 349 1799 372 cor-

226 396 313 436 pora
334 390 473 424 hostiam
491 391 671 430 vivmttem,
692 394 854 430 sanctam-t,
876 389 950 422 Deo
964 389 1161 435 placentam.

299 441 331 477 6.
353 443 592 478 PRAETEREA.
616 442 655 476 Si
677 441 848 475 animalia
870 442 952 475 Deo
973 442 1010 475 in
1036 441 1256 475 sacrificium
1281 453 1356 475 non
1378 441 1620 477 offerebantur
1644 443 1715 478 nisi
1740 454 1799 477 oc-

228 497 313 538 cisa,
336 496 435 530 nulla
456 497 597 530 videtur
620 506 696 529 esse
720 494 932 536 differentia,
948 494 1101 541 qualiter
1115 495 1346 537 occidantur3
1368 495 1668 531 inconvenienter
1687 496 1796 542 igitur

228 550 488 584 determinatur
510 549 642 583 modus
663 548 940 589 immolationis,
962 548 1153 594 praecipue
1175 548 1212 581 in
1234 548 1370 590 avibus,
1394 557 1432 582 ut
1452 556 1551 595 patet
1567 549 1653 584 LeV.
1672 560 1700 584 1.
1717 549 1794 594 (ubi

226 608 387 638 retortum
405 603 447 637 ad
469 604 590 637 collum
612 604 716 648 capite
738 603 881 648 interfici
898 603 1086 647 jubentur).

302 667 333 702 7.
356 657 593 691 PRAETEREA.
619 655 752 690 Omnis
771 655 931 689 defectus
954 655 1120 689 animalis
1138 656 1196 689 via
1211 664 1264 690 est
1282 656 1326 689 ad
1349 657 1632 702 corruptionem,
1647 665 1683 692 et
1699 669 1797 692 mor-

225 719 317 753 tem;
339 712 367 744 si
388 711 496 756 igitur
519 709 691 743 animalia
714 711 835 743 occisa
854 707 935 743 Deo
959 709 1213 751 offerebantur,
1237 710 1499 744 inconveniens
1519 710 1585 745 fuit
1604 711 1797 757 prohibere

226 763 451 798 oblationem
482 762 648 797 animalis
678 762 893 809 imperfecti,
924 771 1009 809 puta
1032 762 1162 804 claudi,
1185 771 1246 797 aut
1272 764 1383 806 caeci,
1406 771 1467 798 aut
1493 763 1596 798 aliter
1617 765 1796 800 maculosi

225 818 352 862 (Lavit.
373 818 457 862 22.).

296 870 327 904 8.
350 871 588 905 PRAETEREA.
616 869 672 903 Illi
699 870 760 916 qui
788 869 944 904 offerunt
969 870 1108 904 hostias
1134 870 1228 912 Deo,
1255 870 1388 904 debent
1414 871 1457 905 de
1484 871 1540 905 his
1567 872 1794 918 participare,

225 924 425 958 secundum
446 923 534 957 illud
556 924 727 969 Apostoli
753 934 780 957 1.
803 923 891 957 Cor.
920 934 988 958 10.:
1011 924 1131 958 Nonne
1156 925 1213 969 qui
1237 923 1334 958 edunt
1359 924 1490 966 hostias,
1512 926 1696 972 participes
1719 931 1796 960 sunt

225 978 368 1012 altaris?
397 977 701 1011 inconvenienter
729 977 838 1022 igitur
866 977 1045 1022 quaedam
1075 985 1194 1023 partes
1227 977 1430 1011 hostiarum
1460 977 1693 1013 offerentibus
1716 979 1795 1013 sub-

223 1031 468 1073 trahebantur,
483 1031 638 1065 scilicet:
654 1031 813 1076 sanguis,
829 1038 864 1064 et
878 1030 998 1076 adeps,
1010 1017 1277 1076 pectusculum,
1292 1038 1328 1064 et
1345 1042 1467 1065 armus
1481 1031 1605 1066 dexter
1619 1032 1716 1075 (Lev.
1736 1033 1796 1078 3.).

265 1118 269 1121 ,
295 1096 327 1131 9.
350 1085 587 1119 PRAETEREA.
612 1084 714 1118 Sicut
734 1084 951 1118 holocausta
975 1083 1218 1118 offerebantur
1243 1084 1279 1117 in
1301 1085 1482 1118 honorem
1511 1085 1592 1127 Dei,
1616 1085 1665 1119 ita
1687 1086 1797 1120 etiam

223 1139 365 1172 hostiae
387 1138 574 1184 pacificae,
598 1146 632 1172 et
650 1138 792 1171 hostiae
814 1148 879 1183 pro
901 1145 1072 1183 peccato:
1089 1137 1151 1171 sed
1169 1137 1310 1171 nullum
1333 1137 1470 1172 animal
1486 1137 1679 1172 foeminini
1691 1150 1797 1173 sexus

225 1192 443 1226 offerebatur
465 1192 546 1225 Deo
570 1192 605 1224 in
626 1191 885 1225 holocaustum
903 1203 911 1233 ;
929 1190 1062 1224 fiebant
1088 1199 1210 1225 tamen
1238 1190 1456 1225 holocausta
1481 1199 1557 1225 tarn
1583 1192 1627 1226 de
1648 1193 1798 1238 quadru-

226 1246 387 1292 pedibus,
411 1256 521 1291 quam
543 1245 587 1279 de
611 1245 754 1285 avibus3
775 1255 862 1290 ergo
882 1244 1182 1278 inconvenienter
1194 1245 1231 1278 in
1245 1244 1375 1278 hostiis
1397 1244 1568 1291 pacificis,
1589 1253 1625 1279 et
1638 1256 1703 1291 pro
1718 1257 1799 1292 pec-

225 1307 306 1334 cato
330 1298 574 1333 offerebantur
597 1298 768 1332 animalia
788 1297 979 1332 foeminini
1001 1309 1125 1340 sexus3
1145 1305 1179 1332 et
1199 1306 1323 1332 tamen
1344 1298 1380 1332 in
1399 1298 1526 1333 hostiis
1544 1298 1705 1345 pacificis
1720 1310 1797 1333 non

225 1352 469 1387 offerebantur
491 1364 585 1386 aves.

302 1417 352 1441 10.
369 1406 607 1440 PRAETEREA.
626 1405 768 1440 Omnes
783 1405 925 1439 hostiae
941 1404 1114 1451 pacificae
1129 1404 1234 1439 unius
1257 1405 1398 1451 generis
1421 1415 1500 1440 esse
1517 1405 1704 1448 videntur3
1721 1417 1796 1440 non

229 1471 316 1506 ergo
339 1460 462 1494 debuit
483 1460 570 1505 poni
596 1460 662 1493 ista
690 1458 903 1500 differentia,
930 1459 1027 1504 quod
1055 1459 1298 1504 quorumdam
1325 1458 1562 1505 pacificorum
1588 1470 1696 1493 carne
1721 1471 1796 1493 non

227 1522 376 1560 possent
396 1514 495 1547 vesci
513 1515 548 1547 in
568 1513 738 1553 crastino,
760 1511 1004 1558 quorumdam
1026 1520 1148 1546 autem
1166 1520 1325 1558 possent,
1347 1520 1385 1546 ut
1405 1512 1597 1546 mandatur
1617 1512 1704 1553 Lgv.
1723 1523 1754 1558 7.

303 1578 354 1601 11.
376 1567 614 1601 PRAETEREA.
639 1565 778 1600 Omnia
791 1573 941 1612 peccata
956 1565 991 1599 in
1014 1565 1085 1599 hoc
1106 1565 1337 1607 conveniunt,
1357 1565 1454 1612 quod
1477 1566 1592 1600 aDeo
1614 1574 1795 1609 avertunt;

227 1632 316 1667 ergo
338 1631 404 1666 pro
427 1620 596 1654 omnibus
618 1619 776 1666 peccatis
795 1621 830 1653 in
852 1619 923 1653 Dei
940 1618 1277 1653 reconciliationem
1293 1630 1406 1653 unum
1428 1630 1543 1665 genus
1560 1619 1727 1654 sacrificii
1740 1619 1798 1654 de-

228 1675 304 1709 buit
325 1674 457 1709 offerri.

302 1738 353 1762 12.
381 1728 619 1763 PRAETEREA.
649 1727 788 1762 Omnia
816 1725 1000 1768 animalia,
1028 1737 1121 1772 quae
1149 1725 1393 1760 offerebantur
1411 1726 1448 1760 in
1473 1725 1704 1770 sacrificium,
1721 1738 1795 1761 uno

226 1782 338 1817 modo
370 1781 624 1822 offerebantur,
652 1780 791 1815 scilicet
817 1780 959 1821 occisa;
985 1790 1060 1813 non
1086 1780 1225 1813 videtur
1252 1791 1340 1826 ergo
1369 1780 1602 1822 conveniens,
1628 1781 1725 1827 quod
1751 1781 1796 1815 de

221 1844 337 1870 terrae
359 1835 590 1869 nascentibus
613 1833 857 1868 diversimode
872 1832 980 1866 fiebat
996 1832 1150 1874 oblatio,
1172 1844 1268 1866 nunc
1284 1833 1382 1867 enirn
1401 1832 1644 1868 offerebantur
1661 1834 1795 1880 spicae,

223 1901 319 1923 nunc
338 1888 469 1930 simila,
491 1899 587 1922 nunc
610 1888 724 1934 panis,
747 1886 964 1932 quandoque
980 1886 1126 1932 quidem
1150 1894 1277 1920 coctus
1290 1886 1327 1920 in
1349 1886 1506 1929 clibano,
1526 1887 1795 1934 quandoquein

223 1944 416 1989 sartagine,
440 1942 658 1988 quandoque
680 1941 716 1974 in
739 1939 912 1974 craticula
935 1940 1033 1984 (Lev.
1055 1951 1086 1974 2.
1109 1944 1138 1974 et
1156 1941 1214 1985 7.).

298 2008 349 2042 13.
372 1996 610 2031 PRAETEREA.
636 1994 776 2029 Omnia
794 2005 886 2039 quae
908 1993 944 2027 in
966 2004 1072 2027 usum
1095 2001 1262 2027 nostrum
1283 1993 1443 2035 veniunt,
1471 2004 1490 2028 a
1511 1993 1594 2028 Deo
1620 2005 1796 2040 recogno-

222 2062 323 2085 scere
346 2050 539 2091 debemus;
558 2048 858 2082 inconvenienter
877 2058 965 2092 ergo
985 2054 1127 2092 praeter
1149 2046 1332 2089 animalia,
1353 2046 1476 2081 solum
1495 2047 1588 2082 haec
1605 2047 1688 2082 Deo
1710 2046 1796 2082 offe-

220 2105 406 2139 rebantur:
430 2104 543 2149 panis,
565 2103 702 2144 vinum,
727 2101 862 2143 oleum,
884 2101 980 2142 thus,
1002 2099 1065 2134 sal.

298 2168 349 2201 14.
361 2158 599 2192 PRAETEREA.
621 2154 807 2189 Sacrificia
823 2153 1027 2200 corporalia
1044 2153 1248 2200 exprimunt
1266 2153 1414 2188 interius
1428 2153 1647 2189 sacrificium
1662 2155 1793 2197 cordis,

223 2223 294 2258 quo
317 2212 432 2246 homo
456 2210 621 2256 spiritum
644 2220 749 2243 suum
772 2207 877 2242 offert
903 2208 1006 2241 Deo:
1030 2207 1092 2241 sed
1114 2207 1151 2240 in
1177 2207 1340 2242 interiori
1365 2207 1544 2242 sacrificio
1570 2207 1650 2254 plus
1671 2216 1724 2243 est
1749 2209 1793 2243 de

222 2265 424 2306 dulcedine,
446 2275 556 2309 quam
579 2269 824 2308 repraesentat
847 2260 931 2302 mel,
954 2272 1062 2307 quam
1086 2260 1130 2294 de
1149 2260 1399 2303 mordacitate,
1418 2272 1528 2307 quarn
1550 2270 1795 2308 repraesentat

221 2319 292 2354 sal:
316 2319 445 2352 dicitur
460 2317 557 2351 enim
576 2315 687 2350 Eccli.
705 2325 777 2358 24:
793 2316 938 2361 Spiritus
956 2326 1044 2348 meus
1061 2320 1159 2361 super
1173 2315 1236 2348 mel
1255 2314 1358 2349 dulcis
1365 2326 1377 2355 ;
1394 2325 1482 2360 ergo
1496 2315 1794 2350 inconvenienter

221 2372 480 2419 prohibebatur
501 2370 537 2404 in
561 2369 739 2404 sacrificio
762 2368 897 2414 apponi
911 2367 996 2410 mel,
1019 2375 1054 2402 et
1066 2366 1298 2409 fermentum,
1320 2368 1416 2414 quod
1431 2367 1542 2402 etiam
1562 2367 1648 2402 facit
1661 2380 1794 2415 panem

223 2426 408 2473 sapidum3
428 2432 462 2459 et
484 2422 774 2470 praecipiebatur
796 2421 844 2455 ibi
867 2421 1002 2467 apponi
1027 2420 1092 2462 sal,
1114 2421 1212 2467 quod
1239 2429 1293 2456 est
1317 2421 1611 2464 mordicativum‚
1638 2430 1675 2457 et
1697 2422 1794 2464 thus,

223 2480 320 2526 quod
343 2479 453 2513 habet
474 2487 643 2523 saporem
663 2486 847 2516 amarum3
871 2474 1011 2508 videtur
1033 2485 1133 2520 ergo,
1155 2474 1252 2520 quod
1274 2485 1317 2509 ea
1339 2485 1432 2521 quae
1453 2476 1633 2521 pertinent
1653 2475 1697 2510 ad
1712 2487 1793 2510 cae-

223 2533 406 2568 remonias
429 2530 704 2570 sacrificiorum,
727 2539 801 2562 non
823 2528 981 2562 habeant
1002 2527 1255 2562 rationabilem
1278 2538 1437 2562 causam.

296 2587 370 2620 SED
393 2595 550 2620 CONTRA
573 2591 637 2624 est,
652 2582 749 2628 quod
765 2581 895 2615 dicitur
914 2581 1028 2615 Levit.
1050 2592 1096 2615 1.:
1116 2582 1238 2616 Oblata
1252 2583 1365 2616 omnia
1379 2581 1520 2617 adolebit
1531 2582 1680 2617 sacerdos
1695 2589 1793 2630 super

222 2641 326 2675 altare
349 2641 382 2673 in
403 2639 640 2678 holocaustum„
663 2641 691 2670 e!
711 2635 842 2670 odoram
861 2636 1095 2669 suavissimum
1110 2635 1260 2669 Domino
1272 2647 1283 2669 :
1298 2635 1374 2677 sed,
1387 2636 1481 2670 sicut
1497 2635 1628 2670 dicitur
1649 2635 1732 2683 Sap.
1747 2646 1791 2682 7.:

223 2695 399 2730 Neminem
425 2693 534 2737 diligit
559 2692 663 2732 Deus,
692 2691 754 2724 nisi
781 2690 838 2734 qui
864 2700 936 2722 sum
963 2690 1126 2735 sapientia
1151 2688 1334 2723 inhabitat:
1363 2700 1404 2723 ex
1425 2700 1498 2735 quo
1524 2697 1645 2735 potest
1663 2689 1792 2736 accipi,

223 2748 319 2794 quod
342 2746 513 2793 quidquid
538 2753 591 2779 est
612 2744 693 2778 Deo
717 2749 919 2788 acceptum,
935 2750 988 2775 est
1014 2753 1098 2775 cum
1120 2742 1316 2788 sapientia3
1331 2753 1420 2788 ergo
1438 2742 1522 2777 illae
1535 2742 1789 2778 caeremoniae

223 2801 484 2837 sacrificiorum
504 2809 587 2832 cum
611 2797 786 2843 sapientia
809 2804 920 2837 crant,
943 2794 1039 2829 velut
1063 2795 1237 2829 habentes
1259 2795 1494 2831 rationabiles
1515 2807 1655 2831 causas.

296 2855 526 2889 Resmmnzo
548 2851 758 2891 dicendum,
779 2848 889 2895 quod,
917 2848 1009 2882 sicut
1030 2859 1136 2893 supra
1163 2848 1299 2882 dictum
1326 2856 1379 2883 est
1401 2849 1483 2893 (art.
1508 2850 1649 2897 praec),
1672 2859 1791 2884 caere·

226 2908 371 2944 moniac
391 2906 522 2942 veteris
544 2905 634 2951 legis
656 2904 816 2951 duplicem
841 2912 988 2937 causam
1012 2902 1209 2936 habebant:
1234 2914 1335 2936 unum
1361 2901 1498 2938 scilicet
1522 2902 1713 2947 literalem,
1737 2913 1791 2939 se-
