1907 3182
205 200 281 243 132
636 198 858 234 QUAESTIO
892 199 979 228 XVI.
1013 199 1258 229 ARTICULUS
1291 200 1318 229 Ι.

195 293 276 327 quae
297 281 482 316 bominibus
504 280 583 316 data
603 286 698 316 sunt:
722 282 782 315 sed
801 281 960 327 judicare
983 282 1026 315 de
1047 281 1152 315 rebus
1171 293 1190 315 a
1211 281 1292 316 Deo
1316 283 1455 324 creatis,
1474 283 1628 328 pertinet
1646 283 1690 317 ad
1709 295 1758 317 ra-

194 335 334 369 tionem
349 334 621 381 speculativam,
638 346 728 381 quae
746 335 897 369 omnino
912 343 1075 380 separata
1090 335 1231 369 videtur
1246 348 1263 369 a
1277 335 1473 379 voluntate,
1489 347 1580 382 quae
1602 343 1655 370 est
1667 336 1760 382 prin-

197 388 331 434 cipium
352 388 599 422 humanorum
622 396 788 431 actuum3
804 400 890 434 ergo
913 389 964 422 uti
981 400 1056 422 non
1071 397 1124 423 est
1146 397 1245 422 actus
1266 388 1472 423 voluntatis.

268 442 342 476 SED
366 452 521 476 CONTRA
543 450 606 484 est,
629 442 725 487 quod
746 442 898 487 August.
921 442 1007 476 dicit
1028 442 1063 475 in
1083 453 1133 476 10.
1154 443 1196 476 de
1217 442 1345 476 Trinit.
1366 443 1454 489 (cap.
1476 455 1521 478 Π.
1544 447 1617 477 ante
1634 442 1757 488 med.).·

202 496 257 530 Uti
277 500 320 530 est
344 507 506 530 assumere
528 495 655 541 aliquid
674 495 914 541 insarnltatmz
931 496 1123 530 voluntatis.

265 549 494 583 RESPONDEO
517 549 722 591 dicendum,
746 548 842 594 quod
865 560 949 582 usus
971 549 1022 582 rei
1041 548 1191 594 alicujus
1213 548 1386 594 importat
1405 549 1685 596 applicationem
1707 550 1759 584 rei

193 601 289 636 illius
312 602 353 636 ad
378 602 537 648 aliquam
559 602 828 648 operationem3
851 602 946 636 unde
969 610 1003 636 et
1025 602 1199 648 operatio,
1223 602 1266 636 ad
1294 614 1403 648 quam
1431 603 1655 649 applicamus
1682 614 1759 637 rem

195 655 364 702 aliquam,
384 655 513 689 dicitur
534 667 618 689 usus
640 656 733 700 ejus:
753 655 845 688 sicut
867 655 1025 701 equitare
1049 664 1101 689 est
1115 667 1199 689 usus
1221 655 1315 701 equi,
1338 664 1372 689 et
1392 665 1578 702 percutere
1601 664 1654 690 est
1675 668 1759 690 usus

194 709 323 743 baculi.
346 709 404 743 Ad
427 709 676 755 operationem
695 716 816 742 autem
838 708 1060 755 applicamus
1083 717 1117 742 et
1137 708 1311 754 principia
1338 709 1509 744 interiora
1535 710 1678 756 agendi,
1697 710 1761 744 sci-

194 762 279 797 licet
299 763 393 808 ipsas
416 763 594 808 potentias
623 762 777 804 animae,
796 761 853 796 vel
871 762 1034 795 membra
1061 762 1235 808 corporis,
1258 769 1296 796 ut
1316 762 1542 798 intellectum
1569 763 1613 797 ad
1635 762 1762 798 intelli-

195 817 365 863 gendum,
388 825 422 851 et
444 816 592 852 oculum
616 816 658 850 ad
677 816 885 858 videndum,
906 824 940 850 et
961 828 1016 850 res
1039 816 1244 858 exteriores,
1267 816 1359 850 sicut
1378 816 1550 852 baculum
1572 818 1615 851 ad
1637 828 1760 864 percu-

193 871 373 905 tiendum:
389 871 450 906 sed
472 869 705 904 manifestum
720 878 783 912 est,
798 869 894 915 quod
910 881 966 904 res
982 869 1175 903 exteriores
1190 881 1264 903 non
1287 869 1511 916 applicamus
1533 870 1577 904 ad
1600 870 1759 916 aliquam

195 924 445 971 operationem
466 924 536 958 nisi
557 935 620 970 per
640 923 815 969 principia
837 923 1042 965 intrinseca,
1059 934 1150 968 quae
1166 931 1248 957 sunt
1262 924 1443 969 potentiae
1459 924 1614 966 animae,
1629 932 1689 958 aut
1701 923 1763 958 ha-

195 979 289 1012 bitus
304 978 557 1024 potentiarum,
573 985 633 1011 aut
647 988 795 1022 organa,
806 988 897 1022 quae
908 984 990 1010 sunt
1000 976 1162 1022 corporis
1177 976 1352 1011 membra.
1364 977 1567 1012 Ostensum
1578 985 1631 1011 est
1641 985 1762 1011 autem

195 1043 302 1078 supra
323 1032 368 1077 (q.
389 1043 420 1077 9.
449 1036 512 1066 art.
535 1031 594 1075 L),
618 1030 715 1076 quod
738 1029 906 1064 voluntas
923 1038 986 1071 est,
1001 1041 1093 1076 quae
1108 1037 1233 1064 movet
1253 1030 1432 1076 potentias
1447 1030 1589 1064 animae
1611 1030 1656 1064 ad
1677 1042 1762 1064 suos

195 1093 313 1119 actus:
330 1092 364 1119 et
386 1085 456 1118 hoc
476 1092 528 1118 est
543 1083 722 1130 applicare
742 1095 800 1118 eas
815 1084 859 1117 ad
882 1084 1130 1129 operationem
1143 1096 1151 1125 ;
1166 1083 1260 1118 unde
1275 1083 1507 1118 manifestum
1521 1091 1585 1126 est,
1600 1083 1698 1130 quod
1712 1084 1763 1118 uti

194 1139 324 1185 primo,
347 1146 382 1172 et
402 1137 644 1184 principaliter
670 1144 723 1171 est
747 1137 942 1171 voluntatis
971 1145 1160 1183 tamquam
1186 1137 1292 1183 primi
1317 1139 1509 1181 moventis,
1535 1137 1684 1172 rationis
1706 1149 1764 1171 au-

195 1200 270 1226 tem
290 1200 477 1237 tamquam
505 1191 700 1237 dirigentis,
727 1190 790 1224 sed
813 1190 964 1225 aliarum
998 1192 1244 1237 potentiarum
1269 1198 1457 1237 tamquam
1495 1191 1762 1238 exequentium,

196 1256 286 1292 quae
310 1253 566 1292 comparantur
589 1245 631 1278 ad
653 1243 891 1286 voluntatem,
920 1256 939 1278 a
966 1256 1035 1291 qua
1064 1244 1288 1291 applicantur
1311 1245 1354 1278 ad
1382 1245 1576 1291 agendum,
1603 1245 1694 1279 sicut
1715 1245 1765 1278 in-

195 1307 392 1333 strumenta
415 1298 459 1332 ad
485 1297 682 1345 principale
709 1309 830 1343 agens.
859 1298 967 1332 Actio
991 1306 1113 1332 autem
1139 1298 1282 1344 proprie
1308 1309 1383 1332 non
1410 1299 1612 1333 attribuitur
1638 1300 1764 1333 instru-

195 1360 330 1390 mento,
349 1352 411 1386 sed
432 1351 621 1399 principali
644 1351 775 1397 agenti,
794 1351 886 1386 sicut
908 1351 1110 1386 aedificatio
1134 1351 1367 1394 aedificatori,
1389 1363 1464 1386 non
1486 1359 1608 1386 autem
1634 1352 1762 1386 instru-

195 1408 342 1448 mentis;
365 1406 458 1440 unde
477 1405 710 1440 manifestum
733 1413 796 1447 est,
818 1406 914 1451 quod
942 1407 990 1440 nti
1005 1407 1142 1452 proprie
1163 1410 1207 1440 est
1232 1410 1324 1440 actus
1348 1406 1539 1441 voluntatis.

267 1460 326 1494 AD
353 1470 502 1494 PRIMUM
525 1470 612 1505 ergo
635 1459 841 1501 dicendum,
864 1459 961 1505 quod
983 1459 1074 1493 ratio
1098 1458 1244 1505 quidem
1265 1459 1301 1493 in
1332 1458 1427 1493 aliud
1466 1459 1583 1502 refert,
1611 1459 1673 1493 sed
1703 1470 1764 1493 vo—

197 1513 314 1548 luntas
335 1513 449 1548 tendit
469 1513 504 1546 in
519 1513 565 1555 id,
588 1512 684 1559 quod
700 1521 752 1546 est
766 1513 802 1546 in
825 1512 921 1546 aliud
940 1512 1094 1546 relatum
1115 1523 1178 1558 per
1199 1512 1397 1546 rationem:
1421 1521 1456 1547 et
1476 1512 1677 1547 secundum
1690 1512 1762 1546 hoc

198 1567 338 1609 dicitur,
361 1567 457 1613 quod
480 1568 527 1601 uti
549 1575 601 1601 est
622 1565 752 1600 referre
775 1566 908 1612 aliquid
930 1566 966 1600 in
989 1565 1154 1600 alterurn.

266 1621 326 1655 AD
353 1631 559 1655 SECUNDUM
586 1620 791 1662 dicendum,
819 1620 915 1666 quod
936 1620 1190 1654 Damascenus
1218 1618 1378 1665 loquitur
1403 1619 1447 1654 de
1473 1618 1762 1662 usu,secundum

196 1675 292 1721 quod
315 1675 467 1721 pertinet
488 1674 531 1708 ad
554 1674 757 1708 executivas
779 1673 970 1720 potentias.

266 1729 325 1762 AD
348 1739 518 1762 TERTIUM
540 1727 746 1769 dicendum,
768 1726 865 1773 quod
888 1727 998 1760 etiam
1019 1726 1096 1773 ipsa
1129 1727 1220 1761 ratio
1244 1726 1467 1773 speculativa
1497 1725 1697 1773 applicatur
1719 1726 1762 1760 ad

196 1793 285 1828 opus
308 1781 542 1827 intelligendi,
564 1780 622 1815 vel
643 1780 827 1826 judicandi
849 1792 868 1814 a
890 1780 1097 1822 voluntate;
1125 1788 1159 1814 et
1183 1780 1266 1814 ideo
1293 1779 1496 1814 intellectus
1519 1779 1762 1827 speculativus

196 1836 246 1870 uti
266 1836 404 1878 dicitur,
426 1844 613 1882 tamquam
633 1847 652 1869 a
674 1834 859 1869 voluntate
886 1843 1019 1877 motu3‚
1041 1835 1134 1869 sicut
1155 1834 1246 1869 aliae
1269 1835 1477 1870 executivae
1499 1835 1692 1882 potentiae.

779 1977 1125 2022 ARTICULUS
1160 1977 1216 2020 H.
1719 1998 1763 2035 92

473 2087 624 2117 UTRUM
649 2087 726 2116 UTI
755 2086 1010 2116 CONVENIAT
1037 2085 1190 2116 BRUTIS
1218 2085 1496 2116 ANIMALIBUS.

708 2173 821 2221 (Schr.
848 2186 878 2220 q.
906 2186 951 2209 Π.
979 2181 1043 2208 art.
1066 2186 1092 2209 Ι.
1116 2173 1158 2208 ad
1178 2174 1241 2219 4.).

268 2265 326 2299 AD
348 2275 554 2299 SECUNDUM
577 2264 627 2299 sic
651 2265 866 2311 proceditur.
889 2264 1052 2306 Videtur,
1084 2262 1181 2310 quod
1204 2263 1254 2297 uti
1281 2262 1474 2297 conveniat
1495 2262 1607 2296 brutis
1630 2261 1765 2296 anima-

197 2318 306 2352 libus:
333 2318 401 2352 frui
428 2318 524 2352 enim
552 2327 604 2353 est
639 2318 808 2360 nobilius,
831 2329 940 2364 quam
967 2318 1035 2360 uti3
1063 2317 1146 2363 quia
1168 2324 1206 2351 ut
1231 2316 1456 2362 Augustinus
1479 2315 1565 2350 dicit
1585 2316 1621 2349 in
1647 2326 1698 2351 10.
1720 2316 1764 2349 de

198 2371 327 2406 Trinit.
350 2373 439 2418 (cap.
462 2373 772 2419 ro.p05tp1¹itzc.):
802 2373 936 2406 Utimicr
956 2373 1011 2414 eis,
1028 2383 1110 2417 quae
1131 2370 1174 2405 ad
1195 2370 1277 2405 illud
1294 2371 1480 2417 referimus,
1503 2381 1565 2416 quo
1579 2369 1765 2417 fruendum

195 2430 256 2460 est.-
279 2426 339 2460 sed
361 2425 428 2459 frui
451 2426 620 2460 convenit
640 2426 751 2460 brutis
773 2425 1000 2468 animalibus,
1023 2433 1061 2459 ut
1087 2436 1193 2471 supra
1216 2424 1353 2459 dictum
1381 2432 1434 2458 est
1455 2424 1502 2470 (q.
1530 2436 1576 2459 II.
1599 2428 1663 2458 art.
1691 2424 1763 2469 2.),-

198 2491 284 2525 crgo
308 2479 423 2513 multo
446 2480 561 2525 magis
581 2480 751 2514 convenit
774 2479 823 2514 cis
850 2479 911 2514 uti.

269 2543 299 2567 2.
323 2533 558 2568 Pimnmffl.
578 2533 773 2580 Applicarc
793 2533 957 2567 membra
980 2533 1022 2566 ad
1043 2532 1225 2578 agendum
1241 2540 1294 2566 est
1308 2532 1358 2566 uti
1372 2531 1563 2566 membris:
1580 2531 1642 2566 sed
1662 2531 1766 2565 bruta

202 2586 371 2620 animalia
394 2587 576 2633 applicant
609 2587 771 2622 membra
799 2588 842 2621 ad
871 2587 1004 2633 aliquid
1045 2586 1237 2631 agendum,
1265 2586 1357 2620 sicut
1378 2585 1487 2632 pedes
1515 2585 1559 2619 ad
1582 2584 1765 2619 ambulan-

204 2641 301 2682 dum,
324 2652 458 2674 cornua
483 2642 525 2675 ad
548 2641 839 2688 percutiendum3
862 2652 948 2684 ergo
971 2640 1081 2674 brutis
1105 2640 1320 2673 animalibus
1347 2638 1517 2673 convenit
1539 2638 1599 2672 uti.

276 2695 350 2729 5121)
374 2706 527 2730 CONTRA
556 2703 619 2737 cst,
642 2695 738 2741 quod
762 2695 914 2740 August.
943 2695 1027 2728 dicit
1053 2695 1087 2727 in
1111 2694 1169 2727 lib.
1193 2694 1247 2740 83.
1273 2693 1362 2734 QQ.
1399 2693 1444 2740 (q.
1470 2704 1523 2740 30.
1551 2693 1612 2728 cir.
1643 2692 1764 2738 νικῶ).-

205 2749 259 2783 Cli
285 2750 397 2795 aliquit
418 2763 450 2784 rc
472 2762 534 2784 non
554 2755 671 2796 potest,
696 2751 758 2783 111'51'
781 2749 919 2791 animi,
944 2748 1029 2794 quo]
1057 2749 1194 2782 rationis
1216 2753 1257 2782 cs!
1274 2748 1453 2794 particeps.

269 2803 497 2838 Riasvoxmo
521 2804 725 2845 dicendum,
741 2803 849 2849 quod,
866 2803 957 2837 sicut
971 2803 1107 2836 dictum
1131 2810 1182 2836 cst
1200 2802 1434 2848 611·l.pracc.),
1449 2801 1496 2834 uti
1517 2807 1570 2834 est
1584 2799 1764 2846 applicare

200 2856 343 2902 aliquod
364 2857 578 2903 principium
601 2857 807 2891 actionisad
820 2857 1000 2890 actionem
1018 2867 1024 2889 ;
1044 2855 1135 2889 sicut
1157 2857 1335 2890 consentire
1353 2863 1406 2889 est
1421 2853 1601 2900 applicare
1623 2853 1764 2888 motum

201 2911 433 2956 appetitivum
458 2911 500 2945 ad
523 2910 655 2957 aliquid
680 2910 933 2957 appetendum,
956 2918 993 2944 ut
1020 2909 1156 2943 dictum
1181 2918 1234 2944 cst
1257 2909 1301 2955 (q.
1321 2915 1434 2956 praec.
1452 2912 1517 2943 art.
1545 2919 1571 2942 ι.
1600 2919 1630 2942 2.
1653 2908 1763 2954 1:13.);
