<?xml version="1.0" encoding="UTF-8"?>
<!DOCTYPE html PUBLIC "-//W3C//DTD XHTML 1.0 Transitional//EN"
    "http://www.w3.org/TR/xhtml1/DTD/xhtml1-transitional.dtd">
<html xmlns="http://www.w3.org/1999/xhtml" xml:lang="en" lang="en">
 <head>
  <title>
</title>
<meta http-equiv="Content-Type" content="text/html;charset=utf-8" />
  <meta name='ocr-system' content='tesseract 3.04.00' />
  <meta name='ocr-capabilities' content='ocr_page ocr_carea ocr_par ocr_line ocrx_word'/>
</head>
<body>
  <div class='ocr_page' id='page_1' title='image "./divithomaeaquina02thomuoft_0544.png"; bbox 0 0 1875 3198; ppageno 0'>
   <div class='ocr_carea' id='block_1_1' title="bbox 233 179 1426 222">
    <p class='ocr_par' dir='ltr' id='par_1_1' title="bbox 233 179 1426 222">
     <span class='ocr_line' id='line_1_1' title="bbox 233 179 1426 222; baseline 0.003 -13"><span class='ocrx_word' id='word_1_1' title='bbox 233 179 314 222; x_wconf 71' lang='lat'>540</span> <span class='ocrx_word' id='word_1_2' title='bbox 623 181 844 217; x_wconf 87' lang='lat' dir='ltr'><strong>QUAESTIO</strong></span> <span class='ocrx_word' id='word_1_3' title='bbox 878 182 1023 212; x_wconf 78' lang='lat' dir='ltr'><strong>LXXIV.</strong></span> <span class='ocrx_word' id='word_1_4' title='bbox 1057 183 1302 213; x_wconf 89' lang='lat' dir='ltr'><strong>ARTICULUS</strong></span> <span class='ocrx_word' id='word_1_5' title='bbox 1335 183 1426 214; x_wconf 85' lang='lat' dir='ltr'><strong>VIII.</strong></span> 
     </span>
    </p>
   </div>
   <div class='ocr_carea' id='block_1_2' title="bbox 204 261 1866 2947">
    <p class='ocr_par' dir='ltr' id='par_1_2' title="bbox 229 261 1803 1372">
     <span class='ocr_line' id='line_1_2' title="bbox 231 261 1792 312; baseline 0.003 -17"><span class='ocrx_word' id='word_1_6' title='bbox 231 261 350 307; x_wconf 89' lang='lat' dir='ltr'>aliqua</span> <span class='ocrx_word' id='word_1_7' title='bbox 373 262 535 308; x_wconf 87' lang='lat' dir='ltr'>operatio</span> <span class='ocrx_word' id='word_1_8' title='bbox 558 262 602 297; x_wconf 90' lang='lat' dir='ltr'>sit</span> <span class='ocrx_word' id='word_1_9' title='bbox 624 263 806 309; x_wconf 84' lang='lat' dir='ltr'>objectum</span> <span class='ocrx_word' id='word_1_10' title='bbox 829 263 1090 306; x_wconf 79' lang='lat' dir='ltr'>delectationis,</span> <span class='ocrx_word' id='word_1_11' title='bbox 1113 265 1205 299; x_wconf 91' lang='lat' dir='ltr'>sicut</span> <span class='ocrx_word' id='word_1_12' title='bbox 1227 272 1260 299; x_wconf 88' lang='lat' dir='ltr'>et</span> <span class='ocrx_word' id='word_1_13' title='bbox 1283 265 1401 311; x_wconf 88' lang='lat' dir='ltr'>aliqua</span> <span class='ocrx_word' id='word_1_14' title='bbox 1424 264 1493 299; x_wconf 88' lang='lat' dir='ltr'>alia</span> <span class='ocrx_word' id='word_1_15' title='bbox 1514 276 1589 300; x_wconf 88' lang='lat' dir='ltr'>res:</span> <span class='ocrx_word' id='word_1_16' title='bbox 1608 265 1690 312; x_wconf 89' lang='lat' dir='ltr'>quia</span> <span class='ocrx_word' id='word_1_17' title='bbox 1715 265 1792 312; x_wconf 84' lang='lat' dir='ltr'>ipsa</span> 
     </span>
     <span class='ocr_line' id='line_1_3' title="bbox 231 315 1791 365; baseline 0.003 -17"><span class='ocrx_word' id='word_1_18' title='bbox 231 315 394 361; x_wconf 88' lang='lat' dir='ltr'>operatio</span> <span class='ocrx_word' id='word_1_19' title='bbox 416 323 536 362; x_wconf 89' lang='lat' dir='ltr'>potest</span> <span class='ocrx_word' id='word_1_20' title='bbox 558 316 673 362; x_wconf 79' lang='lat' dir='ltr'>accipi</span> <span class='ocrx_word' id='word_1_21' title='bbox 691 325 729 350; x_wconf 91' lang='lat' dir='ltr'>ut</span> <span class='ocrx_word' id='word_1_22' title='bbox 749 317 898 359; x_wconf 87' lang='lat' dir='ltr'>bonum,</span> <span class='ocrx_word' id='word_1_23' title='bbox 923 326 957 352; x_wconf 92' lang='lat' dir='ltr'>et</span> <span class='ocrx_word' id='word_1_24' title='bbox 977 317 1069 360; x_wconf 88' lang='lat' dir='ltr'>finis,</span> <span class='ocrx_word' id='word_1_25' title='bbox 1091 318 1127 351; x_wconf 90' lang='lat' dir='ltr'>in</span> <span class='ocrx_word' id='word_1_26' title='bbox 1149 329 1220 364; x_wconf 91' lang='lat' dir='ltr'>quo</span> <span class='ocrx_word' id='word_1_27' title='bbox 1248 319 1326 364; x_wconf 88' lang='lat' dir='ltr'>quis</span> <span class='ocrx_word' id='word_1_28' title='bbox 1357 318 1553 352; x_wconf 88' lang='lat' dir='ltr'>delectatus</span> <span class='ocrx_word' id='word_1_29' title='bbox 1581 319 1791 365; x_wconf 87' lang='lat' dir='ltr'>requiescit:</span> 
     </span>
     <span class='ocr_line' id='line_1_4' title="bbox 231 370 1795 417; baseline 0.003 -15"><span class='ocrx_word' id='word_1_30' title='bbox 231 377 265 402; x_wconf 92' lang='lat' dir='ltr'>et</span> <span class='ocrx_word' id='word_1_31' title='bbox 298 370 515 415; x_wconf 82' lang='lat' dir='ltr'>quandoque</span> <span class='ocrx_word' id='word_1_32' title='bbox 546 370 692 415; x_wconf 88' lang='lat' dir='ltr'>quidem</span> <span class='ocrx_word' id='word_1_33' title='bbox 720 370 873 416; x_wconf 88' lang='lat' dir='ltr'>ipsamet</span> <span class='ocrx_word' id='word_1_34' title='bbox 903 371 1077 417; x_wconf 89' lang='lat' dir='ltr'>operatio,</span> <span class='ocrx_word' id='word_1_35' title='bbox 1105 383 1213 417; x_wconf 85' lang='lat' dir='ltr'>quam</span> <span class='ocrx_word' id='word_1_36' title='bbox 1245 372 1476 417; x_wconf 82' lang='lat' dir='ltr'>consequitur</span> <span class='ocrx_word' id='word_1_37' title='bbox 1510 371 1713 414; x_wconf 75' lang='lat' dir='ltr'>delectatio,</span> <span class='ocrx_word' id='word_1_38' title='bbox 1741 380 1795 406; x_wconf 89' lang='lat' dir='ltr'>est</span> 
     </span>
     <span class='ocr_line' id='line_1_5' title="bbox 231 423 1793 471; baseline 0.002 -15"><span class='ocrx_word' id='word_1_39' title='bbox 231 423 413 467; x_wconf 85' lang='lat' dir='ltr'>objectum</span> <span class='ocrx_word' id='word_1_40' title='bbox 435 423 702 466; x_wconf 78' lang='lat' dir='ltr'>delectationi33</span> <span class='ocrx_word' id='word_1_41' title='bbox 724 424 939 470; x_wconf 81' lang='lat' dir='ltr'>inquantum</span> <span class='ocrx_word' id='word_1_42' title='bbox 958 424 1095 459; x_wconf 88' lang='lat' dir='ltr'>scilicet</span> <span class='ocrx_word' id='word_1_43' title='bbox 1116 425 1169 458; x_wconf 90' lang='lat' dir='ltr'>vis</span> <span class='ocrx_word' id='word_1_44' title='bbox 1193 425 1396 471; x_wconf 80' lang='lat' dir='ltr'>appetitiva,</span> <span class='ocrx_word' id='word_1_45' title='bbox 1419 426 1519 471; x_wconf 89' lang='lat' dir='ltr'>cujus</span> <span class='ocrx_word' id='word_1_46' title='bbox 1538 433 1591 460; x_wconf 91' lang='lat' dir='ltr'>est</span> <span class='ocrx_word' id='word_1_47' title='bbox 1611 425 1793 468; x_wconf 86' lang='lat' dir='ltr'>delectari,</span> 
     </span>
     <span class='ocr_line' id='line_1_6' title="bbox 229 476 1795 525; baseline 0.001 -15"><span class='ocrx_word' id='word_1_48' title='bbox 229 476 423 510; x_wconf 84' lang='lat' dir='ltr'>reflectitur</span> <span class='ocrx_word' id='word_1_49' title='bbox 442 478 475 510; x_wconf 89' lang='lat' dir='ltr'>in</span> <span class='ocrx_word' id='word_1_50' title='bbox 496 477 611 522; x_wconf 84' lang='lat' dir='ltr'>ipsam</span> <span class='ocrx_word' id='word_1_51' title='bbox 635 477 898 523; x_wconf 82' lang='lat' dir='ltr'>operationem,</span> <span class='ocrx_word' id='word_1_52' title='bbox 919 479 1013 512; x_wconf 87' lang='lat' dir='ltr'>sicut</span> <span class='ocrx_word' id='word_1_53' title='bbox 1033 479 1068 512; x_wconf 93' lang='lat' dir='ltr'>in</span> <span class='ocrx_word' id='word_1_54' title='bbox 1091 478 1276 524; x_wconf 83' lang='lat' dir='ltr'>quoddam</span> <span class='ocrx_word' id='word_1_55' title='bbox 1296 478 1454 521; x_wconf 73' lang='lat' dir='ltr'>bonum,</span> <span class='ocrx_word' id='word_1_56' title='bbox 1470 487 1554 525; x_wconf 88' lang='lat' dir='ltr'>puta</span> <span class='ocrx_word' id='word_1_57' title='bbox 1569 490 1653 512; x_wconf 90' lang='lat' dir='ltr'>cum</span> <span class='ocrx_word' id='word_1_58' title='bbox 1667 478 1795 524; x_wconf 90' lang='lat' dir='ltr'>aliquis</span> 
     </span>
     <span class='ocr_line' id='line_1_7' title="bbox 233 530 1794 578; baseline 0.001 -14"><span class='ocrx_word' id='word_1_59' title='bbox 233 530 380 576; x_wconf 79' lang='lat' dir='ltr'>cogitat,</span> <span class='ocrx_word' id='word_1_60' title='bbox 416 539 450 564; x_wconf 88' lang='lat' dir='ltr'>et</span> <span class='ocrx_word' id='word_1_61' title='bbox 476 530 674 564; x_wconf 76' lang='lat' dir='ltr'>delectatur</span> <span class='ocrx_word' id='word_1_62' title='bbox 702 532 744 565; x_wconf 90' lang='lat' dir='ltr'>de</span> <span class='ocrx_word' id='word_1_63' title='bbox 770 531 840 565; x_wconf 91' lang='lat' dir='ltr'>hoc</span> <span class='ocrx_word' id='word_1_64' title='bbox 868 531 959 577; x_wconf 81' lang='lat' dir='ltr'>ipso,</span> <span class='ocrx_word' id='word_1_65' title='bbox 987 533 1084 577; x_wconf 88' lang='lat' dir='ltr'>quod</span> <span class='ocrx_word' id='word_1_66' title='bbox 1112 532 1260 577; x_wconf 83' lang='lat' dir='ltr'>cogitat,</span> <span class='ocrx_word' id='word_1_67' title='bbox 1285 532 1500 578; x_wconf 84' lang='lat' dir='ltr'>inquantum</span> <span class='ocrx_word' id='word_1_68' title='bbox 1526 544 1590 566; x_wconf 90' lang='lat' dir='ltr'>sua</span> <span class='ocrx_word' id='word_1_69' title='bbox 1623 532 1794 578; x_wconf 85' lang='lat' dir='ltr'>cogitatio</span> 
     </span>
     <span class='ocr_line' id='line_1_8' title="bbox 229 583 1797 632; baseline 0.001 -15"><span class='ocrx_word' id='word_1_70' title='bbox 229 583 365 630; x_wconf 86' lang='lat' dir='ltr'>placet:</span> <span class='ocrx_word' id='word_1_71' title='bbox 389 584 607 630; x_wconf 84' lang='lat' dir='ltr'>quandoque</span> <span class='ocrx_word' id='word_1_72' title='bbox 628 596 715 618; x_wconf 78' lang='lat' dir='ltr'>vero</span> <span class='ocrx_word' id='word_1_73' title='bbox 741 584 931 619; x_wconf 83' lang='lat' dir='ltr'>delectatio</span> <span class='ocrx_word' id='word_1_74' title='bbox 955 596 1182 631; x_wconf 86' lang='lat' dir='ltr'>consequens</span> <span class='ocrx_word' id='word_1_75' title='bbox 1201 597 1311 619; x_wconf 87' lang='lat' dir='ltr'>unam</span> <span class='ocrx_word' id='word_1_76' title='bbox 1339 586 1601 632; x_wconf 85' lang='lat' dir='ltr'>operationem,</span> <span class='ocrx_word' id='word_1_77' title='bbox 1628 593 1713 631; x_wconf 89' lang='lat' dir='ltr'>puta</span> <span class='ocrx_word' id='word_1_78' title='bbox 1740 596 1797 619; x_wconf 90' lang='lat' dir='ltr'>co-</span> 
     </span>
     <span class='ocr_line' id='line_1_9' title="bbox 230 637 1797 686; baseline 0.001 -15"><span class='ocrx_word' id='word_1_79' title='bbox 230 638 443 684; x_wconf 90' lang='lat' dir='ltr'>gitationem</span> <span class='ocrx_word' id='word_1_80' title='bbox 466 637 637 684; x_wconf 81' lang='lat' dir='ltr'>aliquam,</span> <span class='ocrx_word' id='word_1_81' title='bbox 658 638 768 672; x_wconf 87' lang='lat' dir='ltr'>habet</span> <span class='ocrx_word' id='word_1_82' title='bbox 794 650 858 684; x_wconf 87' lang='lat' dir='ltr'>pro</span> <span class='ocrx_word' id='word_1_83' title='bbox 887 639 1029 684; x_wconf 79' lang='lat' dir='ltr'>objecto</span> <span class='ocrx_word' id='word_1_84' title='bbox 1058 639 1168 673; x_wconf 90' lang='lat' dir='ltr'>aliam</span> <span class='ocrx_word' id='word_1_85' title='bbox 1194 639 1445 686; x_wconf 84' lang='lat' dir='ltr'>operationem</span> <span class='ocrx_word' id='word_1_86' title='bbox 1472 639 1573 686; x_wconf 82' lang='lat' dir='ltr'>quasi</span> <span class='ocrx_word' id='word_1_87' title='bbox 1598 651 1675 673; x_wconf 90' lang='lat' dir='ltr'>rem</span> <span class='ocrx_word' id='word_1_88' title='bbox 1701 639 1797 685; x_wconf 90' lang='lat' dir='ltr'>cogi-</span> 
     </span>
     <span class='ocr_line' id='line_1_10' title="bbox 229 691 1796 740; baseline 0.002 -16"><span class='ocrx_word' id='word_1_89' title='bbox 229 699 342 725; x_wconf 85' lang='lat' dir='ltr'>tatam</span> <span class='ocrx_word' id='word_1_90' title='bbox 358 704 365 733; x_wconf 91' lang='lat'>;</span> <span class='ocrx_word' id='word_1_91' title='bbox 389 699 423 725; x_wconf 92' lang='lat' dir='ltr'>et</span> <span class='ocrx_word' id='word_1_92' title='bbox 442 698 528 725; x_wconf 92' lang='lat' dir='ltr'>tunc</span> <span class='ocrx_word' id='word_1_93' title='bbox 551 691 631 726; x_wconf 78' lang='lat' dir='ltr'>talis</span> <span class='ocrx_word' id='word_1_94' title='bbox 652 691 843 726; x_wconf 85' lang='lat' dir='ltr'>delectatio</span> <span class='ocrx_word' id='word_1_95' title='bbox 866 693 1029 739; x_wconf 85' lang='lat' dir='ltr'>procedit</span> <span class='ocrx_word' id='word_1_96' title='bbox 1048 704 1089 727; x_wconf 81' lang='lat' dir='ltr'>ex</span> <span class='ocrx_word' id='word_1_97' title='bbox 1107 693 1342 728; x_wconf 87' lang='lat' dir='ltr'>inclinatione</span> <span class='ocrx_word' id='word_1_98' title='bbox 1358 694 1546 740; x_wconf 87' lang='lat' dir='ltr'>appetitus,</span> <span class='ocrx_word' id='word_1_99' title='bbox 1560 705 1635 729; x_wconf 89' lang='lat' dir='ltr'>non</span> <span class='ocrx_word' id='word_1_100' title='bbox 1650 694 1796 740; x_wconf 88' lang='lat' dir='ltr'>quidem</span> 
     </span>
     <span class='ocr_line' id='line_1_11' title="bbox 229 745 1799 794; baseline 0.003 -16"><span class='ocrx_word' id='word_1_101' title='bbox 229 745 265 779; x_wconf 88' lang='lat' dir='ltr'>in</span> <span class='ocrx_word' id='word_1_102' title='bbox 288 745 561 790; x_wconf 83' lang='lat' dir='ltr'>cogitationem,</span> <span class='ocrx_word' id='word_1_103' title='bbox 580 745 641 779; x_wconf 86' lang='lat' dir='ltr'>sed</span> <span class='ocrx_word' id='word_1_104' title='bbox 663 746 699 779; x_wconf 90' lang='lat' dir='ltr'>in</span> <span class='ocrx_word' id='word_1_105' title='bbox 720 748 968 791; x_wconf 85' lang='lat' dir='ltr'>operationem</span> <span class='ocrx_word' id='word_1_106' title='bbox 994 747 1209 792; x_wconf 87' lang='lat' dir='ltr'>cogitatam:</span> <span class='ocrx_word' id='word_1_107' title='bbox 1233 747 1282 781; x_wconf 88' lang='lat' dir='ltr'>sic</span> <span class='ocrx_word' id='word_1_108' title='bbox 1305 748 1412 794; x_wconf 91' lang='lat' dir='ltr'>igitur</span> <span class='ocrx_word' id='word_1_109' title='bbox 1435 747 1562 794; x_wconf 88' lang='lat' dir='ltr'>aliquis</span> <span class='ocrx_word' id='word_1_110' title='bbox 1585 748 1628 782; x_wconf 91' lang='lat' dir='ltr'>de</span> <span class='ocrx_word' id='word_1_111' title='bbox 1645 747 1799 782; x_wconf 88' lang='lat' dir='ltr'>fornica-</span> 
     </span>
     <span class='ocr_line' id='line_1_12' title="bbox 229 799 1796 848; baseline 0.002 -16"><span class='ocrx_word' id='word_1_112' title='bbox 229 799 328 833; x_wconf 89' lang='lat' dir='ltr'>tione</span> <span class='ocrx_word' id='word_1_113' title='bbox 352 800 528 844; x_wconf 87' lang='lat' dir='ltr'>cogitans,</span> <span class='ocrx_word' id='word_1_114' title='bbox 552 799 594 833; x_wconf 88' lang='lat' dir='ltr'>de</span> <span class='ocrx_word' id='word_1_115' title='bbox 617 799 740 834; x_wconf 72' lang='lat' dir='ltr'>duobus</span> <span class='ocrx_word' id='word_1_116' title='bbox 762 808 880 846; x_wconf 82' lang='lat' dir='ltr'>potest</span> <span class='ocrx_word' id='word_1_117' title='bbox 901 799 1096 834; x_wconf 86' lang='lat' dir='ltr'>delectari:</span> <span class='ocrx_word' id='word_1_118' title='bbox 1120 813 1183 835; x_wconf 80' lang='lat' dir='ltr'>zmo</span> <span class='ocrx_word' id='word_1_119' title='bbox 1206 801 1299 835; x_wconf 77' lang='lat' dir='ltr'>modo</span> <span class='ocrx_word' id='word_1_120' title='bbox 1323 802 1365 835; x_wconf 88' lang='lat' dir='ltr'>de</span> <span class='ocrx_word' id='word_1_121' title='bbox 1380 801 1457 848; x_wconf 91' lang='lat' dir='ltr'>ipsa</span> <span class='ocrx_word' id='word_1_122' title='bbox 1473 801 1714 847; x_wconf 84' lang='lat' dir='ltr'>cogitatione:</span> <span class='ocrx_word' id='word_1_123' title='bbox 1731 801 1796 835; x_wconf 84' lang='lat' dir='ltr'>alio</span> 
     </span>
     <span class='ocr_line' id='line_1_13' title="bbox 231 851 1800 902; baseline 0.002 -16"><span class='ocrx_word' id='word_1_124' title='bbox 231 852 325 887; x_wconf 78' lang='lat' dir='ltr'>modo</span> <span class='ocrx_word' id='word_1_125' title='bbox 348 852 390 886; x_wconf 89' lang='lat' dir='ltr'>de</span> <span class='ocrx_word' id='word_1_126' title='bbox 413 853 490 897; x_wconf 89' lang='lat' dir='ltr'>ipsa</span> <span class='ocrx_word' id='word_1_127' title='bbox 512 851 754 887; x_wconf 83' lang='lat' dir='ltr'>fornicatione</span> <span class='ocrx_word' id='word_1_128' title='bbox 777 854 946 899; x_wconf 81' lang='lat' dir='ltr'>cogitata.</span> <span class='ocrx_word' id='word_1_129' title='bbox 969 853 1174 888; x_wconf 87' lang='lat' dir='ltr'>Delectatio</span> <span class='ocrx_word' id='word_1_130' title='bbox 1199 863 1320 889; x_wconf 90' lang='lat' dir='ltr'>autern</span> <span class='ocrx_word' id='word_1_131' title='bbox 1342 854 1386 889; x_wconf 91' lang='lat' dir='ltr'>de</span> <span class='ocrx_word' id='word_1_132' title='bbox 1408 855 1629 901; x_wconf 84' lang='lat' dir='ltr'>cogitatione</span> <span class='ocrx_word' id='word_1_133' title='bbox 1650 855 1726 902; x_wconf 88' lang='lat' dir='ltr'>ipsa</span> <span class='ocrx_word' id='word_1_134' title='bbox 1748 866 1800 889; x_wconf 92' lang='lat' dir='ltr'>se-</span> 
     </span>
     <span class='ocr_line' id='line_1_14' title="bbox 231 906 1800 955; baseline 0.003 -16"><span class='ocrx_word' id='word_1_135' title='bbox 231 906 350 953; x_wconf 89' lang='lat' dir='ltr'>quitur</span> <span class='ocrx_word' id='word_1_136' title='bbox 363 906 639 940; x_wconf 88' lang='lat' dir='ltr'>inclinationem</span> <span class='ocrx_word' id='word_1_137' title='bbox 663 906 811 941; x_wconf 84' lang='lat' dir='ltr'>affectus</span> <span class='ocrx_word' id='word_1_138' title='bbox 826 908 862 941; x_wconf 90' lang='lat' dir='ltr'>in</span> <span class='ocrx_word' id='word_1_139' title='bbox 882 909 1144 954; x_wconf 83' lang='lat' dir='ltr'>cogitationem</span> <span class='ocrx_word' id='word_1_140' title='bbox 1165 909 1301 955; x_wconf 85' lang='lat' dir='ltr'>ipsam:</span> <span class='ocrx_word' id='word_1_141' title='bbox 1325 909 1498 955; x_wconf 86' lang='lat' dir='ltr'>cogitatio</span> <span class='ocrx_word' id='word_1_142' title='bbox 1514 916 1636 943; x_wconf 89' lang='lat' dir='ltr'>autem</span> <span class='ocrx_word' id='word_1_143' title='bbox 1655 909 1733 955; x_wconf 90' lang='lat' dir='ltr'>ipsa</span> <span class='ocrx_word' id='word_1_144' title='bbox 1748 920 1800 943; x_wconf 91' lang='lat' dir='ltr'>se-</span> 
     </span>
     <span class='ocr_line' id='line_1_15' title="bbox 232 960 1798 1008; baseline 0.002 -15"><span class='ocrx_word' id='word_1_145' title='bbox 232 960 391 994; x_wconf 89' lang='lat' dir='ltr'>cundum</span> <span class='ocrx_word' id='word_1_146' title='bbox 412 972 450 994; x_wconf 89' lang='lat' dir='ltr'>se</span> <span class='ocrx_word' id='word_1_147' title='bbox 473 972 547 994; x_wconf 91' lang='lat' dir='ltr'>non</span> <span class='ocrx_word' id='word_1_148' title='bbox 570 968 622 994; x_wconf 88' lang='lat' dir='ltr'>est</span> <span class='ocrx_word' id='word_1_149' title='bbox 643 969 835 1007; x_wconf 87' lang='lat' dir='ltr'>peccatum</span> <span class='ocrx_word' id='word_1_150' title='bbox 857 961 1027 996; x_wconf 82' lang='lat' dir='ltr'>mortale:</span> <span class='ocrx_word' id='word_1_151' title='bbox 1050 962 1166 996; x_wconf 89' lang='lat' dir='ltr'>immo</span> <span class='ocrx_word' id='word_1_152' title='bbox 1189 962 1381 1008; x_wconf 73' lang='lat' dir='ltr'>quandoque</span> <span class='ocrx_word' id='word_1_153' title='bbox 1402 970 1455 997; x_wconf 88' lang='lat' dir='ltr'>est</span> <span class='ocrx_word' id='word_1_154' title='bbox 1475 962 1616 997; x_wconf 91' lang='lat' dir='ltr'>veniale</span> <span class='ocrx_word' id='word_1_155' title='bbox 1637 970 1798 1005; x_wconf 79' lang='lat' dir='ltr'>tantum3</span> 
     </span>
     <span class='ocr_line' id='line_1_16' title="bbox 229 1014 1800 1063; baseline 0.002 -16"><span class='ocrx_word' id='word_1_156' title='bbox 229 1022 314 1061; x_wconf 88' lang='lat' dir='ltr'>puta</span> <span class='ocrx_word' id='word_1_157' title='bbox 326 1026 410 1048; x_wconf 89' lang='lat' dir='ltr'>cum</span> <span class='ocrx_word' id='word_1_158' title='bbox 425 1014 553 1060; x_wconf 86' lang='lat' dir='ltr'>aliquis</span> <span class='ocrx_word' id='word_1_159' title='bbox 567 1014 740 1049; x_wconf 83' lang='lat' dir='ltr'>inutiliter</span> <span class='ocrx_word' id='word_1_160' title='bbox 755 1015 890 1061; x_wconf 86' lang='lat' dir='ltr'>cogitat</span> <span class='ocrx_word' id='word_1_161' title='bbox 901 1015 943 1049; x_wconf 91' lang='lat' dir='ltr'>de</span> <span class='ocrx_word' id='word_1_162' title='bbox 956 1027 1016 1049; x_wconf 89' lang='lat' dir='ltr'>ea:</span> <span class='ocrx_word' id='word_1_163' title='bbox 1033 1016 1226 1062; x_wconf 64' lang='lat' dir='ltr'>quandoque</span> <span class='ocrx_word' id='word_1_164' title='bbox 1242 1024 1363 1050; x_wconf 90' lang='lat' dir='ltr'>autem</span> <span class='ocrx_word' id='word_1_165' title='bbox 1378 1016 1454 1050; x_wconf 85' lang='lat' dir='ltr'>sine</span> <span class='ocrx_word' id='word_1_166' title='bbox 1464 1024 1616 1063; x_wconf 89' lang='lat' dir='ltr'>peccato</span> <span class='ocrx_word' id='word_1_167' title='bbox 1628 1016 1778 1050; x_wconf 87' lang='lat' dir='ltr'>omnino</span> <span class='ocrx_word' id='word_1_168' title='bbox 1791 1028 1800 1058; x_wconf 81' lang='lat'>3</span> 
     </span>
     <span class='ocr_line' id='line_1_17' title="bbox 231 1067 1802 1116; baseline 0.002 -15"><span class='ocrx_word' id='word_1_169' title='bbox 231 1079 315 1114; x_wconf 85' lang='lat' dir='ltr'>puta</span> <span class='ocrx_word' id='word_1_170' title='bbox 335 1079 419 1102; x_wconf 90' lang='lat' dir='ltr'>cum</span> <span class='ocrx_word' id='word_1_171' title='bbox 442 1067 569 1114; x_wconf 85' lang='lat' dir='ltr'>aliquis</span> <span class='ocrx_word' id='word_1_172' title='bbox 592 1068 724 1102; x_wconf 86' lang='lat' dir='ltr'>utiliter</span> <span class='ocrx_word' id='word_1_173' title='bbox 747 1069 789 1102; x_wconf 93' lang='lat' dir='ltr'>de</span> <span class='ocrx_word' id='word_1_174' title='bbox 813 1080 854 1102; x_wconf 90' lang='lat' dir='ltr'>ea</span> <span class='ocrx_word' id='word_1_175' title='bbox 877 1069 1023 1114; x_wconf 81' lang='lat' dir='ltr'>cogitat,</span> <span class='ocrx_word' id='word_1_176' title='bbox 1046 1070 1138 1104; x_wconf 91' lang='lat' dir='ltr'>sicut</span> <span class='ocrx_word' id='word_1_177' title='bbox 1160 1081 1243 1104; x_wconf 91' lang='lat' dir='ltr'>curn</span> <span class='ocrx_word' id='word_1_178' title='bbox 1265 1069 1341 1104; x_wconf 88' lang='lat' dir='ltr'>vult</span> <span class='ocrx_word' id='word_1_179' title='bbox 1362 1071 1406 1104; x_wconf 89' lang='lat' dir='ltr'>de</span> <span class='ocrx_word' id='word_1_180' title='bbox 1429 1081 1470 1104; x_wconf 90' lang='lat' dir='ltr'>ea</span> <span class='ocrx_word' id='word_1_181' title='bbox 1496 1070 1717 1116; x_wconf 88' lang='lat' dir='ltr'>praedicare,</span> <span class='ocrx_word' id='word_1_182' title='bbox 1742 1069 1802 1103; x_wconf 88' lang='lat' dir='ltr'>vel</span> 
     </span>
     <span class='ocr_line' id='line_1_18' title="bbox 233 1122 1802 1169; baseline 0.001 -14"><span class='ocrx_word' id='word_1_183' title='bbox 233 1123 425 1168; x_wconf 88' lang='lat' dir='ltr'>disputare,</span> <span class='ocrx_word' id='word_1_184' title='bbox 449 1130 482 1156; x_wconf 88' lang='lat' dir='ltr'>et</span> <span class='ocrx_word' id='word_1_185' title='bbox 502 1122 584 1156; x_wconf 89' lang='lat' dir='ltr'>ideo</span> <span class='ocrx_word' id='word_1_186' title='bbox 608 1134 670 1168; x_wconf 89' lang='lat' dir='ltr'>per</span> <span class='ocrx_word' id='word_1_187' title='bbox 693 1134 919 1168; x_wconf 89' lang='lat' dir='ltr'>consequens</span> <span class='ocrx_word' id='word_1_188' title='bbox 943 1122 1098 1166; x_wconf 84' lang='lat' dir='ltr'>affectio,</span> <span class='ocrx_word' id='word_1_189' title='bbox 1122 1132 1156 1158; x_wconf 89' lang='lat' dir='ltr'>et</span> <span class='ocrx_word' id='word_1_190' title='bbox 1177 1123 1380 1166; x_wconf 86' lang='lat' dir='ltr'>delectatio,</span> <span class='ocrx_word' id='word_1_191' title='bbox 1403 1135 1495 1169; x_wconf 89' lang='lat' dir='ltr'>quae</span> <span class='ocrx_word' id='word_1_192' title='bbox 1509 1123 1559 1158; x_wconf 90' lang='lat' dir='ltr'>sic</span> <span class='ocrx_word' id='word_1_193' title='bbox 1576 1132 1629 1158; x_wconf 88' lang='lat' dir='ltr'>est</span> <span class='ocrx_word' id='word_1_194' title='bbox 1643 1123 1686 1158; x_wconf 89' lang='lat' dir='ltr'>de</span> <span class='ocrx_word' id='word_1_195' title='bbox 1705 1123 1802 1169; x_wconf 87' lang='lat' dir='ltr'>cogi-</span> 
     </span>
     <span class='ocr_line' id='line_1_19' title="bbox 232 1175 1803 1224; baseline 0.001 -15"><span class='ocrx_word' id='word_1_196' title='bbox 232 1178 370 1210; x_wconf 85' lang='lat' dir='ltr'>tatione</span> <span class='ocrx_word' id='word_1_197' title='bbox 392 1175 654 1218; x_wconf 84' lang='lat' dir='ltr'>fornicationis,</span> <span class='ocrx_word' id='word_1_198' title='bbox 673 1188 747 1210; x_wconf 92' lang='lat' dir='ltr'>non</span> <span class='ocrx_word' id='word_1_199' title='bbox 771 1184 823 1210; x_wconf 88' lang='lat' dir='ltr'>est</span> <span class='ocrx_word' id='word_1_200' title='bbox 844 1177 887 1210; x_wconf 90' lang='lat' dir='ltr'>de</span> <span class='ocrx_word' id='word_1_201' title='bbox 910 1188 1042 1222; x_wconf 84' lang='lat' dir='ltr'>genere</span> <span class='ocrx_word' id='word_1_202' title='bbox 1065 1178 1205 1223; x_wconf 90' lang='lat' dir='ltr'>peccati</span> <span class='ocrx_word' id='word_1_203' title='bbox 1227 1177 1403 1219; x_wconf 91' lang='lat' dir='ltr'>mortalis,</span> <span class='ocrx_word' id='word_1_204' title='bbox 1425 1177 1487 1211; x_wconf 90' lang='lat' dir='ltr'>sed</span> <span class='ocrx_word' id='word_1_205' title='bbox 1509 1177 1727 1224; x_wconf 87' lang='lat' dir='ltr'>quandoque</span> <span class='ocrx_word' id='word_1_206' title='bbox 1749 1185 1803 1211; x_wconf 90' lang='lat' dir='ltr'>est</span> 
     </span>
     <span class='ocr_line' id='line_1_20' title="bbox 231 1230 1803 1277; baseline -0.001 -12"><span class='ocrx_word' id='word_1_207' title='bbox 231 1238 422 1277; x_wconf 84' lang='lat' dir='ltr'>peccatum</span> <span class='ocrx_word' id='word_1_208' title='bbox 449 1230 602 1273; x_wconf 82' lang='lat' dir='ltr'>veniale,</span> <span class='ocrx_word' id='word_1_209' title='bbox 629 1231 847 1277; x_wconf 89' lang='lat' dir='ltr'>quandoque</span> <span class='ocrx_word' id='word_1_210' title='bbox 875 1230 1035 1273; x_wconf 80' lang='lat' dir='ltr'>nullum3</span> <span class='ocrx_word' id='word_1_211' title='bbox 1063 1231 1157 1265; x_wconf 91' lang='lat' dir='ltr'>unde</span> <span class='ocrx_word' id='word_1_212' title='bbox 1183 1242 1250 1265; x_wconf 90' lang='lat' dir='ltr'>nec</span> <span class='ocrx_word' id='word_1_213' title='bbox 1279 1243 1477 1266; x_wconf 87' lang='lat' dir='ltr'>consensus</span> <span class='ocrx_word' id='word_1_214' title='bbox 1503 1231 1541 1264; x_wconf 93' lang='lat' dir='ltr'>in</span> <span class='ocrx_word' id='word_1_215' title='bbox 1565 1230 1677 1265; x_wconf 88' lang='lat' dir='ltr'>talem</span> <span class='ocrx_word' id='word_1_216' title='bbox 1710 1230 1803 1264; x_wconf 90' lang='lat' dir='ltr'>dele-</span> 
     </span>
     <span class='ocr_line' id='line_1_21' title="bbox 232 1284 1803 1333; baseline 0 -15"><span class='ocrx_word' id='word_1_217' title='bbox 232 1284 431 1318; x_wconf 84' lang='lat' dir='ltr'>ctationem</span> <span class='ocrx_word' id='word_1_218' title='bbox 458 1292 510 1319; x_wconf 89' lang='lat' dir='ltr'>est</span> <span class='ocrx_word' id='word_1_219' title='bbox 536 1293 729 1331; x_wconf 84' lang='lat' dir='ltr'>peccatum</span> <span class='ocrx_word' id='word_1_220' title='bbox 757 1284 929 1327; x_wconf 77' lang='lat' dir='ltr'>mortale,</span> <span class='ocrx_word' id='word_1_221' title='bbox 958 1293 992 1319; x_wconf 88' lang='lat' dir='ltr'>et</span> <span class='ocrx_word' id='word_1_222' title='bbox 1018 1285 1218 1319; x_wconf 89' lang='lat' dir='ltr'>secundum</span> <span class='ocrx_word' id='word_1_223' title='bbox 1241 1285 1311 1319; x_wconf 90' lang='lat' dir='ltr'>hoc</span> <span class='ocrx_word' id='word_1_224' title='bbox 1333 1287 1447 1333; x_wconf 78' lang='lat' dir='ltr'>prima</span> <span class='ocrx_word' id='word_1_225' title='bbox 1469 1284 1594 1331; x_wconf 89' lang='lat' dir='ltr'>opinio</span> <span class='ocrx_word' id='word_1_226' title='bbox 1617 1284 1727 1318; x_wconf 88' lang='lat' dir='ltr'>habet</span> <span class='ocrx_word' id='word_1_227' title='bbox 1746 1295 1803 1318; x_wconf 91' lang='lat' dir='ltr'>ve-</span> 
     </span>
     <span class='ocr_line' id='line_1_22' title="bbox 232 1346 386 1372; baseline 0 -1"><span class='ocrx_word' id='word_1_228' title='bbox 232 1346 386 1372; x_wconf 82' lang='lat' dir='ltr'>ritatem.</span> 
     </span>
    </p>

    <p class='ocr_par' dir='ltr' id='par_1_3' title="bbox 232 1391 1843 1869">
     <span class='ocr_line' id='line_1_23' title="bbox 308 1391 1805 1438; baseline -0.001 -13"><span class='ocrx_word' id='word_1_229' title='bbox 308 1391 418 1432; x_wconf 88' lang='lat' dir='ltr'>Quod</span> <span class='ocrx_word' id='word_1_230' title='bbox 442 1400 563 1426; x_wconf 88' lang='lat' dir='ltr'>autem</span> <span class='ocrx_word' id='word_1_231' title='bbox 587 1391 714 1438; x_wconf 86' lang='lat' dir='ltr'>aliquis</span> <span class='ocrx_word' id='word_1_232' title='bbox 738 1392 902 1437; x_wconf 90' lang='lat' dir='ltr'>cogitans</span> <span class='ocrx_word' id='word_1_233' title='bbox 925 1392 967 1426; x_wconf 92' lang='lat' dir='ltr'>de</span> <span class='ocrx_word' id='word_1_234' title='bbox 989 1391 1229 1427; x_wconf 86' lang='lat' dir='ltr'>fornicatione</span> <span class='ocrx_word' id='word_1_235' title='bbox 1252 1391 1449 1427; x_wconf 89' lang='lat' dir='ltr'>delectetur</span> <span class='ocrx_word' id='word_1_236' title='bbox 1470 1392 1512 1426; x_wconf 91' lang='lat' dir='ltr'>de</span> <span class='ocrx_word' id='word_1_237' title='bbox 1535 1391 1614 1438; x_wconf 87' lang='lat' dir='ltr'>ipso</span> <span class='ocrx_word' id='word_1_238' title='bbox 1639 1399 1720 1426; x_wconf 87' lang='lat' dir='ltr'>actu</span> <span class='ocrx_word' id='word_1_239' title='bbox 1747 1403 1805 1425; x_wconf 63' lang='lat' dir='ltr'>co÷</span> 
     </span>
     <span class='ocr_line' id='line_1_24' title="bbox 232 1445 1803 1491; baseline 0 -12"><span class='ocrx_word' id='word_1_240' title='bbox 232 1446 357 1491; x_wconf 85' lang='lat' dir='ltr'>gitato,</span> <span class='ocrx_word' id='word_1_241' title='bbox 374 1446 449 1479; x_wconf 87' lang='lat' dir='ltr'>-hoc</span> <span class='ocrx_word' id='word_1_242' title='bbox 475 1446 653 1491; x_wconf 91' lang='lat' dir='ltr'>contingit</span> <span class='ocrx_word' id='word_1_243' title='bbox 675 1457 717 1480; x_wconf 76' lang='lat' dir='ltr'>ex</span> <span class='ocrx_word' id='word_1_244' title='bbox 738 1446 822 1487; x_wconf 88' lang='lat' dir='ltr'>hoc,</span> <span class='ocrx_word' id='word_1_245' title='bbox 845 1446 940 1491; x_wconf 92' lang='lat' dir='ltr'>quod</span> <span class='ocrx_word' id='word_1_246' title='bbox 965 1445 1108 1480; x_wconf 86' lang='lat' dir='ltr'>affectio</span> <span class='ocrx_word' id='word_1_247' title='bbox 1132 1447 1207 1491; x_wconf 78' lang='lat' dir='ltr'>ejus</span> <span class='ocrx_word' id='word_1_248' title='bbox 1229 1446 1401 1480; x_wconf 88' lang='lat' dir='ltr'>inclinata</span> <span class='ocrx_word' id='word_1_249' title='bbox 1425 1454 1478 1480; x_wconf 91' lang='lat' dir='ltr'>est</span> <span class='ocrx_word' id='word_1_250' title='bbox 1495 1446 1531 1479; x_wconf 89' lang='lat' dir='ltr'>in</span> <span class='ocrx_word' id='word_1_251' title='bbox 1545 1445 1642 1479; x_wconf 86' lang='lat' dir='ltr'>hunc</span> <span class='ocrx_word' id='word_1_252' title='bbox 1659 1453 1803 1484; x_wconf 85' lang='lat' dir='ltr'>actum3</span> 
     </span>
     <span class='ocr_line' id='line_1_25' title="bbox 233 1499 1799 1546; baseline 0.001 -13"><span class='ocrx_word' id='word_1_253' title='bbox 233 1500 326 1534; x_wconf 85' lang='lat' dir='ltr'>unde</span> <span class='ocrx_word' id='word_1_254' title='bbox 350 1500 446 1546; x_wconf 90' lang='lat' dir='ltr'>quod</span> <span class='ocrx_word' id='word_1_255' title='bbox 470 1500 597 1546; x_wconf 87' lang='lat' dir='ltr'>aliquis</span> <span class='ocrx_word' id='word_1_256' title='bbox 625 1500 827 1534; x_wconf 85' lang='lat' dir='ltr'>consentiat</span> <span class='ocrx_word' id='word_1_257' title='bbox 857 1500 893 1533; x_wconf 91' lang='lat' dir='ltr'>in</span> <span class='ocrx_word' id='word_1_258' title='bbox 923 1500 1034 1534; x_wconf 89' lang='lat' dir='ltr'>talem</span> <span class='ocrx_word' id='word_1_259' title='bbox 1065 1500 1357 1542; x_wconf 87' lang='lat' dir='ltr'>delectationem,</span> <span class='ocrx_word' id='word_1_260' title='bbox 1386 1500 1457 1534; x_wconf 87' lang='lat' dir='ltr'>hoc</span> <span class='ocrx_word' id='word_1_261' title='bbox 1487 1499 1578 1534; x_wconf 89' lang='lat' dir='ltr'>nihil</span> <span class='ocrx_word' id='word_1_262' title='bbox 1609 1499 1705 1533; x_wconf 84' lang='lat' dir='ltr'>aliud</span> <span class='ocrx_word' id='word_1_263' title='bbox 1735 1508 1799 1542; x_wconf 90' lang='lat' dir='ltr'>est,</span> 
     </span>
     <span class='ocr_line' id='line_1_26' title="bbox 232 1552 1807 1600; baseline 0 -13"><span class='ocrx_word' id='word_1_264' title='bbox 232 1565 343 1600; x_wconf 80' lang='lat' dir='ltr'>quarn</span> <span class='ocrx_word' id='word_1_265' title='bbox 366 1554 462 1600; x_wconf 85' lang='lat' dir='ltr'>quod</span> <span class='ocrx_word' id='word_1_266' title='bbox 484 1554 558 1600; x_wconf 88' lang='lat' dir='ltr'>ipse</span> <span class='ocrx_word' id='word_1_267' title='bbox 583 1554 787 1588; x_wconf 84' lang='lat' dir='ltr'>consentiat</span> <span class='ocrx_word' id='word_1_268' title='bbox 808 1554 843 1586; x_wconf 93' lang='lat' dir='ltr'>in</span> <span class='ocrx_word' id='word_1_269' title='bbox 862 1554 945 1595; x_wconf 87' lang='lat' dir='ltr'>hoc,</span> <span class='ocrx_word' id='word_1_270' title='bbox 969 1554 1063 1599; x_wconf 86' lang='lat' dir='ltr'>quod</span> <span class='ocrx_word' id='word_1_271' title='bbox 1087 1553 1236 1588; x_wconf 82' lang='lat' dir='ltr'>affectus</span> <span class='ocrx_word' id='word_1_272' title='bbox 1259 1566 1342 1588; x_wconf 90' lang='lat' dir='ltr'>suus</span> <span class='ocrx_word' id='word_1_273' title='bbox 1366 1554 1411 1588; x_wconf 86' lang='lat' dir='ltr'>sit</span> <span class='ocrx_word' id='word_1_274' title='bbox 1431 1553 1628 1587; x_wconf 89' lang='lat' dir='ltr'>inclinatus</span> <span class='ocrx_word' id='word_1_275' title='bbox 1647 1553 1682 1586; x_wconf 92' lang='lat' dir='ltr'>in</span> <span class='ocrx_word' id='word_1_276' title='bbox 1696 1552 1807 1587; x_wconf 89' lang='lat' dir='ltr'>forni-</span> 
     </span>
     <span class='ocr_line' id='line_1_27' title="bbox 233 1606 1805 1654; baseline -0.001 -13"><span class='ocrx_word' id='word_1_277' title='bbox 233 1608 435 1642; x_wconf 84' lang='lat' dir='ltr'>cationem:</span> <span class='ocrx_word' id='word_1_278' title='bbox 459 1607 579 1642; x_wconf 88' lang='lat' dir='ltr'>nullus</span> <span class='ocrx_word' id='word_1_279' title='bbox 602 1608 699 1641; x_wconf 89' lang='lat' dir='ltr'>enim</span> <span class='ocrx_word' id='word_1_280' title='bbox 721 1607 931 1649; x_wconf 85' lang='lat' dir='ltr'>delectatur,</span> <span class='ocrx_word' id='word_1_281' title='bbox 954 1608 1022 1641; x_wconf 87' lang='lat' dir='ltr'>nisi</span> <span class='ocrx_word' id='word_1_282' title='bbox 1043 1607 1079 1641; x_wconf 90' lang='lat' dir='ltr'>in</span> <span class='ocrx_word' id='word_1_283' title='bbox 1110 1619 1165 1649; x_wconf 88' lang='lat' dir='ltr'>eo,</span> <span class='ocrx_word' id='word_1_284' title='bbox 1193 1608 1291 1654; x_wconf 91' lang='lat' dir='ltr'>quod</span> <span class='ocrx_word' id='word_1_285' title='bbox 1325 1616 1378 1642; x_wconf 90' lang='lat' dir='ltr'>est</span> <span class='ocrx_word' id='word_1_286' title='bbox 1409 1607 1599 1641; x_wconf 88' lang='lat' dir='ltr'>conforme</span> <span class='ocrx_word' id='word_1_287' title='bbox 1629 1606 1805 1653; x_wconf 86' lang='lat' dir='ltr'>appetitui</span> 
     </span>
     <span class='ocr_line' id='line_1_28' title="bbox 233 1660 1803 1708; baseline -0.001 -13"><span class='ocrx_word' id='word_1_288' title='bbox 233 1663 319 1707; x_wconf 87' lang='lat' dir='ltr'>ejus.</span> <span class='ocrx_word' id='word_1_289' title='bbox 346 1662 456 1702; x_wconf 85' lang='lat' dir='ltr'>Quod</span> <span class='ocrx_word' id='word_1_290' title='bbox 480 1670 601 1696; x_wconf 89' lang='lat' dir='ltr'>autem</span> <span class='ocrx_word' id='word_1_291' title='bbox 622 1661 749 1707; x_wconf 82' lang='lat' dir='ltr'>aliquis</span> <span class='ocrx_word' id='word_1_292' title='bbox 772 1673 813 1695; x_wconf 81' lang='lat' dir='ltr'>ex</span> <span class='ocrx_word' id='word_1_293' title='bbox 836 1661 1095 1695; x_wconf 84' lang='lat' dir='ltr'>deliberatione</span> <span class='ocrx_word' id='word_1_294' title='bbox 1119 1661 1238 1707; x_wconf 88' lang='lat' dir='ltr'>eligat,</span> <span class='ocrx_word' id='word_1_295' title='bbox 1263 1662 1360 1708; x_wconf 92' lang='lat' dir='ltr'>quod</span> <span class='ocrx_word' id='word_1_296' title='bbox 1383 1661 1531 1695; x_wconf 86' lang='lat' dir='ltr'>affectus</span> <span class='ocrx_word' id='word_1_297' title='bbox 1553 1672 1637 1695; x_wconf 90' lang='lat' dir='ltr'>suus</span> <span class='ocrx_word' id='word_1_298' title='bbox 1661 1660 1803 1695; x_wconf 91' lang='lat' dir='ltr'>confor-</span> 
     </span>
     <span class='ocr_line' id='line_1_29' title="bbox 232 1714 1843 1763; baseline -0.001 -14"><span class='ocrx_word' id='word_1_299' title='bbox 232 1723 351 1750; x_wconf 89' lang='lat' dir='ltr'>metur</span> <span class='ocrx_word' id='word_1_300' title='bbox 372 1716 439 1757; x_wconf 88' lang='lat' dir='ltr'>his,</span> <span class='ocrx_word' id='word_1_301' title='bbox 463 1727 554 1761; x_wconf 88' lang='lat' dir='ltr'>quae</span> <span class='ocrx_word' id='word_1_302' title='bbox 578 1715 776 1749; x_wconf 88' lang='lat' dir='ltr'>secundum</span> <span class='ocrx_word' id='word_1_303' title='bbox 801 1726 838 1749; x_wconf 90' lang='lat' dir='ltr'>se</span> <span class='ocrx_word' id='word_1_304' title='bbox 858 1723 940 1749; x_wconf 87' lang='lat' dir='ltr'>sunt</span> <span class='ocrx_word' id='word_1_305' title='bbox 961 1723 1109 1761; x_wconf 89' lang='lat' dir='ltr'>peccata</span> <span class='ocrx_word' id='word_1_306' title='bbox 1133 1715 1313 1757; x_wconf 88' lang='lat' dir='ltr'>mortalia,</span> <span class='ocrx_word' id='word_1_307' title='bbox 1333 1723 1387 1749; x_wconf 91' lang='lat' dir='ltr'>est</span> <span class='ocrx_word' id='word_1_308' title='bbox 1407 1723 1600 1761; x_wconf 89' lang='lat' dir='ltr'>peccatum</span> <span class='ocrx_word' id='word_1_309' title='bbox 1626 1714 1805 1749; x_wconf 82' lang='lat' dir='ltr'>mortale:</span> <span class='ocrx_word' id='word_1_310' title='bbox 1835 1756 1843 1763; x_wconf 48' lang='grc'>.</span> 
     </span>
     <span class='ocr_line' id='line_1_30' title="bbox 233 1767 1805 1815; baseline 0 -13"><span class='ocrx_word' id='word_1_311' title='bbox 233 1769 327 1803; x_wconf 88' lang='lat' dir='ltr'>unde</span> <span class='ocrx_word' id='word_1_312' title='bbox 348 1769 429 1803; x_wconf 82' lang='lat' dir='ltr'>talis</span> <span class='ocrx_word' id='word_1_313' title='bbox 453 1780 651 1803; x_wconf 82' lang='lat' dir='ltr'>consensus</span> <span class='ocrx_word' id='word_1_314' title='bbox 673 1769 709 1802; x_wconf 91' lang='lat' dir='ltr'>in</span> <span class='ocrx_word' id='word_1_315' title='bbox 732 1768 1014 1803; x_wconf 88' lang='lat' dir='ltr'>delectationem</span> <span class='ocrx_word' id='word_1_316' title='bbox 1029 1769 1169 1814; x_wconf 89' lang='lat' dir='ltr'>peccati</span> <span class='ocrx_word' id='word_1_317' title='bbox 1184 1768 1347 1803; x_wconf 90' lang='lat' dir='ltr'>mortalis</span> <span class='ocrx_word' id='word_1_318' title='bbox 1363 1777 1416 1803; x_wconf 88' lang='lat' dir='ltr'>est</span> <span class='ocrx_word' id='word_1_319' title='bbox 1428 1776 1621 1815; x_wconf 86' lang='lat' dir='ltr'>peccatum</span> <span class='ocrx_word' id='word_1_320' title='bbox 1640 1767 1805 1810; x_wconf 88' lang='lat' dir='ltr'>mortale,</span> 
     </span>
     <span class='ocr_line' id='line_1_31' title="bbox 232 1822 726 1869; baseline 0 -13"><span class='ocrx_word' id='word_1_321' title='bbox 232 1831 271 1857; x_wconf 87' lang='lat' dir='ltr'>ut</span> <span class='ocrx_word' id='word_1_322' title='bbox 289 1823 445 1866; x_wconf 82' lang='lat' dir='ltr'>secunda</span> <span class='ocrx_word' id='word_1_323' title='bbox 471 1823 594 1869; x_wconf 86' lang='lat' dir='ltr'>opinio</span> <span class='ocrx_word' id='word_1_324' title='bbox 613 1822 726 1869; x_wconf 90' lang='lat' dir='ltr'>ponit.</span> 
     </span>
    </p>

    <p class='ocr_par' dir='ltr' id='par_1_4' title="bbox 204 1875 1808 2299">
     <span class='ocr_line' id='line_1_32' title="bbox 303 1875 1805 1923; baseline -0.001 -12"><span class='ocrx_word' id='word_1_325' title='bbox 303 1877 363 1911; x_wconf 85' lang='lat' dir='ltr'>AD</span> <span class='ocrx_word' id='word_1_326' title='bbox 385 1887 534 1912; x_wconf 73' lang='lat' dir='ltr'>PRIMUM</span> <span class='ocrx_word' id='word_1_327' title='bbox 557 1888 643 1923; x_wconf 90' lang='lat' dir='ltr'>ergo</span> <span class='ocrx_word' id='word_1_328' title='bbox 666 1876 871 1918; x_wconf 88' lang='lat' dir='ltr'>dicendum,</span> <span class='ocrx_word' id='word_1_329' title='bbox 895 1876 991 1922; x_wconf 89' lang='lat' dir='ltr'>quod</span> <span class='ocrx_word' id='word_1_330' title='bbox 1015 1887 1213 1911; x_wconf 88' lang='lat' dir='ltr'>consensus</span> <span class='ocrx_word' id='word_1_331' title='bbox 1229 1876 1265 1910; x_wconf 94' lang='lat' dir='ltr'>in</span> <span class='ocrx_word' id='word_1_332' title='bbox 1281 1875 1567 1911; x_wconf 90' lang='lat' dir='ltr'>delectationem</span> <span class='ocrx_word' id='word_1_333' title='bbox 1585 1883 1702 1923; x_wconf 88' lang='lat' dir='ltr'>potest</span> <span class='ocrx_word' id='word_1_334' title='bbox 1725 1886 1805 1910; x_wconf 90' lang='lat' dir='ltr'>esse</span> 
     </span>
     <span class='ocr_line' id='line_1_33' title="bbox 230 1930 1805 1976; baseline -0.001 -11"><span class='ocrx_word' id='word_1_335' title='bbox 230 1942 304 1965; x_wconf 92' lang='lat' dir='ltr'>non</span> <span class='ocrx_word' id='word_1_336' title='bbox 326 1931 446 1965; x_wconf 91' lang='lat' dir='ltr'>solum</span> <span class='ocrx_word' id='word_1_337' title='bbox 468 1931 617 1965; x_wconf 84' lang='lat' dir='ltr'>rationis</span> <span class='ocrx_word' id='word_1_338' title='bbox 639 1930 830 1972; x_wconf 89' lang='lat' dir='ltr'>inferioris,</span> <span class='ocrx_word' id='word_1_339' title='bbox 853 1930 915 1964; x_wconf 83' lang='lat' dir='ltr'>sed</span> <span class='ocrx_word' id='word_1_340' title='bbox 935 1931 1044 1964; x_wconf 91' lang='lat' dir='ltr'>etiam</span> <span class='ocrx_word' id='word_1_341' title='bbox 1066 1930 1272 1976; x_wconf 87' lang='lat' dir='ltr'>superioris,</span> <span class='ocrx_word' id='word_1_342' title='bbox 1288 1938 1326 1964; x_wconf 92' lang='lat' dir='ltr'>ut</span> <span class='ocrx_word' id='word_1_343' title='bbox 1342 1930 1480 1964; x_wconf 90' lang='lat' dir='ltr'>dictum</span> <span class='ocrx_word' id='word_1_344' title='bbox 1502 1938 1555 1964; x_wconf 89' lang='lat' dir='ltr'>est</span> <span class='ocrx_word' id='word_1_345' title='bbox 1571 1930 1650 1974; x_wconf 85' lang='lat' dir='ltr'>(art.</span> <span class='ocrx_word' id='word_1_346' title='bbox 1660 1931 1805 1976; x_wconf 66' lang='lat' dir='ltr'>praec.)-</span> 
     </span>
     <span class='ocr_line' id='line_1_34' title="bbox 230 1983 1807 2031; baseline -0.001 -12"><span class='ocrx_word' id='word_1_347' title='bbox 230 1985 274 2019; x_wconf 84' lang='lat' dir='ltr'>Et</span> <span class='ocrx_word' id='word_1_348' title='bbox 294 1994 416 2019; x_wconf 79' lang='lat' dir='ltr'>tamen</span> <span class='ocrx_word' id='word_1_349' title='bbox 438 1985 514 2031; x_wconf 90' lang='lat' dir='ltr'>ipsa</span> <span class='ocrx_word' id='word_1_350' title='bbox 537 1985 627 2018; x_wconf 86' lang='lat' dir='ltr'>ratio</span> <span class='ocrx_word' id='word_1_351' title='bbox 643 1983 791 2018; x_wconf 88' lang='lat' dir='ltr'>inferior</span> <span class='ocrx_word' id='word_1_352' title='bbox 814 1992 932 2030; x_wconf 85' lang='lat' dir='ltr'>potest</span> <span class='ocrx_word' id='word_1_353' title='bbox 947 1984 1063 2018; x_wconf 81' lang='lat' dir='ltr'>averti</span> <span class='ocrx_word' id='word_1_354' title='bbox 1080 1995 1099 2017; x_wconf 90' lang='lat' dir='ltr'>a</span> <span class='ocrx_word' id='word_1_355' title='bbox 1118 1984 1319 2018; x_wconf 86' lang='lat' dir='ltr'>rationibus</span> <span class='ocrx_word' id='word_1_356' title='bbox 1342 1984 1514 2018; x_wconf 88' lang='lat' dir='ltr'>aeternis:</span> <span class='ocrx_word' id='word_1_357' title='bbox 1539 1984 1623 2029; x_wconf 88' lang='lat' dir='ltr'>quia</span> <span class='ocrx_word' id='word_1_358' title='bbox 1645 1983 1710 2018; x_wconf 89' lang='lat' dir='ltr'>etsi</span> <span class='ocrx_word' id='word_1_359' title='bbox 1731 1994 1807 2017; x_wconf 91' lang='lat' dir='ltr'>non</span> 
     </span>
     <span class='ocr_line' id='line_1_35' title="bbox 230 2037 1808 2084; baseline -0.001 -12"><span class='ocrx_word' id='word_1_360' title='bbox 230 2039 382 2072; x_wconf 89' lang='lat' dir='ltr'>intendit</span> <span class='ocrx_word' id='word_1_361' title='bbox 403 2039 465 2081; x_wconf 90' lang='lat' dir='ltr'>eis,</span> <span class='ocrx_word' id='word_1_362' title='bbox 493 2047 531 2072; x_wconf 90' lang='lat' dir='ltr'>ut</span> <span class='ocrx_word' id='word_1_363' title='bbox 556 2038 757 2072; x_wconf 84' lang='lat' dir='ltr'>secundum</span> <span class='ocrx_word' id='word_1_364' title='bbox 781 2049 840 2072; x_wconf 90' lang='lat' dir='ltr'>eas</span> <span class='ocrx_word' id='word_1_365' title='bbox 868 2037 1051 2083; x_wconf 86' lang='lat' dir='ltr'>regulans,</span> <span class='ocrx_word' id='word_1_366' title='bbox 1075 2037 1172 2083; x_wconf 89' lang='lat' dir='ltr'>quod</span> <span class='ocrx_word' id='word_1_367' title='bbox 1200 2045 1253 2072; x_wconf 89' lang='lat' dir='ltr'>est</span> <span class='ocrx_word' id='word_1_368' title='bbox 1274 2037 1462 2084; x_wconf 84' lang='lat' dir='ltr'>proprium</span> <span class='ocrx_word' id='word_1_369' title='bbox 1489 2037 1684 2083; x_wconf 89' lang='lat' dir='ltr'>superioris</span> <span class='ocrx_word' id='word_1_370' title='bbox 1703 2037 1808 2070; x_wconf 89' lang='lat' dir='ltr'>ratio-</span> 
     </span>
     <span class='ocr_line' id='line_1_36' title="bbox 232 2090 1807 2137; baseline -0.001 -11"><span class='ocrx_word' id='word_1_371' title='bbox 232 2093 306 2135; x_wconf 74' lang='lat' dir='ltr'>nis,</span> <span class='ocrx_word' id='word_1_372' title='bbox 329 2093 481 2127; x_wconf 87' lang='lat' dir='ltr'>intendit</span> <span class='ocrx_word' id='word_1_373' title='bbox 512 2101 635 2126; x_wconf 91' lang='lat' dir='ltr'>tamen</span> <span class='ocrx_word' id='word_1_374' title='bbox 669 2093 730 2134; x_wconf 81' lang='lat' dir='ltr'>eis,</span> <span class='ocrx_word' id='word_1_375' title='bbox 753 2100 791 2125; x_wconf 91' lang='lat' dir='ltr'>ut</span> <span class='ocrx_word' id='word_1_376' title='bbox 814 2092 1014 2126; x_wconf 88' lang='lat' dir='ltr'>secundum</span> <span class='ocrx_word' id='word_1_377' title='bbox 1043 2103 1103 2125; x_wconf 85' lang='lat' dir='ltr'>eas</span> <span class='ocrx_word' id='word_1_378' title='bbox 1133 2090 1314 2137; x_wconf 84' lang='lat' dir='ltr'>regulata:</span> <span class='ocrx_word' id='word_1_379' title='bbox 1343 2098 1377 2125; x_wconf 92' lang='lat' dir='ltr'>et</span> <span class='ocrx_word' id='word_1_380' title='bbox 1398 2091 1469 2125; x_wconf 87' lang='lat' dir='ltr'>hoc</span> <span class='ocrx_word' id='word_1_381' title='bbox 1497 2090 1610 2125; x_wconf 90' lang='lat' dir='ltr'>modo</span> <span class='ocrx_word' id='word_1_382' title='bbox 1633 2091 1675 2124; x_wconf 92' lang='lat' dir='ltr'>ab</span> <span class='ocrx_word' id='word_1_383' title='bbox 1699 2090 1748 2124; x_wconf 88' lang='lat' dir='ltr'>eis</span> <span class='ocrx_word' id='word_1_384' title='bbox 1769 2101 1807 2124; x_wconf 91' lang='lat' dir='ltr'>se</span> 
     </span>
     <span class='ocr_line' id='line_1_37' title="bbox 233 2143 1808 2192; baseline -0.001 -12"><span class='ocrx_word' id='word_1_385' title='bbox 233 2154 397 2181; x_wconf 81' lang='lat' dir='ltr'>avertens</span> <span class='ocrx_word' id='word_1_386' title='bbox 416 2154 535 2192; x_wconf 89' lang='lat' dir='ltr'>potest</span> <span class='ocrx_word' id='word_1_387' title='bbox 556 2157 705 2192; x_wconf 83' lang='lat' dir='ltr'>peccare</span> <span class='ocrx_word' id='word_1_388' title='bbox 731 2144 953 2187; x_wconf 80' lang='lat' dir='ltr'>mortaliter3</span> <span class='ocrx_word' id='word_1_389' title='bbox 973 2157 1059 2179; x_wconf 84' lang='lat' dir='ltr'>narn</span> <span class='ocrx_word' id='word_1_390' title='bbox 1075 2153 1109 2179; x_wconf 90' lang='lat' dir='ltr'>et</span> <span class='ocrx_word' id='word_1_391' title='bbox 1128 2152 1227 2179; x_wconf 85' lang='lat' dir='ltr'>actus</span> <span class='ocrx_word' id='word_1_392' title='bbox 1249 2143 1462 2179; x_wconf 90' lang='lat' dir='ltr'>inferiorum</span> <span class='ocrx_word' id='word_1_393' title='bbox 1476 2144 1620 2186; x_wconf 88' lang='lat' dir='ltr'>virium,</span> <span class='ocrx_word' id='word_1_394' title='bbox 1642 2152 1677 2178; x_wconf 90' lang='lat' dir='ltr'>et</span> <span class='ocrx_word' id='word_1_395' title='bbox 1699 2143 1808 2178; x_wconf 88' lang='lat' dir='ltr'>etiam</span> 
     </span>
     <span class='ocr_line' id='line_1_38' title="bbox 233 2197 1808 2245; baseline -0.002 -11"><span class='ocrx_word' id='word_1_396' title='bbox 233 2201 452 2235; x_wconf 74' lang='lat' dir='ltr'>exteriorum</span> <span class='ocrx_word' id='word_1_397' title='bbox 475 2200 725 2234; x_wconf 87' lang='lat' dir='ltr'>membrorum</span> <span class='ocrx_word' id='word_1_398' title='bbox 748 2207 898 2245; x_wconf 87' lang='lat' dir='ltr'>possunt</span> <span class='ocrx_word' id='word_1_399' title='bbox 924 2210 1002 2233; x_wconf 91' lang='lat' dir='ltr'>esse</span> <span class='ocrx_word' id='word_1_400' title='bbox 1026 2207 1175 2244; x_wconf 87' lang='lat' dir='ltr'>peccata</span> <span class='ocrx_word' id='word_1_401' title='bbox 1203 2198 1383 2241; x_wconf 88' lang='lat' dir='ltr'>mortalia,</span> <span class='ocrx_word' id='word_1_402' title='bbox 1410 2198 1611 2232; x_wconf 89' lang='lat' dir='ltr'>secundum</span> <span class='ocrx_word' id='word_1_403' title='bbox 1633 2197 1730 2244; x_wconf 91' lang='lat' dir='ltr'>quod</span> <span class='ocrx_word' id='word_1_404' title='bbox 1752 2197 1808 2232; x_wconf 92' lang='lat' dir='ltr'>de-</span> 
     </span>
     <span class='ocr_line' id='line_1_39' title="bbox 204 2253 1807 2299; baseline -0.002 -10"><span class='ocrx_word' id='word_1_405' title='bbox 204 2259 207 2262; x_wconf 88' lang='lat'>&#39;</span> <span class='ocrx_word' id='word_1_406' title='bbox 234 2255 306 2289; x_wconf 86' lang='lat' dir='ltr'>ficit</span> <span class='ocrx_word' id='word_1_407' title='bbox 329 2254 507 2288; x_wconf 87' lang='lat' dir='ltr'>ordinatio</span> <span class='ocrx_word' id='word_1_408' title='bbox 531 2253 724 2299; x_wconf 89' lang='lat' dir='ltr'>superioris</span> <span class='ocrx_word' id='word_1_409' title='bbox 748 2253 897 2287; x_wconf 90' lang='lat' dir='ltr'>rationis</span> <span class='ocrx_word' id='word_1_410' title='bbox 920 2253 1119 2299; x_wconf 85' lang='lat' dir='ltr'>regulantis</span> <span class='ocrx_word' id='word_1_411' title='bbox 1143 2264 1205 2287; x_wconf 91' lang='lat' dir='ltr'>eos</span> <span class='ocrx_word' id='word_1_412' title='bbox 1228 2253 1429 2287; x_wconf 87' lang='lat' dir='ltr'>secundum</span> <span class='ocrx_word' id='word_1_413' title='bbox 1450 2253 1609 2287; x_wconf 89' lang='lat' dir='ltr'>rationes</span> <span class='ocrx_word' id='word_1_414' title='bbox 1632 2260 1807 2287; x_wconf 85' lang='lat' dir='ltr'>aeternas.</span> 
     </span>
    </p>

    <p class='ocr_par' dir='ltr' id='par_1_5' title="bbox 231 2305 1866 2729">
     <span class='ocr_line' id='line_1_40' title="bbox 306 2305 1808 2353; baseline -0.001 -11"><span class='ocrx_word' id='word_1_415' title='bbox 306 2309 364 2342; x_wconf 86' lang='lat' dir='ltr'>AD</span> <span class='ocrx_word' id='word_1_416' title='bbox 389 2318 597 2342; x_wconf 66' lang='lat' dir='ltr'>SECUNDUM</span> <span class='ocrx_word' id='word_1_417' title='bbox 616 2307 822 2348; x_wconf 84' lang='lat' dir='ltr'>dicendum,</span> <span class='ocrx_word' id='word_1_418' title='bbox 845 2307 942 2353; x_wconf 88' lang='lat' dir='ltr'>quod</span> <span class='ocrx_word' id='word_1_419' title='bbox 970 2317 1172 2340; x_wconf 85' lang='lat' dir='ltr'>consensus</span> <span class='ocrx_word' id='word_1_420' title='bbox 1195 2308 1230 2340; x_wconf 89' lang='lat' dir='ltr'>in</span> <span class='ocrx_word' id='word_1_421' title='bbox 1250 2314 1454 2353; x_wconf 86' lang='lat' dir='ltr'>peccatum,</span> <span class='ocrx_word' id='word_1_422' title='bbox 1476 2306 1574 2352; x_wconf 89' lang='lat' dir='ltr'>quod</span> <span class='ocrx_word' id='word_1_423' title='bbox 1596 2314 1649 2340; x_wconf 87' lang='lat' dir='ltr'>est</span> <span class='ocrx_word' id='word_1_424' title='bbox 1667 2305 1808 2340; x_wconf 87' lang='lat' dir='ltr'>veniale</span> 
     </span>
     <span class='ocr_line' id='line_1_41' title="bbox 233 2358 1809 2408; baseline -0.002 -12"><span class='ocrx_word' id='word_1_425' title='bbox 233 2374 276 2397; x_wconf 79' lang='lat' dir='ltr'>ex</span> <span class='ocrx_word' id='word_1_426' title='bbox 306 2373 449 2408; x_wconf 84' lang='lat' dir='ltr'>genere,</span> <span class='ocrx_word' id='word_1_427' title='bbox 483 2369 535 2396; x_wconf 91' lang='lat' dir='ltr'>est</span> <span class='ocrx_word' id='word_1_428' title='bbox 565 2360 706 2395; x_wconf 87' lang='lat' dir='ltr'>veniale</span> <span class='ocrx_word' id='word_1_429' title='bbox 730 2369 940 2407; x_wconf 83' lang='lat' dir='ltr'>peccatum:</span> <span class='ocrx_word' id='word_1_430' title='bbox 965 2369 999 2394; x_wconf 91' lang='lat' dir='ltr'>et</span> <span class='ocrx_word' id='word_1_431' title='bbox 1021 2360 1223 2394; x_wconf 87' lang='lat' dir='ltr'>secundum</span> <span class='ocrx_word' id='word_1_432' title='bbox 1255 2360 1326 2394; x_wconf 90' lang='lat' dir='ltr'>hoc</span> <span class='ocrx_word' id='word_1_433' title='bbox 1348 2368 1467 2407; x_wconf 88' lang='lat' dir='ltr'>potest</span> <span class='ocrx_word' id='word_1_434' title='bbox 1501 2359 1684 2401; x_wconf 89' lang='lat' dir='ltr'>concludi,</span> <span class='ocrx_word' id='word_1_435' title='bbox 1712 2358 1809 2405; x_wconf 90' lang='lat' dir='ltr'>quod</span> 
     </span>
     <span class='ocr_line' id='line_1_42' title="bbox 235 2413 1806 2460; baseline -0.003 -10"><span class='ocrx_word' id='word_1_436' title='bbox 235 2427 433 2450; x_wconf 86' lang='lat' dir='ltr'>consensus</span> <span class='ocrx_word' id='word_1_437' title='bbox 455 2415 491 2449; x_wconf 92' lang='lat' dir='ltr'>in</span> <span class='ocrx_word' id='word_1_438' title='bbox 514 2414 807 2456; x_wconf 81' lang='lat' dir='ltr'>delectationem,</span> <span class='ocrx_word' id='word_1_439' title='bbox 827 2426 917 2460; x_wconf 87' lang='lat' dir='ltr'>quae</span> <span class='ocrx_word' id='word_1_440' title='bbox 941 2422 993 2448; x_wconf 85' lang='lat' dir='ltr'>est</span> <span class='ocrx_word' id='word_1_441' title='bbox 1013 2414 1056 2448; x_wconf 84' lang='lat' dir='ltr'>dc</span> <span class='ocrx_word' id='word_1_442' title='bbox 1079 2414 1155 2460; x_wconf 85' lang='lat' dir='ltr'>ipsa</span> <span class='ocrx_word' id='word_1_443' title='bbox 1176 2425 1270 2448; x_wconf 81' lang='lat' dir='ltr'>vana</span> <span class='ocrx_word' id='word_1_444' title='bbox 1293 2414 1515 2460; x_wconf 85' lang='lat' dir='ltr'>cogitatione</span> <span class='ocrx_word' id='word_1_445' title='bbox 1542 2413 1806 2454; x_wconf 84' lang='lat' dir='ltr'>fornicationis,</span> 
     </span>
     <span class='ocr_line' id='line_1_43' title="bbox 234 2466 1810 2516; baseline -0.003 -12"><span class='ocrx_word' id='word_1_446' title='bbox 234 2479 287 2504; x_wconf 85' lang='lat' dir='ltr'>est</span> <span class='ocrx_word' id='word_1_447' title='bbox 308 2477 499 2516; x_wconf 87' lang='lat' dir='ltr'>peccatum</span> <span class='ocrx_word' id='word_1_448' title='bbox 521 2468 680 2502; x_wconf 65' lang='lat' dir='ltr'>veniale!</span> <span class='ocrx_word' id='word_1_449' title='bbox 710 2469 771 2502; x_wconf 81' lang='lat' dir='ltr'>sed</span> <span class='ocrx_word' id='word_1_450' title='bbox 795 2469 1001 2509; x_wconf 87' lang='lat' dir='ltr'>delectatio,</span> <span class='ocrx_word' id='word_1_451' title='bbox 1025 2479 1115 2513; x_wconf 84' lang='lat' dir='ltr'>quae</span> <span class='ocrx_word' id='word_1_452' title='bbox 1139 2476 1192 2502; x_wconf 86' lang='lat' dir='ltr'>est</span> <span class='ocrx_word' id='word_1_453' title='bbox 1209 2468 1246 2501; x_wconf 92' lang='lat' dir='ltr'>in</span> <span class='ocrx_word' id='word_1_454' title='bbox 1273 2469 1352 2514; x_wconf 89' lang='lat' dir='ltr'>ipso</span> <span class='ocrx_word' id='word_1_455' title='bbox 1377 2476 1459 2502; x_wconf 89' lang='lat' dir='ltr'>actu</span> <span class='ocrx_word' id='word_1_456' title='bbox 1481 2466 1744 2508; x_wconf 85' lang='lat' dir='ltr'>fornicationis,</span> <span class='ocrx_word' id='word_1_457' title='bbox 1766 2466 1810 2500; x_wconf 88' lang='lat' dir='ltr'>de</span> 
     </span>
     <span class='ocr_line' id='line_1_44' title="bbox 231 2520 1866 2569; baseline -0.002 -11"><span class='ocrx_word' id='word_1_458' title='bbox 231 2535 361 2568; x_wconf 83' lang='lat' dir='ltr'>genere</span> <span class='ocrx_word' id='word_1_459' title='bbox 381 2535 445 2557; x_wconf 78' lang='lat' dir='ltr'>suo</span> <span class='ocrx_word' id='word_1_460' title='bbox 469 2531 521 2557; x_wconf 85' lang='lat' dir='ltr'>est</span> <span class='ocrx_word' id='word_1_461' title='bbox 543 2530 734 2568; x_wconf 84' lang='lat' dir='ltr'>peccatum</span> <span class='ocrx_word' id='word_1_462' title='bbox 755 2522 929 2556; x_wconf 83' lang='lat' dir='ltr'>mortale:</span> <span class='ocrx_word' id='word_1_463' title='bbox 953 2523 1014 2556; x_wconf 78' lang='lat' dir='ltr'>sed</span> <span class='ocrx_word' id='word_1_464' title='bbox 1037 2521 1132 2567; x_wconf 86' lang='lat' dir='ltr'>quod</span> <span class='ocrx_word' id='word_1_465' title='bbox 1157 2530 1237 2555; x_wconf 85' lang='lat' dir='ltr'>ante</span> <span class='ocrx_word' id='word_1_466' title='bbox 1262 2533 1484 2556; x_wconf 85' lang='lat' dir='ltr'>consensum</span> <span class='ocrx_word' id='word_1_467' title='bbox 1506 2521 1551 2556; x_wconf 89' lang='lat' dir='ltr'>sit</span> <span class='ocrx_word' id='word_1_468' title='bbox 1564 2520 1705 2555; x_wconf 87' lang='lat' dir='ltr'>veniale</span> <span class='ocrx_word' id='word_1_469' title='bbox 1729 2531 1810 2567; x_wconf 89' lang='lat' dir='ltr'>pec·</span> <span class='ocrx_word' id='word_1_470' title='bbox 1863 2564 1866 2569; x_wconf 29' lang='grc' dir='ltr'>Ι</span> 
     </span>
     <span class='ocr_line' id='line_1_45' title="bbox 232 2573 1808 2621; baseline -0.003 -9"><span class='ocrx_word' id='word_1_471' title='bbox 232 2586 353 2613; x_wconf 85' lang='lat' dir='ltr'>catum</span> <span class='ocrx_word' id='word_1_472' title='bbox 367 2585 519 2619; x_wconf 88' lang='lat' dir='ltr'>tantum,</span> <span class='ocrx_word' id='word_1_473' title='bbox 542 2577 613 2610; x_wconf 85' lang='lat' dir='ltr'>hoc</span> <span class='ocrx_word' id='word_1_474' title='bbox 641 2584 694 2610; x_wconf 85' lang='lat' dir='ltr'>est</span> <span class='ocrx_word' id='word_1_475' title='bbox 727 2588 788 2621; x_wconf 86' lang='lat' dir='ltr'>per</span> <span class='ocrx_word' id='word_1_476' title='bbox 811 2576 989 2617; x_wconf 85' lang='lat' dir='ltr'>accidens,</span> <span class='ocrx_word' id='word_1_477' title='bbox 1012 2575 1150 2609; x_wconf 86' lang='lat' dir='ltr'>scilicet</span> <span class='ocrx_word' id='word_1_478' title='bbox 1174 2584 1319 2621; x_wconf 86' lang='lat' dir='ltr'>propter</span> <span class='ocrx_word' id='word_1_479' title='bbox 1346 2573 1667 2621; x_wconf 85' lang='lat' dir='ltr'>imperfectionem</span> <span class='ocrx_word' id='word_1_480' title='bbox 1687 2582 1808 2608; x_wconf 83' lang='lat' dir='ltr'>actus:</span> 
     </span>
     <span class='ocr_line' id='line_1_46' title="bbox 233 2628 1804 2678; baseline -0.003 -12"><span class='ocrx_word' id='word_1_481' title='bbox 233 2644 323 2678; x_wconf 85' lang='lat' dir='ltr'>quae</span> <span class='ocrx_word' id='word_1_482' title='bbox 351 2632 497 2675; x_wconf 82' lang='lat' dir='ltr'>quidem</span> <span class='ocrx_word' id='word_1_483' title='bbox 528 2629 755 2676; x_wconf 79' lang='lat' dir='ltr'>imperfectio</span> <span class='ocrx_word' id='word_1_484' title='bbox 784 2629 921 2663; x_wconf 88' lang='lat' dir='ltr'>tollitur</span> <span class='ocrx_word' id='word_1_485' title='bbox 948 2641 1010 2675; x_wconf 86' lang='lat' dir='ltr'>per</span> <span class='ocrx_word' id='word_1_486' title='bbox 1033 2640 1254 2663; x_wconf 81' lang='lat' dir='ltr'>consensum</span> <span class='ocrx_word' id='word_1_487' title='bbox 1282 2628 1521 2663; x_wconf 86' lang='lat' dir='ltr'>deliberatum</span> <span class='ocrx_word' id='word_1_488' title='bbox 1548 2628 1804 2674; x_wconf 87' lang='lat' dir='ltr'>supervenien-</span> 
     </span>
     <span class='ocr_line' id='line_1_47' title="bbox 232 2681 1706 2729; baseline -0.002 -10"><span class='ocrx_word' id='word_1_489' title='bbox 232 2694 324 2726; x_wconf 74' lang='lat' dir='ltr'>tem3</span> <span class='ocrx_word' id='word_1_490' title='bbox 346 2685 438 2719; x_wconf 87' lang='lat' dir='ltr'>unde</span> <span class='ocrx_word' id='word_1_491' title='bbox 462 2697 503 2718; x_wconf 71' lang='lat' dir='ltr'>ex</span> <span class='ocrx_word' id='word_1_492' title='bbox 525 2685 595 2718; x_wconf 89' lang='lat' dir='ltr'>hoc</span> <span class='ocrx_word' id='word_1_493' title='bbox 617 2683 805 2717; x_wconf 83' lang='lat' dir='ltr'>adducitur</span> <span class='ocrx_word' id='word_1_494' title='bbox 820 2683 854 2716; x_wconf 87' lang='lat' dir='ltr'>in</span> <span class='ocrx_word' id='word_1_495' title='bbox 879 2695 981 2717; x_wconf 78' lang='lat' dir='ltr'>suam</span> <span class='ocrx_word' id='word_1_496' title='bbox 1002 2691 1179 2723; x_wconf 76' lang='lat' dir='ltr'>naturam,</span> <span class='ocrx_word' id='word_1_497' title='bbox 1201 2690 1236 2717; x_wconf 90' lang='lat' dir='ltr'>ut</span> <span class='ocrx_word' id='word_1_498' title='bbox 1258 2682 1302 2716; x_wconf 89' lang='lat' dir='ltr'>sit</span> <span class='ocrx_word' id='word_1_499' title='bbox 1324 2690 1517 2729; x_wconf 85' lang='lat' dir='ltr'>peccatum</span> <span class='ocrx_word' id='word_1_500' title='bbox 1541 2681 1706 2716; x_wconf 84' lang='lat' dir='ltr'>mortale.</span> 
     </span>
    </p>

    <p class='ocr_par' dir='ltr' id='par_1_6' title="bbox 232 2735 1805 2837">
     <span class='ocr_line' id='line_1_48' title="bbox 306 2735 1805 2782; baseline -0.003 -9"><span class='ocrx_word' id='word_1_501' title='bbox 306 2740 364 2773; x_wconf 78' lang='lat' dir='ltr'>AD</span> <span class='ocrx_word' id='word_1_502' title='bbox 388 2749 559 2773; x_wconf 53' lang='lat' dir='ltr'>TERTIUM</span> <span class='ocrx_word' id='word_1_503' title='bbox 583 2737 789 2778; x_wconf 83' lang='lat' dir='ltr'>dicendum,</span> <span class='ocrx_word' id='word_1_504' title='bbox 813 2737 909 2782; x_wconf 84' lang='lat' dir='ltr'>quod</span> <span class='ocrx_word' id='word_1_505' title='bbox 944 2737 1034 2771; x_wconf 79' lang='lat' dir='ltr'>ratio</span> <span class='ocrx_word' id='word_1_506' title='bbox 1069 2736 1129 2770; x_wconf 76' lang='lat' dir='ltr'>illa</span> <span class='ocrx_word' id='word_1_507' title='bbox 1160 2736 1325 2782; x_wconf 87' lang='lat' dir='ltr'>procedit</span> <span class='ocrx_word' id='word_1_508' title='bbox 1355 2737 1398 2770; x_wconf 90' lang='lat' dir='ltr'>de</span> <span class='ocrx_word' id='word_1_509' title='bbox 1433 2735 1686 2778; x_wconf 87' lang='lat' dir='ltr'>delectatione,</span> <span class='ocrx_word' id='word_1_510' title='bbox 1713 2745 1805 2782; x_wconf 88' lang='lat' dir='ltr'>quae</span> 
     </span>
     <span class='ocr_line' id='line_1_49' title="bbox 232 2791 897 2837; baseline -0.005 -10"><span class='ocrx_word' id='word_1_511' title='bbox 232 2793 341 2827; x_wconf 82' lang='lat' dir='ltr'>habet</span> <span class='ocrx_word' id='word_1_512' title='bbox 363 2793 626 2837; x_wconf 75' lang='lat' dir='ltr'>cogitationem</span> <span class='ocrx_word' id='word_1_513' title='bbox 657 2802 720 2837; x_wconf 88' lang='lat' dir='ltr'>pro</span> <span class='ocrx_word' id='word_1_514' title='bbox 741 2791 897 2836; x_wconf 83' lang='lat' dir='ltr'>objecto.</span> 
     </span>
    </p>

    <p class='ocr_par' dir='ltr' id='par_1_7' title="bbox 235 2843 1809 2947">
     <span class='ocr_line' id='line_1_50' title="bbox 304 2843 1806 2890; baseline -0.003 -9"><span class='ocrx_word' id='word_1_515' title='bbox 304 2847 363 2881; x_wconf 77' lang='lat' dir='ltr'>At)</span> <span class='ocrx_word' id='word_1_516' title='bbox 391 2856 579 2886; x_wconf 55' lang='lat' dir='ltr'>quuruixt</span> <span class='ocrx_word' id='word_1_517' title='bbox 601 2845 807 2886; x_wconf 86' lang='lat' dir='ltr'>dicendum,</span> <span class='ocrx_word' id='word_1_518' title='bbox 831 2844 927 2890; x_wconf 81' lang='lat' dir='ltr'>quod</span> <span class='ocrx_word' id='word_1_519' title='bbox 955 2843 1160 2885; x_wconf 79' lang='lat' dir='ltr'>delectatio,</span> <span class='ocrx_word' id='word_1_520' title='bbox 1182 2855 1274 2890; x_wconf 76' lang='lat' dir='ltr'>quae</span> <span class='ocrx_word' id='word_1_521' title='bbox 1302 2843 1412 2878; x_wconf 87' lang='lat' dir='ltr'>habet</span> <span class='ocrx_word' id='word_1_522' title='bbox 1439 2851 1560 2878; x_wconf 86' lang='lat' dir='ltr'>actum</span> <span class='ocrx_word' id='word_1_523' title='bbox 1589 2843 1806 2878; x_wconf 80' lang='lat' dir='ltr'>exteriorem</span> 
     </span>
     <span class='ocr_line' id='line_1_51' title="bbox 235 2896 1809 2947; baseline -0.003 -12"><span class='ocrx_word' id='word_1_524' title='bbox 235 2912 299 2947; x_wconf 90' lang='lat' dir='ltr'>pro</span> <span class='ocrx_word' id='word_1_525' title='bbox 322 2901 479 2946; x_wconf 83' lang='lat' dir='ltr'>objecto,</span> <span class='ocrx_word' id='word_1_526' title='bbox 501 2911 575 2934; x_wconf 85' lang='lat' dir='ltr'>non</span> <span class='ocrx_word' id='word_1_527' title='bbox 603 2907 721 2945; x_wconf 83' lang='lat' dir='ltr'>potest</span> <span class='ocrx_word' id='word_1_528' title='bbox 739 2910 816 2933; x_wconf 83' lang='lat' dir='ltr'>esse</span> <span class='ocrx_word' id='word_1_529' title='bbox 841 2898 974 2944; x_wconf 82' lang='lat' dir='ltr'>absque</span> <span class='ocrx_word' id='word_1_530' title='bbox 998 2897 1264 2944; x_wconf 79' lang='lat' dir='ltr'>complacentia</span> <span class='ocrx_word' id='word_1_531' title='bbox 1280 2897 1465 2932; x_wconf 79' lang='lat' dir='ltr'>exterioris</span> <span class='ocrx_word' id='word_1_532' title='bbox 1488 2905 1588 2932; x_wconf 85' lang='lat' dir='ltr'>actus</span> <span class='ocrx_word' id='word_1_533' title='bbox 1609 2896 1809 2932; x_wconf 82' lang='lat' dir='ltr'>secundum</span> 
     </span>
    </p>
   </div>
   <div class='ocr_carea' id='block_1_3' title="bbox 1808 3136 1856 3198">
    <p class='ocr_par' dir='ltr' id='par_1_8' title="bbox 1808 3136 1856 3198">
     <span class='ocr_line' id='line_1_52' title="bbox 1808 3136 1856 3198; baseline 0 0"><span class='ocrx_word' id='word_1_534' title='bbox 1808 3136 1856 3198; x_wconf 61' lang='lat' dir='ltr'><em>A</em></span> 
     </span>
    </p>
   </div>
  </div>
 </body>
</html>
