1875 3198
195 193 280 248 738
633 204 855 240 QUAEsrto
892 203 947 233 ct.
981 203 1226 233 ARTICULUS
1261 203 1317 232 tv.

194 299 289 323 sacra
317 287 464 321 illorum
492 287 737 333 figurabantur
763 294 1000 328 sacramenta,
1024 294 1057 320 et
1078 297 1180 320 sacra
1205 297 1323 320 novae
1352 285 1459 332 legis3
1487 294 1521 320 et
1547 298 1610 332 per
1637 297 1764 321 eorum

194 342 420 376 observantias
441 340 661 386 figurabatur
680 340 909 374 conversatio
928 339 1053 385 populi
1074 350 1192 373 novae
1214 339 1316 385 legis,
1338 350 1429 385 quae
1449 340 1573 374 omnia
1595 340 1640 374 ad
1662 339 1766 374 Chri-

195 403 292 430 stum
314 394 502 440 pertinent.

265 448 325 482 AD
341 458 549 482 SECUNDUM
573 447 778 486 dicendum,
795 446 892 492 quod
911 445 1128 480 sacrificium
1149 457 1267 480 novae
1289 446 1392 491 legis,
1409 446 1503 480 idest
1524 446 1762 488 Eucharisda,

195 501 357 536 continet
374 501 493 547 ipsum
510 500 709 542 Christum,
733 500 793 545 qui
808 507 860 534 est
874 499 1170 534 sanctificationis
1193 508 1336 534 auctor:
1352 500 1579 542 Sanctificavit
1594 500 1691 533 enim
1699 506 1762 546 per

193 567 288 590 snum
301 556 493 600 sanguinem
507 554 681 600 populum,
703 561 739 586 ut
761 553 890 587 dicitur
905 553 948 586 ad
963 553 1053 587 Heb.
1070 552 1144 594 ult.‚
1168 560 1203 586 et
1222 552 1304 586 ideo
1326 552 1398 587 hoc
1421 553 1639 587 sacrificium
1655 553 1765 587 etiam

196 616 465 643 sacramentum
485 615 556 641 est:
579 606 640 641 sed
663 606 838 641 sacrificia
857 606 917 652 [al.
932 607 1156 651 sacramenta]
1172 607 1302 640 veteris
1323 606 1413 652 legis
1434 618 1509 640 non
1533 606 1765 641 continebant

197 661 397 703 Christum,
417 660 478 695 sed
494 660 612 706 ipsum
632 660 853 706 figurabant3
874 668 908 694 et
929 660 1011 694 ideo
1033 671 1107 694 non
1127 660 1292 694 dicuntur
1309 665 1528 695 sacramenta:
1548 660 1611 694 sed
1630 659 1675 693 ad
1693 660 1764 694 hoc
1782 656 1785 658 ’

195 715 459 761 designandum
481 725 647 747 seorsum
670 722 770 747 erant
793 714 971 759 quaedam
993 721 1221 747 sacramenta
1242 713 1279 746 in
1299 713 1413 747 veteri
1433 713 1526 759 lege,
1546 724 1638 759 quae
1661 721 1762 747 erant

196 768 332 814 figurae
355 767 494 801 futurae
523 767 828 801 consecrationis:
858 767 1025 812 quamvis
1053 766 1164 801 etiam
1191 766 1405 812 quibusdam
1432 766 1766 801 consecrationibus

195 822 376 868 quaedam
398 820 575 854 sacrificia
599 820 890 865 adjungerentur.

267 875 326 909 AD
355 884 527 908 TERTmM
556 873 761 915 dicendum,
785 873 882 919 quod
905 873 1015 907 etiam
1042 872 1230 914 sacrificia,
1253 880 1287 907 et
1308 881 1535 907 sacramenta
1562 881 1680 908 erant:
1704 873 1766 907 sed

196 928 375 975 quaedam
399 935 499 961 erant
520 938 633 969 sacra,
656 935 780 972 utpote
808 927 851 960 ad
880 926 1017 961 cultum
1038 927 1109 960 Dei
1135 927 1265 968 dicata,
1286 937 1353 960 nec
1375 934 1498 960 tamen
1529 934 1631 960 erant
1659 927 1765 960 sacri-

195 983 288 1023 ficia,
307 993 373 1016 nec
397 988 645 1022 sacramenta3
669 989 703 1014 et
724 980 807 1014 ideo
830 981 1031 1014 retinebant
1053 980 1119 1014 sibi
1141 991 1338 1014 commune
1359 991 1496 1014 nomen
1516 991 1702 1014 sacrorum.

266 1036 326 1070 AD
342 1045 530 1074 QUARTUM
550 1034 755 1075 dicendum,
772 1034 868 1080 quod
891 1045 932 1067 ea
955 1045 1045 1079 quae
1061 1034 1288 1080 pertinebant
1305 1033 1349 1067 ad
1368 1033 1686 1068 conversationem
1705 1044 1767 1079 po-

195 1089 268 1136 puli
289 1089 411 1123 Deum
434 1087 597 1129 colentis,
621 1088 821 1122 retinebant
839 1088 906 1122 sibi
928 1099 1124 1122 commune
1137 1099 1274 1122 nomen
1293 1089 1597 1129 observantiarum,
1620 1089 1767 1133 inquan-

194 1152 270 1177 tum
295 1154 314 1176 a
336 1141 542 1188 praemissis
562 1141 795 1176 deficiebant:
819 1153 893 1175 non
909 1141 1008 1175 enim
1030 1141 1241 1175 dicebantur
1261 1152 1370 1184 sacra,
1389 1141 1472 1187 quia
1490 1152 1565 1175 non
1586 1141 1768 1175 habebant

195 1197 447 1231 immediatum
471 1204 675 1242 respectum
695 1195 738 1229 ad
754 1195 893 1229 cultum
915 1195 996 1237 Dei,
1019 1195 1111 1229 sicut
1131 1194 1418 1236 tabernaculum,
1434 1202 1469 1229 et
1485 1205 1572 1228 vasa
1586 1195 1680 1240 ejus:
1704 1194 1766 1228 sed

195 1262 258 1297 per
286 1249 484 1296 quamdam
513 1249 814 1294 consequentiam
844 1257 945 1282 erant
975 1248 1269 1290 caeremonialia,
1299 1249 1514 1294 inquantum
1540 1247 1767 1294 pertinebant

196 1305 240 1338 ad
262 1303 460 1350 quamdam
482 1302 721 1337 idoneitatem
743 1301 868 1348 populi
892 1301 1043 1336 colentis
1064 1302 1197 1336 Deum.

267 1358 326 1391 AD
355 1367 538 1396 QUINTUM
566 1356 773 1397 dicendum,
801 1356 898 1402 quod
929 1356 1020 1389 sicut
1053 1355 1230 1389 sacrificia
1258 1354 1500 1389 offerebantur
1526 1355 1766 1389 determinato

194 1411 291 1453 loco,
314 1411 361 1445 ita
386 1411 496 1444 etiam
520 1409 763 1444 offerebantur
781 1410 816 1442 in
837 1409 1083 1443 determinatis
1105 1409 1345 1454 temporibus3
1362 1409 1456 1443 unde
1471 1408 1581 1442 etiam
1599 1408 1768 1442 solemni-

193 1473 284 1499 tates
310 1465 402 1498 inter
429 1474 531 1497 sacra
559 1463 764 1509 computari
785 1463 969 1496 videntur:
999 1462 1202 1496 oblationes
1230 1470 1363 1504 autem,
1386 1470 1421 1496 et
1442 1473 1593 1496 munera
1620 1472 1769 1507 compu-

192 1526 314 1552 tantur
337 1529 421 1551 cum
443 1517 640 1558 sacrificiis,
664 1517 747 1562 quia
770 1517 851 1550 Deo
875 1515 1129 1557 offerebantur,
1151 1516 1246 1549 unde
1268 1516 1396 1561 Apost.
1416 1515 1502 1549 dicit
1516 1514 1560 1548 ad
1580 1514 1687 1548 Hebr.
1715 1525 1762 1559 §.t

198 1572 316 1606 Omnis
332 1572 483 1617 Pontifex
505 1583 544 1605 ax
565 1571 751 1605 hominibus
766 1575 946 1616 assumptus
964 1576 1025 1616 pro
1048 1570 1235 1604 hominibus
1249 1570 1458 1604 constituitur
1475 1570 1510 1603 in
1525 1569 1584 1610 his,
1601 1579 1682 1614 quae
1695 1573 1768 1603 sunt

194 1625 237 1659 ad
255 1626 377 1667 Deum,
401 1630 437 1660 ut
456 1625 568 1670 afferat
590 1624 686 1666 dona,
709 1629 736 1658 ct
757 1625 1000 1670 sacrificiapro
1016 1624 1168 1669 peccatis.

728 1959 1086 2021 QUAESTIO
1129 1959 1228 2006 cn.

410 2097 473 2128 DE
503 2095 938 2127 CAEREMONIALIUM
966 2093 1345 2126 PRAECEPTORUM
1373 2092 1550 2132 CAUSIS,

649 2168 699 2198 IN
727 2166 814 2199 SEX
842 2165 1105 2198 ARTICULOS
1132 2165 1307 2196 DIVIsA.

268 2316 409 2351 Deinde
433 2316 738 2350 considerandum
762 2324 814 2349 est
836 2315 878 2349 de
902 2317 1020 2348 causis
1045 2313 1368 2349 caeremonialium
1388 2320 1676 2359 praeceptorum.

710 2405 751 2439 Et
770 2406 859 2438 (isca
883 2405 940 2438 hoc
963 2408 1169 2449 quaeruntur
1190 2415 1255 2437 sex.

268 2477 404 2510 Primo.
429 2476 559 2510 Utrum
584 2483 774 2522 praecepta
799 2475 1080 2509 caeremonialia
1103 2475 1260 2509 habeant
1282 2485 1441 2508 causam.

270 2530 451 2564 Secundo.
476 2529 607 2564 Utrum
630 2529 787 2563 habe-aut
810 2540 957 2562 causam
980 2528 1168 2570 literalem,
1191 2527 1249 2562 vel
1271 2527 1391 2562 solum
1419 2526 1620 2574 figuralem.

271 2583 408 2617 Tertio.
432 2584 487 2617 De
511 2583 627 2617 causis
649 2582 921 2616 sacrificiorum.

272 2636 426 2677 Quarto.
450 2637 504 2671 De
528 2637 644 2670 causis
667 2647 864 2670 sacrorum.

273 2690 424 2731 Quinto.
446 2691 501 2724 De
525 2690 640 2724 causis
664 2697 987 2723 sacramentorum.

271 2745 393 2778 Sexto.
417 2744 470 2778 De
495 2744 610 2778 causis
634 2742 955 2778 observantiarum.
