1875 3198
230 211 314 253 544
613 208 830 244 QUAESTIO
863 208 990 237 LXXV.
1030 207 1271 237 ARTICULUS
1304 206 1332 236 Ι.

817 395 1162 440 ARTICULUS
1196 396 1228 438 I.
1720 417 1788 453 407

594 515 746 545 UTRUM
772 515 1010 545 PECCATUM
1037 515 1209 545 HABEAT
1237 514 1425 545 CAUSAM.

231 614 330 661 (Infr.
351 619 413 649 art.
432 627 458 649 I.
482 619 509 649 at
529 625 561 659 4.
585 621 673 661 corp.
696 620 723 650 et
741 614 783 648 ad
801 627 828 650 1.
848 619 875 649 et
893 627 922 660 q.
943 625 994 661 77.
1018 620 1080 650 art.
1102 626 1135 660 4.
1159 621 1247 661 corp.
1266 619 1294 650 ct
1312 626 1342 650 2.
1361 615 1450 650 Dist.
1466 614 1519 660 36.
1539 618 1602 648 art.
1621 626 1648 649 I.
1668 615 1789 660 corp).

302 715 361 749 AD
384 725 532 749 PRIMUM
555 714 603 748 sic
627 715 842 761 proceditur.
862 715 1024 758 Videtur,
1047 715 1143 761 quod
1162 722 1353 762 peccatum
1375 726 1449 749 non
1470 713 1602 748 habeat
1623 725 1789 748 causam:

230 776 420 814 peccatum
440 768 536 802 enim
551 768 659 802 habet
676 769 855 803 rationem
871 769 968 811 mali,
991 777 1029 803 ut
1051 769 1185 803 dictum
1201 777 1252 803 est
1267 770 1311 815 (q.
1330 780 1377 814 71.
1398 773 1461 803 art.
1481 768 1546 813 6.):
1568 767 1631 802 sed
1652 767 1790 801 malum

229 833 303 856 non
324 822 433 856 habet
455 833 614 864 causam,
637 830 675 856 ut
695 823 848 869 Dionys.
873 823 957 857 dicit
977 832 1010 865 4.
1034 834 1110 869 cap.
1134 823 1177 857 de
1199 823 1281 856 Div.
1303 822 1414 857 Nom.
1434 822 1538 868 (part.
1565 832 1598 866 4.
1621 821 1689 856 lect.
1711 822 1790 868 23.).·

231 887 317 922 ergo
341 884 531 922 peccatum
553 887 627 910 non
649 876 758 911 habet
780 888 939 911 causam.

302 939 332 963 2.
356 929 592 964 PRAETEREA.
610 929 730 964 Causa
750 937 812 972 est,
833 930 876 964 ad
895 942 1004 976 quam
1019 930 1062 964 de
1076 930 1290 964 necessitate
1306 930 1464 976 sequitur
1482 928 1596 963 aliud:
1619 928 1680 963 sed
1695 928 1791 974 quod

231 991 283 1018 est
305 995 346 1017 ex
368 983 594 1026 necessitate,
616 995 690 1018 non
712 984 852 1019 videtur
875 996 952 1019 esse
975 992 1185 1030 peccatum3
1208 995 1251 1018 eo
1271 983 1367 1030 quod
1391 994 1500 1017 omne
1522 990 1713 1029 peccatum
1740 990 1792 1016 est

230 1037 493 1080 voluntarium3
514 1049 600 1084 ergo
623 1046 814 1084 peccatum
835 1050 909 1073 non
932 1039 1040 1072 habet
1063 1049 1222 1072 causam.

304 1103 332 1137 3.
355 1091 591 1126 PRAETEREA.
616 1092 654 1125 Si
675 1101 866 1138 peccatum
893 1093 1002 1126 habet
1024 1104 1184 1134 causam,
1210 1099 1270 1126 aut
1295 1091 1405 1126 habet
1426 1102 1490 1138 pro
1514 1102 1622 1126 causa
1643 1091 1792 1133 bonum,

231 1152 291 1179 aut
305 1144 458 1178 malum:
475 1156 549 1179 non
569 1153 690 1179 autem
712 1145 869 1188 bonum;
892 1147 975 1192 quia
995 1146 1133 1179 bonum
1148 1157 1221 1180 non
1239 1144 1325 1179 facit
1345 1145 1415 1179 nisi
1434 1145 1590 1179 bonum:
1610 1157 1675 1179 non
1696 1144 1793 1179 enirn

226 1203 331 1245 potest
352 1200 453 1233 arbor
476 1199 560 1233 bona
574 1199 709 1245 fructus
730 1200 832 1234 malos
846 1200 971 1246 farere,
993 1208 1031 1233 ut
1053 1199 1180 1233 dicitur
1198 1199 1325 1233 Matth.
1345 1209 1388 1244 7.:
1408 1198 1572 1233 similiter
1591 1206 1711 1232 autem
1726 1209 1791 1231 nec

231 1251 366 1286 malum
387 1260 505 1298 potest
523 1263 599 1286 esse
619 1264 726 1287 causa
741 1253 890 1299 peccati,
914 1255 996 1299 quia
1015 1252 1151 1287 malum
1175 1264 1314 1299 poenae
1336 1253 1496 1299 sequitur
1518 1252 1561 1286 ad
1583 1259 1793 1298 peccatum3

231 1305 369 1339 malum
393 1314 512 1340 autem
536 1305 663 1352 culpae
686 1314 739 1340 est
760 1307 856 1341 idern
883 1307 979 1353 quod
1000 1315 1210 1353 peccatum:
1236 1314 1426 1353 peccatum
1453 1306 1561 1352 igitur
1585 1317 1660 1339 non
1685 1305 1795 1339 habet

232 1371 392 1395 causam.
853 1372 855 1374 ·

305 1414 378 1448 SED
402 1424 567 1448 CONTRA.
585 1414 719 1455 Omne,
739 1414 834 1460 quod
850 1414 898 1456 fit,
914 1414 1022 1448 habet
1045 1426 1208 1448 causam:
1232 1414 1325 1461 quia,
1341 1422 1378 1448 ut
1400 1413 1604 1459 diciturJob
1632 1424 1675 1458 5.:
1699 1412 1795 1448 Nihil

232 1468 265 1501 in
288 1472 377 1502 turra
397 1469 463 1501 sine
485 1479 583 1502 causti
601 1469 657 1513 sit:
686 1468 747 1501 sed
770 1475 959 1514 peccatum
979 1468 1033 1502 fit:
1057 1476 1110 1502 est
1131 1468 1228 1502 enim
1251 1468 1622 1514 dictum,'wlfactum,
1645 1467 1697 1501 vel
1718 1478 1794 1501 con-

231 1522 378 1568 capitum
400 1526 514 1555 contra
533 1522 630 1567 legem
654 1522 733 1562 Dei]-
757 1533 843 1567 ergo
866 1530 1057 1568 peccatum
1078 1522 1188 1556 habet
1209 1533 1367 1556 causam.

302 1574 531 1610 Rnsponnfio
560 1576 764 1618 dicendum,
787 1576 883 1622 quod
905 1584 1095 1622 peccatum
1118 1582 1169 1610 est
1191 1576 1337 1622 quidam
1360 1583 1460 1609 actus
1482 1574 1725 1617 inordinatu53
1753 1585 1794 1608 ex

231 1637 329 1675 parte
350 1629 457 1674 igitur
479 1637 577 1663 actus
601 1637 718 1675 potest
739 1629 871 1663 habere
894 1641 956 1675 per
978 1641 1015 1664 se
1039 1641 1199 1671 causam,
1222 1629 1314 1663 sicut
1336 1637 1370 1664 et
1391 1628 1540 1675 quilibet
1561 1628 1651 1663 alius
1674 1636 1793 1663 actus:

232 1694 273 1716 ex
295 1691 393 1728 parte
416 1690 536 1716 autem
558 1683 834 1717 inordinationis
856 1683 964 1717 habet
988 1694 1135 1717 causam
1158 1695 1201 1717 eo
1224 1683 1350 1725 modo,
1373 1694 1444 1729 quo
1468 1683 1627 1729 negatio,
1649 1681 1706 1716 vel
1728 1682 1795 1728 pri-

230 1736 326 1770 vatio
349 1744 467 1782 potest
488 1736 620 1770 habere
648 1748 806 1771 causam.
834 1737 1048 1782 Negationis
1077 1744 1198 1770 autem
1221 1736 1371 1782 alicujus
1398 1743 1516 1782 potest
1542 1735 1659 1782 duplex
1686 1746 1795 1769 causa

231 1790 416 1835 assignari.
437 1791 551 1824 Primo
571 1790 716 1836 quidem
739 1789 897 1824 defectus
920 1802 1050 1824 causae
1070 1790 1330 1833 affirmationis,
1349 1790 1441 1825 idest
1460 1790 1571 1837 ipsius
1590 1801 1720 1824 causae
1738 1801 1797 1824 ne-

231 1844 328 1890 gatio
352 1852 403 1878 est
425 1856 532 1878 causa
554 1844 757 1890 negationis
779 1845 981 1879 secundum
1003 1845 1175 1891 seipsam:
1201 1845 1244 1879 ad
1267 1845 1512 1880 remotionem
1539 1845 1636 1879 enim
1664 1855 1794 1879 causae

231 1899 390 1944 sequitur
403 1899 558 1932 remotio
575 1897 742 1932 effectus:
766 1899 858 1933 sicut
881 1899 1108 1933 obscuritatis
1125 1910 1233 1933 causa
1249 1907 1301 1934 est
1321 1899 1481 1933 absentia
1496 1898 1602 1933 solis:
1618 1898 1684 1933 alio
1700 1897 1794 1933 modo

232 1964 339 1986 causa
361 1951 622 1994 affirmationis,
646 1953 689 1986 ad
712 1964 821 1998 quain
844 1953 1004 1999 sequitur
1025 1954 1184 1998 negatio,
1208 1960 1260 1987 est
1281 1964 1344 1999 per
1367 1953 1533 1987 accidens
1561 1963 1669 1987 causa
1691 1963 1798 1998 nega-

230 2006 337 2040 tionis
367 2006 637 2051 consequentis:
666 2006 757 2040 sicut
784 2007 876 2052 ignis
905 2006 1087 2040 causando
1116 2006 1278 2040 calorem
1301 2018 1344 2041 ex
1365 2005 1555 2053 principali
1582 2006 1796 2048 intensione,

233 2067 496 2105 consequenter
531 2067 654 2093 causat
680 2060 920 2106 privationem
946 2059 1165 2106 frigiditatis:
1195 2071 1350 2106 quorum
1377 2060 1535 2107 primum
1561 2067 1680 2106 potest
1705 2058 1797 2094 suffi-

234 2124 312 2147 cere
337 2113 379 2146 ad
402 2112 606 2159 simplicem
628 2114 874 2159 negationem.

305 2167 373 2201 Sed
392 2178 474 2200 cum
490 2167 707 2201 inordinatio
738 2167 889 2214 peccati,
906 2175 939 2201 et
961 2166 1146 2214 quodlibet
1167 2167 1305 2202 malum
1319 2178 1393 2202 non
1409 2167 1453 2202 sit
1466 2166 1619 2214 simplex
1636 2166 1795 2213 negatio,
1828 2193 1832 2199 .

234 2220 295 2254 sed
317 2220 469 2266 privatio
493 2221 578 2265 ejus,
602 2221 697 2266 quod
721 2220 854 2267 aliquid
877 2229 1002 2255 natum
1030 2229 1082 2255 est
1109 2229 1142 2255 et
1169 2221 1274 2255 debet
1295 2222 1438 2263 habere,
1460 2232 1609 2256 necesse
1629 2229 1681 2255 est
1699 2220 1794 2267 quod

233 2273 313 2308 talis
329 2274 547 2308 inordinatio
570 2274 700 2308 habeat
723 2286 869 2308 causam
894 2283 1061 2319 agentem
1085 2286 1147 2321 per
1169 2275 1348 2317 accidens,
1371 2275 1467 2321 quod
1482 2275 1579 2309 enim
1600 2282 1725 2309 natum
1745 2282 1797 2308 est

234 2328 361 2369 inesse,
378 2335 411 2361 et
425 2327 539 2369 debet,
562 2339 762 2373 numquam
787 2329 925 2362 abesset
939 2328 1006 2362 nisi
1022 2336 1168 2374 propter
1183 2339 1331 2363 causam
1347 2328 1504 2375 aliquam
1526 2328 1795 2375 impedientem.

236 2382 278 2416 Et
299 2381 499 2416 secundum
528 2381 598 2415 hoc
623 2382 810 2416 consuevit
832 2382 913 2424 dici,
941 2383 1036 2428 quod
1065 2381 1215 2424 malum,
1238 2382 1334 2428 quod
1356 2382 1391 2416 in
1414 2382 1571 2428 quadam
1597 2381 1796 2428 privatione

236 2435 409 2477 consistit,
432 2435 539 2469 habet
562 2446 708 2468 causam
732 2435 972 2477 deiicientem,
988 2435 1045 2470 vel
1061 2444 1227 2481 agentem
1250 2447 1312 2482 per
1334 2436 1518 2470 accidens:
1535 2436 1653 2470 omnis
1677 2443 1796 2470 autem
1829 2470 1834 2479 ,

236 2501 343 2523 causa
366 2501 427 2535 per
450 2488 615 2522 accidens
632 2489 812 2522 reducitur
828 2489 869 2522 ad
887 2501 1032 2523 causam
1051 2501 1112 2535 per
1133 2501 1189 2531 se3
1213 2501 1296 2523 cum
1312 2489 1418 2535 igitur
1436 2496 1626 2536 peccatum
1643 2500 1684 2523 ex
1698 2496 1796 2535 parte

234 2543 509 2577 inordinationis
536 2542 668 2576 habeat
695 2554 842 2576 causam
870 2552 1037 2588 agentem
1066 2555 1127 2589 per
1155 2543 1333 2585 accidens,
1356 2555 1397 2578 ex
1424 2552 1524 2590 parte
1551 2551 1673 2578 autem
1696 2550 1795 2576 actus
1814 2552 1822 2558 ·

235 2597 365 2631 habeat
380 2608 527 2630 causam
544 2604 712 2641 agentem
728 2608 789 2642 per
804 2608 852 2638 se,
869 2597 1027 2642 sequitur
1048 2597 1144 2642 quod
1168 2597 1385 2631 inordinatio
1399 2597 1537 2643 peccati
1557 2603 1798 2643 consequatur

235 2664 277 2684 ex
300 2651 373 2695 ipsa
398 2661 505 2684 causa
525 2658 640 2691 actus3
664 2650 836 2695 sicigitur
858 2649 1024 2684 voluntas
1048 2662 1172 2684 carens
1195 2650 1393 2684 directione
1416 2650 1562 2696 regulae
1581 2650 1742 2691 rationis,
1763 2656 1798 2683 et

235 2704 324 2749 legis
351 2704 503 2745 divinae,
527 2703 714 2737 intendens
745 2703 889 2749 aliquod
912 2703 1047 2737 bonum
1073 2703 1343 2746 commutabile,
1367 2712 1491 2738 causat
1512 2712 1632 2738 actum
1652 2703 1796 2750 quidem

235 2758 373 2804 peccati
389 2769 451 2803 per
466 2769 513 2799 se,
537 2757 597 2791 sed
622 2757 927 2790 inordinationem
946 2766 1044 2790 actus
1061 2768 1121 2801 per
1137 2757 1315 2799 accidens,
1332 2765 1366 2792 et
1384 2766 1524 2804 praeter
1539 2757 1795 2792 intentionem:

236 2812 401 2856 provenit
423 2811 519 2845 enim
543 2810 700 2844 defectus
723 2810 858 2844 ordinis
882 2810 914 2843 in
939 2819 1020 2844 actu
1043 2822 1083 2844 ex
1107 2809 1248 2844 defectu
1271 2811 1479 2845 directionis
1498 2811 1533 2845 in
1552 2810 1748 2845 voluntate.

308 2865 367 2899 AD
390 2875 538 2899 PRmUM
561 2876 647 2909 ergo
672 2863 877 2905 dicendum,
901 2864 996 2909 quod
1021 2871 1210 2909 peccatum
1238 2875 1311 2898 non
1339 2864 1458 2898 solum
1481 2863 1661 2910 significat
1682 2863 1795 2909 ipsam

239 2919 479 2965 privationem
501 2918 597 2961 boni,
625 2929 716 2964 quae
744 2925 795 2952 est
822 2917 1052 2960 inordinatio,
1079 2917 1140 2951 sed
1168 2917 1346 2964 significat
1374 2926 1492 2952 actum
1516 2917 1578 2952 sub
1602 2916 1663 2952 tali
1685 2916 1798 2963 priva-
