1907 3198
454 195 680 232 QUAESTIO
712 194 835 225 XVIII.
870 193 1117 224 ARTICULUS
1150 193 1242 231 VIII.
1563 192 1640 236 155

64 281 155 316 sicut
175 278 297 313 levare
320 277 500 313 festucam
522 277 566 313 de
588 285 695 320 terra,
718 277 768 311 ire
792 276 836 311 ad
859 287 1045 323 campum,
1061 283 1096 310 et
1116 273 1349 321 hujusmodi:
1373 281 1407 308 et
1428 273 1519 308 tales
1538 282 1640 309 actus

63 333 264 370 secundum
286 332 446 379 speciem
471 343 575 366 suam
597 340 681 366 sunt
702 330 961 365 indifferentes.

134 388 194 422 AD
216 397 366 422 PR1MUM
389 398 476 433 ergo
501 387 706 429 dicendum,
729 385 826 432 quod
850 385 971 432 duplex
993 392 1047 419 est
1068 384 1234 431 privatio.
1252 383 1429 429 chaadam
1451 394 1544 429 quae
1562 395 1645 418 con-

63 443 153 478 sistit
174 442 211 476 in
233 441 415 488 privatum
439 452 535 475 esse:
561 449 595 475 et
615 440 707 475 haec
731 439 821 474 nihil
844 439 1026 486 relinquit,
1046 438 1108 473 sed
1126 446 1246 473 totum
1266 438 1401 473 aufert:
1426 446 1464 472 ut
1487 439 1643 472 caecitas

61 496 220 532 totaliter
241 495 356 531 aufert
376 497 507 538 visum,
523 504 558 530 et
571 496 742 529 tenebrae
764 494 898 537 lucem,
917 502 952 528 et
969 505 1070 528 mors
1092 494 1226 529 vitam:
1250 501 1285 527 et
1299 494 1392 527 inter
1410 493 1505 526 hanc
1530 493 1645 539 priva-

60 553 210 593 tionem,
231 558 266 585 et
279 550 446 585 habitum
462 550 671 596 oppositum
686 560 762 583 non
777 557 896 595 potest
911 560 988 583 esse
1004 548 1152 594 aliquod
1167 548 1330 582 medium
1346 548 1442 582 circa
1457 548 1644 594 proprium

60 603 301 651 susceptibile.
321 603 384 639 Est
403 612 525 638 autem
541 604 609 638 alia
625 603 792 650 privatio,
815 614 907 650 quae
931 603 1096 637 consistit
1117 603 1154 636 in
1170 602 1322 649 privari:
1346 602 1439 636 sicut
1454 602 1644 648 aegritudo

61 667 115 694 est
134 658 289 706 privatio
312 658 487 700 sanitatis,
510 669 585 692 non
607 658 705 704 quod
727 665 803 692 tota
827 657 961 692 sanitas
990 657 1035 692 sit
1061 656 1213 698 sublata,
1242 656 1305 691 sed
1336 656 1434 703 quod
1463 663 1515 690 est
1542 655 1646 702 quasi

61 713 243 761 quaedam
262 712 321 747 via
345 712 389 746 ad
411 712 564 747 totalem
589 712 813 747 ablationem
834 711 1012 754 sanitatis,
1041 722 1134 758 quae
1157 711 1196 746 fit
1217 722 1281 758 per
1303 719 1482 753 mortem3
1505 718 1540 745 et
1560 711 1644 745 ideo

59 766 142 803 talis
163 767 331 814 privatio,
355 778 440 801 cum
463 766 598 813 aliquid
620 766 813 813 relinquat,
845 778 920 801 non
942 777 1087 813 semper
1110 773 1164 800 est
1189 765 1404 800 immediata
1427 777 1513 799 cum
1535 776 1647 812 oppo-

60 821 129 858 sito
150 821 294 856 habitu:
317 828 353 855 et
373 821 445 856 hoc
477 821 591 855 modo
620 820 762 855 malum
793 828 846 856 est
876 820 1030 867 privatio
1060 820 1159 863 boni,
1187 828 1226 854 ut
1253 819 1465 866 Simplicius
1495 819 1583 854 dicit
1608 819 1646 854 in

61 883 261 911 comment.
292 887 401 923 super
429 875 488 910 lib.
524 875 689 910 Praedic.
720 876 770 920 (in
800 882 872 922 cap.
895 875 932 910 de
967 875 1125 923 ῥίψω),
1154 876 1236 922 quia
1260 886 1336 909 non
1357 882 1476 909 toturn
1505 875 1646 909 bonum

60 929 187 973 aufert,
213 930 276 965 sed
300 929 435 977 aliquid
457 929 648 977 relinquit3
671 929 767 965 unde
789 938 910 977 potest
932 941 1011 965 esse
1035 929 1185 976 aliquod
1208 929 1373 964 medium
1387 929 1481 964 inter
1493 929 1646 971 bonum,

60 992 96 1020 et
116 984 268 1019 malum.

133 1039 194 1074 AD
217 1049 427 1074 SECUNDUM
450 1038 659 1082 dicendum,
682 1039 780 1086 quod
800 1051 910 1074 omne
935 1039 1133 1086 objectum,
1154 1038 1215 1074 vel
1244 1038 1326 1073 finis
1347 1038 1459 1073 habet
1486 1037 1646 1085 aliquam

57 1094 273 1137 bonitatem,
294 1093 354 1128 vel
375 1093 568 1136 malitiam,
591 1093 720 1128 saltem
743 1094 968 1137 naturalem;
991 1105 1065 1129 non
1081 1102 1205 1129 tamen
1225 1105 1372 1140 semper
1391 1095 1566 1140 importat
1586 1093 1648 1128 bo-

57 1149 223 1192 nitatem,
244 1147 304 1183 vel
327 1148 506 1183 malitiam
539 1148 733 1191 moralem,
756 1160 848 1195 quae
880 1149 1132 1184 consideratur
1166 1160 1229 1195 per
1260 1149 1578 1195 comparationem
1602 1148 1646 1182 ad

57 1203 250 1246 rationem,
272 1211 311 1238 ut
333 1203 472 1237 dictum
495 1211 549 1238 est
572 1202 623 1247 (in
645 1209 736 1250 corp.
760 1205 866 1249 czrt.),·
892 1211 927 1238 et
948 1204 991 1238 de
1016 1204 1086 1238 hac
1108 1215 1204 1238 nunc
1227 1204 1355 1250 agitur.

128 1258 189 1293 AD
213 1267 387 1293 TERTIUM
409 1257 620 1299 dicendum,
643 1257 741 1304 quod
764 1269 840 1292 non
863 1257 1038 1304 quidquid
1061 1258 1171 1293 habet
1194 1266 1307 1301 actus,
1330 1258 1489 1305 pertinet
1508 1258 1552 1292 ad
1571 1269 1648 1305 spe-

59 1313 153 1348 ciem
176 1312 274 1359 ejus;
297 1312 392 1346 unde
416 1312 484 1346 etsi
504 1312 542 1346 in
564 1311 705 1346 ratione
735 1323 821 1346 suae
854 1312 989 1359 speciei
1011 1324 1086 1347 non
1118 1313 1348 1347 contineatur
1371 1313 1544 1360 quidquid
1571 1324 1648 1360 per-

58 1366 149 1402 tinet
168 1367 212 1401 ad
226 1365 491 1413 plenitudinem
505 1366 678 1400 bonitatis
693 1366 817 1413 ipsius,
832 1378 909 1401 non
923 1375 1072 1414 propter
1086 1367 1158 1402 hoc
1175 1375 1228 1402 est
1241 1379 1284 1402 ex
1298 1368 1421 1414 specie
1436 1379 1501 1402 sua
1516 1367 1646 1410 malus,

58 1432 126 1456 nec
163 1421 275 1456 etiam
305 1421 439 1456 bonus:
472 1422 564 1456 sicut
591 1420 708 1455 homo
739 1421 944 1456 secundum
975 1433 1081 1456 suam
1112 1422 1275 1469 speciem
1305 1433 1423 1470 neque
1450 1423 1646 1465 virtuosus,

59 1486 178 1523 neque
199 1475 352 1510 vitiosus
375 1483 439 1511 est.

623 1621 974 1667 ARTICULUS
1010 1621 1088 1665 IX.
1580 1643 1593 1667 1
1604 1642 1644 1668 12

89 1733 244 1764 UTRUM
270 1732 449 1770 ALIQUIS
476 1733 620 1764 ACTUS
647 1733 715 1763 SIT
739 1733 1026 1764 INDIFFERENS
1056 1732 1300 1763 SECUNDUM
1327 1730 1614 1762 INDIVIDUUM.

616 1822 663 1868 (2.
686 1823 775 1858 Dist.
795 1834 852 1868 40.
872 1827 936 1857 art.
949 1834 978 1869 5.
998 1828 1086 1869 corp.

285 1882 360 1923 et4.
379 1877 468 1912 Dist.
486 1876 543 1913 26.
563 1889 592 1924 q.
613 1890 640 1913 Ι.
656 1883 720 1912 art.
740 1889 773 1922 4.
794 1884 885 1925 corp.
906 1881 934 1912 et
956 1877 1041 1911 Mad.
1066 1889 1095 1923 (J.
1125 1888 1155 1912 2.
1176 1881 1241 1911 art.
1261 1887 1294 1921 4.
1314 1881 1342 1911 et
1356 1877 1416 1923 5.).

127 1968 188 2004 AD
209 1978 353 2004 NONUM
375 1968 426 2002 sic
449 1968 668 2015 proceditur.
691 1967 856 2010 Videtur,
880 1968 978 2014 quod
1006 1967 1136 2014 aliquis
1164 1977 1265 2001 actus
1293 1966 1496 2001 secundum
1520 1966 1647 2000 indivi-

58 2023 171 2058 duum
192 2023 239 2058 sit
259 2021 487 2058 indifferens:
509 2022 609 2056 nulla
633 2022 732 2057 enim
754 2023 894 2069 species
918 2030 981 2064 est,
1001 2034 1094 2068 quae
1122 2022 1186 2056 sub
1210 2033 1247 2056 se
1269 2033 1344 2056 non
1367 2021 1565 2063 contineat,
1586 2020 1645 2056 vel

56 2079 244 2112 continere
266 2077 381 2124 possit
403 2076 552 2123 aliquod
575 2077 823 2112 individuum:
848 2077 910 2112 sed
933 2077 1062 2123 aliquis
1086 2085 1187 2111 actus
1210 2084 1263 2110 est
1283 2075 1494 2111 indifferens
1519 2087 1646 2111 secun-

56 2132 144 2167 dum
170 2143 276 2166 suam
302 2131 478 2178 speciem,
505 2139 544 2165 ut
570 2131 710 2166 dictum
737 2140 790 2166 est
808 2132 887 2176 (art.
910 2132 1066 2178 praec.);
1092 2142 1181 2177 ergo
1208 2130 1362 2173 videtur,
1390 2131 1487 2177 quod
1516 2130 1645 2177 aliquis

56 2194 158 2221 actus
179 2186 411 2221 individualis
433 2194 557 2233 potest
579 2198 657 2221 esse
680 2185 900 2221 indifferens.

126 2251 158 2276 2.
185 2240 424 2276 PRAETEREA.
452 2240 504 2275 Ex
530 2240 812 2275 individualibus
848 2241 987 2275 actibus
1023 2249 1218 2275 causantur
1251 2240 1398 2275 habitus
1434 2239 1644 2275 conformes

55 2295 154 2342 ipsis,
175 2303 214 2330 ut
235 2295 366 2330 dicitur
386 2295 423 2329 in
446 2305 478 2330 2.
501 2295 618 2329 Ethic.
638 2295 728 2341 (cap.
747 2308 774 2330 Ι.
795 2300 824 2330 εἰ
842 2296 889 2341 2.)
904 2308 914 2330 .·
933 2295 997 2330 sed
1021 2294 1150 2342 aliquis
1170 2295 1314 2330 habitus
1338 2304 1394 2330 est
1416 2294 1643 2330 indifferens:

55 2349 142 2384 dicit
161 2349 261 2384 enim
281 2349 420 2384 Philos.
443 2349 480 2383 in
501 2359 534 2392 4.
557 2349 719 2384 Ethicor.
741 2349 832 2397 (cap.
859 2362 884 2385 Ι.
908 2361 928 2384 α
943 2349 1042 2396 med.)
1068 2350 1111 2384 de
1134 2350 1371 2396 quibusdam,
1394 2350 1486 2384 sicut
1507 2350 1552 2385 de
1574 2349 1647 2396 pla-

55 2403 156 2446 cidis,
179 2411 214 2438 et
234 2403 409 2450 prodigis,
431 2404 529 2450 quod
551 2415 626 2438 non
642 2411 724 2438 sunt
739 2403 838 2446 mali,
855 2412 889 2439 et
903 2412 1027 2439 tamen
1047 2412 1202 2447 constat,
1230 2405 1328 2450 quod
1349 2416 1424 2438 non
1447 2412 1530 2439 sunt
1547 2404 1646 2446 boni,

56 2468 140 2493 cum
165 2457 340 2493 recedant
367 2469 387 2492 a
407 2457 561 2500 virtute3
589 2466 624 2493 et
650 2458 701 2493 sic
729 2466 812 2493 sunt
838 2458 1087 2494 indifferentes
1114 2459 1317 2494 secundum
1346 2459 1532 2502 habitum3
1556 2469 1644 2505 ergo

58 2511 168 2560 aliqui
190 2520 291 2547 actus
313 2511 554 2547 individuales
577 2520 661 2547 sunt
681 2512 942 2548 indifferentes.

129 2578 159 2614 3.
181 2566 422 2603 PRAETEREA.
446 2567 593 2601 Bonum
621 2567 761 2602 morale
788 2568 945 2615 pertinet
972 2568 1016 2602 ad
1042 2568 1226 2610 virtutem,
1254 2567 1395 2602 malum
1424 2576 1546 2602 autem
1569 2578 1647 2602 mo-

54 2620 130 2656 rale
150 2621 307 2669 pertinet
322 2621 366 2656 ad
389 2621 534 2656 vitium:
559 2621 621 2656 sed
645 2622 824 2669 contingit
846 2622 1079 2669 quandoque,
1102 2623 1199 2670 quod
1218 2623 1335 2657 homo
1360 2630 1494 2665 actum,
1519 2622 1580 2668 qui
1602 2633 1644 2656 ex

55 2675 176 2722 specie
198 2686 263 2711 sua
285 2683 339 2710 est
364 2674 586 2718 indifferens,
613 2687 687 2710 non
716 2677 860 2711 ordinat
888 2677 931 2711 ad
959 2676 1120 2723 aliquem
1149 2677 1260 2712 finem
1287 2677 1377 2719 vitii,
1396 2677 1455 2712 vel
1482 2676 1643 2719 virtutis;

56 2739 143 2776 ergo
166 2730 356 2777 contingit,
380 2729 539 2776 aliquem
563 2739 683 2765 actum
707 2731 969 2766 individualem
995 2743 1072 2766 esse
1095 2730 1375 2766 indifferentem.

127 2783 202 2819 SED
224 2794 381 2820 CONTRA
405 2792 468 2826 est,
499 2785 597 2831 quod
621 2785 824 2832 Gregorius
852 2785 939 2820 dicit
965 2786 1001 2820 in
1030 2786 1188 2833 quadam
1219 2786 1321 2825 hom.
1347 2785 1444 2832 (quas
1472 2790 1515 2820 cst
1543 2785 1575 2820 6.
1607 2787 1639 2820 in

56 2837 340 2886 Evang.1'nfin.)‚
356 2839 518 2874 otiosum
532 2839 685 2874 verbum
709 2848 773 2882 est,
789 2840 887 2887 quod
905 2848 965 2875 aut
980 2840 1134 2876 utilitate
1157 2840 1394 2882 rectitudinis,
1418 2847 1478 2874 aut
1500 2839 1641 2874 ratione

56 2892 170 2939 justae
191 2893 431 2936 necessitatis,
451 2902 512 2928 aut
533 2894 614 2941 piae
636 2894 799 2930 utilitatis
823 2903 936 2930 caret:
960 2896 1022 2930 sed
1044 2896 1197 2931 verbum
1221 2896 1384 2930 otiosum
1408 2903 1462 2930 est
1486 2894 1644 2929 malum:

58 2946 140 2993 quia
162 2946 206 2982 de
227 2957 272 2983 eo
294 2947 447 2983 reddent
468 2947 645 2984 homines
667 2949 848 2984 rationem
867 2949 903 2984 in
925 2949 982 2985 die
1005 2950 1141 2996 judicii,
1164 2958 1202 2984 ut
1224 2949 1354 2984 dicitur
1373 2949 1501 2984 Matth.
1529 2959 1592 2984 12.:
1616 2949 1645 2983 si
