1907 3198
520 168 745 204 QUAESTIO
779 167 865 197 LVI.
899 166 1146 197 ARTICULUS
1181 167 1222 196 v.
1583 156 1666 212 389

82 253 119 288 in
139 253 176 287 vi
198 251 441 287 memorativa
463 258 584 298 potest
605 262 683 286 esse
706 249 827 298 aliqua
848 249 973 293 virtus,
996 257 1031 285 et
1052 249 1182 284 eadem
1204 249 1346 285 ratione
1367 251 1403 285 in
1427 250 1505 286 aliis
1526 251 1672 286 interio-

83 307 180 342 ribus
203 305 479 353 apprehensivis
500 305 647 340 viribus.

155 360 230 396 SED
254 370 412 396 CONTRA
432 368 496 402 est,
516 359 613 406 quod
634 370 764 394 omnes
777 359 928 394 virtutes
942 357 1001 393 vel
1023 366 1106 393 sunt
1127 357 1404 401 intellectuales,
1422 359 1480 394 vel
1499 360 1670 402 morales,

82 423 122 450 ut
141 414 273 450 dicitur
295 414 331 448 in
354 424 385 448 2.
409 413 526 448 Ethic.
550 415 641 461 (cap.
665 414 725 460 1.).·
753 413 912 448 morales
936 420 1059 447 autem
1080 412 1230 447 virtutes
1255 424 1383 448 omnes
1403 421 1486 448 sunt
1507 415 1543 448 in
1569 423 1670 462 parte

83 469 298 518 appetitiva:
330 467 597 503 intellectuales
626 476 749 503 autem
775 468 812 502 in
839 467 1038 510 intellectu,
1066 466 1125 501 vel
1150 467 1304 510 ratione,
1331 468 1425 502 sicut
1450 476 1548 515 patet
1574 469 1610 503 in
1637 468 1669 503 6.

82 523 200 559 Ethic.
223 524 316 571 (cap.
335 523 402 568 1.),·
427 521 528 557 nulla
551 533 639 569 ergo
662 522 775 557 virtus
798 529 852 557 est
872 522 908 556 in
930 521 1066 556 viribus
1087 521 1268 556 sensitivis
1288 522 1562 569 apprehensivis
1584 523 1672 558 inte-

81 577 155 613 rius
178 576 240 623 [al.
262 577 432 623 internis}

153 631 387 667 RESPONDEO
414 631 624 674 dicendum,
655 628 753 678 quod
780 630 815 665 in
842 630 977 665 viribus
1011 630 1192 665 sensitivis
1220 631 1494 678 apprehensivis
1520 632 1671 667 interius

82 693 266 734 ponuntur
288 685 400 733 aliqui
421 686 588 720 habitus:
613 685 711 732 quod
734 693 833 732 patet
854 696 897 720 ex
919 685 990 720 hoc
1013 685 1220 732 praecipue,
1248 686 1346 732 quod
1366 685 1504 721 Philos.
1527 687 1614 722 dicit
1635 687 1670 721 in

81 740 142 776 lib.
165 740 210 775 de
232 739 415 774 Memoria
434 740 526 787 (cap.
543 751 574 775 2.
598 741 658 774 cir.
682 739 784 785 med.)
807 739 904 786 quod
926 739 963 774 in
985 739 1229 774 memorando
1244 751 1358 774 unum
1374 749 1456 787 post
1478 741 1574 776 aliud
1590 753 1674 788 ope-

82 803 181 830 ratur
195 794 436 837 consuetudo,
452 806 545 842 quae
558 803 611 829 est
625 795 728 841 quasi
744 794 924 841 quaedam
940 802 1086 828 natura:
1102 793 1194 828 nihil
1210 802 1331 828 autem
1343 803 1398 829 est
1416 795 1512 830 aliud
1528 796 1672 830 habitus

83 848 406 891 consuetudinalis,
432 860 543 896 quam
575 848 751 883 habitudo
780 849 955 895 acquisita
983 860 1046 895 per
1084 848 1402 892 consuetudinem,
1430 861 1522 896 quae
1557 858 1612 885 est
1636 851 1672 884 in

83 903 235 938 modurn
256 911 428 946 naturae;
451 903 546 937 unde
569 903 612 937 de
631 903 763 938 virtute
786 903 873 937 dicit
895 902 994 937 Tull.
1017 903 1053 937 in
1076 914 1140 937 sua
1155 902 1306 937 Rhetor.
1322 904 1403 948 (loc.
1419 905 1472 938 cit.
1488 906 1522 938 in
1541 906 1670 952 arg.3.)

83 957 181 1005 quod
203 965 258 992 est
278 957 422 992 habitus
444 957 480 991 in
504 957 659 991 modurn
680 965 831 991 naturae
853 957 987 992 rationi
1010 965 1290 992 consentaneus.
1310 957 1351 991 In
1373 958 1526 994 homine
1547 967 1672 994 tamen

82 1012 130 1055 id,
152 1011 251 1059 quod
273 1023 317 1046 ex
339 1011 605 1046 consuetudine
629 1011 827 1058 acquiritur
849 1011 884 1045 in
904 1011 1098 1054 memoria,
1121 1019 1156 1045 et
1177 1011 1213 1045 in
1233 1011 1312 1046 aliis
1334 1012 1475 1047 viribus,
1492 1013 1674 1048 sensitivis

83 1065 368 1114 apprehensivis,
390 1077 465 1100 non
492 1074 545 1100 est
567 1065 711 1100 habitus
739 1076 802 1112 per
823 1076 873 1108 se,
901 1065 964 1100 sed
993 1065 1128 1112 aliquid
1157 1076 1338 1100 annexum
1365 1066 1547 1102 habitibus
1574 1067 1675 1102 intel-

82 1119 237 1156 lectivae
258 1119 381 1167 partis,
403 1128 442 1154 ut
463 1131 571 1166 supra
594 1119 732 1154 dictum
755 1127 808 1154 est
832 1119 912 1164 (art.
937 1131 968 1155 2.
996 1119 1065 1166 huj.
1089 1131 1118 1166 q.
1141 1125 1172 1154 et
1192 1131 1222 1166 q.
1242 1131 1294 1166 50.
1317 1126 1382 1156 art.
1404 1132 1438 1166 4.
1461 1121 1503 1156 ad
1525 1122 1587 1166 3.).·
1610 1122 1673 1156 sed

81 1182 219 1217 tamen,
241 1174 272 1209 si
293 1173 355 1221 qui
376 1181 460 1208 sunt
480 1173 624 1208 habitus
646 1173 682 1207 in
701 1172 833 1208 talibus
851 1173 999 1216 viribus,
1013 1174 1163 1208 virtutes
1185 1173 1257 1208 dici
1278 1185 1353 1208 non
1371 1184 1541 1222 possunt:
1560 1176 1674 1210 virtus

83 1229 182 1265 enim
216 1236 271 1264 est
298 1228 441 1263 habitus
470 1227 662 1276 perfectus,
693 1239 765 1274 quo
796 1239 871 1262 non
904 1228 1085 1274 contingit
1115 1228 1185 1262 nisi
1214 1228 1354 1263 bonum
1385 1230 1545 1276 operari:
1578 1231 1673 1266 unde

83 1290 238 1332 oportet,
259 1282 358 1330 quod
379 1283 492 1317 virtus
513 1282 558 1317 sit
578 1282 615 1316 in
637 1281 699 1316 illa
722 1282 898 1329 potentia,
917 1293 1010 1329 quae
1033 1289 1086 1317 est
1108 1283 1403 1318 consummativa
1425 1284 1514 1318 boni
1533 1285 1673 1332 operis:

83 1337 248 1386 cognitio
265 1344 388 1372 autem
401 1336 479 1371 veri
497 1347 572 1371 non
588 1345 869 1371 consummatur
883 1337 920 1370 in
941 1336 1078 1370 viribus
1093 1336 1274 1371 sensitivis
1298 1338 1591 1384 apprehensivis;
1611 1339 1673 1373 sed

82 1391 296 1439 hujusmodi
316 1391 410 1426 vires
433 1398 516 1425 sunt
538 1390 642 1437 quasi
662 1390 956 1437 praeparatoriae
977 1390 1021 1424 ad
1049 1391 1303 1437 cognitionem
1326 1391 1611 1436 intellectivam3
1639 1402 1674 1428 et

82 1446 166 1482 ideo
188 1446 224 1480 in
245 1444 460 1492 hujusmodi
480 1445 616 1479 viribus
637 1456 713 1479 non
735 1453 818 1479 sunt
840 1445 1002 1487 virtutes,
1030 1445 1159 1492 quibus
1186 1446 1423 1492 cognoscitur
1443 1458 1583 1490 verum,
1610 1448 1672 1482 sed

84 1500 202 1548 magis
223 1499 261 1534 in
281 1498 480 1542 intellectu,
501 1499 560 1534 vel
582 1499 735 1533 ratione.

157 1554 217 1589 AD
238 1564 391 1589 PRIMUM
412 1564 501 1600 ergo
524 1553 734 1595 dicendum,
757 1553 853 1600 quod
878 1553 1057 1600 appetitus
1076 1553 1269 1588 sensitivus
1289 1566 1327 1589 se
1349 1554 1459 1590 habet
1482 1555 1525 1590 ad
1547 1555 1675 1590 volun-

84 1616 209 1651 tatem,
231 1619 324 1655 quae
347 1615 401 1643 est
422 1609 601 1655 appetitus
623 1608 786 1650 rationis,
801 1607 894 1642 sicut
908 1616 1031 1642 motus
1047 1608 1089 1642 ab
1106 1619 1170 1643 eo:
1187 1617 1223 1643 et
1241 1608 1324 1643 ideo
1341 1620 1432 1656 opus
1456 1611 1673 1657 appetitivae

15 1683 27 1686 —
83 1662 225 1698 virtutis
247 1670 526 1697 consummatur
547 1661 582 1696 in
611 1662 772 1709 appetitu
800 1662 1060 1705 sensitiv03-et
1086 1670 1232 1709 propter
1259 1663 1330 1697 hoc
1360 1665 1538 1710 appetitus
1566 1665 1675 1700 sensi-

83 1717 178 1752 tivus
200 1724 254 1752 est
275 1716 480 1761 subjectum
501 1716 653 1750 virtutis.
683 1716 844 1750 Virtutes
867 1724 989 1750 autem
1017 1716 1210 1751 sensitivae
1239 1718 1526 1764 apprehensivae
1553 1720 1673 1766 magis

84 1783 123 1807 se
145 1771 282 1806 habent
302 1777 340 1805 ut
361 1778 554 1805 moventes
572 1778 737 1817 respectu
760 1770 985 1813 intellectus;
1009 1782 1054 1805 eo
1074 1771 1172 1817 quod
1194 1771 1452 1817 phantasmata
1474 1784 1511 1807 se
1538 1773 1674 1808 habent

86 1825 131 1860 ad
153 1825 316 1860 animam
338 1824 612 1867 intellectivam,
635 1824 728 1859 sicut
750 1824 894 1859 colores
917 1825 960 1859 ad
984 1825 1115 1867 visum,
1138 1833 1176 1859 ut
1198 1825 1329 1860 dicitur
1350 1826 1387 1860 in
1417 1838 1445 1873 3.
1469 1827 1513 1862 de
1535 1828 1672 1863 Anima

85 1880 168 1925 (tex.
189 1880 281 1926 18.);
305 1887 341 1914 et
361 1879 445 1914 ideo
468 1890 560 1926 opus
583 1879 805 1925 cognitionis
827 1881 862 1914 in
890 1879 1078 1914 intellectu
1105 1881 1338 1924 terminatur3
1366 1889 1401 1916 et
1427 1891 1574 1930 propter
1600 1884 1672 1918 hoc

85 1933 235 1968 virtutes
257 1933 532 1980 cognoscitivae
555 1940 638 1967 sunt
656 1933 691 1967 in
715 1933 794 1980 ipso
817 1933 1017 1976 intellectu,
1036 1933 1095 1968 vel
1117 1934 1268 1969 ratione.

157 1987 202 2022 Et
226 1998 290 2035 per
311 1987 383 2022 hoc
402 1995 503 2034 patet
523 1986 658 2022 solutio
680 1998 732 2022 AD
755 1998 976 2022 SECUNDUM.

158 2041 219 2076 AD
239 2051 414 2077 TERTIUM
435 2041 644 2084 dicendum,
667 2041 765 2102 quod
781 2042 961 2076 memoria
983 2053 1058 2076 non
1074 2043 1221 2089 ponitur
1238 2055 1319 2090 pars
1341 2045 1565 2091 prudentiae,
1580 2046 1674 2081 sicut

86 2095 228 2143 species
250 2103 304 2130 est
324 2107 406 2143 pars
429 2096 591 2142 generis3
611 2095 714 2142 quasi
736 2095 813 2142 ipsa
836 2096 1016 2130 memoria
1039 2098 1082 2131 sit
1104 2097 1286 2143 quaedam
1308 2099 1420 2133 virtus
1442 2111 1507 2146 per
1528 2111 1586 2143 se3
1609 2101 1671 2135 sed

87 2149 173 2197 quia
193 2161 308 2184 unum
331 2161 472 2193 eorum,
499 2161 592 2197 quae
619 2150 851 2196 requiruntur
873 2150 917 2184 ad
940 2150 1182 2197 prudentiam,
1205 2160 1259 2187 est
1279 2152 1423 2188 bonitas
1450 2155 1672 2198 memoriae3

85 2211 126 2240 ut
146 2203 198 2240 sic
219 2204 497 2252 quodammodo
508 2215 557 2239 se
579 2204 713 2239 habeat
739 2216 802 2251 per
826 2204 978 2239 modum
1000 2205 1109 2252 partis
1132 2206 1332 2253 integralis.

652 2348 1000 2395 ARTICULUS
1035 2351 1112 2395 VI.
1606 2376 1672 2413 300

252 2459 407 2490 UTRUM
432 2459 671 2491 VOLUNTAS
699 2459 853 2491 POSSIT
881 2461 983 2491 ESSE
1011 2461 1265 2505 SUBJECTUM
1290 2463 1512 2494 VIRTUTIS.

92 2545 133 2595 (3.
147 2547 239 2584 Dist.
261 2559 308 2596 23.
331 2560 362 2595 q.
384 2561 413 2584 ι.
434 2553 499 2584 art.
522 2560 555 2593 4.
577 2554 606 2583 et
624 2548 711 2583 Dist.
730 2560 787 2594 42.
805 2560 834 2595 q.
849 2561 880 2585 2.
904 2555 969 2585 art.
984 2561 1017 2595 4.
1033 2556 1121 2597 corp.
1144 2556 1174 2586 et
1199 2551 1285 2586 Veri.
1307 2563 1337 2598 q.
1357 2564 1384 2587 I.
1407 2557 1471 2586 art.
1491 2564 1519 2599 5.
1538 2558 1601 2599 per
1615 2557 1670 2587 tol.

557 2609 588 2639 et
608 2615 658 2639 12.
677 2603 720 2638 ad
742 2615 772 2639 2.
795 2609 823 2639 et
844 2616 873 2651 q.
886 2617 914 2652 3.
937 2609 1000 2639 art.
1024 2617 1054 2640 2.
1078 2605 1200 2652 corp).

160 2692 221 2728 AD
243 2703 396 2728 εΕΧτυΜ
418 2693 468 2728 sic
491 2693 709 2740 proceditur.
733 2692 897 2737 Videtur,
919 2694 1017 2741 quod
1040 2694 1209 2729 voluntas
1231 2706 1305 2729 non
1325 2695 1370 2730 sit
1389 2695 1593 2741 subjectum
1613 2696 1673 2730 ali-

47 2743 51 2746 ’
93 2746 193 2792 cujus
214 2747 373 2783 virtutis:
393 2747 437 2781 ad
459 2747 494 2781 id
517 2747 627 2789 enim,
647 2748 743 2794 quod
768 2749 940 2783 convenit
962 2749 1145 2795 potentiae
1165 2760 1207 2784 ex
1221 2749 1297 2796 ipsa
1317 2750 1456 2784 ratione
1476 2750 1672 2797 potentiae,

91 2811 167 2835 non
187 2801 380 2848 requiritur
402 2801 530 2847 aliquis
553 2801 711 2836 habitus:
736 2802 798 2837 sed
821 2802 864 2837 de
886 2803 963 2849 ipsa
990 2803 1130 2838 ratione
1157 2802 1367 2845 voluntatis,
1391 2815 1474 2838 cum
1497 2804 1541 2838 sit
1562 2804 1599 2838 in
1622 2815 1673 2838 ra-

91 2853 203 2898 tione,
224 2855 427 2890 secundum
448 2854 542 2890 Phil.
566 2855 601 2889 in
628 2867 656 2902 3.
676 2856 720 2890 de
743 2856 879 2890 Anima
898 2858 978 2902 (tex.
1000 2858 1076 2902 42.)
1099 2865 1164 2901 cst,
1184 2857 1281 2904 quod
1300 2857 1425 2892 tendat
1446 2859 1481 2892 in
1504 2858 1551 2900 id,
1574 2858 1671 2905 quod

94 2915 148 2943 est
163 2907 302 2944 bonurn
319 2909 521 2944 secundum
538 2909 730 2952 rationem,
754 2911 798 2945 ad
819 2911 917 2957 quod
936 2911 1124 2946 ordinatur
1145 2912 1266 2947 omnis
1288 2912 1416 2947 virtus:
1440 2912 1523 2959 quia
1547 2924 1673 2947 unum-

235 2991 265 3021 S.
285 2991 409 3020 Tamus
430 2992 535 3020 Summa
561 2992 724 3029 Theologica.
745 2993 810 3020 vol.
833 2993 870 3022 11.
1496 2996 1530 3021 26
