1907 3198
526 201 748 239 QUAESTIO
781 201 887 233 xcu.
921 201 1166 233 Ani-teucos
1199 201 1242 232 11.
1582 192 1664 246 659

173 295 207 322 2.
223 284 461 322 Puerum.
479 283 638 320 Effectus
652 283 742 331 legis
756 292 820 326 est,
835 292 872 319 ut
887 284 1033 319 inducat
1047 284 1208 319 subditos
1224 283 1267 318 ad
1283 283 1433 326 bonum,
1451 283 1545 318 sicut
1559 294 1664 330 supra

102 338 241 379 dictum
254 346 308 374 est
320 338 403 385 (art.
413 338 543 386 praec.)
555 351 565 374 .·
583 337 645 373 sed
659 337 855 373 consilium
870 346 923 373 est
945 338 988 373 de
1003 337 1146 373 meliori
1159 337 1269 379 bono,
1285 348 1395 384 quam
1410 345 1644 384 praeceptum
1657 350 1665 380 ;

103 403 193 441 ergo
213 391 331 440 magis
351 392 506 440 pertinet
527 391 570 426 ad
593 390 715 438 legem
737 391 940 434 consulere,
959 403 1068 438 quain
1092 391 1310 438 praecipere.

175 457 205 494 3.
230 445 469 483 PRAETEREA.
497 445 600 481 Sicut
624 445 740 480 horno
767 445 895 492 aliquis
922 446 1090 480 incitatur
1117 445 1161 479 ad
1187 445 1325 479 bonum
1353 455 1416 491 per
1444 455 1592 491 poenas,
1619 444 1667 479 ita

100 499 212 536 etiam
237 507 274 536 et
292 510 355 548 per
374 499 556 547 praemia3
579 510 667 546 ergo
693 500 786 534 sicut
806 499 932 546 punire
955 499 1100 546 ponitur
1127 497 1276 534 effectus
1297 497 1399 544 legis,
1426 497 1474 532 ita
1497 498 1605 533 etiam
1633 506 1667 533 et

100 553 314 602 praemiare.

169 615 204 652 4.
233 606 471 643 Pium-nnn.
494 605 650 642 Intentio
674 605 891 653 legislatoris
919 615 983 648 est,
1011 615 1049 641 ut
1081 606 1251 640 homines
1278 605 1386 640 faciat
1418 605 1547 647 bonos,
1569 605 1663 640 sicut

98 671 208 708 supra
227 660 366 696 dictum
387 667 440 695 est
459 660 540 706 (art.
558 661 686 708 praec.)
700 673 710 695 .·
733 660 794 695 sed
818 659 888 702 ille,
908 661 968 707 qui
990 659 1070 695 solo
1094 668 1192 695 metu
1216 670 1417 707 poenarum
1440 659 1562 694 obedit
1583 658 1666 706 legi,

98 725 174 750 non
195 721 250 750 est
267 713 403 750 bonus:
425 725 511 749 nam
529 714 660 749 timore
682 713 814 756 servili,
836 714 896 760 qui
918 722 971 749 est
991 714 1102 748 timor
1124 725 1337 761 poenarum,
1359 713 1425 748 etsi
1447 713 1585 748 bonurn
1608 713 1667 748 ali—

97 768 178 816 quis
190 767 299 804 faciat
309 778 387 803 non
397 775 521 803 tamen
536 767 671 815 aliquid
689 767 780 803 bene
799 767 894 811 facit,
908 776 945 802 ut
964 768 1118 813 August.
1134 767 1220 803 dicit
1236 767 1286 813 (in
1308 768 1445 803 Encln'r.
1465 773 1536 814 cap.
1553 768 1663 813 121.);

98 832 174 857 non
194 832 283 870 ergo
302 821 445 857 videtur
465 832 543 857 esse
564 821 750 868 proprium
772 820 874 868 legiS,
896 821 993 868 quod
1013 821 1147 868 puniat.

168 875 245 912 SED
268 885 425 912 CONTRA
446 883 510 918 est,
532 875 629 922 quod
651 875 810 910 Isidorus
832 875 917 910 dicit
938 875 974 910 in
1001 886 1028 921 5.
1045 875 1163 922 Etym.
1180 874 1271 922 (cap.
1289 874 1383 922 19.):
1409 875 1526 911 Omnis
1540 874 1592 909 lex
1607 880 1667 910 aut

92 930 262 978 permittit
280 928 408 976 aliquid
417 941 430 971 ;
464 934 501 965 ut
520 930 589 969 vir.
591 929 693 976 sortis
714 930 906 976 praemium
927 934 1041 976 petat:
1068 934 1105 964 ut
1129 941 1305 964 sacrarum
1333 929 1506 975 virginum
1536 930 1667 976 nuptias

101 983 189 1019 nulli
209 983 307 1020 liccat
321 988 454 1032 petere:
477 989 536 1018 atet
556 984 676 1030 punit,-
700 987 734 1018 ut
754 984 812 1030 qui
832 982 961 1018 caedem
976 983 1106 1030 jecerit,
1129 984 1235 1030 capite
1253 982 1428 1030 plectatur.

167 1036 400 1074 Rnsrounso
421 1036 628 1079 dicendum,
655 1037 753 1084 quod
783 1037 875 1072 sicut
901 1036 1109 1071 enunciatio
1136 1044 1190 1071 est
1215 1035 1366 1071 rationis
1391 1035 1575 1071 dictamen
1602 1046 1664 1082 per

97 1090 250 1126 modum
283 1090 505 1134 enuntiandi,
526 1090 576 1125 ita
598 1090 708 1125 etiam
739 1089 796 1125 lex
818 1101 881 1137 per
903 1090 1056 1125 modum
1086 1090 1350 1137 praecipiendi:
1372 1089 1522 1124 rationis
1544 1096 1664 1124 autem

97 1144 285 1192 proprium
306 1153 371 1188 est,
392 1152 431 1180 ut
451 1155 495 1180 ex
516 1143 638 1192 aliquo
661 1144 705 1179 ad
732 1143 866 1191 aliquid
888 1144 1052 1186 inducat;
1075 1144 1170 1178 unde
1190 1144 1285 1179 sicut
1306 1144 1341 1178 in
1368 1143 1665 1178 demonstrativis

96 1198 255 1234 scientiis
277 1198 369 1234 ratio
390 1197 539 1241 inducit,
560 1206 599 1233 ut
620 1198 836 1234 assentiatur
862 1197 1091 1234 conclusioni
1113 1210 1176 1245 per
1197 1197 1378 1245 quaedam
1399 1197 1595 1245 principia;
1616 1198 1664 1232 ita

96 1251 206 1288 etiam
227 1251 377 1295 inducit,
402 1259 442 1287 ut
468 1251 683 1287 assentiatur
709 1251 800 1299 legis
833 1260 1027 1299 praecepto
1061 1263 1124 1299 per
1150 1251 1295 1298 aliquid.
1323 1251 1521 1298 Praecepta
1543 1259 1664 1286 autem

95 1305 188 1353 legis
207 1313 291 1342 sunt
310 1305 354 1342 de
365 1305 503 1341 actibus
524 1305 704 1348 humanis,
719 1306 754 1340 in
767 1305 897 1352 quibus
911 1305 968 1341 lex
990 1305 1121 1352 dirigit,
1136 1313 1175 1340 ut
1188 1316 1295 1352 supra
1311 1305 1447 1340 dictum
1470 1313 1522 1340 est
1545 1305 1591 1352 (q.
1607 1317 1663 1352 90.

95 1364 160 1396 art.
180 1371 210 1396 1.
223 1364 254 1396 et
264 1371 295 1407 q.
313 1371 365 1407 91.
379 1364 443 1395 art.
465 1359 539 1405 4.).·
561 1367 645 1394 sunt
659 1367 781 1394 autem
796 1365 859 1395 tres
880 1359 1103 1395 differentiae
1118 1359 1365 1394 humanorum
1382 1366 1549 1394 actuum:
1566 1370 1665 1401 nam,

95 1413 189 1450 sicut
206 1424 315 1460 supra
335 1413 472 1449 dictum
487 1421 541 1449 est
555 1412 601 1460 (q.
619 1414 671 1449 18.
692 1418 756 1448 art.
774 1425 804 1460 5.
822 1418 851 1448 et
875 1414 938 1459 8.),
958 1413 1093 1460 quidam
1117 1420 1217 1448 actus
1239 1421 1322 1448 sunt
1342 1413 1428 1447 boni
1451 1424 1493 1448 ex
1516 1423 1665 1459 genere,

94 1466 158 1515 qui
175 1473 259 1503 sunt
279 1474 380 1503 actus
400 1468 589 1503 virtutum:
617 1475 652 1502 et
672 1475 836 1514 respectu
862 1467 996 1502 horum
1019 1467 1166 1513 ponitur
1196 1466 1286 1513 legis
1313 1474 1414 1501 actus
1443 1467 1663 1513 praecipere,

94 1519 155 1557 vel
166 1520 347 1568 imperare
358 1533 367 1556 :
380 1520 555 1569 praecipit
568 1522 666 1556 enim
680 1520 738 1556 lex
751 1532 880 1556 omnes
895 1529 996 1556 actus
1010 1521 1197 1563 virtutum,
1212 1529 1250 1555 ut
1261 1521 1391 1556 dicitur
1406 1521 1440 1555 in
1461 1532 1488 1566 5.
1503 1520 1664 1556 Ethicor.

96 1574 188 1623 (cap.
206 1587 235 1611 ι.
260 1586 283 1610 α
301 1574 419 1621 ηιιά.).·
439 1574 576 1622 quidam
596 1586 683 1610 vero
705 1582 789 1609 sunt
809 1583 911 1610 actus
933 1574 1020 1609 mali
1042 1586 1084 1610 ex
1107 1586 1250 1621 genere,
1273 1575 1364 1609 sicut
1387 1583 1487 1609 actus
1521 1574 1661 1610 vitiosi:

95 1636 132 1665 et
151 1636 319 1676 respectu
340 1628 472 1664 horum
494 1627 551 1664 lex
571 1628 681 1663 habet
702 1628 912 1675 prohibere:
928 1628 1063 1675 quidam
1077 1639 1164 1663 vero
1180 1640 1222 1662 ex
1237 1640 1370 1673 genere
1384 1639 1451 1663 suo
1466 1637 1549 1663 sunt
1563 1637 1662 1663 actus

93 1681 356 1718 indifferentes:
372 1690 408 1718 et
421 1690 587 1729 respectu
600 1682 734 1717 horum
748 1681 805 1717 lex
820 1682 928 1717 habet
942 1682 1148 1729 permittere
1160 1694 1167 1716 :
1180 1690 1215 1716 et
1226 1689 1377 1728 possunt
1395 1682 1504 1716 etiam
1524 1681 1661 1717 indiffe-

46 1732 50 1739 '
94 1743 212 1772 rentes
231 1735 303 1771 dici
324 1746 454 1771 omnes
474 1735 526 1770 illi
548 1744 660 1779 actus,
683 1735 743 1782 qui
765 1743 848 1770 sunt
869 1735 926 1770 vel
954 1747 1081 1782 parurn
1114 1735 1213 1778 boni,
1247 1735 1305 1770 vel
1339 1747 1466 1783 parum
1501 1735 1605 1770 mali:
1628 1736 1663 1771 id

93 1797 228 1833 autern,
248 1801 313 1837 per
332 1789 430 1837 quod
451 1789 589 1824 inducit
608 1788 664 1824 lex
687 1789 730 1823 ad
752 1789 824 1824 hoc
847 1789 943 1835 quod
966 1789 1032 1823 sibi
1066 1789 1265 1831 obediatur,
1288 1797 1341 1824 est
1361 1789 1473 1824 timor
1502 1800 1663 1836 poenae;

93 1851 129 1880 et
148 1850 323 1891 quantum
344 1843 388 1878 ad
410 1843 481 1878 hoc
503 1843 648 1891 ponitur
669 1842 759 1889 legis
782 1841 931 1877 effectus
953 1842 1089 1890 punire.

162 1897 225 1933 AD
243 1907 395 1934 Pluuum
416 1907 504 1944 ergo
530 1896 738 1939 dicendum,
760 1896 856 1943 quod
880 1897 973 1931 sicut
995 1908 1135 1932 cessare
1159 1907 1178 1930 a
1201 1895 1299 1931 malo
1322 1896 1431 1931 habet
1465 1896 1662 1943 quamdam

91 1950 272 1986 rationem
290 1950 398 1994 boni;
418 1950 467 1986 ita
488 1950 598 1986 etiam
621 1950 816 1997 prohibitio
838 1950 947 1984 habet
968 1950 1166 1997 quamdam
1189 1950 1367 1984 rationein
1403 1950 1604 1997 praecepti:
1629 1958 1664 1986 et

91 2003 292 2040 secundum
313 2003 398 2047 hoc,
418 2003 518 2051 large
552 2003 765 2051 accipiendo
799 2012 1045 2051 praeceptum,
1079 2003 1328 2038 universaliter
1362 2003 1419 2038 lex
1448 2009 1661 2052 pracceptum

93 2056 234 2093 dicitur.

163 2111 225 2148 AD
246 2121 453 2148 SECUNDUM
474 2110 680 2153 dicendum,
702 2110 799 2158 quod
821 2110 1012 2146 consulere
1026 2122 1099 2145 non
1116 2119 1168 2146 est
1183 2111 1348 2158 proprius
1363 2120 1463 2147 actus
1478 2111 1580 2157 legis,
1600 2111 1661 2146 sed

91 2172 211 2213 potest
230 2165 408 2213 pertinere
429 2165 539 2200 etiam
563 2165 606 2199 ad
629 2176 823 2212 personam
846 2165 1034 2212 privatam:
1058 2166 1160 2210 cujus
1182 2176 1255 2199 non
1279 2173 1333 2200 est
1352 2165 1508 2200 condere
1527 2165 1659 2211 legem:

92 2218 187 2254 unde
208 2219 319 2255 etiam
339 2217 540 2266 Apostolus
567 2229 593 2253 1.
617 2219 661 2254 ad
684 2218 771 2253 Cor.
795 2229 826 2264 7.
851 2230 934 2253 cum
957 2218 1151 2253 consilium
1186 2218 1371 2265 quoddam
1405 2219 1518 2262 daret,
1552 2219 1658 2254 dixit:

91 2271 162 2320 Ego
182 2271 269 2316 dico,
294 2284 360 2308 non
386 2273 577 2313 Dominus:
606 2281 640 2307 et
661 2272 743 2307 ideo
765 2283 840 2307 non
861 2272 1006 2319 ponitur
1034 2273 1125 2307 inter
1147 2271 1296 2307 effectus
1318 2272 1419 2318 legis.

162 2325 224 2362 AD
244 2335 416 2362 τεκτιυΜ
442 2325 648 2367 dicendum,
670 2326 766 2373 quod
789 2326 898 2360 etiam
921 2326 1122 2373 praemiare
1146 2334 1266 2373 potest
1287 2327 1330 2361 ad
1353 2326 1551 2373 quemlibet
1585 2339 1661 2374 per-

90 2378 223 2415 tinere:
238 2379 301 2415 sed
315 2379 442 2426 punire
456 2390 530 2414 non
545 2379 698 2426 pertinet
712 2379 780 2414 nisi
796 2379 1059 2414 administrum
1075 2379 1178 2425 legis,
1194 2381 1295 2426 cujus
1311 2381 1523 2415 auctoritate
1543 2391 1660 2428 poena

90 2431 258 2476 insertum
279 2441 315 2469 et
335 2433 418 2468 ideo
440 2433 641 2480 praemiare
662 2444 735 2467 non
760 2433 904 2480 ponitur
926 2442 1026 2468 actus
1049 2433 1151 2479 legis,
1175 2434 1236 2468 sed
1259 2433 1379 2468 solum
1403 2435 1539 2480 punire.

161 2486 222 2522 AD
243 2496 431 2527 QUARTUM
454 2486 661 2529 dicendum,
684 2487 780 2533 quod
803 2499 865 2533 per
886 2486 970 2529 hoc,
992 2487 1088 2534 quod
1112 2487 1241 2534 aliquis
1263 2487 1388 2534 incipit
1411 2487 1591 2523 assuefieri
1615 2489 1658 2523 ad

90 2538 277 2575 vitandum
299 2539 407 2583 mala,
429 2548 464 2575 et
485 2540 528 2575 ad
551 2539 776 2587 implendum
798 2541 906 2583 bona,
929 2549 1075 2588 propter
1097 2550 1235 2576 metum
1268 2553 1419 2588 poenae,
1454 2542 1659 2588 perducitur

91 2593 309 2641 quandoque
329 2593 374 2629 ad
395 2594 480 2637 hoc,
501 2594 597 2641 quod
627 2593 897 2637 delectabiliter,
919 2604 953 2630 ct
975 2608 1017 2630 ex
1040 2595 1183 2642 propria
1217 2596 1403 2630 voluntate
1437 2596 1507 2630 lioc
1533 2595 1657 2631 saciat:

91 2652 128 2683 et
145 2647 346 2683 secundum
366 2647 439 2683 hoc
453 2647 509 2683 lex
524 2648 633 2683 etiam
650 2648 834 2695 puniendo
849 2648 1011 2696 perducit
1027 2649 1070 2683 ad
1086 2649 1169 2691 hoc,
1184 2650 1280 2696 quod
1297 2649 1463 2684 homines
1477 2649 1546 2685 sint
1562 2650 1657 2685 boni.
