1907 3198
4 398 27 584 :ae’nszm
8 357 20 377 ’-

7 590 20 644 .5‘-

589 167 810 203 QUAESTIO
842 168 883 197 V.
918 168 1166 198 ARTICULUS
1200 169 1226 198 Ι.
1640 159 1690 200 61

693 354 1041 400 ARTICULUS
1069 355 1101 398 Ι.
1655 368 1693 403 33

332 464 488 494 UTRUM
520 463 650 493 HOMO
685 464 837 494 POSSIT
872 463 1099 499 CONSEQUI
1135 464 1485 494 BEATITUDINEM.

188 568 250 604 AD
272 579 422 604 PRIMUM
444 568 494 604 sic
510 568 727 615 proceditur.
743 568 905 611 Videtur,
921 569 1019 616 quod
1034 569 1150 604 homo
1168 569 1431 604 beatitudinem
1453 569 1604 616 adipisci
1621 580 1695 603 non

118 622 247 670 possit:
270 622 363 656 sicut
384 622 482 657 enim
502 630 631 656 natura
653 622 840 657 rationalis
863 631 917 658 est
943 634 1050 669 supra
1079 623 1302 665 sensibilem,
1329 623 1377 657 ita
1404 631 1533 657 natura
1560 622 1697 657 intelle-

118 675 247 710 ctualis
269 684 322 711 est
343 687 450 722 supra
473 675 701 718 rationalem,
729 683 767 710 ut
794 684 892 722 patet
913 687 977 723 per
998 676 1152 722 Dionys.
1175 676 1212 709 in
1234 675 1293 709 lib.
1317 676 1360 710 de
1382 675 1466 710 Div,
1489 675 1637 710 Nomin.
1659 676 1696 710 in

117 729 241 765 multis
262 729 354 764 locis
375 730 465 776 (cap.
489 741 521 774 4.
536 741 565 776 5.
588 730 621 765 6.
644 741 674 776 7.
696 734 725 764 et
745 729 817 774 8.).·
840 729 903 764 sed
925 730 1028 764 bruta
1051 728 1235 771 animalia,
1254 740 1347 776 quae
1369 729 1504 764 habent
1528 737 1696 764 naturam

117 782 326 819 sensibilem
347 791 502 825 tanturn,
523 794 598 818 non
620 791 772 830 possunt
793 783 982 830 pervenire
1005 783 1048 817 ad
1071 782 1183 817 finem
1211 783 1399 818 rationalis
1420 791 1588 825 naturae3
1607 793 1696 829 ergo

117 848 184 873 nec
199 837 329 880 homo,
347 837 409 884 qui
428 845 482 872 est
502 837 689 872 rationalis
710 845 872 880 naturae,
894 845 1013 884 potest
1034 837 1222 883 pervenire
1246 836 1290 871 ad
1309 836 1421 871 finem
1441 836 1696 872 intellectualis

116 899 280 934 naturae,
301 891 363 938 qui
385 899 438 925 est
458 890 656 926 beatitudo.

188 954 220 979 2.
242 943 481 980 PRAETEREA.
505 944 697 979 Beatitudo
723 955 809 978 vera
836 944 1002 979 consistit
1027 944 1064 978 in
1089 944 1230 978 visione
1257 943 1338 986 Dei,
1367 955 1460 990 quae
1487 952 1541 979 est
1561 944 1697 979 veritas

117 1009 226 1046 pura:
249 998 312 1034 sed
333 998 477 1033 homini
499 1006 553 1033 est
574 997 824 1040 connaturale,
851 1006 889 1032 ut
914 999 1106 1033 veritatem
1132 998 1316 1032 intueatur
1342 998 1378 1032 in
1405 998 1511 1033 rebus
1533 998 1698 1032 materia-

117 1051 228 1087 libus:
244 1052 340 1087 unde
355 1051 496 1098 species
510 1051 755 1098 intelligibiles
771 1052 806 1085 in
826 1051 1140 1098 phantasmatibus
1160 1051 1394 1098 intelligit‚‚ut
1409 1051 1539 1086 dicitur
1553 1052 1590 1086 in
1609 1063 1637 1099 3.
1653 1052 1696 1086 de

116 1105 241 1141 Anim.
263 1105 344 1151 (tex.
363 1104 459 1152 ’39.),·
483 1116 572 1152 ergo
594 1116 668 1140 non
691 1113 811 1152 potest
833 1105 877 1139 ad
899 1105 1162 1140 beatitudinem
1184 1105 1383 1150 pervenire.

191 1170 220 1206 3.
235 1158 473 1194 PRAETEREA.
490 1158 683 1193 Beatitudo
699 1159 864 1193 consistit
878 1159 914 1192 in
931 1158 1124 1205 adeptione
1139 1158 1274 1193 summi
1288 1158 1386 1193 boni:
1402 1158 1464 1193 sed
1480 1158 1608 1205 aliquis
1622 1169 1697 1193 non

116 1220 236 1259 potest
253 1211 440 1259 pervenire
459 1211 504 1246 ad
522 1223 721 1254 summum,
739 1212 809 1246 nisi
826 1212 1060 1246 transcendat
1076 1212 1214 1247 media:
1231 1224 1315 1247 cum
1334 1213 1443 1259 igitur
1456 1212 1549 1246 inter
1562 1212 1696 1254 Deum,

116 1273 153 1301 et
171 1273 338 1300 naturam
367 1266 569 1300 humanam
596 1265 718 1300 media
739 1265 784 1300 sit
805 1273 934 1299 natura
956 1265 1135 1311 angelica,
1164 1277 1274 1311 quam
1301 1266 1416 1300 homo
1439 1265 1696 1300 transcendere

114 1329 191 1354 non
212 1327 342 1366 potest,
363 1318 516 1361 videtur,
539 1319 636 1365 quod
658 1330 734 1353 non
756 1318 871 1365 possit
891 1318 1156 1352 beatitudinem
1179 1318 1340 1365 adipisci.

188 1371 264 1408 SED
286 1382 444 1408 CONTRA
465 1379 530 1414 est,
549 1371 647 1418 quod
669 1371 800 1406 dicitur
822 1372 859 1406 in
882 1371 938 1406 Ps.
961 1383 1038 1419 93.:
1068 1372 1189 1407 Beatus
1211 1372 1320 1415 homo,
1345 1384 1440 1418 quem
1468 1377 1502 1408 tu
1521 1372 1696 1415 erudieris,

115 1426 273 1462 Domine.

187 1479 420 1515 RESPONDEO
442 1479 651 1520 dicendum,
666 1478 764 1526 quod
786 1478 973 1513 beatitudo
987 1479 1156 1513 nominat
1174 1479 1407 1525 adeptionem
1427 1479 1577 1526 perfecti
1590 1479 1695 1514 boni:

117 1533 340 1580 quicumque
361 1544 450 1580 ergo
473 1540 527 1568 est
548 1543 662 1579 capax
683 1531 834 1579 perfecti
859 1532 958 1575 boni,
985 1540 1105 1579 potest
1131 1533 1175 1567 ad
1201 1533 1464 1567 beatitudinem
1491 1533 1696 1579 pervenire3

116 1586 215 1634 quod
237 1595 360 1621 autem
380 1587 497 1622 homo
518 1586 607 1621 boni
628 1585 778 1633 perfecti
799 1586 844 1620 sit
865 1597 990 1633 capax,
1013 1597 1056 1621 ex
1077 1586 1149 1621 hoc
1165 1594 1324 1633 apparet,
1343 1586 1441 1633 quod
1463 1588 1540 1632 ejus
1561 1586 1699 1621 intelle-

117 1648 196 1676 ctus
217 1648 337 1688 potest
358 1639 672 1687 comprehendere
695 1639 911 1682 universale,
935 1648 969 1674 et
990 1639 1192 1686 perfectum
1209 1640 1362 1682 bonum,
1377 1648 1412 1675 et
1433 1641 1509 1686 ejus
1528 1640 1697 1674 voluntas

117 1702 287 1741 appetere
317 1693 419 1736 illud,
449 1701 486 1728 et
513 1693 596 1728 ideo
623 1693 740 1728 homo
771 1701 891 1740 potest
910 1693 1172 1728 beatitudinem
1203 1694 1365 1740 adipisci.
1394 1694 1557 1740 Apparet
1586 1694 1697 1728 etiam

116 1748 215 1783 idem
236 1759 280 1782 ex
299 1747 385 1790 hoc,
407 1747 505 1794 quod
527 1747 643 1782 homo
666 1755 720 1782 est
739 1758 852 1794 capax
873 1747 1023 1782 visionis
1042 1747 1186 1782 divinae
1205 1748 1394 1789 essentiae,
1417 1748 1510 1782 sicut
1526 1748 1562 1781 in
1578 1747 1696 1794 primo

115 1801 281 1837 habitum
303 1809 358 1836 est
379 1801 425 1848 (q.
446 1813 497 1837 12.
512 1807 577 1836 art.
599 1801 664 1845 r.).·
683 1801 720 1835 in
739 1812 809 1847 qua
829 1801 976 1847 quidem
994 1801 1134 1836 visione
1150 1800 1350 1848 perfectam
1369 1801 1531 1836 hominis
1549 1801 1698 1836 beatitu-

115 1855 240 1890 dinem
261 1855 459 1890 consistere
481 1855 649 1889 diximus.

186 1909 247 1945 ΑΙ)
268 1919 420 1945 PRIMUM
443 1919 532 1955 ergo
555 1908 763 1954 dicendum,
786 1908 884 1955 quod
907 1908 1012 1943 aliter
1039 1908 1180 1943 excedit
1201 1917 1329 1943 natura
1351 1908 1538 1943 rationalis
1561 1908 1698 1943 sensiti-

115 1974 213 2006 vam,
234 1970 271 1998 et
290 1962 395 1998 aliter
415 1961 670 1997 intellectualis
693 1961 1081 2004 rationalemtbnatura
1105 1962 1203 1997 enim
1221 1962 1408 1997 rationalis
1431 1963 1572 1996 excedit
1590 1961 1698 1996 sensi-

114 2017 229 2052 tivam
257 2024 436 2063 quantum
464 2016 509 2050 ad
541 2015 763 2062 cognitionis
793 2015 999 2061 objectum3
1031 2016 1115 2062 quia
1144 2027 1271 2050 sensus
1301 2015 1403 2050 nullo
1435 2016 1548 2050 modo
1579 2024 1699 2062 potest

117 2081 342 2117 cognoscere
364 2069 580 2112 universale,
603 2070 705 2115 cujus
728 2069 820 2103 ratio
843 2077 897 2103 est
919 2069 1189 2115 cognoscitiva:
1213 2069 1275 2104 sed
1291 2069 1546 2104 intellectualis
1568 2077 1696 2104 natura

117 2123 258 2159 excedit
278 2122 496 2158 rationalem
511 2131 689 2170 quantum
707 2123 750 2156 ad
773 2123 927 2157 modum
942 2123 1194 2169 cognoscendi
1211 2123 1478 2169 intelligibilem
1494 2123 1695 2158 veritatem:

116 2189 204 2212 nam
223 2176 480 2212 intellectualis
501 2185 631 2211 natura
652 2176 776 2210 statim
803 2176 1042 2223 apprehendit
1068 2176 1271 2219 veritatem,
1300 2177 1344 2211 ad
1367 2188 1482 2223 *quam
1511 2177 1697 2211 rationalis

116 2239 244 2266 natura
267 2242 330 2278 per
355 2230 630 2278 inquisitionem
657 2230 807 2264 rationis
834 2230 1016 2277 pertingit,
1044 2238 1081 2264 ut
1107 2238 1205 2276 patet
1232 2242 1273 2264 ex
1300 2230 1368 2272 his,
1396 2242 1487 2277 quae
1515 2231 1551 2264 in
1578 2231 1697 2277 primo

117 2285 214 2320 dicta
235 2293 318 2320 sunt
340 2284 386 2331 (q.
409 2296 464 2331 79.
487 2290 551 2319 art.
573 2284 624 2329 8.)
640 2297 650 2319 .·
670 2292 705 2318 et
727 2283 810 2318 ideo
833 2284 876 2318 ad
899 2284 946 2325 id,
969 2284 1067 2330 quod
1094 2283 1300 2318 intellectus
1327 2284 1577 2331 apprehendit,
1605 2284 1696 2318 ratio

118 2351 182 2387 per
202 2339 401 2386 quemdam
419 2347 563 2373 motum
585 2338 775 2384 pertingit3
798 2337 892 2372 unde
915 2337 1103 2372 rationalis
1125 2346 1253 2372 natura
1276 2338 1452 2384 consequi
1473 2346 1594 2384 potest
1619 2338 1699 2372 bea-

117 2393 321 2435 titudinem,
343 2403 436 2439 quae
458 2400 512 2426 est
533 2391 706 2438 perfectio
729 2391 984 2426 intellectualis
1006 2399 1175 2426 naturae:
1199 2399 1322 2426 tamen
1346 2391 1418 2426 alio
1441 2392 1566 2433 modo,
1587 2402 1696 2437 quam

120 2445 256 2493 angeli:
281 2457 369 2480 nam
391 2445 510 2492 angeli
538 2445 726 2480 consecuti
748 2453 831 2479 sunt
861 2456 943 2479 eam
966 2445 1088 2479 statim
1115 2453 1197 2491 post
1219 2445 1437 2492 principium
1465 2457 1552 2480 suae
1576 2445 1700 2480 condi-

117 2499 243 2535 tionis:
265 2499 436 2534 homines
455 2507 577 2534 autem
593 2493 659 2546 ’per
676 2507 820 2545 tempus
843 2498 887 2533 ad
906 2499 1023 2545 ipsam
1042 2499 1272 2545 perveniunt:
1296 2499 1358 2534 sed
1374 2508 1502 2534 natura
1525 2499 1698 2533 sensitiva

119 2554 163 2589 ad
184 2554 282 2588 hunc
305 2553 415 2588 finem
437 2553 538 2588 nullo
561 2553 674 2588 modo
698 2553 901 2600 pertingere
924 2561 1053 2599 potest.

190 2608 250 2643 AD
272 2617 482 2643 SECUNDUM
500 2607 708 2649 dicendum,
731 2606 827 2653 quod
850 2606 993 2640 homini
1015 2606 1218 2640 secundum
1234 2615 1367 2641 statum
1391 2606 1588 2653 praesentis
1603 2606 1697 2640 vitae

118 2668 173 2696 est
185 2660 432 2696 connaturalis
447 2660 579 2695 modus
594 2660 844 2706 cognoscendi
860 2659 1050 2694 veritatem
1070 2659 1336 2705 intelligibilem
1352 2672 1414 2706 per
1429 2660 1697 2706 phantasmata:

119 2714 182 2750 sed
203 2722 287 2762 post
305 2714 413 2760 hujus
433 2714 529 2748 vitae
551 2721 685 2749 statum
707 2713 817 2748 habet
838 2712 950 2747 alium
974 2713 1126 2748 modum
1151 2713 1440 2755 connaturalem,
1461 2721 1499 2747 ut
1521 2713 1555 2747 in
1579 2713 1698 2760 primo

118 2768 257 2803 dictum
279 2775 334 2803 est
355 2767 400 2814 (q.
422 2769 479 2812 84.
500 2772 566 2802 art.
589 2779 619 2814 7.
638 2773 666 2802 et
687 2779 717 2813 q.
740 2769 796 2813 89.
819 2772 882 2801 art.
907 2766 963 2811 1.).

190 2821 251 2856 AD
279 2831 453 2856 TERTmM
480 2821 687 2863 dicendum,
721 2820 818 2867 quod
847 2820 963 2854 homo
998 2831 1072 2855 non
1104 2828 1223 2866 potest
1258 2820 1514 2855 transcendere
1547 2819 1697 2865 angelos

120 2874 235 2923 gradu
254 2883 417 2918 naturae,
439 2883 478 2909 ut
498 2874 638 2910 scilicet
659 2873 870 2909 naturaliter
893 2873 937 2908 sit
958 2874 1009 2908 eis
1031 2875 1210 2921 superior:
1235 2883 1353 2920 potest
1374 2882 1496 2909 tamen
1519 2885 1582 2909 eos
1605 2883 1683 2910 tran
