<?xml version="1.0" encoding="UTF-8"?>
<!DOCTYPE html PUBLIC "-//W3C//DTD XHTML 1.0 Transitional//EN"
    "http://www.w3.org/TR/xhtml1/DTD/xhtml1-transitional.dtd">
<html xmlns="http://www.w3.org/1999/xhtml" xml:lang="en" lang="en">
 <head>
  <title>
</title>
<meta http-equiv="Content-Type" content="text/html;charset=utf-8" />
  <meta name='ocr-system' content='tesseract 3.04.00' />
  <meta name='ocr-capabilities' content='ocr_page ocr_carea ocr_par ocr_line ocrx_word'/>
</head>
<body>
  <div class='ocr_page' id='page_1' title='image "./divithomaeaquina02thomuoft_0256.png"; bbox 0 0 1907 3182; ppageno 0'>
   <div class='ocr_carea' id='block_1_1' title="bbox 215 172 1365 216">
    <p class='ocr_par' dir='ltr' id='par_1_1' title="bbox 215 172 1365 216">
     <span class='ocr_line' id='line_1_1' title="bbox 215 172 1365 216; baseline -0.002 -13"><span class='ocrx_word' id='word_1_1' title='bbox 215 174 297 216; x_wconf 71' lang='lat'>252</span> <span class='ocrx_word' id='word_1_2' title='bbox 623 173 842 208; x_wconf 85' lang='lat' dir='ltr'><strong>QUAESTIO</strong></span> <span class='ocrx_word' id='word_1_3' title='bbox 874 173 1026 202; x_wconf 80' lang='lat' dir='ltr'><strong>XXXIII.</strong></span> <span class='ocrx_word' id='word_1_4' title='bbox 1059 172 1304 202; x_wconf 89' lang='lat' dir='ltr'>ARTICULUS</span> <span class='ocrx_word' id='word_1_5' title='bbox 1338 173 1365 202; x_wconf 88' lang='grc' dir='ltr'>Ι.</span> 
     </span>
    </p>
   </div>
   <div class='ocr_carea' id='block_1_2' title="bbox 788 340 1781 399">
    <p class='ocr_par' dir='ltr' id='par_1_2' title="bbox 788 340 1781 399">
     <span class='ocr_line' id='line_1_2' title="bbox 788 340 1781 399; baseline 0.005 -16"><span class='ocrx_word' id='word_1_6' title='bbox 788 340 1134 385; x_wconf 85' lang='lat' dir='ltr'>ARTICULUS</span> <span class='ocrx_word' id='word_1_7' title='bbox 1170 341 1203 382; x_wconf 89' lang='lat' dir='ltr'>I.</span> <span class='ocrx_word' id='word_1_8' title='bbox 1716 363 1781 399; x_wconf 85' lang='lat'>190</span> 
     </span>
    </p>
   </div>
   <div class='ocr_carea' id='block_1_3' title="bbox 542 447 1452 478">
    <p class='ocr_par' dir='ltr' id='par_1_3' title="bbox 542 447 1452 478">
     <span class='ocr_line' id='line_1_3' title="bbox 542 447 1452 478; baseline 0 -1"><span class='ocrx_word' id='word_1_9' title='bbox 542 448 696 478; x_wconf 87' lang='lat' dir='ltr'><strong>UTRUM</strong></span> <span class='ocrx_word' id='word_1_10' title='bbox 728 448 1084 477; x_wconf 82' lang='lat' dir='ltr'>DELECTATIONIS</span> <span class='ocrx_word' id='word_1_11' title='bbox 1119 447 1186 477; x_wconf 88' lang='lat' dir='ltr'>SIT</span> <span class='ocrx_word' id='word_1_12' title='bbox 1221 447 1452 478; x_wconf 83' lang='lat' dir='ltr'>DILATARE.</span> 
     </span>
    </p>
   </div>
   <div class='ocr_carea' id='block_1_4' title="bbox 752 535 1254 582">
    <p class='ocr_par' dir='ltr' id='par_1_4' title="bbox 752 535 1254 582">
     <span class='ocr_line' id='line_1_4' title="bbox 752 535 1254 582; baseline 0 -13"><span class='ocrx_word' id='word_1_13' title='bbox 752 535 853 581; x_wconf 82' lang='lat' dir='ltr'>(Infr.</span> <span class='ocrx_word' id='word_1_14' title='bbox 877 547 906 581; x_wconf 90' lang='lat' dir='ltr'>q.</span> <span class='ocrx_word' id='word_1_15' title='bbox 926 547 977 581; x_wconf 85' lang='lat'>37.</span> <span class='ocrx_word' id='word_1_16' title='bbox 999 540 1063 570; x_wconf 83' lang='lat' dir='ltr'>art.</span> <span class='ocrx_word' id='word_1_17' title='bbox 1082 546 1115 579; x_wconf 84' lang='lat'>4.</span> <span class='ocrx_word' id='word_1_18' title='bbox 1135 536 1254 582; x_wconf 70' lang='lat' dir='ltr'>corp).</span> 
     </span>
    </p>
   </div>
   <div class='ocr_carea' id='block_1_5' title="bbox 216 622 1804 2791">
    <p class='ocr_par' dir='ltr' id='par_1_5' title="bbox 217 622 1785 881">
     <span class='ocr_line' id='line_1_5' title="bbox 287 622 1785 668; baseline 0.002 -13"><span class='ocrx_word' id='word_1_19' title='bbox 287 622 348 656; x_wconf 87' lang='lat' dir='ltr'>AD</span> <span class='ocrx_word' id='word_1_20' title='bbox 370 632 519 657; x_wconf 75' lang='lat' dir='ltr'>PRIMUM</span> <span class='ocrx_word' id='word_1_21' title='bbox 541 622 590 656; x_wconf 88' lang='lat' dir='ltr'>sic</span> <span class='ocrx_word' id='word_1_22' title='bbox 613 622 829 668; x_wconf 83' lang='lat' dir='ltr'>proceditur.</span> <span class='ocrx_word' id='word_1_23' title='bbox 852 622 1016 664; x_wconf 76' lang='lat' dir='ltr'>Videtur,</span> <span class='ocrx_word' id='word_1_24' title='bbox 1039 622 1137 668; x_wconf 93' lang='lat' dir='ltr'>quod</span> <span class='ocrx_word' id='word_1_25' title='bbox 1160 622 1322 656; x_wconf 86' lang='lat' dir='ltr'>dilatatio</span> <span class='ocrx_word' id='word_1_26' title='bbox 1344 634 1418 657; x_wconf 91' lang='lat' dir='ltr'>non</span> <span class='ocrx_word' id='word_1_27' title='bbox 1444 623 1490 657; x_wconf 87' lang='lat' dir='ltr'>sit</span> <span class='ocrx_word' id='word_1_28' title='bbox 1515 623 1664 658; x_wconf 85' lang='lat' dir='ltr'>effectus</span> <span class='ocrx_word' id='word_1_29' title='bbox 1686 623 1785 658; x_wconf 91' lang='lat' dir='ltr'>dele-</span> 
     </span>
     <span class='ocr_line' id='line_1_6' title="bbox 218 675 1784 722; baseline 0.001 -14"><span class='ocrx_word' id='word_1_30' title='bbox 218 675 403 709; x_wconf 87' lang='lat' dir='ltr'>ctationis:</span> <span class='ocrx_word' id='word_1_31' title='bbox 424 675 586 710; x_wconf 88' lang='lat' dir='ltr'>dilatatio</span> <span class='ocrx_word' id='word_1_32' title='bbox 606 676 703 709; x_wconf 89' lang='lat' dir='ltr'>enim</span> <span class='ocrx_word' id='word_1_33' title='bbox 721 676 861 710; x_wconf 81' lang='lat' dir='ltr'>videtur</span> <span class='ocrx_word' id='word_1_34' title='bbox 881 676 924 709; x_wconf 88' lang='lat' dir='ltr'>ad</span> <span class='ocrx_word' id='word_1_35' title='bbox 943 687 1109 710; x_wconf 89' lang='lat' dir='ltr'>amorem</span> <span class='ocrx_word' id='word_1_36' title='bbox 1124 676 1241 721; x_wconf 86' lang='lat' dir='ltr'>magis</span> <span class='ocrx_word' id='word_1_37' title='bbox 1256 676 1453 721; x_wconf 89' lang='lat' dir='ltr'>pertinere;</span> <span class='ocrx_word' id='word_1_38' title='bbox 1471 677 1673 710; x_wconf 87' lang='lat' dir='ltr'>secundum</span> <span class='ocrx_word' id='word_1_39' title='bbox 1686 677 1784 722; x_wconf 88' lang='lat' dir='ltr'>quod</span> 
     </span>
     <span class='ocr_line' id='line_1_7' title="bbox 217 727 1784 775; baseline 0.001 -14"><span class='ocrx_word' id='word_1_40' title='bbox 217 727 305 761; x_wconf 91' lang='lat' dir='ltr'>dicit</span> <span class='ocrx_word' id='word_1_41' title='bbox 327 728 526 774; x_wconf 76' lang='lat' dir='ltr'>Apostolus</span> <span class='ocrx_word' id='word_1_42' title='bbox 548 739 579 762; x_wconf 89' lang='lat'>2.</span> <span class='ocrx_word' id='word_1_43' title='bbox 605 728 647 762; x_wconf 90' lang='lat' dir='ltr'>ad</span> <span class='ocrx_word' id='word_1_44' title='bbox 663 728 750 763; x_wconf 88' lang='lat' dir='ltr'>Cor.</span> <span class='ocrx_word' id='word_1_45' title='bbox 765 727 814 762; x_wconf 82' lang='lat'>6.:</span> <span class='ocrx_word' id='word_1_46' title='bbox 841 729 909 763; x_wconf 85' lang='lat' dir='ltr'>Cor</span> <span class='ocrx_word' id='word_1_47' title='bbox 926 734 1075 764; x_wconf 75' lang='lat' dir='ltr'>nostrum</span> <span class='ocrx_word' id='word_1_48' title='bbox 1089 729 1264 763; x_wconf 76' lang='lat' dir='ltr'>dilatatum</span> <span class='ocrx_word' id='word_1_49' title='bbox 1279 734 1344 764; x_wconf 78' lang='lat' dir='ltr'>est:</span> <span class='ocrx_word' id='word_1_50' title='bbox 1368 729 1462 763; x_wconf 89' lang='lat' dir='ltr'>unde</span> <span class='ocrx_word' id='word_1_51' title='bbox 1477 737 1510 763; x_wconf 86' lang='lat' dir='ltr'>et</span> <span class='ocrx_word' id='word_1_52' title='bbox 1525 729 1569 763; x_wconf 89' lang='lat' dir='ltr'>de</span> <span class='ocrx_word' id='word_1_53' title='bbox 1589 738 1784 775; x_wconf 88' lang='lat' dir='ltr'>praecepto</span> 
     </span>
     <span class='ocr_line' id='line_1_8' title="bbox 218 781 1785 817; baseline 0.002 -3"><span class='ocrx_word' id='word_1_54' title='bbox 218 781 401 814; x_wconf 86' lang='lat' dir='ltr'>charitatis</span> <span class='ocrx_word' id='word_1_55' title='bbox 424 782 457 815; x_wconf 92' lang='lat' dir='ltr'>in</span> <span class='ocrx_word' id='word_1_56' title='bbox 481 781 574 816; x_wconf 89' lang='lat' dir='ltr'>Psal.</span> <span class='ocrx_word' id='word_1_57' title='bbox 602 781 677 815; x_wconf 91' lang='lat'>118.</span> <span class='ocrx_word' id='word_1_58' title='bbox 700 782 848 816; x_wconf 88' lang='lat' dir='ltr'>dicitur:</span> <span class='ocrx_word' id='word_1_59' title='bbox 870 783 993 816; x_wconf 77' lang='lat' dir='ltr'>Latum</span> <span class='ocrx_word' id='word_1_60' title='bbox 1015 782 1209 816; x_wconf 74' lang='lat' dir='ltr'>mandatum</span> <span class='ocrx_word' id='word_1_61' title='bbox 1237 787 1329 816; x_wconf 78' lang='lat' dir='ltr'>tuum</span> <span class='ocrx_word' id='word_1_62' title='bbox 1354 783 1475 816; x_wconf 78' lang='lat' dir='ltr'>nimis:</span> <span class='ocrx_word' id='word_1_63' title='bbox 1501 782 1565 816; x_wconf 87' lang='lat' dir='ltr'>sed</span> <span class='ocrx_word' id='word_1_64' title='bbox 1591 782 1785 817; x_wconf 82' lang='lat' dir='ltr'>delectatio</span> 
     </span>
     <span class='ocr_line' id='line_1_9' title="bbox 220 833 1662 881; baseline 0.001 -14"><span class='ocrx_word' id='word_1_65' title='bbox 220 841 273 868; x_wconf 91' lang='lat' dir='ltr'>est</span> <span class='ocrx_word' id='word_1_66' title='bbox 294 833 361 867; x_wconf 85' lang='lat' dir='ltr'>alia</span> <span class='ocrx_word' id='word_1_67' title='bbox 385 835 505 880; x_wconf 78' lang='lat' dir='ltr'>passio</span> <span class='ocrx_word' id='word_1_68' title='bbox 529 835 571 868; x_wconf 84' lang='lat' dir='ltr'>ab</span> <span class='ocrx_word' id='word_1_69' title='bbox 595 846 739 877; x_wconf 80' lang='lat' dir='ltr'>amore3</span> <span class='ocrx_word' id='word_1_70' title='bbox 762 846 849 881; x_wconf 86' lang='lat' dir='ltr'>ergo</span> <span class='ocrx_word' id='word_1_71' title='bbox 872 834 1034 869; x_wconf 87' lang='lat' dir='ltr'>dilatatio</span> <span class='ocrx_word' id='word_1_72' title='bbox 1057 846 1132 869; x_wconf 91' lang='lat' dir='ltr'>non</span> <span class='ocrx_word' id='word_1_73' title='bbox 1155 843 1208 869; x_wconf 91' lang='lat' dir='ltr'>est</span> <span class='ocrx_word' id='word_1_74' title='bbox 1230 834 1378 869; x_wconf 86' lang='lat' dir='ltr'>effectus</span> <span class='ocrx_word' id='word_1_75' title='bbox 1401 834 1662 870; x_wconf 81' lang='lat' dir='ltr'>delectationis.</span> 
     </span>
    </p>

    <p class='ocr_par' dir='ltr' id='par_1_6' title="bbox 217 887 1788 1041">
     <span class='ocr_line' id='line_1_10' title="bbox 291 887 1788 935; baseline 0.001 -14"><span class='ocrx_word' id='word_1_76' title='bbox 291 897 321 920; x_wconf 85' lang='lat'>2.</span> <span class='ocrx_word' id='word_1_77' title='bbox 345 887 581 922; x_wconf 71' lang='lat' dir='ltr'>PRAETEREA.</span> <span class='ocrx_word' id='word_1_78' title='bbox 604 888 655 922; x_wconf 85' lang='lat' dir='ltr'>Ex</span> <span class='ocrx_word' id='word_1_79' title='bbox 677 888 749 922; x_wconf 93' lang='lat' dir='ltr'>hoc</span> <span class='ocrx_word' id='word_1_80' title='bbox 772 889 869 934; x_wconf 85' lang='lat' dir='ltr'>quod</span> <span class='ocrx_word' id='word_1_81' title='bbox 891 888 1026 934; x_wconf 86' lang='lat' dir='ltr'>aliquid</span> <span class='ocrx_word' id='word_1_82' title='bbox 1049 888 1226 930; x_wconf 85' lang='lat' dir='ltr'>dilatatur,</span> <span class='ocrx_word' id='word_1_83' title='bbox 1255 887 1406 922; x_wconf 87' lang='lat' dir='ltr'>efficitur</span> <span class='ocrx_word' id='word_1_84' title='bbox 1433 889 1603 935; x_wconf 88' lang='lat' dir='ltr'>capacius</span> <span class='ocrx_word' id='word_1_85' title='bbox 1630 888 1675 922; x_wconf 90' lang='lat' dir='ltr'>ad</span> <span class='ocrx_word' id='word_1_86' title='bbox 1700 888 1788 922; x_wconf 90' lang='lat' dir='ltr'>reci-</span> 
     </span>
     <span class='ocr_line' id='line_1_11' title="bbox 217 940 1787 987; baseline 0.001 -13"><span class='ocrx_word' id='word_1_87' title='bbox 217 940 408 986; x_wconf 86' lang='lat' dir='ltr'>piendum:</span> <span class='ocrx_word' id='word_1_88' title='bbox 432 941 493 974; x_wconf 93' lang='lat' dir='ltr'>sed</span> <span class='ocrx_word' id='word_1_89' title='bbox 515 941 675 987; x_wconf 86' lang='lat' dir='ltr'>receptio</span> <span class='ocrx_word' id='word_1_90' title='bbox 698 942 852 987; x_wconf 82' lang='lat' dir='ltr'>pertinet</span> <span class='ocrx_word' id='word_1_91' title='bbox 871 941 912 975; x_wconf 76' lang='lat' dir='ltr'>ad</span> <span class='ocrx_word' id='word_1_92' title='bbox 933 941 1164 983; x_wconf 82' lang='lat' dir='ltr'>desiderium,</span> <span class='ocrx_word' id='word_1_93' title='bbox 1186 942 1284 987; x_wconf 88' lang='lat' dir='ltr'>quod</span> <span class='ocrx_word' id='word_1_94' title='bbox 1303 949 1356 976; x_wconf 90' lang='lat' dir='ltr'>est</span> <span class='ocrx_word' id='word_1_95' title='bbox 1372 941 1425 975; x_wconf 88' lang='lat' dir='ltr'>rei</span> <span class='ocrx_word' id='word_1_96' title='bbox 1440 941 1606 976; x_wconf 90' lang='lat' dir='ltr'>nondum</span> <span class='ocrx_word' id='word_1_97' title='bbox 1622 941 1787 983; x_wconf 87' lang='lat' dir='ltr'>habitae;</span> 
     </span>
     <span class='ocr_line' id='line_1_12' title="bbox 219 993 1787 1041; baseline 0.001 -15"><span class='ocrx_word' id='word_1_98' title='bbox 219 1004 306 1039; x_wconf 85' lang='lat' dir='ltr'>ergo</span> <span class='ocrx_word' id='word_1_99' title='bbox 329 993 490 1027; x_wconf 88' lang='lat' dir='ltr'>dilatatio</span> <span class='ocrx_word' id='word_1_100' title='bbox 510 995 626 1040; x_wconf 87' lang='lat' dir='ltr'>magis</span> <span class='ocrx_word' id='word_1_101' title='bbox 644 994 785 1029; x_wconf 86' lang='lat' dir='ltr'>videtur</span> <span class='ocrx_word' id='word_1_102' title='bbox 806 995 985 1041; x_wconf 87' lang='lat' dir='ltr'>pertinere</span> <span class='ocrx_word' id='word_1_103' title='bbox 1001 995 1045 1028; x_wconf 88' lang='lat' dir='ltr'>ad</span> <span class='ocrx_word' id='word_1_104' title='bbox 1060 994 1291 1036; x_wconf 89' lang='lat' dir='ltr'>desiderium,</span> <span class='ocrx_word' id='word_1_105' title='bbox 1310 1006 1421 1041; x_wconf 89' lang='lat' dir='ltr'>quam</span> <span class='ocrx_word' id='word_1_106' title='bbox 1436 994 1480 1028; x_wconf 89' lang='lat' dir='ltr'>ad</span> <span class='ocrx_word' id='word_1_107' title='bbox 1495 994 1787 1029; x_wconf 85' lang='lat' dir='ltr'>delectationem.</span> 
     </span>
    </p>

    <p class='ocr_par' dir='ltr' id='par_1_7' title="bbox 219 1047 1789 1254">
     <span class='ocr_line' id='line_1_13' title="bbox 293 1047 1788 1094; baseline -0.001 -13"><span class='ocrx_word' id='word_1_108' title='bbox 293 1059 322 1093; x_wconf 82' lang='lat'>3.</span> <span class='ocrx_word' id='word_1_109' title='bbox 350 1047 586 1082; x_wconf 76' lang='lat' dir='ltr'>PRAETEREA.</span> <span class='ocrx_word' id='word_1_110' title='bbox 612 1048 835 1082; x_wconf 90' lang='lat' dir='ltr'>Constrictio</span> <span class='ocrx_word' id='word_1_111' title='bbox 864 1048 1067 1082; x_wconf 85' lang='lat' dir='ltr'>dilatationi</span> <span class='ocrx_word' id='word_1_112' title='bbox 1093 1048 1308 1094; x_wconf 84' lang='lat' dir='ltr'>opponitur3</span> <span class='ocrx_word' id='word_1_113' title='bbox 1331 1047 1393 1082; x_wconf 91' lang='lat' dir='ltr'>sed</span> <span class='ocrx_word' id='word_1_114' title='bbox 1416 1048 1626 1082; x_wconf 83' lang='lat' dir='ltr'>constrictio</span> <span class='ocrx_word' id='word_1_115' title='bbox 1648 1047 1788 1081; x_wconf 84' lang='lat' dir='ltr'>videtur</span> 
     </span>
     <span class='ocr_line' id='line_1_14' title="bbox 219 1100 1789 1147; baseline 0 -13"><span class='ocrx_word' id='word_1_116' title='bbox 219 1100 262 1134; x_wconf 89' lang='lat' dir='ltr'>ad</span> <span class='ocrx_word' id='word_1_117' title='bbox 285 1100 566 1135; x_wconf 85' lang='lat' dir='ltr'>delectationem</span> <span class='ocrx_word' id='word_1_118' title='bbox 588 1101 785 1147; x_wconf 89' lang='lat' dir='ltr'>pertinere;</span> <span class='ocrx_word' id='word_1_119' title='bbox 807 1113 894 1136; x_wconf 89' lang='lat' dir='ltr'>nam</span> <span class='ocrx_word' id='word_1_120' title='bbox 912 1101 1000 1135; x_wconf 90' lang='lat' dir='ltr'>illud</span> <span class='ocrx_word' id='word_1_121' title='bbox 1024 1101 1319 1147; x_wconf 82' lang='lat' dir='ltr'>constringimus,</span> <span class='ocrx_word' id='word_1_122' title='bbox 1334 1101 1432 1147; x_wconf 92' lang='lat' dir='ltr'>quod</span> <span class='ocrx_word' id='word_1_123' title='bbox 1450 1101 1601 1136; x_wconf 88' lang='lat' dir='ltr'>firmiter</span> <span class='ocrx_word' id='word_1_124' title='bbox 1617 1100 1789 1135; x_wconf 89' lang='lat' dir='ltr'>volumus</span> 
     </span>
     <span class='ocr_line' id='line_1_15' title="bbox 219 1154 1789 1201; baseline 0.001 -14"><span class='ocrx_word' id='word_1_125' title='bbox 219 1154 387 1188; x_wconf 84' lang='lat' dir='ltr'>retinere:</span> <span class='ocrx_word' id='word_1_126' title='bbox 417 1162 451 1188; x_wconf 88' lang='lat' dir='ltr'>et</span> <span class='ocrx_word' id='word_1_127' title='bbox 472 1154 552 1188; x_wconf 88' lang='lat' dir='ltr'>talis</span> <span class='ocrx_word' id='word_1_128' title='bbox 576 1163 629 1189; x_wconf 87' lang='lat' dir='ltr'>est</span> <span class='ocrx_word' id='word_1_129' title='bbox 650 1154 794 1189; x_wconf 89' lang='lat' dir='ltr'>affectio</span> <span class='ocrx_word' id='word_1_130' title='bbox 818 1155 995 1201; x_wconf 87' lang='lat' dir='ltr'>appetitus</span> <span class='ocrx_word' id='word_1_131' title='bbox 1018 1155 1114 1188; x_wconf 86' lang='lat' dir='ltr'>circa</span> <span class='ocrx_word' id='word_1_132' title='bbox 1136 1166 1213 1189; x_wconf 87' lang='lat' dir='ltr'>rem</span> <span class='ocrx_word' id='word_1_133' title='bbox 1235 1155 1496 1198; x_wconf 82' lang='lat' dir='ltr'>delectantem3</span> <span class='ocrx_word' id='word_1_134' title='bbox 1519 1165 1606 1200; x_wconf 87' lang='lat' dir='ltr'>ergo</span> <span class='ocrx_word' id='word_1_135' title='bbox 1626 1154 1789 1189; x_wconf 85' lang='lat' dir='ltr'>dilatatio</span> 
     </span>
     <span class='ocr_line' id='line_1_16' title="bbox 222 1207 847 1254; baseline 0 -13"><span class='ocrx_word' id='word_1_136' title='bbox 222 1208 265 1241; x_wconf 89' lang='lat' dir='ltr'>ad</span> <span class='ocrx_word' id='word_1_137' title='bbox 288 1207 568 1241; x_wconf 83' lang='lat' dir='ltr'>delectationem</span> <span class='ocrx_word' id='word_1_138' title='bbox 590 1219 663 1242; x_wconf 94' lang='lat' dir='ltr'>non</span> <span class='ocrx_word' id='word_1_139' title='bbox 683 1210 847 1254; x_wconf 84' lang='lat' dir='ltr'>pertinet.</span> 
     </span>
    </p>

    <p class='ocr_par' dir='ltr' id='par_1_8' title="bbox 216 1260 1792 1467">
     <span class='ocr_line' id='line_1_17' title="bbox 291 1260 1790 1307; baseline -0.001 -12"><span class='ocrx_word' id='word_1_140' title='bbox 291 1260 366 1295; x_wconf 80' lang='lat' dir='ltr'>SED</span> <span class='ocrx_word' id='word_1_141' title='bbox 389 1271 545 1295; x_wconf 70' lang='lat' dir='ltr'>CONTRA</span> <span class='ocrx_word' id='word_1_142' title='bbox 568 1269 631 1304; x_wconf 90' lang='lat' dir='ltr'>est,</span> <span class='ocrx_word' id='word_1_143' title='bbox 656 1262 751 1307; x_wconf 89' lang='lat' dir='ltr'>quod</span> <span class='ocrx_word' id='word_1_144' title='bbox 775 1262 1044 1307; x_wconf 76' lang='lat' dir='ltr'>expressionem</span> <span class='ocrx_word' id='word_1_145' title='bbox 1068 1261 1190 1307; x_wconf 84' lang='lat' dir='ltr'>gaudii</span> <span class='ocrx_word' id='word_1_146' title='bbox 1206 1261 1336 1295; x_wconf 87' lang='lat' dir='ltr'>dicitur</span> <span class='ocrx_word' id='word_1_147' title='bbox 1349 1261 1417 1296; x_wconf 88' lang='lat' dir='ltr'>Isa.</span> <span class='ocrx_word' id='word_1_148' title='bbox 1433 1260 1507 1297; x_wconf 85' lang='lat'>60.:</span> <span class='ocrx_word' id='word_1_149' title='bbox 1537 1261 1678 1304; x_wconf 79' lang='lat' dir='ltr'>Videbis,</span> <span class='ocrx_word' id='word_1_150' title='bbox 1696 1266 1724 1295; x_wconf 77' lang='lat' dir='ltr'>et</span> <span class='ocrx_word' id='word_1_151' title='bbox 1742 1260 1790 1306; x_wconf 75' lang='lat' dir='ltr'>as-</span> 
     </span>
     <span class='ocr_line' id='line_1_18' title="bbox 216 1313 1792 1361; baseline 0.001 -14"><span class='ocrx_word' id='word_1_152' title='bbox 216 1314 322 1358; x_wconf 66' lang='lat' dir='ltr'>flues,-</span> <span class='ocrx_word' id='word_1_153' title='bbox 350 1319 377 1348; x_wconf 74' lang='lat' dir='ltr'>et</span> <span class='ocrx_word' id='word_1_154' title='bbox 403 1315 599 1357; x_wconf 75' lang='lat' dir='ltr'>mirabitur,</span> <span class='ocrx_word' id='word_1_155' title='bbox 630 1320 659 1349; x_wconf 86' lang='lat' dir='ltr'>et</span> <span class='ocrx_word' id='word_1_156' title='bbox 689 1314 886 1349; x_wconf 72' lang='lat' dir='ltr'>dilatabitur</span> <span class='ocrx_word' id='word_1_157' title='bbox 913 1327 970 1349; x_wconf 77' lang='lat' dir='ltr'>cor</span> <span class='ocrx_word' id='word_1_158' title='bbox 996 1320 1112 1349; x_wconf 78' lang='lat' dir='ltr'>tuum:</span> <span class='ocrx_word' id='word_1_159' title='bbox 1139 1315 1216 1361; x_wconf 90' lang='lat' dir='ltr'>ipsa</span> <span class='ocrx_word' id='word_1_160' title='bbox 1243 1315 1352 1348; x_wconf 88' lang='lat' dir='ltr'>etiarn</span> <span class='ocrx_word' id='word_1_161' title='bbox 1380 1314 1573 1349; x_wconf 85' lang='lat' dir='ltr'>delectatio</span> <span class='ocrx_word' id='word_1_162' title='bbox 1601 1325 1644 1348; x_wconf 83' lang='lat' dir='ltr'>ex</span> <span class='ocrx_word' id='word_1_163' title='bbox 1669 1313 1792 1348; x_wconf 87' lang='lat' dir='ltr'>dilata-</span> 
     </span>
     <span class='ocr_line' id='line_1_19' title="bbox 219 1367 1790 1414; baseline -0.001 -13"><span class='ocrx_word' id='word_1_164' title='bbox 219 1367 317 1401; x_wconf 85' lang='lat' dir='ltr'>tione</span> <span class='ocrx_word' id='word_1_165' title='bbox 347 1378 484 1401; x_wconf 90' lang='lat' dir='ltr'>nomen</span> <span class='ocrx_word' id='word_1_166' title='bbox 515 1368 666 1414; x_wconf 88' lang='lat' dir='ltr'>accepit,</span> <span class='ocrx_word' id='word_1_167' title='bbox 696 1376 735 1402; x_wconf 90' lang='lat' dir='ltr'>ut</span> <span class='ocrx_word' id='word_1_168' title='bbox 763 1367 900 1402; x_wconf 87' lang='lat' dir='ltr'>laetitia</span> <span class='ocrx_word' id='word_1_169' title='bbox 933 1368 1152 1410; x_wconf 89' lang='lat' dir='ltr'>nominetur,</span> <span class='ocrx_word' id='word_1_170' title='bbox 1181 1368 1273 1402; x_wconf 89' lang='lat' dir='ltr'>sicut</span> <span class='ocrx_word' id='word_1_171' title='bbox 1300 1379 1407 1413; x_wconf 86' lang='lat' dir='ltr'>supra</span> <span class='ocrx_word' id='word_1_172' title='bbox 1437 1368 1575 1402; x_wconf 92' lang='lat' dir='ltr'>dictum</span> <span class='ocrx_word' id='word_1_173' title='bbox 1602 1375 1657 1402; x_wconf 90' lang='lat' dir='ltr'>est</span> <span class='ocrx_word' id='word_1_174' title='bbox 1680 1367 1725 1413; x_wconf 80' lang='lat' dir='ltr'>(q.</span> <span class='ocrx_word' id='word_1_175' title='bbox 1743 1378 1790 1412; x_wconf 81' lang='lat'>31.</span> 
     </span>
     <span class='ocr_line' id='line_1_20' title="bbox 221 1420 472 1467; baseline 0 -13"><span class='ocrx_word' id='word_1_176' title='bbox 221 1426 285 1455; x_wconf 75' lang='lat' dir='ltr'>art.</span> <span class='ocrx_word' id='word_1_177' title='bbox 305 1433 334 1466; x_wconf 82' lang='lat'>3.</span> <span class='ocrx_word' id='word_1_178' title='bbox 356 1420 398 1454; x_wconf 80' lang='lat' dir='ltr'>ad</span> <span class='ocrx_word' id='word_1_179' title='bbox 414 1422 472 1467; x_wconf 81' lang='lat'>3.).</span> 
     </span>
    </p>

    <p class='ocr_par' dir='ltr' id='par_1_9' title="bbox 221 1473 1797 2097">
     <span class='ocr_line' id='line_1_21' title="bbox 292 1473 1793 1520; baseline -0.001 -12"><span class='ocrx_word' id='word_1_180' title='bbox 292 1474 522 1508; x_wconf 62' lang='lat' dir='ltr'>Rssspoxmzo</span> <span class='ocrx_word' id='word_1_181' title='bbox 546 1474 751 1516; x_wconf 88' lang='lat' dir='ltr'>dicendum,</span> <span class='ocrx_word' id='word_1_182' title='bbox 771 1475 868 1520; x_wconf 88' lang='lat' dir='ltr'>quod</span> <span class='ocrx_word' id='word_1_183' title='bbox 891 1474 1045 1508; x_wconf 90' lang='lat' dir='ltr'>latitudo</span> <span class='ocrx_word' id='word_1_184' title='bbox 1066 1482 1119 1508; x_wconf 91' lang='lat' dir='ltr'>est</span> <span class='ocrx_word' id='word_1_185' title='bbox 1136 1474 1315 1520; x_wconf 83' lang='lat' dir='ltr'>quaedam</span> <span class='ocrx_word' id='word_1_186' title='bbox 1335 1473 1514 1508; x_wconf 88' lang='lat' dir='ltr'>dimensio</span> <span class='ocrx_word' id='word_1_187' title='bbox 1533 1473 1793 1519; x_wconf 89' lang='lat' dir='ltr'>magnitudinis</span> 
     </span>
     <span class='ocr_line' id='line_1_22' title="bbox 222 1526 1791 1573; baseline -0.001 -12"><span class='ocrx_word' id='word_1_188' title='bbox 222 1527 439 1573; x_wconf 87' lang='lat' dir='ltr'>corporalis;</span> <span class='ocrx_word' id='word_1_189' title='bbox 462 1527 555 1561; x_wconf 89' lang='lat' dir='ltr'>unde</span> <span class='ocrx_word' id='word_1_190' title='bbox 585 1527 621 1560; x_wconf 94' lang='lat' dir='ltr'>in</span> <span class='ocrx_word' id='word_1_191' title='bbox 653 1526 904 1562; x_wconf 85' lang='lat' dir='ltr'>affectionibus</span> <span class='ocrx_word' id='word_1_192' title='bbox 934 1528 1075 1561; x_wconf 87' lang='lat' dir='ltr'>animae</span> <span class='ocrx_word' id='word_1_193' title='bbox 1106 1539 1180 1561; x_wconf 91' lang='lat' dir='ltr'>non</span> <span class='ocrx_word' id='word_1_194' title='bbox 1209 1527 1278 1561; x_wconf 88' lang='lat' dir='ltr'>nisi</span> <span class='ocrx_word' id='word_1_195' title='bbox 1308 1527 1510 1561; x_wconf 89' lang='lat' dir='ltr'>secundum</span> <span class='ocrx_word' id='word_1_196' title='bbox 1536 1527 1791 1573; x_wconf 86' lang='lat' dir='ltr'>metaphoram</span> 
     </span>
     <span class='ocr_line' id='line_1_23' title="bbox 223 1580 1795 1626; baseline 0.001 -12"><span class='ocrx_word' id='word_1_197' title='bbox 223 1580 361 1614; x_wconf 87' lang='lat' dir='ltr'>dicitur.</span> <span class='ocrx_word' id='word_1_198' title='bbox 377 1580 552 1614; x_wconf 87' lang='lat' dir='ltr'>Dilatatio</span> <span class='ocrx_word' id='word_1_199' title='bbox 576 1588 697 1614; x_wconf 81' lang='lat' dir='ltr'>autern</span> <span class='ocrx_word' id='word_1_200' title='bbox 721 1581 849 1615; x_wconf 88' lang='lat' dir='ltr'>dicitur</span> <span class='ocrx_word' id='word_1_201' title='bbox 872 1581 975 1626; x_wconf 90' lang='lat' dir='ltr'>quasi</span> <span class='ocrx_word' id='word_1_202' title='bbox 997 1589 1118 1615; x_wconf 89' lang='lat' dir='ltr'>motus</span> <span class='ocrx_word' id='word_1_203' title='bbox 1143 1580 1186 1614; x_wconf 85' lang='lat' dir='ltr'>ad</span> <span class='ocrx_word' id='word_1_204' title='bbox 1208 1580 1456 1614; x_wconf 88' lang='lat' dir='ltr'>latitudinem:</span> <span class='ocrx_word' id='word_1_205' title='bbox 1479 1587 1515 1614; x_wconf 89' lang='lat' dir='ltr'>et</span> <span class='ocrx_word' id='word_1_206' title='bbox 1535 1580 1712 1626; x_wconf 88' lang='lat' dir='ltr'>competit</span> <span class='ocrx_word' id='word_1_207' title='bbox 1737 1580 1795 1615; x_wconf 90' lang='lat' dir='ltr'>de-</span> 
     </span>
     <span class='ocr_line' id='line_1_24' title="bbox 221 1633 1795 1680; baseline 0.001 -13"><span class='ocrx_word' id='word_1_208' title='bbox 221 1633 409 1668; x_wconf 85' lang='lat' dir='ltr'>lectationi</span> <span class='ocrx_word' id='word_1_209' title='bbox 430 1634 631 1667; x_wconf 84' lang='lat' dir='ltr'>secundum</span> <span class='ocrx_word' id='word_1_210' title='bbox 653 1634 728 1675; x_wconf 80' lang='grc' dir='ltr'><em>ιῖιιο,</em></span> <span class='ocrx_word' id='word_1_211' title='bbox 752 1645 844 1680; x_wconf 91' lang='lat' dir='ltr'>quae</span> <span class='ocrx_word' id='word_1_212' title='bbox 867 1634 910 1668; x_wconf 90' lang='lat' dir='ltr'>ad</span> <span class='ocrx_word' id='word_1_213' title='bbox 933 1634 1216 1668; x_wconf 84' lang='lat' dir='ltr'>delectationem</span> <span class='ocrx_word' id='word_1_214' title='bbox 1237 1634 1477 1680; x_wconf 89' lang='lat' dir='ltr'>requiruntur.</span> <span class='ocrx_word' id='word_1_215' title='bbox 1503 1633 1673 1674; x_wconf 85' lang='lat' dir='ltr'>Quorum</span> <span class='ocrx_word' id='word_1_216' title='bbox 1691 1646 1795 1668; x_wconf 82' lang='lat' dir='ltr'>unum</span> 
     </span>
     <span class='ocr_line' id='line_1_25' title="bbox 223 1686 1795 1733; baseline 0.001 -13"><span class='ocrx_word' id='word_1_217' title='bbox 223 1695 276 1721; x_wconf 92' lang='lat' dir='ltr'>est</span> <span class='ocrx_word' id='word_1_218' title='bbox 297 1698 339 1720; x_wconf 83' lang='lat' dir='ltr'>ex</span> <span class='ocrx_word' id='word_1_219' title='bbox 360 1695 460 1732; x_wconf 89' lang='lat' dir='ltr'>parte</span> <span class='ocrx_word' id='word_1_220' title='bbox 481 1687 766 1733; x_wconf 76' lang='lat' dir='ltr'>apprehensivae</span> <span class='ocrx_word' id='word_1_221' title='bbox 785 1687 936 1729; x_wconf 86' lang='lat' dir='ltr'>virtutis,</span> <span class='ocrx_word' id='word_1_222' title='bbox 957 1698 1048 1733; x_wconf 86' lang='lat' dir='ltr'>quae</span> <span class='ocrx_word' id='word_1_223' title='bbox 1068 1687 1307 1733; x_wconf 87' lang='lat' dir='ltr'>apprehendit</span> <span class='ocrx_word' id='word_1_224' title='bbox 1326 1686 1625 1732; x_wconf 86' lang='lat' dir='ltr'>conjunctionem</span> <span class='ocrx_word' id='word_1_225' title='bbox 1644 1686 1795 1733; x_wconf 88' lang='lat' dir='ltr'>alicujus</span> 
     </span>
     <span class='ocr_line' id='line_1_26' title="bbox 222 1740 1797 1787; baseline 0 -13"><span class='ocrx_word' id='word_1_226' title='bbox 222 1741 308 1774; x_wconf 89' lang='lat' dir='ltr'>boni</span> <span class='ocrx_word' id='word_1_227' title='bbox 333 1741 602 1783; x_wconf 74' lang='lat' dir='ltr'>convenientis3</span> <span class='ocrx_word' id='word_1_228' title='bbox 626 1753 667 1775; x_wconf 82' lang='lat' dir='ltr'>ex</span> <span class='ocrx_word' id='word_1_229' title='bbox 689 1741 757 1775; x_wconf 91' lang='lat' dir='ltr'>hac</span> <span class='ocrx_word' id='word_1_230' title='bbox 781 1749 904 1775; x_wconf 85' lang='lat' dir='ltr'>autem</span> <span class='ocrx_word' id='word_1_231' title='bbox 931 1741 1220 1787; x_wconf 84' lang='lat' dir='ltr'>apprehensione</span> <span class='ocrx_word' id='word_1_232' title='bbox 1249 1740 1487 1787; x_wconf 86' lang='lat' dir='ltr'>apprehendit</span> <span class='ocrx_word' id='word_1_233' title='bbox 1513 1751 1551 1774; x_wconf 87' lang='lat' dir='ltr'>se</span> <span class='ocrx_word' id='word_1_234' title='bbox 1577 1740 1693 1774; x_wconf 91' lang='lat' dir='ltr'>homo</span> <span class='ocrx_word' id='word_1_235' title='bbox 1720 1752 1797 1787; x_wconf 87' lang='lat' dir='ltr'>per-</span> 
     </span>
     <span class='ocr_line' id='line_1_27' title="bbox 222 1793 1796 1840; baseline 0 -12"><span class='ocrx_word' id='word_1_236' title='bbox 222 1793 419 1828; x_wconf 84' lang='lat' dir='ltr'>fectionem</span> <span class='ocrx_word' id='word_1_237' title='bbox 442 1795 639 1840; x_wconf 86' lang='lat' dir='ltr'>quamdam</span> <span class='ocrx_word' id='word_1_238' title='bbox 662 1794 844 1840; x_wconf 89' lang='lat' dir='ltr'>adeptum,</span> <span class='ocrx_word' id='word_1_239' title='bbox 867 1806 959 1840; x_wconf 84' lang='lat' dir='ltr'>quae</span> <span class='ocrx_word' id='word_1_240' title='bbox 982 1802 1035 1828; x_wconf 90' lang='lat' dir='ltr'>est</span> <span class='ocrx_word' id='word_1_241' title='bbox 1056 1793 1250 1840; x_wconf 90' lang='lat' dir='ltr'>spiritualis</span> <span class='ocrx_word' id='word_1_242' title='bbox 1272 1793 1506 1840; x_wconf 85' lang='lat' dir='ltr'>magnitudo:</span> <span class='ocrx_word' id='word_1_243' title='bbox 1535 1801 1570 1828; x_wconf 92' lang='lat' dir='ltr'>et</span> <span class='ocrx_word' id='word_1_244' title='bbox 1595 1794 1796 1828; x_wconf 86' lang='lat' dir='ltr'>secundum</span> 
     </span>
     <span class='ocr_line' id='line_1_28' title="bbox 223 1847 1796 1894; baseline 0.001 -14"><span class='ocrx_word' id='word_1_245' title='bbox 223 1847 294 1881; x_wconf 91' lang='lat' dir='ltr'>hoc</span> <span class='ocrx_word' id='word_1_246' title='bbox 314 1848 456 1882; x_wconf 89' lang='lat' dir='ltr'>animus</span> <span class='ocrx_word' id='word_1_247' title='bbox 472 1848 630 1882; x_wconf 89' lang='lat' dir='ltr'>hominis</span> <span class='ocrx_word' id='word_1_248' title='bbox 650 1848 779 1882; x_wconf 89' lang='lat' dir='ltr'>dicitur</span> <span class='ocrx_word' id='word_1_249' title='bbox 800 1859 863 1894; x_wconf 92' lang='lat' dir='ltr'>per</span> <span class='ocrx_word' id='word_1_250' title='bbox 885 1847 1168 1882; x_wconf 84' lang='lat' dir='ltr'>delectationem</span> <span class='ocrx_word' id='word_1_251' title='bbox 1183 1847 1422 1893; x_wconf 85' lang='lat' dir='ltr'>magnificari,</span> <span class='ocrx_word' id='word_1_252' title='bbox 1437 1858 1500 1882; x_wconf 88' lang='lat' dir='ltr'>seu</span> <span class='ocrx_word' id='word_1_253' title='bbox 1519 1847 1672 1882; x_wconf 85' lang='lat' dir='ltr'>dilatari.</span> <span class='ocrx_word' id='word_1_254' title='bbox 1690 1847 1796 1883; x_wconf 73' lang='lat' dir='ltr'>Aliud</span> 
     </span>
     <span class='ocr_line' id='line_1_29' title="bbox 225 1899 1797 1947; baseline -0.001 -12"><span class='ocrx_word' id='word_1_255' title='bbox 225 1909 346 1935; x_wconf 88' lang='lat' dir='ltr'>autem</span> <span class='ocrx_word' id='word_1_256' title='bbox 369 1909 422 1935; x_wconf 89' lang='lat' dir='ltr'>est</span> <span class='ocrx_word' id='word_1_257' title='bbox 444 1912 485 1935; x_wconf 81' lang='lat' dir='ltr'>ex</span> <span class='ocrx_word' id='word_1_258' title='bbox 508 1909 607 1947; x_wconf 88' lang='lat' dir='ltr'>parte</span> <span class='ocrx_word' id='word_1_259' title='bbox 631 1901 847 1947; x_wconf 87' lang='lat' dir='ltr'>appetitivae</span> <span class='ocrx_word' id='word_1_260' title='bbox 870 1901 1022 1943; x_wconf 78' lang='lat' dir='ltr'>virtutis,</span> <span class='ocrx_word' id='word_1_261' title='bbox 1042 1912 1134 1947; x_wconf 89' lang='lat' dir='ltr'>quae</span> <span class='ocrx_word' id='word_1_262' title='bbox 1158 1901 1305 1935; x_wconf 87' lang='lat' dir='ltr'>assentit</span> <span class='ocrx_word' id='word_1_263' title='bbox 1327 1901 1379 1935; x_wconf 90' lang='lat' dir='ltr'>rei</span> <span class='ocrx_word' id='word_1_264' title='bbox 1400 1899 1616 1942; x_wconf 84' lang='lat' dir='ltr'>delectabili,</span> <span class='ocrx_word' id='word_1_265' title='bbox 1641 1908 1675 1935; x_wconf 90' lang='lat' dir='ltr'>et</span> <span class='ocrx_word' id='word_1_266' title='bbox 1696 1901 1732 1934; x_wconf 91' lang='lat' dir='ltr'>in</span> <span class='ocrx_word' id='word_1_267' title='bbox 1755 1911 1797 1935; x_wconf 90' lang='lat' dir='ltr'>ea</span> 
     </span>
     <span class='ocr_line' id='line_1_30' title="bbox 224 1953 1797 2001; baseline 0 -13"><span class='ocrx_word' id='word_1_268' title='bbox 224 1955 386 2000; x_wconf 85' lang='lat' dir='ltr'>quiescit,</span> <span class='ocrx_word' id='word_1_269' title='bbox 409 1955 684 2000; x_wconf 89' lang='lat' dir='ltr'>quodammodo</span> <span class='ocrx_word' id='word_1_270' title='bbox 708 1966 744 1989; x_wconf 88' lang='lat' dir='ltr'>se</span> <span class='ocrx_word' id='word_1_271' title='bbox 768 1955 943 2001; x_wconf 89' lang='lat' dir='ltr'>praebens</span> <span class='ocrx_word' id='word_1_272' title='bbox 966 1955 998 1989; x_wconf 89' lang='lat' dir='ltr'>ei</span> <span class='ocrx_word' id='word_1_273' title='bbox 1021 1955 1064 1988; x_wconf 91' lang='lat' dir='ltr'>ad</span> <span class='ocrx_word' id='word_1_274' title='bbox 1087 1966 1169 1989; x_wconf 89' lang='lat' dir='ltr'>eam</span> <span class='ocrx_word' id='word_1_275' title='bbox 1191 1954 1340 1989; x_wconf 88' lang='lat' dir='ltr'>interius</span> <span class='ocrx_word' id='word_1_276' title='bbox 1363 1954 1596 2000; x_wconf 84' lang='lat' dir='ltr'>capiendam:</span> <span class='ocrx_word' id='word_1_277' title='bbox 1621 1963 1656 1989; x_wconf 88' lang='lat' dir='ltr'>et</span> <span class='ocrx_word' id='word_1_278' title='bbox 1677 1954 1727 1988; x_wconf 89' lang='lat' dir='ltr'>sic</span> <span class='ocrx_word' id='word_1_279' title='bbox 1751 1953 1797 1988; x_wconf 91' lang='lat' dir='ltr'>di-</span> 
     </span>
     <span class='ocr_line' id='line_1_31' title="bbox 225 2007 1797 2054; baseline 0 -13"><span class='ocrx_word' id='word_1_280' title='bbox 225 2008 355 2042; x_wconf 84' lang='lat' dir='ltr'>latatur</span> <span class='ocrx_word' id='word_1_281' title='bbox 377 2007 526 2042; x_wconf 79' lang='lat' dir='ltr'>affectus</span> <span class='ocrx_word' id='word_1_282' title='bbox 547 2008 709 2042; x_wconf 88' lang='lat' dir='ltr'>hominis</span> <span class='ocrx_word' id='word_1_283' title='bbox 731 2020 794 2054; x_wconf 90' lang='lat' dir='ltr'>per</span> <span class='ocrx_word' id='word_1_284' title='bbox 817 2007 1110 2050; x_wconf 81' lang='lat' dir='ltr'>delectationem,</span> <span class='ocrx_word' id='word_1_285' title='bbox 1126 2008 1229 2054; x_wconf 86' lang='lat' dir='ltr'>quasi</span> <span class='ocrx_word' id='word_1_286' title='bbox 1250 2019 1287 2042; x_wconf 88' lang='lat' dir='ltr'>se</span> <span class='ocrx_word' id='word_1_287' title='bbox 1309 2008 1453 2042; x_wconf 90' lang='lat' dir='ltr'>tradens</span> <span class='ocrx_word' id='word_1_288' title='bbox 1472 2007 1516 2041; x_wconf 89' lang='lat' dir='ltr'>ad</span> <span class='ocrx_word' id='word_1_289' title='bbox 1536 2007 1797 2042; x_wconf 89' lang='lat' dir='ltr'>continendum</span> 
     </span>
     <span class='ocr_line' id='line_1_32' title="bbox 226 2061 979 2097; baseline 0.003 -2"><span class='ocrx_word' id='word_1_290' title='bbox 226 2062 373 2095; x_wconf 86' lang='lat' dir='ltr'>interius</span> <span class='ocrx_word' id='word_1_291' title='bbox 396 2073 472 2095; x_wconf 92' lang='lat' dir='ltr'>rem</span> <span class='ocrx_word' id='word_1_292' title='bbox 492 2061 747 2096; x_wconf 87' lang='lat' dir='ltr'>delectantem.</span> <span class='ocrx_word' id='word_1_293' title='bbox 971 2090 979 2097; x_wconf 95' lang='lat'>.</span> 
     </span>
    </p>

    <p class='ocr_par' dir='ltr' id='par_1_10' title="bbox 227 2114 1800 2429">
     <span class='ocr_line' id='line_1_33' title="bbox 298 2114 1799 2161; baseline -0.001 -12"><span class='ocrx_word' id='word_1_294' title='bbox 298 2115 356 2149; x_wconf 85' lang='lat' dir='ltr'>AD</span> <span class='ocrx_word' id='word_1_295' title='bbox 387 2125 536 2149; x_wconf 77' lang='lat' dir='ltr'>PRIMUM</span> <span class='ocrx_word' id='word_1_296' title='bbox 559 2126 646 2160; x_wconf 83' lang='lat' dir='ltr'>ergo</span> <span class='ocrx_word' id='word_1_297' title='bbox 671 2115 877 2157; x_wconf 86' lang='lat' dir='ltr'>dicendum,</span> <span class='ocrx_word' id='word_1_298' title='bbox 908 2114 1005 2160; x_wconf 88' lang='lat' dir='ltr'>quod</span> <span class='ocrx_word' id='word_1_299' title='bbox 1035 2114 1126 2148; x_wconf 88' lang='lat' dir='ltr'>nihil</span> <span class='ocrx_word' id='word_1_300' title='bbox 1154 2114 1332 2160; x_wconf 88' lang='lat' dir='ltr'>prohibet,</span> <span class='ocrx_word' id='word_1_301' title='bbox 1362 2114 1399 2148; x_wconf 90' lang='lat' dir='ltr'>in</span> <span class='ocrx_word' id='word_1_302' title='bbox 1425 2114 1482 2148; x_wconf 89' lang='lat' dir='ltr'>his</span> <span class='ocrx_word' id='word_1_303' title='bbox 1510 2125 1602 2161; x_wconf 91' lang='lat' dir='ltr'>quae</span> <span class='ocrx_word' id='word_1_304' title='bbox 1633 2114 1799 2148; x_wconf 87' lang='lat' dir='ltr'>dicuntur</span> 
     </span>
     <span class='ocr_line' id='line_1_34' title="bbox 227 2167 1800 2214; baseline 0.001 -13"><span class='ocrx_word' id='word_1_305' title='bbox 227 2168 488 2214; x_wconf 73' lang='lat' dir='ltr'>metaphorice,</span> <span class='ocrx_word' id='word_1_306' title='bbox 510 2168 606 2202; x_wconf 88' lang='lat' dir='ltr'>idem</span> <span class='ocrx_word' id='word_1_307' title='bbox 634 2168 783 2202; x_wconf 78' lang='lat' dir='ltr'>diversis</span> <span class='ocrx_word' id='word_1_308' title='bbox 812 2168 957 2202; x_wconf 87' lang='lat' dir='ltr'>attribui</span> <span class='ocrx_word' id='word_1_309' title='bbox 982 2168 1183 2202; x_wconf 87' lang='lat' dir='ltr'>secundum</span> <span class='ocrx_word' id='word_1_310' title='bbox 1211 2168 1370 2202; x_wconf 84' lang='lat' dir='ltr'>diversas</span> <span class='ocrx_word' id='word_1_311' title='bbox 1396 2167 1669 2202; x_wconf 86' lang='lat' dir='ltr'>similitudines:</span> <span class='ocrx_word' id='word_1_312' title='bbox 1693 2176 1728 2202; x_wconf 90' lang='lat' dir='ltr'>et</span> <span class='ocrx_word' id='word_1_313' title='bbox 1750 2178 1800 2202; x_wconf 86' lang='lat' dir='ltr'>se-</span> 
     </span>
     <span class='ocr_line' id='line_1_35' title="bbox 228 2221 1800 2268; baseline 0 -13"><span class='ocrx_word' id='word_1_314' title='bbox 228 2222 387 2256; x_wconf 88' lang='lat' dir='ltr'>cundum</span> <span class='ocrx_word' id='word_1_315' title='bbox 409 2222 480 2255; x_wconf 91' lang='lat' dir='ltr'>hoc</span> <span class='ocrx_word' id='word_1_316' title='bbox 504 2221 667 2256; x_wconf 87' lang='lat' dir='ltr'>dilatatio</span> <span class='ocrx_word' id='word_1_317' title='bbox 689 2222 843 2268; x_wconf 84' lang='lat' dir='ltr'>pertinet</span> <span class='ocrx_word' id='word_1_318' title='bbox 865 2221 909 2255; x_wconf 87' lang='lat' dir='ltr'>ad</span> <span class='ocrx_word' id='word_1_319' title='bbox 933 2232 1099 2255; x_wconf 88' lang='lat' dir='ltr'>amorem</span> <span class='ocrx_word' id='word_1_320' title='bbox 1121 2221 1260 2256; x_wconf 87' lang='lat' dir='ltr'>ratione</span> <span class='ocrx_word' id='word_1_321' title='bbox 1284 2221 1473 2266; x_wconf 78' lang='lat' dir='ltr'>cujusdam</span> <span class='ocrx_word' id='word_1_322' title='bbox 1492 2221 1731 2263; x_wconf 82' lang='lat' dir='ltr'>extensionis;</span> <span class='ocrx_word' id='word_1_323' title='bbox 1750 2221 1800 2255; x_wconf 91' lang='lat' dir='ltr'>in—</span> 
     </span>
     <span class='ocr_line' id='line_1_36' title="bbox 228 2274 1798 2321; baseline 0.001 -13"><span class='ocrx_word' id='word_1_324' title='bbox 228 2283 402 2321; x_wconf 81' lang='lat' dir='ltr'>quantum</span> <span class='ocrx_word' id='word_1_325' title='bbox 425 2274 574 2309; x_wconf 79' lang='lat' dir='ltr'>affectus</span> <span class='ocrx_word' id='word_1_326' title='bbox 597 2277 751 2309; x_wconf 85' lang='lat' dir='ltr'>amantis</span> <span class='ocrx_word' id='word_1_327' title='bbox 775 2275 818 2309; x_wconf 83' lang='lat' dir='ltr'>ad</span> <span class='ocrx_word' id='word_1_328' title='bbox 842 2275 932 2309; x_wconf 85' lang='lat' dir='ltr'>alios</span> <span class='ocrx_word' id='word_1_329' title='bbox 955 2276 1168 2317; x_wconf 73' lang='lat' dir='ltr'>extenditur,</span> <span class='ocrx_word' id='word_1_330' title='bbox 1191 2283 1228 2309; x_wconf 91' lang='lat' dir='ltr'>ut</span> <span class='ocrx_word' id='word_1_331' title='bbox 1251 2283 1351 2309; x_wconf 85' lang='lat' dir='ltr'>curet</span> <span class='ocrx_word' id='word_1_332' title='bbox 1377 2286 1451 2309; x_wconf 90' lang='lat' dir='ltr'>non</span> <span class='ocrx_word' id='word_1_333' title='bbox 1478 2274 1598 2309; x_wconf 91' lang='lat' dir='ltr'>solum</span> <span class='ocrx_word' id='word_1_334' title='bbox 1621 2287 1713 2321; x_wconf 86' lang='lat' dir='ltr'>quae</span> <span class='ocrx_word' id='word_1_335' title='bbox 1735 2287 1798 2310; x_wconf 82' lang='lat' dir='ltr'>sua</span> 
     </span>
     <span class='ocr_line' id='line_1_37' title="bbox 228 2328 1798 2375; baseline 0 -13"><span class='ocrx_word' id='word_1_336' title='bbox 228 2336 320 2370; x_wconf 85' lang='lat' dir='ltr'>sunt,</span> <span class='ocrx_word' id='word_1_337' title='bbox 343 2328 405 2362; x_wconf 89' lang='lat' dir='ltr'>sed</span> <span class='ocrx_word' id='word_1_338' title='bbox 427 2339 518 2374; x_wconf 89' lang='lat' dir='ltr'>quae</span> <span class='ocrx_word' id='word_1_339' title='bbox 543 2328 720 2362; x_wconf 88' lang='lat' dir='ltr'>aliorum:</span> <span class='ocrx_word' id='word_1_340' title='bbox 745 2329 788 2362; x_wconf 90' lang='lat' dir='ltr'>ad</span> <span class='ocrx_word' id='word_1_341' title='bbox 812 2328 1094 2363; x_wconf 85' lang='lat' dir='ltr'>delectationem</span> <span class='ocrx_word' id='word_1_342' title='bbox 1112 2339 1199 2363; x_wconf 76' lang='lat' dir='ltr'>vero</span> <span class='ocrx_word' id='word_1_343' title='bbox 1222 2329 1374 2375; x_wconf 82' lang='lat' dir='ltr'>pertinet</span> <span class='ocrx_word' id='word_1_344' title='bbox 1392 2328 1567 2370; x_wconf 88' lang='lat' dir='ltr'>dilatatio,</span> <span class='ocrx_word' id='word_1_345' title='bbox 1585 2329 1798 2375; x_wconf 87' lang='lat' dir='ltr'>inquantum</span> 
     </span>
     <span class='ocr_line' id='line_1_38' title="bbox 229 2382 1370 2429; baseline 0 -13"><span class='ocrx_word' id='word_1_346' title='bbox 229 2382 362 2428; x_wconf 89' lang='lat' dir='ltr'>aliquid</span> <span class='ocrx_word' id='word_1_347' title='bbox 384 2383 420 2416; x_wconf 89' lang='lat' dir='ltr'>in</span> <span class='ocrx_word' id='word_1_348' title='bbox 443 2382 562 2428; x_wconf 89' lang='lat' dir='ltr'>seipso</span> <span class='ocrx_word' id='word_1_349' title='bbox 586 2382 791 2428; x_wconf 87' lang='lat' dir='ltr'>ampliatur,</span> <span class='ocrx_word' id='word_1_350' title='bbox 814 2391 851 2416; x_wconf 90' lang='lat' dir='ltr'>ut</span> <span class='ocrx_word' id='word_1_351' title='bbox 873 2383 975 2429; x_wconf 87' lang='lat' dir='ltr'>quasi</span> <span class='ocrx_word' id='word_1_352' title='bbox 997 2383 1168 2429; x_wconf 83' lang='lat' dir='ltr'>capacius</span> <span class='ocrx_word' id='word_1_353' title='bbox 1190 2383 1370 2417; x_wconf 81' lang='lat' dir='ltr'>reddatur.</span> 
     </span>
    </p>

    <p class='ocr_par' dir='ltr' id='par_1_11' title="bbox 229 2435 1801 2638">
     <span class='ocr_line' id='line_1_39' title="bbox 302 2435 1800 2482; baseline 0.001 -13"><span class='ocrx_word' id='word_1_354' title='bbox 302 2436 360 2470; x_wconf 79' lang='lat' dir='ltr'>AD</span> <span class='ocrx_word' id='word_1_355' title='bbox 389 2446 596 2470; x_wconf 60' lang='lat' dir='ltr'>snccxnun</span> <span class='ocrx_word' id='word_1_356' title='bbox 625 2436 831 2477; x_wconf 84' lang='lat' dir='ltr'>dicendum,</span> <span class='ocrx_word' id='word_1_357' title='bbox 860 2436 956 2481; x_wconf 88' lang='lat' dir='ltr'>quod</span> <span class='ocrx_word' id='word_1_358' title='bbox 984 2436 1205 2471; x_wconf 88' lang='lat' dir='ltr'>desiderium</span> <span class='ocrx_word' id='word_1_359' title='bbox 1231 2436 1341 2470; x_wconf 89' lang='lat' dir='ltr'>habet</span> <span class='ocrx_word' id='word_1_360' title='bbox 1367 2436 1514 2482; x_wconf 89' lang='lat' dir='ltr'>quidem</span> <span class='ocrx_word' id='word_1_361' title='bbox 1540 2435 1700 2482; x_wconf 87' lang='lat' dir='ltr'>aliquam</span> <span class='ocrx_word' id='word_1_362' title='bbox 1728 2447 1800 2470; x_wconf 84' lang='lat' dir='ltr'>am-</span> 
     </span>
     <span class='ocr_line' id='line_1_40' title="bbox 229 2489 1800 2536; baseline 0.001 -14"><span class='ocrx_word' id='word_1_363' title='bbox 229 2489 441 2536; x_wconf 83' lang='lat' dir='ltr'>pliationem</span> <span class='ocrx_word' id='word_1_364' title='bbox 464 2501 505 2523; x_wconf 70' lang='lat' dir='ltr'>ex</span> <span class='ocrx_word' id='word_1_365' title='bbox 528 2489 788 2535; x_wconf 78' lang='lat' dir='ltr'>imaginatione</span> <span class='ocrx_word' id='word_1_366' title='bbox 812 2490 862 2523; x_wconf 89' lang='lat' dir='ltr'>rei</span> <span class='ocrx_word' id='word_1_367' title='bbox 885 2490 1120 2532; x_wconf 80' lang='lat' dir='ltr'>desideratae,</span> <span class='ocrx_word' id='word_1_368' title='bbox 1148 2490 1210 2524; x_wconf 89' lang='lat' dir='ltr'>sed</span> <span class='ocrx_word' id='word_1_369' title='bbox 1239 2489 1355 2523; x_wconf 85' lang='lat' dir='ltr'>multo</span> <span class='ocrx_word' id='word_1_370' title='bbox 1385 2489 1501 2535; x_wconf 81' lang='lat' dir='ltr'>magis</span> <span class='ocrx_word' id='word_1_371' title='bbox 1529 2500 1571 2524; x_wconf 79' lang='lat' dir='ltr'>ex</span> <span class='ocrx_word' id='word_1_372' title='bbox 1598 2490 1800 2536; x_wconf 85' lang='lat' dir='ltr'>praesentia</span> 
     </span>
     <span class='ocr_line' id='line_1_41' title="bbox 231 2542 1801 2589; baseline 0.001 -13"><span class='ocrx_word' id='word_1_373' title='bbox 231 2543 280 2577; x_wconf 88' lang='lat' dir='ltr'>rei</span> <span class='ocrx_word' id='word_1_374' title='bbox 301 2544 375 2588; x_wconf 86' lang='lat' dir='ltr'>jam</span> <span class='ocrx_word' id='word_1_375' title='bbox 398 2542 628 2577; x_wconf 86' lang='lat' dir='ltr'>delectantis:</span> <span class='ocrx_word' id='word_1_376' title='bbox 652 2543 734 2589; x_wconf 85' lang='lat' dir='ltr'>quia</span> <span class='ocrx_word' id='word_1_377' title='bbox 759 2543 873 2587; x_wconf 78' lang='lat' dir='ltr'>magis</span> <span class='ocrx_word' id='word_1_378' title='bbox 898 2544 1044 2589; x_wconf 85' lang='lat' dir='ltr'>praebet</span> <span class='ocrx_word' id='word_1_379' title='bbox 1066 2555 1102 2578; x_wconf 90' lang='lat' dir='ltr'>se</span> <span class='ocrx_word' id='word_1_380' title='bbox 1127 2544 1268 2577; x_wconf 85' lang='lat' dir='ltr'>animus</span> <span class='ocrx_word' id='word_1_381' title='bbox 1292 2543 1341 2577; x_wconf 91' lang='lat' dir='ltr'>rei</span> <span class='ocrx_word' id='word_1_382' title='bbox 1363 2544 1436 2588; x_wconf 88' lang='lat' dir='ltr'>jam</span> <span class='ocrx_word' id='word_1_383' title='bbox 1463 2542 1669 2585; x_wconf 85' lang='lat' dir='ltr'>delectanti,</span> <span class='ocrx_word' id='word_1_384' title='bbox 1692 2554 1801 2589; x_wconf 84' lang='lat' dir='ltr'>quam</span> 
     </span>
     <span class='ocr_line' id='line_1_42' title="bbox 231 2596 1496 2638; baseline 0 -8"><span class='ocrx_word' id='word_1_385' title='bbox 231 2597 281 2631; x_wconf 81' lang='lat' dir='ltr'>rei</span> <span class='ocrx_word' id='word_1_386' title='bbox 303 2608 376 2630; x_wconf 87' lang='lat' dir='ltr'>non</span> <span class='ocrx_word' id='word_1_387' title='bbox 399 2597 542 2630; x_wconf 85' lang='lat' dir='ltr'>habitae</span> <span class='ocrx_word' id='word_1_388' title='bbox 565 2596 808 2638; x_wconf 80' lang='lat' dir='ltr'>desideratae3</span> <span class='ocrx_word' id='word_1_389' title='bbox 832 2607 915 2630; x_wconf 87' lang='lat' dir='ltr'>cum</span> <span class='ocrx_word' id='word_1_390' title='bbox 938 2596 1131 2631; x_wconf 85' lang='lat' dir='ltr'>delectatio</span> <span class='ocrx_word' id='word_1_391' title='bbox 1155 2597 1199 2631; x_wconf 88' lang='lat' dir='ltr'>sit</span> <span class='ocrx_word' id='word_1_392' title='bbox 1218 2596 1297 2631; x_wconf 75' lang='lat' dir='ltr'>linis</span> <span class='ocrx_word' id='word_1_393' title='bbox 1320 2596 1496 2631; x_wconf 88' lang='lat' dir='ltr'>desiderii.</span> 
     </span>
    </p>

    <p class='ocr_par' dir='ltr' id='par_1_12' title="bbox 231 2649 1804 2791">
     <span class='ocr_line' id='line_1_43' title="bbox 304 2649 1801 2696; baseline 0 -12"><span class='ocrx_word' id='word_1_394' title='bbox 304 2650 363 2684; x_wconf 85' lang='lat' dir='ltr'>AD</span> <span class='ocrx_word' id='word_1_395' title='bbox 384 2660 556 2684; x_wconf 57' lang='lat' dir='ltr'>*1*leer</span> <span class='ocrx_word' id='word_1_396' title='bbox 583 2649 790 2691; x_wconf 81' lang='lat' dir='ltr'>dicendum,</span> <span class='ocrx_word' id='word_1_397' title='bbox 813 2650 909 2695; x_wconf 86' lang='lat' dir='ltr'>quod</span> <span class='ocrx_word' id='word_1_398' title='bbox 934 2649 991 2684; x_wconf 86' lang='lat' dir='ltr'>ille</span> <span class='ocrx_word' id='word_1_399' title='bbox 1015 2652 1073 2696; x_wconf 80' lang='lat' dir='ltr'>qui</span> <span class='ocrx_word' id='word_1_400' title='bbox 1097 2650 1296 2684; x_wconf 83' lang='lat' dir='ltr'>delectatur</span> <span class='ocrx_word' id='word_1_401' title='bbox 1322 2649 1536 2696; x_wconf 85' lang='lat' dir='ltr'>constringit</span> <span class='ocrx_word' id='word_1_402' title='bbox 1557 2649 1704 2696; x_wconf 89' lang='lat' dir='ltr'>quidem</span> <span class='ocrx_word' id='word_1_403' title='bbox 1727 2661 1801 2684; x_wconf 88' lang='lat' dir='ltr'>rem</span> 
     </span>
     <span class='ocr_line' id='line_1_44' title="bbox 232 2702 1804 2749; baseline 0 -12"><span class='ocrx_word' id='word_1_404' title='bbox 232 2703 484 2745; x_wconf 80' lang='lat' dir='ltr'>delectantem,</span> <span class='ocrx_word' id='word_1_405' title='bbox 508 2704 593 2737; x_wconf 86' lang='lat' dir='ltr'>dum</span> <span class='ocrx_word' id='word_1_406' title='bbox 617 2703 648 2737; x_wconf 91' lang='lat' dir='ltr'>ei</span> <span class='ocrx_word' id='word_1_407' title='bbox 671 2702 808 2737; x_wconf 85' lang='lat' dir='ltr'>sortiter</span> <span class='ocrx_word' id='word_1_408' title='bbox 830 2703 1011 2745; x_wconf 79' lang='lat' dir='ltr'>inhaeret3</span> <span class='ocrx_word' id='word_1_409' title='bbox 1034 2704 1095 2737; x_wconf 85' lang='lat' dir='ltr'>sed</span> <span class='ocrx_word' id='word_1_410' title='bbox 1119 2715 1182 2737; x_wconf 88' lang='lat' dir='ltr'>cor</span> <span class='ocrx_word' id='word_1_411' title='bbox 1204 2715 1309 2738; x_wconf 87' lang='lat' dir='ltr'>suum</span> <span class='ocrx_word' id='word_1_412' title='bbox 1333 2702 1494 2749; x_wconf 86' lang='lat' dir='ltr'>ampliat,</span> <span class='ocrx_word' id='word_1_413' title='bbox 1510 2711 1548 2737; x_wconf 88' lang='lat' dir='ltr'>ut</span> <span class='ocrx_word' id='word_1_414' title='bbox 1569 2702 1725 2749; x_wconf 87' lang='lat' dir='ltr'>perfecte</span> <span class='ocrx_word' id='word_1_415' title='bbox 1748 2703 1804 2737; x_wconf 88' lang='lat' dir='ltr'>de-</span> 
     </span>
     <span class='ocr_line' id='line_1_45' title="bbox 231 2756 552 2791; baseline 0 -1"><span class='ocrx_word' id='word_1_416' title='bbox 231 2756 387 2791; x_wconf 83' lang='lat' dir='ltr'>lectabili</span> <span class='ocrx_word' id='word_1_417' title='bbox 408 2757 552 2791; x_wconf 81' lang='lat' dir='ltr'>fruatur.</span> 
     </span>
    </p>
   </div>
  </div>
 </body>
</html>
