1907 3182
259 181 343 236 448
671 192 888 228 QUAEsrto
921 193 1017 223 va.
1052 193 1294 223 ARTICULUS
1328 193 1387 222 111.

259 275 397 319 benigna
425 279 478 316 est,
508 281 595 316 etc.;
626 285 712 320 ergo
742 273 893 316 videtur,
916 273 1012 320 quod
1041 274 1163 308 habita
1191 275 1375 317 charitate,
1403 274 1494 309 aliae
1522 274 1670 310 virtutes
1690 286 1813 322 super-

258 326 418 362 fluerent.

330 391 360 415 2.
382 381 616 416 PRAETEREA.
641 380 716 421 Qui
737 380 845 414 habet
865 381 1029 415 habitum
1047 381 1197 423 virtutis,
1213 381 1255 415 de
1269 380 1366 416 facili
1388 389 1555 427 operatur
1569 392 1612 415 ea
1627 392 1717 428 quae
1731 389 1813 416 sunt

256 434 406 476 virtutis,
430 443 463 467 et
485 434 517 468 ei
538 435 737 468 secundum
759 445 796 467 se
819 433 979 479 placent:
1004 435 1098 468 unde
1121 443 1155 468 et
1175 436 1304 480 signum
1326 435 1453 469 habitus
1471 440 1514 469 est
1531 434 1711 477 delectatio,
1731 446 1812 480 qnae

248 488 291 533 fit
312 489 345 521 in
367 494 469 533 opere,
494 495 531 521 ut
553 488 680 521 dicitur
701 488 737 521 in
760 497 790 521 2.
818 487 1032 521 Ethicorum
1060 489 1147 534 (cap.
1171 501 1197 534 3.
1226 490 1260 522 in
1283 489 1433 534 prt'nc.).·
1462 489 1523 523 sed
1550 488 1655 522 multi
1679 488 1814 522 habent

258 541 469 574 charitatem
492 542 623 587 absque
645 549 796 587 peccato
818 540 963 575 mortali
979 541 1180 583 existentes,
1196 541 1255 587 qui
1270 550 1392 576 tamen
1407 541 1656 576 difficultatem
1677 542 1713 576 in
1732 553 1814 588 ope-

257 594 351 628 ribus
365 594 535 628 virtutum
558 594 749 640 patiuntur,
764 605 880 640 neque
896 595 946 629 eis
961 594 1160 628 secundum
1176 606 1212 629 se
1227 594 1381 641 placent,
1396 595 1457 629 sed
1476 595 1595 629 solum
1614 595 1812 630 secundum

259 647 355 693 quod
378 647 575 681 referuntur
591 648 634 681 ad
650 648 880 690 charitatem3
904 659 989 694 ergo
1014 648 1116 682 multi
1131 648 1265 682 habent
1280 648 1504 691 charitatem,
1519 648 1579 695 qui
1592 659 1667 683 non
1680 648 1814 682 habent

258 700 344 735 alias
366 701 524 735 virtutes.

330 765 359 799 3.
380 754 614 789 PRAETEREA.
639 754 806 789 Charitas
828 755 863 788 in
892 755 1059 789 omnibus
1086 755 1218 789 sanctis
1245 754 1441 789 invenitur:
1469 754 1531 790 sed
1558 755 1704 801 quidam
1731 763 1813 789 sunt

257 807 381 849 sancti,
405 807 463 853 qui
484 816 606 841 tamen
628 807 805 854 aliquibus
826 808 1014 842 virtutibus
1038 816 1175 842 carent:
1208 808 1293 842 dicit
1321 808 1418 842 enim
1445 808 1554 851 Beda,
1577 809 1675 854 quod
1700 808 1814 843 sancti

257 860 371 905 magis
394 860 629 894 humiliantur
650 861 692 895 de
714 861 914 903 virtutibus,
937 873 1023 907 quas
1045 873 1118 896 non
1142 861 1286 903 habent,
1309 873 1417 907 quam
1439 861 1482 896 de
1503 861 1704 904 virtutibus,
1725 873 1813 908 quas

256 914 400 955 habent,
423 913 639 959 glorientur;
667 926 754 960 ergo
781 926 855 948 non
883 922 934 949 est
960 915 1217 957 necessarium,
1245 914 1341 961 quod
1369 915 1427 960 qui
1454 915 1562 950 habet
1588 915 1814 957 charitatem,

259 978 385 1001 onmes
406 967 553 1001 virtutes
575 967 731 1002 morales
754 968 894 1002 habeat.

328 1021 401 1055 SED
430 1031 584 1055 CONTRA
607 1029 670 1063 est,
693 1022 788 1067 quod
819 1033 880 1068 per
911 1021 1124 1056 charitatem
1154 1029 1229 1056 tota
1258 1020 1315 1055 lex
1344 1020 1532 1068 impletur:
1563 1021 1691 1056 dicitur
1717 1022 1814 1056 enim

256 1074 363 1108 Rom.
390 1085 441 1120 13.
465 1075 560 1120 quod
583 1076 638 1120 qui
656 1075 763 1120 diligit
777 1076 984 1122 proximum,
1008 1075 1108 1121 legem
1129 1075 1301 1121 implevit:
1325 1075 1387 1110 sed
1408 1078 1484 1109 t¹ota
1505 1074 1562 1109 lex
1580 1075 1722 1122 impleri
1739 1087 1813 1109 non

256 1135 385 1173 potest,
399 1127 467 1161 nisi
488 1139 550 1174 per
569 1139 695 1163 omnes
713 1128 860 1163 virtutes
875 1128 1051 1163 morales:
1075 1128 1157 1174 quia
1177 1127 1232 1162 lex
1246 1128 1420 1175 praecipit
1435 1129 1477 1163 de
1493 1128 1660 1163 omnibus
1677 1128 1814 1163 actibus

253 1181 438 1223 virtutum,
460 1189 497 1214 ut
519 1181 646 1215 dicitur
666 1181 702 1215 in
728 1193 755 1226 ς.
779 1181 894 1216 Ethic.
919 1182 1007 1228 (cap.
1030 1195 1056 1217 1.
1079 1187 1109 1216 et
1129 1193 1159 1216 2.
1177 1187 1251 1228 post
1268 1181 1390 1227 med.);
1415 1193 1500 1227 ergo
1523 1183 1583 1228 qui
1604 1181 1713 1216 habet
1734 1181 1816 1217 cha-

255 1234 410 1276 ritatem,
433 1234 540 1268 habet
561 1246 687 1269 omnes
709 1235 857 1270 virtutes
880 1235 1046 1269 morales.
1071 1235 1223 1281 August.
1247 1235 1355 1269 etiam
1374 1235 1460 1269 dicit
1477 1235 1513 1269 in
1535 1235 1692 1281 quadam
1711 1236 1812 1282 epist.

256 1288 350 1333 (qnid
368 1288 472 1322 simile
496 1288 589 1323 habet
614 1301 709 1323 serm.
729 1301 778 1334 39.
802 1294 830 1323 et
850 1289 906 1333 46.
929 1289 964 1323 de
993 1289 1103 1335 Temp.
1125 1300 1145 1322 a
1167 1289 1278 1334 princ.
1299 1288 1351 1323 sed
1372 1301 1410 1323 ex
1431 1290 1518 1335 epist.
1546 1300 1612 1323 non
1634 1288 1812 1334 occurrit),

255 1341 351 1387 quod
371 1341 525 1375 charitas
548 1341 698 1376 includit
718 1342 754 1375 in
776 1354 814 1376 se
837 1353 964 1376 omnes
985 1343 1133 1376 virtutes
1157 1341 1367 1376 cardinales.

325 1394 553 1429 RESPONDEO
577 1395 780 1438 dicendum,
804 1396 900 1441 quod
923 1407 1006 1429 curn
1029 1395 1201 1429 charitate
1220 1395 1327 1429 simul
1346 1394 1581 1429 infunduntur
1600 1406 1727 1430 omnes
1745 1396 1810 1429 vir-

253 1455 345 1482 tutes
368 1447 534 1482 morales.
559 1448 671 1494 Cujus
694 1450 782 1482 ratio
806 1457 868 1491 est,
900 1450 982 1495 quia
1012 1449 1111 1482 Deus
1143 1459 1216 1482 non
1245 1449 1362 1482 minus
1394 1448 1550 1495 perfecte
1581 1457 1749 1494 operatur
1777 1449 1812 1482 in

255 1502 421 1548 operibus
443 1503 590 1547 gratiae,
613 1514 721 1548 quam
744 1503 778 1536 in
800 1503 967 1548 operibus
989 1510 1154 1536 naturae:
1178 1502 1227 1536 sic
1257 1510 1377 1536 autem
1399 1502 1564 1537 videmus
1586 1502 1621 1535 in
1644 1502 1811 1547 operibus

254 1563 413 1597 naturae,
435 1555 530 1601 quod
552 1566 626 1589 non
647 1556 825 1589 invenitur
846 1556 1061 1602 principium
1086 1555 1289 1600 aliquorum
1312 1566 1464 1601 operum
1480 1555 1515 1588 in
1531 1554 1650 1601 aliqua
1665 1566 1712 1598 re,
1728 1555 1813 1601 quin

255 1608 480 1642 inveniantur
495 1609 529 1642 in
545 1620 596 1650 ea,
620 1620 710 1654 quae
733 1617 814 1643 sunt
830 1609 1033 1653 necessaria
1054 1609 1096 1642 ad
1110 1609 1319 1653 hujusmodi
1339 1620 1448 1654 opera
1467 1607 1701 1654 perficienda:
1723 1609 1814 1643 sicut

254 1662 290 1695 in
312 1661 525 1695 animalibus
548 1662 775 1696 inveniuntur
798 1674 944 1708 organa,
968 1663 1093 1708 quibus
1115 1661 1236 1708 perfici
1260 1670 1411 1707 possunt
1434 1673 1555 1708 opera,
1578 1662 1621 1696 ad
1644 1673 1735 1708 quae
1757 1673 1815 1708 pe-

254 1715 411 1761 ragenda
433 1717 551 1749 anima
575 1716 682 1749 habet
702 1724 929 1761 potestatem.
958 1715 1191 1750 Manifestum
1219 1724 1271 1749 est
1298 1723 1431 1758 autem,
1454 1715 1550 1762 quod
1578 1715 1744 1758 charitas,
1766 1715 1815 1749 in-

254 1776 427 1814 quantum
450 1769 590 1802 ordinat
611 1769 800 1804 hominem
829 1769 871 1803 ad
900 1769 1010 1803 finem
1035 1769 1216 1811 ultimum,
1239 1776 1291 1803 est
1317 1768 1533 1815 principium
1561 1769 1727 1803 omniurn
1755 1769 1815 1803 bo-

253 1834 382 1856 norum
406 1834 567 1868 operum,
591 1834 681 1868 quae
704 1824 739 1857 in
760 1823 869 1857 finem
884 1823 1051 1857 ultimum
1067 1822 1225 1857 ordinari
1243 1831 1412 1869 possunt3
1435 1823 1529 1857 unde
1549 1830 1702 1869 oportet,
1717 1823 1813 1869 quod

254 1887 336 1909 cum
359 1876 531 1910 charitate
551 1877 657 1911 simul
672 1877 902 1911 infundantur
918 1888 1044 1912 omnes
1059 1877 1206 1911 virtutes
1221 1876 1390 1919 morales,
1406 1877 1533 1923 quibus
1547 1877 1662 1911 homo
1677 1876 1815 1923 perficit

253 1929 393 1975 singula
416 1941 546 1975 genera
568 1931 748 1965 bonorum
771 1942 941 1977 operum:
965 1939 999 1965 et
1020 1931 1069 1965 sic
1092 1938 1198 1977 patet,
1217 1930 1313 1976 quod
1332 1931 1480 1965 virtutes
1496 1929 1654 1965 morales
1676 1929 1814 1965 infusae

253 1994 326 2016 non
348 1982 467 2017 solum
489 1984 622 2018 habent
644 1985 909 2019 connexionem
933 1992 1078 2030 propter
1099 1984 1337 2030 prudentiam,
1358 1984 1418 2017 sed
1443 1984 1550 2018 etiam
1570 1992 1715 2030 propter
1734 1984 1815 2018 cha-

254 2037 394 2071 ritatem
410 2048 416 2070 :
441 2045 474 2071 et
497 2038 592 2083 quod
611 2038 669 2083 qui
690 2038 819 2072 amittit
841 2038 1054 2072 charitatem
1070 2049 1132 2084 per
1148 2045 1339 2084 peccatum
1355 2037 1520 2080 mortale,
1536 2037 1666 2072 amittit
1685 2048 1814 2072 omnes

253 2091 398 2124 virtutes
422 2090 578 2125 morales
601 2090 745 2126 infusas.
1434 2098 1436 2100 '

326 2143 384 2177 An
406 2154 554 2178 1³R1MUM
577 2156 663 2190 ergo
687 2143 890 2186 dicendum,
913 2144 1007 2190 quod
1031 2144 1074 2178 ad
1096 2144 1166 2178 hoc
1189 2144 1286 2191 quod
1305 2153 1406 2179 actus
1428 2143 1608 2179 inferioris
1631 2144 1812 2191 potentiae

255 2197 298 2231 sit
320 2196 509 2243 perfectus,
532 2198 720 2244 requiritur
742 2199 837 2244 quod
859 2209 931 2232 non
955 2197 1073 2232 solum
1094 2198 1182 2232 adsit
1200 2197 1372 2245 perfectio
1392 2199 1426 2232 in
1445 2199 1620 2244 superiori
1641 2197 1813 2244 potentia,
1862 2199 1863 2202 ’

255 2250 315 2284 sed
339 2251 446 2284 etiam
469 2251 503 2284 in
526 2250 702 2286 inferiori:
725 2252 753 2285 si
778 2251 872 2286 enim
895 2251 1091 2297 principale
1112 2263 1221 2297 agens
1240 2252 1359 2286 debito
1380 2251 1491 2286 modo
1510 2263 1547 2286 se
1566 2251 1725 2294 haberet,
1739 2262 1813 2285 non

255 2312 461 2349 sequeretur
484 2305 575 2338 actio
599 2304 767 2350 perfecta,
790 2307 816 2338 si
842 2305 1118 2339 instrumentum
1142 2316 1214 2339 non
1237 2314 1329 2340 esset
1350 2305 1441 2340 bene
1464 2305 1696 2351 dispositum:
1720 2304 1813 2338 unde

255 2365 397 2403 oportet
419 2357 461 2391 ad
483 2358 553 2391 hoc
577 2359 671 2404 quod
694 2358 808 2392 homo
831 2359 922 2393 bene
945 2366 1111 2404 operetur
1137 2358 1171 2391 in
1200 2358 1254 2393 his
1277 2370 1367 2404 quae
1395 2366 1475 2393 sunt
1503 2358 1545 2392 ad
1573 2357 1694 2400 finem,
1717 2357 1813 2404 quod

255 2422 327 2444 non
351 2410 468 2445 solum
492 2411 621 2445 habeat
643 2411 823 2453 virtutem,
847 2423 916 2457 qua
938 2412 1028 2446 bene
1051 2423 1087 2445 se
1110 2411 1240 2446 habeat
1262 2413 1356 2446 circa
1383 2411 1505 2453 finem,
1528 2411 1588 2446 sed
1611 2412 1719 2446 etiam
1746 2412 1812 2444 vir-

254 2472 358 2506 tutes,
381 2465 507 2510 quibus
529 2465 619 2498 bene
642 2476 678 2498 se
700 2465 830 2499 habeat
853 2465 946 2499 circa
969 2476 1010 2499 ea
1033 2476 1124 2510 quae
1146 2473 1227 2499 sunt
1249 2465 1292 2498 ad
1316 2465 1442 2499 linem:
1465 2477 1550 2499 nam
1573 2465 1696 2507 virtus,
1720 2475 1810 2511 quae

255 2525 307 2552 est
326 2517 417 2552 circa
441 2517 561 2559 finem,
584 2529 620 2551 se
643 2518 750 2551 habet
772 2526 808 2551 ut
830 2518 1047 2564 principalis,
1070 2526 1104 2552 et
1127 2518 1261 2552 motiva
1285 2526 1446 2565 respectu
1467 2529 1602 2560 earum,
1619 2529 1710 2564 quae
1733 2525 1814 2552 sunt

256 2571 298 2605 ad
315 2571 439 2605 finem:
458 2578 489 2605 et
506 2571 587 2605 ideo
601 2582 681 2605 cum
695 2571 866 2605 charitate
882 2583 1029 2605 necesse
1045 2579 1096 2605 est
1111 2572 1219 2605 etiam
1232 2572 1363 2606 habere
1379 2571 1466 2606 alias
1480 2572 1628 2606 virtutes
1645 2570 1811 2605 morales.

325 2624 384 2658 AD
412 2635 615 2659 SECUNDUM
643 2624 846 2665 dicendum,
866 2625 960 2670 quod
981 2625 1196 2671 quandoque
1216 2625 1403 2671 contingit,
1419 2625 1515 2671 quod
1531 2624 1658 2671 aliquis
1677 2624 1813 2659 habens

254 2677 416 2712 habitum
439 2678 568 2724 patitur
590 2676 836 2711 difficultatem
861 2679 892 2711 in
917 2678 1118 2724 operando3
1143 2687 1176 2712 et
1199 2690 1260 2724 per
1281 2689 1506 2724 consequens
1529 2689 1602 2712 non
1625 2678 1730 2712 sentit
1758 2677 1814 2711 de-

255 2730 499 2772 lectationem,
523 2739 556 2765 et
579 2730 881 2777 complacentiam
898 2731 930 2764 in
948 2739 1027 2765 actu
1051 2740 1195 2777 propter
1210 2731 1355 2778 aliquod
1372 2731 1671 2778 impedimentum
1688 2731 1813 2766 extrin-

255 2796 356 2818 secus
379 2785 652 2829 superveniens;
675 2784 766 2818 sicut
789 2783 858 2825 ille,
882 2784 939 2830 qui
964 2785 1070 2818 habet
1097 2785 1261 2819 habitum
1291 2785 1475 2826 scientiae,
1505 2785 1635 2831 patitur
1664 2782 1811 2818 difficul-

256 2846 366 2872 tatem
398 2838 429 2872 in
460 2838 696 2883 intelligendo
727 2847 869 2884 propter
897 2838 1190 2880 somnolentiam,
1219 2838 1276 2873 vel
1304 2838 1462 2885 aliquam
1493 2838 1755 2873 infirmitatem:
1779 2845 1813 2872 et

257 2890 419 2926 similiter
429 2891 570 2926 habitus
586 2891 778 2926 moralium
790 2891 959 2926 virtutum
976 2891 1172 2926 infusarum
1186 2892 1366 2938 patiuntur
1376 2892 1553 2927 interdum
1565 2890 1811 2927 difficultatem
