<?xml version="1.0" encoding="UTF-8"?>
<!DOCTYPE html PUBLIC "-//W3C//DTD XHTML 1.0 Transitional//EN"
    "http://www.w3.org/TR/xhtml1/DTD/xhtml1-transitional.dtd">
<html xmlns="http://www.w3.org/1999/xhtml" xml:lang="en" lang="en">
 <head>
  <title>
</title>
<meta http-equiv="Content-Type" content="text/html;charset=utf-8" />
  <meta name='ocr-system' content='tesseract 3.04.00' />
  <meta name='ocr-capabilities' content='ocr_page ocr_carea ocr_par ocr_line ocrx_word'/>
</head>
<body>
  <div class='ocr_page' id='page_1' title='image "./divithomaeaquina02thomuoft_0525.png"; bbox 0 0 1907 3198; ppageno 0'>
   <div class='ocr_carea' id='block_1_1' title="bbox 501 215 1651 258">
    <p class='ocr_par' dir='ltr' id='par_1_1' title="bbox 501 215 1651 258">
     <span class='ocr_line' id='line_1_1' title="bbox 501 215 1651 258; baseline -0.003 -9"><span class='ocrx_word' id='word_1_1' title='bbox 501 217 723 255; x_wconf 75' lang='lat' dir='ltr'><strong>QUAESTIO</strong></span> <span class='ocrx_word' id='word_1_2' title='bbox 756 217 905 247; x_wconf 83' lang='lat' dir='ltr'>Lxxm.</span> <span class='ocrx_word' id='word_1_3' title='bbox 937 216 1184 247; x_wconf 77' lang='lat' dir='ltr'>ARTICULUS</span> <span class='ocrx_word' id='word_1_4' title='bbox 1217 215 1277 245; x_wconf 75' lang='grc' dir='ltr'>ΙΙΙ.</span> <span class='ocrx_word' id='word_1_5' title='bbox 1571 216 1651 258; x_wconf 78' lang='lat'>521</span> 
     </span>
    </p>
   </div>
   <div class='ocr_carea' id='block_1_2' title="bbox 90 296 1659 404">
    <p class='ocr_par' dir='ltr' id='par_1_2' title="bbox 90 296 1659 404">
     <span class='ocr_line' id='line_1_2' title="bbox 90 296 1659 348; baseline -0.003 -12"><span class='ocrx_word' id='word_1_6' title='bbox 90 300 132 337; x_wconf 88' lang='lat' dir='ltr'>in</span> <span class='ocrx_word' id='word_1_7' title='bbox 147 311 223 336; x_wconf 84' lang='lat' dir='ltr'>uno</span> <span class='ocrx_word' id='word_1_8' title='bbox 243 310 388 348; x_wconf 82' lang='lat' dir='ltr'>genere,</span> <span class='ocrx_word' id='word_1_9' title='bbox 409 299 610 335; x_wconf 91' lang='lat' dir='ltr'>secundum</span> <span class='ocrx_word' id='word_1_10' title='bbox 630 299 727 346; x_wconf 92' lang='lat' dir='ltr'>quod</span> <span class='ocrx_word' id='word_1_11' title='bbox 750 299 962 334; x_wconf 83' lang='lat' dir='ltr'>ordinantur</span> <span class='ocrx_word' id='word_1_12' title='bbox 984 298 1028 334; x_wconf 88' lang='lat' dir='ltr'>ad</span> <span class='ocrx_word' id='word_1_13' title='bbox 1050 297 1220 334; x_wconf 90' lang='lat' dir='ltr'>ultimum</span> <span class='ocrx_word' id='word_1_14' title='bbox 1242 297 1372 340; x_wconf 84' lang='lat' dir='ltr'>finem;</span> <span class='ocrx_word' id='word_1_15' title='bbox 1398 305 1434 332; x_wconf 91' lang='lat' dir='ltr'>et</span> <span class='ocrx_word' id='word_1_16' title='bbox 1460 296 1541 332; x_wconf 90' lang='lat' dir='ltr'>ideo</span> <span class='ocrx_word' id='word_1_17' title='bbox 1568 296 1659 332; x_wconf 83' lang='lat' dir='ltr'>nihil</span> 
     </span>
     <span class='ocr_line' id='line_1_3' title="bbox 93 353 980 404; baseline -0.003 -13"><span class='ocrx_word' id='word_1_18' title='bbox 93 354 274 404; x_wconf 80' lang='lat' dir='ltr'>prohibet,</span> <span class='ocrx_word' id='word_1_19' title='bbox 294 354 418 390; x_wconf 82' lang='lat' dir='ltr'>omnia</span> <span class='ocrx_word' id='word_1_20' title='bbox 438 362 588 402; x_wconf 84' lang='lat' dir='ltr'>peccata</span> <span class='ocrx_word' id='word_1_21' title='bbox 610 365 687 389; x_wconf 85' lang='lat' dir='ltr'>esse</span> <span class='ocrx_word' id='word_1_22' title='bbox 709 353 980 401; x_wconf 81' lang='lat' dir='ltr'>comparabilia.</span> 
     </span>
    </p>
   </div>
   <div class='ocr_carea' id='block_1_3' title="bbox 646 482 1662 538">
    <p class='ocr_par' dir='ltr' id='par_1_3' title="bbox 646 482 1662 538">
     <span class='ocr_line' id='line_1_4' title="bbox 646 482 1662 538; baseline -0.002 -11"><span class='ocrx_word' id='word_1_23' title='bbox 646 482 993 529; x_wconf 81' lang='lat' dir='ltr'>ARTICULUS</span> <span class='ocrx_word' id='word_1_24' title='bbox 1026 483 1102 526; x_wconf 91' lang='lat' dir='ltr'>1v.</span> <span class='ocrx_word' id='word_1_25' title='bbox 1595 501 1662 538; x_wconf 74' lang='lat'>390</span> 
     </span>
    </p>
   </div>
   <div class='ocr_carea' id='block_1_4' title="bbox 212 589 1547 697">
    <p class='ocr_par' dir='ltr' id='par_1_4' title="bbox 212 589 1532 692">
     <span class='ocr_line' id='line_1_5' title="bbox 399 589 1366 623; baseline -0.003 -1"><span class='ocrx_word' id='word_1_26' title='bbox 399 591 554 623; x_wconf 75' lang='lat' dir='ltr'>UTRUM</span> <span class='ocrx_word' id='word_1_27' title='bbox 581 591 797 622; x_wconf 67' lang='lat' dir='ltr'>GRAVITAS</span> <span class='ocrx_word' id='word_1_28' title='bbox 826 590 1124 622; x_wconf 76' lang='lat' dir='ltr'>PECCATORUM</span> <span class='ocrx_word' id='word_1_29' title='bbox 1151 589 1366 620; x_wconf 74' lang='lat' dir='ltr'>DIFFERAT</span> 
     </span>
     <span class='ocr_line' id='line_1_6' title="bbox 212 653 1547 697; baseline -0.004 -8"><span class='ocrx_word' id='word_1_30' title='bbox 212 657 452 689; x_wconf 79' lang='lat' dir='ltr'>SECUNDUM</span> <span class='ocrx_word' id='word_1_31' title='bbox 479 657 758 688; x_wconf 75' lang='lat' dir='ltr'>DIGNITATEM</span> <span class='ocrx_word' id='word_1_32' title='bbox 781 657 1027 697; x_wconf 79' lang='lat' dir='ltr'>V1RTUTUM,</span> <span class='ocrx_word' id='word_1_33' title='bbox 1050 656 1210 692; x_wconf 81' lang='lat' dir='ltr'><strong>QUIBUS</strong></span> <span class='ocrx_word' id='word_1_34' title='bbox 1234 653 1547 686; x_wconf 80' lang='lat' dir='ltr'>OPPONUNTUR.</span> 
     </span>
    </p>
   </div>
   <div class='ocr_carea' id='block_1_5' title="bbox 255 745 1501 845">
    <p class='ocr_par' dir='ltr' id='par_1_5' title="bbox 255 745 1501 845">
     <span class='ocr_line' id='line_1_7' title="bbox 255 745 1501 809; baseline -0.004 -27"><span class='ocrx_word' id='word_1_35' title='bbox 255 745 341 809; x_wconf 85' lang='grc'><strong><em>(2-2.</em></strong></span> <span class='ocrx_word' id='word_1_36' title='bbox 360 756 392 793; x_wconf 87' lang='lat' dir='ltr'>q.</span> <span class='ocrx_word' id='word_1_37' title='bbox 412 756 469 782; x_wconf 90' lang='grc' dir='ltr'>2ο</span> <span class='ocrx_word' id='word_1_38' title='bbox 490 750 556 782; x_wconf 81' lang='lat' dir='ltr'>art.</span> <span class='ocrx_word' id='word_1_39' title='bbox 573 757 602 792; x_wconf 84' lang='lat'>3.</span> <span class='ocrx_word' id='word_1_40' title='bbox 623 750 652 781; x_wconf 80' lang='lat' dir='ltr'>et</span> <span class='ocrx_word' id='word_1_41' title='bbox 672 757 703 792; x_wconf 94' lang='lat' dir='ltr'>q.</span> <span class='ocrx_word' id='word_1_42' title='bbox 726 745 797 780; x_wconf 82' lang='lat'><em>116.</em></span> <span class='ocrx_word' id='word_1_43' title='bbox 819 750 886 780; x_wconf 76' lang='lat' dir='ltr'>art.</span> <span class='ocrx_word' id='word_1_44' title='bbox 906 756 938 781; x_wconf 93' lang='grc'>2.</span> <span class='ocrx_word' id='word_1_45' title='bbox 961 751 1053 792; x_wconf 83' lang='lat' dir='ltr'>corp.</span> <span class='ocrx_word' id='word_1_46' title='bbox 1075 749 1105 780; x_wconf 77' lang='lat' dir='ltr'>et</span> <span class='ocrx_word' id='word_1_47' title='bbox 1124 756 1155 791; x_wconf 88' lang='lat' dir='ltr'>q.</span> <span class='ocrx_word' id='word_1_48' title='bbox 1178 756 1248 791; x_wconf 83' lang='lat'><em>119.</em></span> <span class='ocrx_word' id='word_1_49' title='bbox 1269 748 1334 778; x_wconf 79' lang='lat' dir='ltr'>art.</span> <span class='ocrx_word' id='word_1_50' title='bbox 1356 754 1388 778; x_wconf 85' lang='lat'>2.</span> <span class='ocrx_word' id='word_1_51' title='bbox 1410 749 1501 790; x_wconf 86' lang='lat' dir='ltr'>corp.</span> 
     </span>
     <span class='ocr_line' id='line_1_8' title="bbox 671 798 1086 845; baseline 0 -11"><span class='ocrx_word' id='word_1_52' title='bbox 671 804 702 834; x_wconf 79' lang='lat' dir='ltr'>et</span> <span class='ocrx_word' id='word_1_53' title='bbox 719 798 802 833; x_wconf 81' lang='lat' dir='ltr'>Mal.</span> <span class='ocrx_word' id='word_1_54' title='bbox 821 810 851 845; x_wconf 88' lang='lat' dir='ltr'>q.</span> <span class='ocrx_word' id='word_1_55' title='bbox 869 810 900 834; x_wconf 89' lang='lat'>2.</span> <span class='ocrx_word' id='word_1_56' title='bbox 919 803 985 834; x_wconf 75' lang='lat' dir='ltr'>art.</span> <span class='ocrx_word' id='word_1_57' title='bbox 1003 798 1086 843; x_wconf 81' lang='grc' dir='ltr'><strong><em>ιο.)-</em></strong></span> 
     </span>
    </p>
   </div>
   <div class='ocr_carea' id='block_1_6' title="bbox 95 883 1670 1470">
    <p class='ocr_par' dir='ltr' id='par_1_6' title="bbox 95 883 1666 1247">
     <span class='ocr_line' id='line_1_9' title="bbox 167 883 1665 935; baseline -0.005 -10"><span class='ocrx_word' id='word_1_58' title='bbox 167 887 230 925; x_wconf 79' lang='lat' dir='ltr'>An</span> <span class='ocrx_word' id='word_1_59' title='bbox 249 897 439 929; x_wconf 70' lang='lat' dir='ltr'>Quum</span> <span class='ocrx_word' id='word_1_60' title='bbox 459 887 511 923; x_wconf 84' lang='lat' dir='ltr'>sic</span> <span class='ocrx_word' id='word_1_61' title='bbox 532 887 750 935; x_wconf 85' lang='lat' dir='ltr'>proceditur.</span> <span class='ocrx_word' id='word_1_62' title='bbox 771 887 935 930; x_wconf 86' lang='lat' dir='ltr'>Videtur,</span> <span class='ocrx_word' id='word_1_63' title='bbox 956 887 1054 934; x_wconf 91' lang='lat' dir='ltr'>quod</span> <span class='ocrx_word' id='word_1_64' title='bbox 1076 886 1234 934; x_wconf 84' lang='lat' dir='ltr'>gravitas</span> <span class='ocrx_word' id='word_1_65' title='bbox 1255 894 1490 934; x_wconf 86' lang='lat' dir='ltr'>peccatorum</span> <span class='ocrx_word' id='word_1_66' title='bbox 1509 895 1583 919; x_wconf 92' lang='lat' dir='ltr'>non</span> <span class='ocrx_word' id='word_1_67' title='bbox 1601 883 1665 919; x_wconf 87' lang='lat' dir='ltr'>dif-</span> 
     </span>
     <span class='ocr_line' id='line_1_10' title="bbox 95 937 1666 989; baseline -0.004 -11"><span class='ocrx_word' id='word_1_68' title='bbox 95 939 188 978; x_wconf 65' lang='lat' dir='ltr'>fierat</span> <span class='ocrx_word' id='word_1_69' title='bbox 205 941 407 978; x_wconf 76' lang='lat' dir='ltr'>secundum</span> <span class='ocrx_word' id='word_1_70' title='bbox 427 941 642 989; x_wconf 83' lang='lat' dir='ltr'>dignitatern</span> <span class='ocrx_word' id='word_1_71' title='bbox 662 941 846 983; x_wconf 85' lang='lat' dir='ltr'>virtutum,</span> <span class='ocrx_word' id='word_1_72' title='bbox 869 941 997 988; x_wconf 82' lang='lat' dir='ltr'>quibus</span> <span class='ocrx_word' id='word_1_73' title='bbox 1019 949 1169 988; x_wconf 84' lang='lat' dir='ltr'>peccata</span> <span class='ocrx_word' id='word_1_74' title='bbox 1191 949 1445 987; x_wconf 89' lang='lat' dir='ltr'>opponuntur;</span> <span class='ocrx_word' id='word_1_75' title='bbox 1468 947 1506 973; x_wconf 94' lang='lat' dir='ltr'>ut</span> <span class='ocrx_word' id='word_1_76' title='bbox 1527 937 1666 973; x_wconf 87' lang='lat' dir='ltr'>scilicet</span> 
     </span>
     <span class='ocr_line' id='line_1_11' title="bbox 97 991 1663 1043; baseline -0.004 -12"><span class='ocrx_word' id='word_1_77' title='bbox 97 995 230 1042; x_wconf 77' lang='lat' dir='ltr'>majori</span> <span class='ocrx_word' id='word_1_78' title='bbox 253 995 377 1031; x_wconf 79' lang='lat' dir='ltr'>vinuti</span> <span class='ocrx_word' id='word_1_79' title='bbox 403 995 550 1043; x_wconf 83' lang='lat' dir='ltr'>gravius</span> <span class='ocrx_word' id='word_1_80' title='bbox 575 1003 766 1042; x_wconf 87' lang='lat' dir='ltr'>peccatum</span> <span class='ocrx_word' id='word_1_81' title='bbox 793 1003 1017 1042; x_wconf 86' lang='lat' dir='ltr'>opponatur:</span> <span class='ocrx_word' id='word_1_82' title='bbox 1047 995 1144 1042; x_wconf 88' lang='lat' dir='ltr'>quia,</span> <span class='ocrx_word' id='word_1_83' title='bbox 1174 1003 1212 1029; x_wconf 93' lang='lat' dir='ltr'>ut</span> <span class='ocrx_word' id='word_1_84' title='bbox 1237 994 1368 1028; x_wconf 87' lang='lat' dir='ltr'>dicitur</span> <span class='ocrx_word' id='word_1_85' title='bbox 1390 993 1496 1027; x_wconf 87' lang='lat' dir='ltr'>Prov.</span> <span class='ocrx_word' id='word_1_86' title='bbox 1531 1003 1603 1037; x_wconf 84' lang='lat'>15.:</span> <span class='ocrx_word' id='word_1_87' title='bbox 1625 991 1663 1026; x_wconf 86' lang='lat' dir='ltr'>In</span> 
     </span>
     <span class='ocr_line' id='line_1_12' title="bbox 95 1045 1664 1096; baseline -0.004 -10"><span class='ocrx_word' id='word_1_88' title='bbox 95 1047 282 1086; x_wconf 61' lang='lat' dir='ltr'>abaciam</span> <span class='ocrx_word' id='word_1_89' title='bbox 295 1050 429 1096; x_wconf 70' lang='lat' dir='ltr'>justitia</span> <span class='ocrx_word' id='word_1_90' title='bbox 447 1050 556 1085; x_wconf 76' lang='lat' dir='ltr'>virtus</span> <span class='ocrx_word' id='word_1_91' title='bbox 577 1051 728 1083; x_wconf 79' lang='lat' dir='ltr'>maxima</span> <span class='ocrx_word' id='word_1_92' title='bbox 747 1054 811 1084; x_wconf 77' lang='lat' dir='ltr'>est:</span> <span class='ocrx_word' id='word_1_93' title='bbox 837 1050 929 1083; x_wconf 90' lang='lat' dir='ltr'>sicut</span> <span class='ocrx_word' id='word_1_94' title='bbox 950 1056 1072 1083; x_wconf 90' lang='lat' dir='ltr'>autem</span> <span class='ocrx_word' id='word_1_95' title='bbox 1101 1047 1188 1082; x_wconf 91' lang='lat' dir='ltr'>dicit</span> <span class='ocrx_word' id='word_1_96' title='bbox 1216 1047 1400 1082; x_wconf 80' lang='lat' dir='ltr'>Dominus</span> <span class='ocrx_word' id='word_1_97' title='bbox 1430 1045 1607 1081; x_wconf 82' lang='lat' dir='ltr'>Matthaei</span> <span class='ocrx_word' id='word_1_98' title='bbox 1636 1056 1664 1090; x_wconf 86' lang='lat'>5.</span> 
     </span>
     <span class='ocr_line' id='line_1_13' title="bbox 96 1099 1666 1150; baseline -0.004 -11"><span class='ocrx_word' id='word_1_99' title='bbox 96 1102 284 1139; x_wconf 75' lang='lat' dir='ltr'>abundans</span> <span class='ocrx_word' id='word_1_100' title='bbox 302 1102 438 1150; x_wconf 78' lang='lat' dir='ltr'>justitia</span> <span class='ocrx_word' id='word_1_101' title='bbox 459 1102 607 1138; x_wconf 85' lang='lat' dir='ltr'>cohibet</span> <span class='ocrx_word' id='word_1_102' title='bbox 623 1102 726 1144; x_wconf 85' lang='lat' dir='ltr'>iram,</span> <span class='ocrx_word' id='word_1_103' title='bbox 741 1113 833 1149; x_wconf 88' lang='lat' dir='ltr'>quae</span> <span class='ocrx_word' id='word_1_104' title='bbox 851 1110 905 1137; x_wconf 91' lang='lat' dir='ltr'>est</span> <span class='ocrx_word' id='word_1_105' title='bbox 923 1102 1041 1137; x_wconf 88' lang='lat' dir='ltr'>minus</span> <span class='ocrx_word' id='word_1_106' title='bbox 1064 1110 1267 1148; x_wconf 85' lang='lat' dir='ltr'>peccatum,</span> <span class='ocrx_word' id='word_1_107' title='bbox 1282 1112 1391 1148; x_wconf 86' lang='lat' dir='ltr'>quarn</span> <span class='ocrx_word' id='word_1_108' title='bbox 1410 1099 1666 1141; x_wconf 79' lang='lat' dir='ltr'>homicidium,</span> 
     </span>
     <span class='ocr_line' id='line_1_14' title="bbox 96 1154 1664 1205; baseline -0.003 -12"><span class='ocrx_word' id='word_1_109' title='bbox 96 1155 196 1205; x_wconf 84' lang='lat' dir='ltr'>qnod</span> <span class='ocrx_word' id='word_1_110' title='bbox 216 1155 364 1192; x_wconf 82' lang='lat' dir='ltr'>cohibet</span> <span class='ocrx_word' id='word_1_111' title='bbox 383 1156 503 1192; x_wconf 86' lang='lat' dir='ltr'>minor</span> <span class='ocrx_word' id='word_1_112' title='bbox 523 1156 675 1203; x_wconf 85' lang='lat' dir='ltr'>justitia;</span> <span class='ocrx_word' id='word_1_113' title='bbox 696 1167 785 1203; x_wconf 87' lang='lat' dir='ltr'>ergo</span> <span class='ocrx_word' id='word_1_114' title='bbox 807 1156 988 1191; x_wconf 76' lang='lat' dir='ltr'>maximae</span> <span class='ocrx_word' id='word_1_115' title='bbox 1009 1156 1131 1191; x_wconf 89' lang='lat' dir='ltr'>virtuti</span> <span class='ocrx_word' id='word_1_116' title='bbox 1152 1156 1349 1202; x_wconf 85' lang='lat' dir='ltr'>opponitur</span> <span class='ocrx_word' id='word_1_117' title='bbox 1368 1154 1562 1189; x_wconf 89' lang='lat' dir='ltr'>minimum</span> <span class='ocrx_word' id='word_1_118' title='bbox 1584 1163 1664 1200; x_wconf 89' lang='lat' dir='ltr'>pec-</span> 
     </span>
     <span class='ocr_line' id='line_1_15' title="bbox 99 1218 237 1247; baseline -0.007 0"><span class='ocrx_word' id='word_1_119' title='bbox 99 1218 237 1247; x_wconf 66' lang='lat' dir='ltr'>cmm·</span> 
     </span>
    </p>

    <p class='ocr_par' dir='ltr' id='par_1_7' title="bbox 98 1260 1670 1470">
     <span class='ocr_line' id='line_1_16' title="bbox 169 1260 1666 1310; baseline -0.003 -11"><span class='ocrx_word' id='word_1_120' title='bbox 169 1272 205 1299; x_wconf 79' lang='grc'>2.</span> <span class='ocrx_word' id='word_1_121' title='bbox 222 1262 462 1301; x_wconf 68' lang='grc' dir='ltr'>ΡωτειιεΑ.</span> <span class='ocrx_word' id='word_1_122' title='bbox 476 1263 517 1298; x_wconf 91' lang='lat' dir='ltr'>In</span> <span class='ocrx_word' id='word_1_123' title='bbox 531 1262 692 1299; x_wconf 87' lang='lat' dir='ltr'>secundo</span> <span class='ocrx_word' id='word_1_124' title='bbox 707 1262 921 1298; x_wconf 84' lang='lat' dir='ltr'>Ethicorum</span> <span class='ocrx_word' id='word_1_125' title='bbox 933 1263 1024 1310; x_wconf 84' lang='lat' dir='ltr'>(cap.</span> <span class='ocrx_word' id='word_1_126' title='bbox 1043 1274 1071 1309; x_wconf 88' lang='grc'>3.</span> <span class='ocrx_word' id='word_1_127' title='bbox 1087 1263 1176 1298; x_wconf 85' lang='lat' dir='ltr'>circa</span> <span class='ocrx_word' id='word_1_128' title='bbox 1190 1263 1270 1308; x_wconf 85' lang='lat' dir='ltr'>fin.)</span> <span class='ocrx_word' id='word_1_129' title='bbox 1287 1262 1431 1302; x_wconf 86' lang='lat' dir='ltr'>dicitur,</span> <span class='ocrx_word' id='word_1_130' title='bbox 1446 1260 1543 1307; x_wconf 89' lang='lat' dir='ltr'>quod</span> <span class='ocrx_word' id='word_1_131' title='bbox 1557 1261 1666 1295; x_wconf 81' lang='lat' dir='ltr'>virtus</span> 
     </span>
     <span class='ocr_line' id='line_1_17' title="bbox 98 1313 1668 1365; baseline -0.004 -12"><span class='ocrx_word' id='word_1_132' title='bbox 98 1321 146 1354; x_wconf 67' lang='lat' dir='ltr'>est</span> <span class='ocrx_word' id='word_1_133' title='bbox 162 1317 256 1353; x_wconf 76' lang='lat' dir='ltr'>circa</span> <span class='ocrx_word' id='word_1_134' title='bbox 270 1315 411 1365; x_wconf 74' lang='lat' dir='ltr'>difficile,</span> <span class='ocrx_word' id='word_1_135' title='bbox 432 1321 462 1352; x_wconf 73' lang='lat' dir='ltr'>et</span> <span class='ocrx_word' id='word_1_136' title='bbox 482 1317 626 1352; x_wconf 81' lang='lat' dir='ltr'>bonum:</span> <span class='ocrx_word' id='word_1_137' title='bbox 648 1328 690 1351; x_wconf 85' lang='lat' dir='ltr'>ex</span> <span class='ocrx_word' id='word_1_138' title='bbox 712 1328 785 1363; x_wconf 89' lang='lat' dir='ltr'>quo</span> <span class='ocrx_word' id='word_1_139' title='bbox 806 1316 959 1358; x_wconf 87' lang='lat' dir='ltr'>videtur,</span> <span class='ocrx_word' id='word_1_140' title='bbox 981 1316 1078 1362; x_wconf 86' lang='lat' dir='ltr'>quod</span> <span class='ocrx_word' id='word_1_141' title='bbox 1101 1317 1220 1361; x_wconf 85' lang='lat' dir='ltr'>major</span> <span class='ocrx_word' id='word_1_142' title='bbox 1240 1315 1353 1350; x_wconf 83' lang='lat' dir='ltr'>virtus</span> <span class='ocrx_word' id='word_1_143' title='bbox 1373 1315 1417 1349; x_wconf 91' lang='lat' dir='ltr'>sit</span> <span class='ocrx_word' id='word_1_144' title='bbox 1436 1315 1532 1348; x_wconf 87' lang='lat' dir='ltr'>circa</span> <span class='ocrx_word' id='word_1_145' title='bbox 1551 1313 1668 1359; x_wconf 84' lang='lat' dir='ltr'>magis</span> 
     </span>
     <span class='ocr_line' id='line_1_18' title="bbox 99 1366 1670 1417; baseline -0.004 -10"><span class='ocrx_word' id='word_1_146' title='bbox 99 1368 266 1407; x_wconf 72' lang='lat' dir='ltr'>difficile:</span> <span class='ocrx_word' id='word_1_147' title='bbox 283 1369 348 1406; x_wconf 75' lang='lat' dir='ltr'>sed</span> <span class='ocrx_word' id='word_1_148' title='bbox 368 1369 488 1405; x_wconf 85' lang='lat' dir='ltr'>minus</span> <span class='ocrx_word' id='word_1_149' title='bbox 510 1377 564 1405; x_wconf 81' lang='lat' dir='ltr'>est</span> <span class='ocrx_word' id='word_1_150' title='bbox 584 1377 787 1417; x_wconf 84' lang='lat' dir='ltr'>peccatum,</span> <span class='ocrx_word' id='word_1_151' title='bbox 807 1370 836 1404; x_wconf 88' lang='lat' dir='ltr'>si</span> <span class='ocrx_word' id='word_1_152' title='bbox 857 1370 972 1404; x_wconf 89' lang='lat' dir='ltr'>homo</span> <span class='ocrx_word' id='word_1_153' title='bbox 990 1368 1135 1403; x_wconf 84' lang='lat' dir='ltr'>deficiat</span> <span class='ocrx_word' id='word_1_154' title='bbox 1151 1369 1188 1403; x_wconf 89' lang='lat' dir='ltr'>in</span> <span class='ocrx_word' id='word_1_155' title='bbox 1207 1369 1324 1414; x_wconf 87' lang='lat' dir='ltr'>magis</span> <span class='ocrx_word' id='word_1_156' title='bbox 1342 1367 1491 1409; x_wconf 83' lang='lat' dir='ltr'>difficili,</span> <span class='ocrx_word' id='word_1_157' title='bbox 1510 1378 1619 1413; x_wconf 83' lang='lat' dir='ltr'>quam</span> <span class='ocrx_word' id='word_1_158' title='bbox 1639 1366 1670 1401; x_wconf 90' lang='lat' dir='ltr'>si</span> 
     </span>
     <span class='ocr_line' id='line_1_19' title="bbox 100 1420 1613 1470; baseline -0.003 -11"><span class='ocrx_word' id='word_1_159' title='bbox 100 1421 247 1460; x_wconf 76' lang='lat' dir='ltr'>deficiat</span> <span class='ocrx_word' id='word_1_160' title='bbox 264 1422 303 1459; x_wconf 86' lang='lat' dir='ltr'>in</span> <span class='ocrx_word' id='word_1_161' title='bbox 322 1422 444 1458; x_wconf 82' lang='lat' dir='ltr'>minus</span> <span class='ocrx_word' id='word_1_162' title='bbox 463 1421 621 1466; x_wconf 85' lang='lat' dir='ltr'>difficili;</span> <span class='ocrx_word' id='word_1_163' title='bbox 643 1434 732 1470; x_wconf 88' lang='lat' dir='ltr'>ergo</span> <span class='ocrx_word' id='word_1_164' title='bbox 755 1424 884 1469; x_wconf 84' lang='lat' dir='ltr'>majori</span> <span class='ocrx_word' id='word_1_165' title='bbox 906 1422 1027 1457; x_wconf 89' lang='lat' dir='ltr'>virtuti</span> <span class='ocrx_word' id='word_1_166' title='bbox 1050 1423 1169 1457; x_wconf 88' lang='lat' dir='ltr'>minus</span> <span class='ocrx_word' id='word_1_167' title='bbox 1191 1430 1384 1469; x_wconf 83' lang='lat' dir='ltr'>peccatum</span> <span class='ocrx_word' id='word_1_168' title='bbox 1406 1420 1613 1468; x_wconf 89' lang='lat' dir='ltr'>opponitur.</span> 
     </span>
    </p>
   </div>
   <div class='ocr_carea' id='block_1_7' title="bbox 0 1412 300 2944">
    <p class='ocr_par' dir='ltr' id='par_1_8' title="bbox 0 1412 300 2944">
     <span class='ocr_line' id='line_1_20' title="bbox 0 1412 72 1494; baseline 0 0"><span class='ocrx_word' id='word_1_169' title='bbox 0 1412 72 1494; x_wconf 95' lang='lat' dir='ltr'>  </span> 
     </span>
     <span class='ocr_line' id='line_1_21' title="bbox 0 1601 67 1819; baseline 0 -56"><span class='ocrx_word' id='word_1_170' title='bbox 0 1601 67 1819; x_wconf 95' lang='lat' dir='ltr'>    </span> 
     </span>
     <span class='ocr_line' id='line_1_22' title="bbox 0 1819 71 1922; baseline 0 -56"><span class='ocrx_word' id='word_1_171' title='bbox 0 1819 71 1922; x_wconf 95' lang='lat' dir='ltr'>  </span> 
     </span>
     <span class='ocr_line' id='line_1_23' title="bbox 0 1922 94 2148; baseline 0 -9"><span class='ocrx_word' id='word_1_172' title='bbox 0 1922 94 2148; x_wconf 95' lang='lat' dir='ltr'>     </span> 
     </span>
     <span class='ocr_line' id='line_1_24' title="bbox 0 2148 94 2360; baseline 0 -3"><span class='ocrx_word' id='word_1_173' title='bbox 0 2148 94 2360; x_wconf 95' lang='lat' dir='ltr'>     </span> 
     </span>
     <span class='ocr_line' id='line_1_25' title="bbox 0 2360 96 2516; baseline 0 -52"><span class='ocrx_word' id='word_1_174' title='bbox 0 2360 96 2516; x_wconf 95' lang='lat' dir='ltr'>   </span> 
     </span>
     <span class='ocr_line' id='line_1_26' title="bbox 0 2516 234 2621; baseline 0 -52"><span class='ocrx_word' id='word_1_175' title='bbox 0 2516 234 2621; x_wconf 95' lang='lat' dir='ltr'>   </span> 
     </span>
     <span class='ocr_line' id='line_1_27' title="bbox 0 2621 177 2783; baseline 0 -53"><span class='ocrx_word' id='word_1_176' title='bbox 0 2621 177 2783; x_wconf 95' lang='lat' dir='ltr'>   </span> 
     </span>
     <span class='ocr_line' id='line_1_28' title="bbox 0 2783 300 2944; baseline 0 -104"><span class='ocrx_word' id='word_1_177' title='bbox 0 2783 300 2944; x_wconf 95' lang='lat' dir='ltr'>   </span> 
     </span>
    </p>
   </div>
   <div class='ocr_carea' id='block_1_8' title="bbox 4 1474 1679 2972">
    <p class='ocr_par' dir='ltr' id='par_1_9' title="bbox 99 1474 1671 1685">
     <span class='ocr_line' id='line_1_29' title="bbox 173 1474 1670 1524; baseline -0.004 -11"><span class='ocrx_word' id='word_1_178' title='bbox 173 1487 206 1524; x_wconf 84' lang='lat'>3.</span> <span class='ocrx_word' id='word_1_179' title='bbox 223 1475 461 1513; x_wconf 70' lang='lat' dir='ltr'>PRAETEREA.</span> <span class='ocrx_word' id='word_1_180' title='bbox 483 1475 654 1512; x_wconf 82' lang='lat' dir='ltr'>Charitas</span> <span class='ocrx_word' id='word_1_181' title='bbox 674 1485 728 1511; x_wconf 92' lang='lat' dir='ltr'>est</span> <span class='ocrx_word' id='word_1_182' title='bbox 748 1478 867 1523; x_wconf 79' lang='lat' dir='ltr'>major</span> <span class='ocrx_word' id='word_1_183' title='bbox 891 1476 1015 1518; x_wconf 84' lang='lat' dir='ltr'>virtus,</span> <span class='ocrx_word' id='word_1_184' title='bbox 1042 1487 1153 1523; x_wconf 89' lang='lat' dir='ltr'>quarn</span> <span class='ocrx_word' id='word_1_185' title='bbox 1180 1475 1281 1517; x_wconf 88' lang='lat' dir='ltr'>fides,</span> <span class='ocrx_word' id='word_1_186' title='bbox 1309 1483 1344 1510; x_wconf 88' lang='lat' dir='ltr'>et</span> <span class='ocrx_word' id='word_1_187' title='bbox 1365 1486 1458 1522; x_wconf 89' lang='lat' dir='ltr'>spes,</span> <span class='ocrx_word' id='word_1_188' title='bbox 1481 1483 1519 1508; x_wconf 85' lang='lat' dir='ltr'>ut</span> <span class='ocrx_word' id='word_1_189' title='bbox 1539 1474 1670 1508; x_wconf 90' lang='lat' dir='ltr'>dicitur</span> 
     </span>
     <span class='ocr_line' id='line_1_30' title="bbox 104 1528 1670 1577; baseline -0.003 -10"><span class='ocrx_word' id='word_1_190' title='bbox 104 1529 192 1567; x_wconf 49' lang='lat' dir='ltr'>aad</span> <span class='ocrx_word' id='word_1_191' title='bbox 206 1528 376 1566; x_wconf 79' lang='lat' dir='ltr'>Corinth.</span> <span class='ocrx_word' id='word_1_192' title='bbox 393 1540 458 1577; x_wconf 81' lang='lat'>13.:</span> <span class='ocrx_word' id='word_1_193' title='bbox 469 1530 595 1566; x_wconf 86' lang='lat' dir='ltr'>odium</span> <span class='ocrx_word' id='word_1_194' title='bbox 609 1538 744 1573; x_wconf 84' lang='lat' dir='ltr'>autem,</span> <span class='ocrx_word' id='word_1_195' title='bbox 757 1530 854 1577; x_wconf 90' lang='lat' dir='ltr'>quod</span> <span class='ocrx_word' id='word_1_196' title='bbox 866 1530 1063 1577; x_wconf 88' lang='lat' dir='ltr'>opponitur</span> <span class='ocrx_word' id='word_1_197' title='bbox 1073 1529 1251 1571; x_wconf 84' lang='lat' dir='ltr'>charitati,</span> <span class='ocrx_word' id='word_1_198' title='bbox 1263 1537 1316 1564; x_wconf 90' lang='lat' dir='ltr'>est</span> <span class='ocrx_word' id='word_1_199' title='bbox 1328 1529 1446 1563; x_wconf 86' lang='lat' dir='ltr'>minus</span> <span class='ocrx_word' id='word_1_200' title='bbox 1464 1536 1670 1575; x_wconf 88' lang='lat' dir='ltr'>peccatum,</span> 
     </span>
     <span class='ocr_line' id='line_1_31' title="bbox 99 1581 1671 1632; baseline -0.003 -13"><span class='ocrx_word' id='word_1_201' title='bbox 99 1594 211 1632; x_wconf 80' lang='lat' dir='ltr'>qnam</span> <span class='ocrx_word' id='word_1_202' title='bbox 230 1582 435 1627; x_wconf 79' lang='lat' dir='ltr'>infidelitas,</span> <span class='ocrx_word' id='word_1_203' title='bbox 455 1583 515 1619; x_wconf 89' lang='lat' dir='ltr'>vel</span> <span class='ocrx_word' id='word_1_204' title='bbox 535 1583 752 1631; x_wconf 87' lang='lat' dir='ltr'>desperatio,</span> <span class='ocrx_word' id='word_1_205' title='bbox 774 1595 866 1631; x_wconf 83' lang='lat' dir='ltr'>quae</span> <span class='ocrx_word' id='word_1_206' title='bbox 889 1592 1123 1631; x_wconf 90' lang='lat' dir='ltr'>opponuntur</span> <span class='ocrx_word' id='word_1_207' title='bbox 1144 1583 1239 1625; x_wconf 82' lang='lat' dir='ltr'>fidei,</span> <span class='ocrx_word' id='word_1_208' title='bbox 1258 1591 1294 1618; x_wconf 86' lang='lat' dir='ltr'>et</span> <span class='ocrx_word' id='word_1_209' title='bbox 1310 1583 1406 1629; x_wconf 89' lang='lat' dir='ltr'>spei;</span> <span class='ocrx_word' id='word_1_210' title='bbox 1428 1593 1516 1628; x_wconf 85' lang='lat' dir='ltr'>ergo</span> <span class='ocrx_word' id='word_1_211' title='bbox 1539 1581 1671 1627; x_wconf 82' lang='lat' dir='ltr'>majori</span> 
     </span>
     <span class='ocr_line' id='line_1_32' title="bbox 99 1636 804 1685; baseline -0.003 -11"><span class='ocrx_word' id='word_1_212' title='bbox 99 1636 223 1675; x_wconf 79' lang='lat' dir='ltr'>virmti</span> <span class='ocrx_word' id='word_1_213' title='bbox 241 1637 439 1685; x_wconf 84' lang='lat' dir='ltr'>opponitur</span> <span class='ocrx_word' id='word_1_214' title='bbox 459 1637 580 1673; x_wconf 85' lang='lat' dir='ltr'>minus</span> <span class='ocrx_word' id='word_1_215' title='bbox 600 1646 804 1684; x_wconf 87' lang='lat' dir='ltr'>peccatum.</span> 
     </span>
    </p>

    <p class='ocr_par' dir='ltr' id='par_1_10' title="bbox 4 1688 1671 1901">
     <span class='ocr_line' id='line_1_33' title="bbox 167 1688 1671 1738; baseline -0.003 -11"><span class='ocrx_word' id='word_1_216' title='bbox 167 1689 245 1727; x_wconf 75' lang='lat' dir='ltr'>S-</span> <span class='ocrx_word' id='word_1_217' title='bbox 258 1700 414 1728; x_wconf 65' lang='lat' dir='ltr'>coum</span> <span class='ocrx_word' id='word_1_218' title='bbox 428 1699 493 1734; x_wconf 88' lang='lat' dir='ltr'>est,</span> <span class='ocrx_word' id='word_1_219' title='bbox 507 1691 605 1738; x_wconf 90' lang='lat' dir='ltr'>quod</span> <span class='ocrx_word' id='word_1_220' title='bbox 617 1691 865 1738; x_wconf 85' lang='lat' dir='ltr'>Philosophus</span> <span class='ocrx_word' id='word_1_221' title='bbox 879 1691 967 1726; x_wconf 88' lang='lat' dir='ltr'>dicit</span> <span class='ocrx_word' id='word_1_222' title='bbox 980 1691 1016 1726; x_wconf 89' lang='lat' dir='ltr'>in</span> <span class='ocrx_word' id='word_1_223' title='bbox 1031 1691 1064 1726; x_wconf 90' lang='lat'>8.</span> <span class='ocrx_word' id='word_1_224' title='bbox 1075 1690 1191 1725; x_wconf 89' lang='lat' dir='ltr'>Ethic.</span> <span class='ocrx_word' id='word_1_225' title='bbox 1208 1690 1296 1738; x_wconf 80' lang='lat' dir='ltr'>(cap.</span> <span class='ocrx_word' id='word_1_226' title='bbox 1310 1702 1362 1726; x_wconf 83' lang='grc' dir='ltr'>ιο.</span> <span class='ocrx_word' id='word_1_227' title='bbox 1374 1696 1496 1737; x_wconf 83' lang='lat' dir='ltr'>parum</span> <span class='ocrx_word' id='word_1_228' title='bbox 1511 1701 1530 1723; x_wconf 83' lang='lat' dir='ltr'><em>a</em></span> <span class='ocrx_word' id='word_1_229' title='bbox 1540 1688 1671 1735; x_wconf 80' lang='lat' dir='ltr'>princ.)</span> 
     </span>
     <span class='ocr_line' id='line_1_34' title="bbox 101 1742 1670 1794; baseline -0.003 -13"><span class='ocrx_word' id='word_1_230' title='bbox 101 1743 200 1794; x_wconf 80' lang='lat' dir='ltr'>quod</span> <span class='ocrx_word' id='word_1_231' title='bbox 207 1745 384 1792; x_wconf 71' lang='lat' dir='ltr'>pessimum</span> <span class='ocrx_word' id='word_1_232' title='bbox 397 1746 522 1793; x_wconf 69' lang='lat' dir='ltr'>optimo</span> <span class='ocrx_word' id='word_1_233' title='bbox 536 1746 745 1780; x_wconf 77' lang='lat' dir='ltr'>contrarium</span> <span class='ocrx_word' id='word_1_234' title='bbox 759 1751 822 1780; x_wconf 75' lang='lat' dir='ltr'>est:</span> <span class='ocrx_word' id='word_1_235' title='bbox 839 1745 1020 1792; x_wconf 86' lang='lat' dir='ltr'>optimum</span> <span class='ocrx_word' id='word_1_236' title='bbox 1038 1753 1159 1779; x_wconf 86' lang='lat' dir='ltr'>autern</span> <span class='ocrx_word' id='word_1_237' title='bbox 1174 1744 1210 1778; x_wconf 90' lang='lat' dir='ltr'>in</span> <span class='ocrx_word' id='word_1_238' title='bbox 1225 1744 1425 1779; x_wconf 80' lang='lat' dir='ltr'>moralibus</span> <span class='ocrx_word' id='word_1_239' title='bbox 1439 1752 1492 1778; x_wconf 89' lang='lat' dir='ltr'>est</span> <span class='ocrx_word' id='word_1_240' title='bbox 1510 1742 1670 1777; x_wconf 78' lang='lat' dir='ltr'>maxima</span> 
     </span>
     <span class='ocr_line' id='line_1_35' title="bbox 99 1796 1671 1846; baseline -0.003 -11"><span class='ocrx_word' id='word_1_241' title='bbox 99 1797 233 1843; x_wconf 56' lang='lat' dir='ltr'>vitum</span> <span class='ocrx_word' id='word_1_242' title='bbox 251 1798 452 1846; x_wconf 61' lang='lat' dir='ltr'>poesimum</span> <span class='ocrx_word' id='word_1_243' title='bbox 474 1806 595 1834; x_wconf 82' lang='lat' dir='ltr'>autem</span> <span class='ocrx_word' id='word_1_244' title='bbox 617 1798 873 1845; x_wconf 85' lang='lat' dir='ltr'>gravissimum</span> <span class='ocrx_word' id='word_1_245' title='bbox 901 1807 1112 1846; x_wconf 80' lang='lat' dir='ltr'>peccatum3</span> <span class='ocrx_word' id='word_1_246' title='bbox 1143 1809 1232 1844; x_wconf 89' lang='lat' dir='ltr'>ergo</span> <span class='ocrx_word' id='word_1_247' title='bbox 1263 1797 1443 1832; x_wconf 79' lang='lat' dir='ltr'>maximae</span> <span class='ocrx_word' id='word_1_248' title='bbox 1465 1796 1588 1832; x_wconf 77' lang='lat' dir='ltr'>virtuti</span> <span class='ocrx_word' id='word_1_249' title='bbox 1608 1807 1671 1843; x_wconf 90' lang='lat' dir='ltr'>op·</span> 
     </span>
     <span class='ocr_line' id='line_1_36' title="bbox 4 1851 747 1901; baseline -0.001 -13"><span class='ocrx_word' id='word_1_250' title='bbox 4 1854 6 1859; x_wconf 91' lang='lat'>&#39;</span> <span class='ocrx_word' id='word_1_251' title='bbox 59 1895 61 1898; x_wconf 13' lang='grc' dir='ltr'><em>Α</em></span> <span class='ocrx_word' id='word_1_252' title='bbox 100 1851 248 1901; x_wconf 77' lang='lat' dir='ltr'>ponitur</span> <span class='ocrx_word' id='word_1_253' title='bbox 267 1851 523 1899; x_wconf 79' lang='lat' dir='ltr'>gravissimum</span> <span class='ocrx_word' id='word_1_254' title='bbox 544 1861 747 1899; x_wconf 84' lang='lat' dir='ltr'>peccatum.</span> 
     </span>
    </p>

    <p class='ocr_par' dir='ltr' id='par_1_11' title="bbox 4 1903 1676 2811">
     <span class='ocr_line' id='line_1_37' title="bbox 4 1903 1669 1956; baseline -0.004 -13"><span class='ocrx_word' id='word_1_255' title='bbox 4 1905 7 1918; x_wconf 86' lang='lat'>&#39;</span> <span class='ocrx_word' id='word_1_256' title='bbox 110 1943 114 1947; x_wconf 79' lang='grc'><em>,</em></span> <span class='ocrx_word' id='word_1_257' title='bbox 171 1904 406 1942; x_wconf 65' lang='lat' dir='ltr'>Rtsronnto</span> <span class='ocrx_word' id='word_1_258' title='bbox 417 1905 625 1948; x_wconf 87' lang='lat' dir='ltr'>dicendum,</span> <span class='ocrx_word' id='word_1_259' title='bbox 645 1906 744 1953; x_wconf 87' lang='lat' dir='ltr'>quod</span> <span class='ocrx_word' id='word_1_260' title='bbox 762 1905 881 1941; x_wconf 82' lang='lat' dir='ltr'>virtuti</span> <span class='ocrx_word' id='word_1_261' title='bbox 897 1905 1094 1956; x_wconf 89' lang='lat' dir='ltr'>opponitur</span> <span class='ocrx_word' id='word_1_262' title='bbox 1113 1904 1258 1952; x_wconf 84' lang='lat' dir='ltr'>aliquod</span> <span class='ocrx_word' id='word_1_263' title='bbox 1274 1912 1465 1951; x_wconf 86' lang='lat' dir='ltr'>peccatum</span> <span class='ocrx_word' id='word_1_264' title='bbox 1483 1903 1638 1951; x_wconf 57' lang='lat' dir='ltr'>duplicia</span> <span class='ocrx_word' id='word_1_265' title='bbox 1642 1915 1669 1937; x_wconf 83' lang='lat' dir='ltr'>r.</span> 
     </span>
     <span class='ocr_line' id='line_1_38' title="bbox 92 1949 1671 2020; baseline -0.003 -24.966"><span class='ocrx_word' id='word_1_266' title='bbox 92 1949 182 2000; x_wconf 64' lang='grc' dir='ltr'>,Ποῦ</span> <span class='ocrx_word' id='word_1_267' title='bbox 200 1958 351 2007; x_wconf 82' lang='lat' dir='ltr'>quidem</span> <span class='ocrx_word' id='word_1_268' title='bbox 370 1958 468 1995; x_wconf 75' lang='lat' dir='ltr'>modo</span> <span class='ocrx_word' id='word_1_269' title='bbox 488 1959 744 2020; x_wconf 81' lang='lat' dir='ltr'>principaliter,</span> <span class='ocrx_word' id='word_1_270' title='bbox 766 1967 802 1994; x_wconf 92' lang='lat' dir='ltr'>et</span> <span class='ocrx_word' id='word_1_271' title='bbox 819 1959 966 2001; x_wconf 87' lang='lat' dir='ltr'>directe,</span> <span class='ocrx_word' id='word_1_272' title='bbox 988 1959 1085 2006; x_wconf 92' lang='lat' dir='ltr'>quod</span> <span class='ocrx_word' id='word_1_273' title='bbox 1104 1958 1243 1994; x_wconf 86' lang='lat' dir='ltr'>scilicet</span> <span class='ocrx_word' id='word_1_274' title='bbox 1264 1967 1318 1993; x_wconf 84' lang='lat' dir='ltr'>est</span> <span class='ocrx_word' id='word_1_275' title='bbox 1339 1959 1434 1993; x_wconf 84' lang='lat' dir='ltr'>circa</span> <span class='ocrx_word' id='word_1_276' title='bbox 1456 1958 1553 1993; x_wconf 88' lang='lat' dir='ltr'>idern</span> <span class='ocrx_word' id='word_1_277' title='bbox 1575 1957 1671 2002; x_wconf 84' lang='lat' dir='ltr'>obje-</span> 
     </span>
     <span class='ocr_line' id='line_1_39' title="bbox 101 2010 1671 2059; baseline -0.002 -11"><span class='ocrx_word' id='word_1_278' title='bbox 101 2018 221 2049; x_wconf 66' lang='lat' dir='ltr'>cum.</span> <span class='ocrx_word' id='word_1_279' title='bbox 242 2023 329 2048; x_wconf 80' lang='lat' dir='ltr'>nam</span> <span class='ocrx_word' id='word_1_280' title='bbox 354 2013 536 2048; x_wconf 84' lang='lat' dir='ltr'>contraria</span> <span class='ocrx_word' id='word_1_281' title='bbox 566 2013 662 2048; x_wconf 88' lang='lat' dir='ltr'>circa</span> <span class='ocrx_word' id='word_1_282' title='bbox 691 2013 788 2048; x_wconf 90' lang='lat' dir='ltr'>idem</span> <span class='ocrx_word' id='word_1_283' title='bbox 819 2022 913 2055; x_wconf 87' lang='lat' dir='ltr'>sunt,</span> <span class='ocrx_word' id='word_1_284' title='bbox 940 2021 975 2048; x_wconf 89' lang='lat' dir='ltr'>et</span> <span class='ocrx_word' id='word_1_285' title='bbox 997 2013 1068 2047; x_wconf 83' lang='lat' dir='ltr'>hoc</span> <span class='ocrx_word' id='word_1_286' title='bbox 1096 2012 1208 2046; x_wconf 85' lang='lat' dir='ltr'>modo</span> <span class='ocrx_word' id='word_1_287' title='bbox 1235 2020 1390 2059; x_wconf 81' lang='lat' dir='ltr'>oportet,</span> <span class='ocrx_word' id='word_1_288' title='bbox 1417 2011 1514 2058; x_wconf 88' lang='lat' dir='ltr'>quod</span> <span class='ocrx_word' id='word_1_289' title='bbox 1542 2010 1671 2056; x_wconf 84' lang='lat' dir='ltr'>majori</span> 
     </span>
     <span class='ocr_line' id='line_1_40' title="bbox 76 2065 1673 2115; baseline -0.002 -12"><span class='ocrx_word' id='word_1_290' title='bbox 76 2065 226 2112; x_wconf 62' lang='lat' dir='ltr'>“mxi</span> <span class='ocrx_word' id='word_1_291' title='bbox 243 2075 451 2115; x_wconf 83' lang='lat' dir='ltr'>opponatur</span> <span class='ocrx_word' id='word_1_292' title='bbox 474 2067 619 2115; x_wconf 85' lang='lat' dir='ltr'>gravius</span> <span class='ocrx_word' id='word_1_293' title='bbox 646 2076 856 2115; x_wconf 83' lang='lat' dir='ltr'>peccatum:</span> <span class='ocrx_word' id='word_1_294' title='bbox 885 2068 978 2102; x_wconf 89' lang='lat' dir='ltr'>sicut</span> <span class='ocrx_word' id='word_1_295' title='bbox 998 2067 1096 2102; x_wconf 83' lang='lat' dir='ltr'>enim</span> <span class='ocrx_word' id='word_1_296' title='bbox 1118 2079 1161 2101; x_wconf 83' lang='lat' dir='ltr'>ex</span> <span class='ocrx_word' id='word_1_297' title='bbox 1187 2075 1288 2114; x_wconf 87' lang='lat' dir='ltr'>parte</span> <span class='ocrx_word' id='word_1_298' title='bbox 1318 2067 1449 2112; x_wconf 85' lang='lat' dir='ltr'>objecti</span> <span class='ocrx_word' id='word_1_299' title='bbox 1478 2066 1673 2101; x_wconf 86' lang='lat' dir='ltr'>attenditur</span> 
     </span>
     <span class='ocr_line' id='line_1_41' title="bbox 99 2119 1674 2168; baseline -0.003 -11"><span class='ocrx_word' id='word_1_300' title='bbox 99 2119 223 2168; x_wconf 60' lang='lat' dir='ltr'>m</span> <span class='ocrx_word' id='word_1_301' title='bbox 240 2120 399 2168; x_wconf 73' lang='lat' dir='ltr'>gravitas</span> <span class='ocrx_word' id='word_1_302' title='bbox 419 2121 572 2168; x_wconf 85' lang='lat' dir='ltr'>peccati,</span> <span class='ocrx_word' id='word_1_303' title='bbox 593 2121 642 2157; x_wconf 81' lang='lat' dir='ltr'>ita</span> <span class='ocrx_word' id='word_1_304' title='bbox 663 2121 773 2156; x_wconf 87' lang='lat' dir='ltr'>etiam</span> <span class='ocrx_word' id='word_1_305' title='bbox 795 2122 914 2167; x_wconf 88' lang='lat' dir='ltr'>major</span> <span class='ocrx_word' id='word_1_306' title='bbox 934 2121 1090 2167; x_wconf 84' lang='lat' dir='ltr'>dignitas</span> <span class='ocrx_word' id='word_1_307' title='bbox 1111 2120 1269 2162; x_wconf 81' lang='lat' dir='ltr'>virtutis;</span> <span class='ocrx_word' id='word_1_308' title='bbox 1291 2129 1483 2166; x_wconf 86' lang='lat' dir='ltr'>utrumque</span> <span class='ocrx_word' id='word_1_309' title='bbox 1507 2119 1603 2154; x_wconf 85' lang='lat' dir='ltr'>enirn</span> <span class='ocrx_word' id='word_1_310' title='bbox 1631 2130 1674 2153; x_wconf 80' lang='lat' dir='ltr'>ex</span> 
     </span>
     <span class='ocr_line' id='line_1_42' title="bbox 95 2173 1672 2223; baseline -0.003 -12"><span class='ocrx_word' id='word_1_311' title='bbox 95 2173 250 2222; x_wconf 60' lang='grc' dir='ltr'><em>Μ</em></span> <span class='ocrx_word' id='word_1_312' title='bbox 267 2175 429 2223; x_wconf 68' lang='lat' dir='ltr'>speciem</span> <span class='ocrx_word' id='word_1_313' title='bbox 443 2175 601 2218; x_wconf 83' lang='lat' dir='ltr'>sortitur,</span> <span class='ocrx_word' id='word_1_314' title='bbox 623 2184 662 2210; x_wconf 92' lang='lat' dir='ltr'>ut</span> <span class='ocrx_word' id='word_1_315' title='bbox 673 2187 716 2210; x_wconf 86' lang='lat' dir='ltr'>ex</span> <span class='ocrx_word' id='word_1_316' title='bbox 738 2186 846 2222; x_wconf 88' lang='lat' dir='ltr'>supra</span> <span class='ocrx_word' id='word_1_317' title='bbox 866 2175 970 2210; x_wconf 88' lang='lat' dir='ltr'>dictis</span> <span class='ocrx_word' id='word_1_318' title='bbox 992 2183 1092 2222; x_wconf 84' lang='lat' dir='ltr'>pater</span> <span class='ocrx_word' id='word_1_319' title='bbox 1107 2175 1156 2221; x_wconf 88' lang='lat' dir='ltr'>(q.</span> <span class='ocrx_word' id='word_1_320' title='bbox 1172 2175 1230 2210; x_wconf 81' lang='lat'>60.</span> <span class='ocrx_word' id='word_1_321' title='bbox 1245 2180 1309 2209; x_wconf 79' lang='lat' dir='ltr'>art.</span> <span class='ocrx_word' id='word_1_322' title='bbox 1321 2186 1350 2220; x_wconf 84' lang='lat'>5.</span> <span class='ocrx_word' id='word_1_323' title='bbox 1368 2179 1396 2209; x_wconf 78' lang='lat' dir='ltr'>et</span> <span class='ocrx_word' id='word_1_324' title='bbox 1410 2186 1440 2220; x_wconf 91' lang='lat' dir='ltr'>q.</span> <span class='ocrx_word' id='word_1_325' title='bbox 1456 2174 1511 2210; x_wconf 84' lang='lat'>62.</span> <span class='ocrx_word' id='word_1_326' title='bbox 1527 2179 1590 2208; x_wconf 78' lang='lat' dir='ltr'>art.</span> <span class='ocrx_word' id='word_1_327' title='bbox 1606 2174 1672 2218; x_wconf 83' lang='lat'><em>1.),·</em></span> 
     </span>
     <span class='ocr_line' id='line_1_43' title="bbox 73 2226 1674 2276; baseline -0.003 -11"><span class='ocrx_word' id='word_1_328' title='bbox 73 2237 78 2243; x_wconf 94' lang='grc'><strong>”</strong></span> <span class='ocrx_word' id='word_1_329' title='bbox 93 2226 201 2273; x_wconf 36' lang='lat' dir='ltr'>‘sse</span> <span class='ocrx_word' id='word_1_330' title='bbox 215 2235 372 2276; x_wconf 81' lang='lat' dir='ltr'>oportet,</span> <span class='ocrx_word' id='word_1_331' title='bbox 384 2228 483 2276; x_wconf 85' lang='lat' dir='ltr'>quod</span> <span class='ocrx_word' id='word_1_332' title='bbox 497 2229 678 2264; x_wconf 82' lang='lat' dir='ltr'>maximae</span> <span class='ocrx_word' id='word_1_333' title='bbox 694 2229 814 2263; x_wconf 86' lang='lat' dir='ltr'>virtuti</span> <span class='ocrx_word' id='word_1_334' title='bbox 831 2228 966 2264; x_wconf 88' lang='lat' dir='ltr'>directe</span> <span class='ocrx_word' id='word_1_335' title='bbox 982 2228 1222 2264; x_wconf 86' lang='lat' dir='ltr'>contrarietur</span> <span class='ocrx_word' id='word_1_336' title='bbox 1244 2228 1446 2262; x_wconf 85' lang='lat' dir='ltr'>maximum</span> <span class='ocrx_word' id='word_1_337' title='bbox 1469 2235 1674 2274; x_wconf 84' lang='lat' dir='ltr'>peccatum,</span> 
     </span>
     <span class='ocr_line' id='line_1_44' title="bbox 91 2280 1676 2330; baseline -0.002 -11.979"><span class='ocrx_word' id='word_1_338' title='bbox 91 2280 211 2330; x_wconf 61' lang='lat' dir='ltr'>quui</span> <span class='ocrx_word' id='word_1_339' title='bbox 226 2281 386 2318; x_wconf 78' lang='lat' dir='ltr'>maxime</span> <span class='ocrx_word' id='word_1_340' title='bbox 410 2282 455 2318; x_wconf 84' lang='lat' dir='ltr'>ab</span> <span class='ocrx_word' id='word_1_341' title='bbox 480 2283 612 2318; x_wconf 89' lang='lat' dir='ltr'>eodem</span> <span class='ocrx_word' id='word_1_342' title='bbox 637 2282 795 2318; x_wconf 82' lang='lat' dir='ltr'>distans</span> <span class='ocrx_word' id='word_1_343' title='bbox 787 2293 823 2317; x_wconf 85' lang='lat' dir='ltr'>in</span> <span class='ocrx_word' id='word_1_344' title='bbox 844 2283 975 2318; x_wconf 88' lang='lat' dir='ltr'>eodem</span> <span class='ocrx_word' id='word_1_345' title='bbox 998 2293 1141 2330; x_wconf 84' lang='lat' dir='ltr'>genere</span> <span class='ocrx_word' id='word_1_346' title='bbox 1161 2283 1241 2318; x_wconf 81' lang='lat' dir='ltr'>Alio</span> <span class='ocrx_word' id='word_1_347' title='bbox 1263 2282 1358 2317; x_wconf 81' lang='lat' dir='ltr'>modo</span> <span class='ocrx_word' id='word_1_348' title='bbox 1373 2290 1492 2329; x_wconf 83' lang='lat' dir='ltr'>potest</span> <span class='ocrx_word' id='word_1_349' title='bbox 1513 2281 1676 2316; x_wconf 86' lang='lat' dir='ltr'>conside·</span> 
     </span>
     <span class='ocr_line' id='line_1_45' title="bbox 78 2333 1674 2398; baseline -0.003 -26"><span class='ocrx_word' id='word_1_350' title='bbox 78 2333 181 2381; x_wconf 33' lang='lat' dir='ltr'>&#39;xc-nti</span> <span class='ocrx_word' id='word_1_351' title='bbox 193 2335 378 2384; x_wconf 79' lang='lat' dir='ltr'>oppositio</span> <span class='ocrx_word' id='word_1_352' title='bbox 394 2335 535 2372; x_wconf 84' lang='lat' dir='ltr'>virtutis</span> <span class='ocrx_word' id='word_1_353' title='bbox 555 2336 599 2371; x_wconf 88' lang='lat' dir='ltr'>ad</span> <span class='ocrx_word' id='word_1_354' title='bbox 617 2344 808 2398; x_wconf 79' lang='lat' dir='ltr'>peccatum</span> <span class='ocrx_word' id='word_1_355' title='bbox 826 2336 1028 2371; x_wconf 90' lang='lat' dir='ltr'>secundum</span> <span class='ocrx_word' id='word_1_356' title='bbox 1043 2335 1240 2383; x_wconf 81' lang='lat' dir='ltr'>quamdam</span> <span class='ocrx_word' id='word_1_357' title='bbox 1262 2336 1512 2370; x_wconf 80' lang='lat' dir='ltr'>extensionem</span> <span class='ocrx_word' id='word_1_358' title='bbox 1534 2334 1674 2369; x_wconf 65' lang='lat' dir='ltr'>xirtutis</span> 
     </span>
     <span class='ocr_line' id='line_1_46' title="bbox 72 2386 1675 2442; baseline -0.002 -17"><span class='ocrx_word' id='word_1_359' title='bbox 72 2439 73 2442; x_wconf 11' lang='grc' dir='ltr'><strong>Ἴ</strong></span> <span class='ocrx_word' id='word_1_360' title='bbox 91 2386 309 2438; x_wconf 36' lang='lat' dir='ltr'>mmeritis</span> <span class='ocrx_word' id='word_1_361' title='bbox 334 2397 538 2437; x_wconf 81' lang='lat' dir='ltr'>peccatum.</span> <span class='ocrx_word' id='word_1_362' title='bbox 568 2389 720 2431; x_wconf 89' lang='lat' dir='ltr'>Quanto</span> <span class='ocrx_word' id='word_1_363' title='bbox 741 2390 839 2424; x_wconf 87' lang='lat' dir='ltr'>enim</span> <span class='ocrx_word' id='word_1_364' title='bbox 861 2388 967 2425; x_wconf 82' lang='lat' dir='ltr'>suerit</span> <span class='ocrx_word' id='word_1_365' title='bbox 983 2390 1094 2425; x_wconf 91' lang='lat' dir='ltr'>virtus</span> <span class='ocrx_word' id='word_1_366' title='bbox 1116 2390 1246 2435; x_wconf 84' lang='lat' dir='ltr'>major,</span> <span class='ocrx_word' id='word_1_367' title='bbox 1264 2397 1366 2424; x_wconf 83' lang='lat' dir='ltr'>tanto</span> <span class='ocrx_word' id='word_1_368' title='bbox 1388 2388 1505 2435; x_wconf 88' lang='lat' dir='ltr'>magis</span> <span class='ocrx_word' id='word_1_369' title='bbox 1527 2387 1675 2434; x_wconf 88' lang='lat' dir='ltr'>elongat</span> 
     </span>
     <span class='ocr_line' id='line_1_47' title="bbox 96 2438 1674 2490; baseline -0.003 -10"><span class='ocrx_word' id='word_1_370' title='bbox 96 2438 297 2481; x_wconf 55' lang='grc' dir='ltr'><strong>Μυκη</strong></span> <span class='ocrx_word' id='word_1_371' title='bbox 316 2453 339 2478; x_wconf 76' lang='lat' dir='ltr'>a</span> <span class='ocrx_word' id='word_1_372' title='bbox 358 2450 510 2490; x_wconf 82' lang='lat' dir='ltr'>peccato</span> <span class='ocrx_word' id='word_1_373' title='bbox 531 2443 597 2479; x_wconf 83' lang='lat' dir='ltr'>sibi</span> <span class='ocrx_word' id='word_1_374' title='bbox 611 2443 813 2485; x_wconf 66' lang='lat' dir='ltr'>conti-arim</span> <span class='ocrx_word' id='word_1_375' title='bbox 831 2443 880 2478; x_wconf 82' lang='lat' dir='ltr'>ita</span> <span class='ocrx_word' id='word_1_376' title='bbox 901 2443 998 2490; x_wconf 88' lang='lat' dir='ltr'>quod</span> <span class='ocrx_word' id='word_1_377' title='bbox 1013 2454 1087 2478; x_wconf 91' lang='lat' dir='ltr'>non</span> <span class='ocrx_word' id='word_1_378' title='bbox 1109 2443 1228 2478; x_wconf 90' lang='lat' dir='ltr'>solum</span> <span class='ocrx_word' id='word_1_379' title='bbox 1251 2443 1371 2489; x_wconf 88' lang='lat' dir='ltr'>ipsum</span> <span class='ocrx_word' id='word_1_380' title='bbox 1388 2450 1591 2489; x_wconf 81' lang='lat' dir='ltr'>peccatum,</span> <span class='ocrx_word' id='word_1_381' title='bbox 1613 2441 1674 2476; x_wconf 90' lang='lat' dir='ltr'>scd</span> 
     </span>
     <span class='ocr_line' id='line_1_48' title="bbox 124 2494 1676 2544; baseline -0.003 -11"><span class='ocrx_word' id='word_1_382' title='bbox 124 2518 127 2520; x_wconf 93' lang='lat'><em>-</em></span> <span class='ocrx_word' id='word_1_383' title='bbox 234 2494 444 2532; x_wconf 76' lang='lat' dir='ltr'>inducentia</span> <span class='ocrx_word' id='word_1_384' title='bbox 468 2496 514 2532; x_wconf 86' lang='lat' dir='ltr'>ad</span> <span class='ocrx_word' id='word_1_385' title='bbox 535 2504 726 2544; x_wconf 88' lang='lat' dir='ltr'>peccatum</span> <span class='ocrx_word' id='word_1_386' title='bbox 753 2496 918 2532; x_wconf 86' lang='lat' dir='ltr'>cohibet:</span> <span class='ocrx_word' id='word_1_387' title='bbox 941 2505 977 2532; x_wconf 90' lang='lat' dir='ltr'>et</span> <span class='ocrx_word' id='word_1_388' title='bbox 1002 2497 1052 2532; x_wconf 91' lang='lat' dir='ltr'>sic</span> <span class='ocrx_word' id='word_1_389' title='bbox 1075 2495 1308 2531; x_wconf 78' lang='lat' dir='ltr'>manifestum</span> <span class='ocrx_word' id='word_1_390' title='bbox 1331 2505 1396 2537; x_wconf 83' lang='lat' dir='ltr'>est,</span> <span class='ocrx_word' id='word_1_391' title='bbox 1419 2496 1515 2542; x_wconf 79' lang='lat' dir='ltr'>quod</span> <span class='ocrx_word' id='word_1_392' title='bbox 1539 2503 1676 2542; x_wconf 88' lang='lat' dir='ltr'>quanto</span> 
     </span>
     <span class='ocr_line' id='line_1_49' title="bbox 246 2548 1676 2597; baseline -0.002 -12.132"><span class='ocrx_word' id='word_1_393' title='bbox 246 2548 361 2586; x_wconf 75' lang='lat' dir='ltr'>virtus</span> <span class='ocrx_word' id='word_1_394' title='bbox 384 2548 491 2586; x_wconf 84' lang='lat' dir='ltr'>fuerit</span> <span class='ocrx_word' id='word_1_395' title='bbox 511 2551 641 2596; x_wconf 84' lang='lat' dir='ltr'>major,</span> <span class='ocrx_word' id='word_1_396' title='bbox 661 2558 764 2585; x_wconf 83' lang='lat' dir='ltr'>tanto</span> <span class='ocrx_word' id='word_1_397' title='bbox 786 2549 896 2585; x_wconf 86' lang='lat' dir='ltr'>etiam</span> <span class='ocrx_word' id='word_1_398' title='bbox 919 2550 1061 2585; x_wconf 85' lang='lat' dir='ltr'>minora</span> <span class='ocrx_word' id='word_1_399' title='bbox 1084 2559 1233 2597; x_wconf 85' lang='lat' dir='ltr'>peccata</span> <span class='ocrx_word' id='word_1_400' title='bbox 1255 2550 1419 2585; x_wconf 71' lang='lat' dir='ltr'>cohibet:</span> <span class='ocrx_word' id='word_1_401' title='bbox 1447 2550 1539 2584; x_wconf 88' lang='lat' dir='ltr'>sicut</span> <span class='ocrx_word' id='word_1_402' title='bbox 1566 2549 1676 2583; x_wconf 82' lang='lat' dir='ltr'>ctiam</span> 
     </span>
     <span class='ocr_line' id='line_1_50' title="bbox 93 2600 1673 2651; baseline -0.002 -12"><span class='ocrx_word' id='word_1_403' title='bbox 93 2600 254 2648; x_wconf 58' lang='lat' dir='ltr'>mn.</span> <span class='ocrx_word' id='word_1_404' title='bbox 265 2610 403 2651; x_wconf 78' lang='lat' dir='ltr'>quanto</span> <span class='ocrx_word' id='word_1_405' title='bbox 415 2602 522 2639; x_wconf 82' lang='lat' dir='ltr'>fuerit</span> <span class='ocrx_word' id='word_1_406' title='bbox 536 2604 664 2649; x_wconf 83' lang='lat' dir='ltr'>major,</span> <span class='ocrx_word' id='word_1_407' title='bbox 678 2611 780 2638; x_wconf 84' lang='lat' dir='ltr'>tanto</span> <span class='ocrx_word' id='word_1_408' title='bbox 794 2605 904 2639; x_wconf 86' lang='lat' dir='ltr'>etiam</span> <span class='ocrx_word' id='word_1_409' title='bbox 919 2604 1080 2639; x_wconf 86' lang='lat' dir='ltr'>minores</span> <span class='ocrx_word' id='word_1_410' title='bbox 1094 2603 1352 2650; x_wconf 79' lang='lat' dir='ltr'>discrepantias</span> <span class='ocrx_word' id='word_1_411' title='bbox 1371 2602 1544 2638; x_wconf 78' lang='lat' dir='ltr'>excludit:</span> <span class='ocrx_word' id='word_1_412' title='bbox 1565 2611 1599 2637; x_wconf 89' lang='lat' dir='ltr'>et</span> <span class='ocrx_word' id='word_1_413' title='bbox 1610 2613 1673 2649; x_wconf 87' lang='lat' dir='ltr'>per</span> 
     </span>
     <span class='ocr_line' id='line_1_51' title="bbox 99 2652 1617 2704; baseline -0.002 -11"><span class='ocrx_word' id='word_1_414' title='bbox 99 2652 207 2702; x_wconf 49' lang='lat' dir='ltr'>be</span> <span class='ocrx_word' id='word_1_415' title='bbox 230 2655 384 2693; x_wconf 74' lang='lat' dir='ltr'>nodum</span> <span class='ocrx_word' id='word_1_416' title='bbox 404 2656 536 2703; x_wconf 82' lang='lat' dir='ltr'>majori</span> <span class='ocrx_word' id='word_1_417' title='bbox 557 2656 679 2692; x_wconf 86' lang='lat' dir='ltr'>virtuti</span> <span class='ocrx_word' id='word_1_418' title='bbox 701 2657 820 2692; x_wconf 88' lang='lat' dir='ltr'>minus</span> <span class='ocrx_word' id='word_1_419' title='bbox 841 2665 1032 2703; x_wconf 86' lang='lat' dir='ltr'>peccatum</span> <span class='ocrx_word' id='word_1_420' title='bbox 1054 2658 1251 2704; x_wconf 71' lang='lat' dir='ltr'>opponitur</span> <span class='ocrx_word' id='word_1_421' title='bbox 1273 2669 1314 2692; x_wconf 76' lang='lat' dir='ltr'>ex</span> <span class='ocrx_word' id='word_1_422' title='bbox 1335 2665 1434 2703; x_wconf 84' lang='lat' dir='ltr'>parte</span> <span class='ocrx_word' id='word_1_423' title='bbox 1456 2655 1617 2691; x_wconf 75' lang='lat' dir='ltr'>effectus.</span> 
     </span>
     <span class='ocr_line' id='line_1_52' title="bbox 177 2707 1676 2771; baseline -0.004 -22"><span class='ocrx_word' id='word_1_424' title='bbox 177 2707 242 2749; x_wconf 67' lang='grc' dir='ltr'>ΑΒ</span> <span class='ocrx_word' id='word_1_425' title='bbox 258 2718 411 2747; x_wconf 66' lang='lat' dir='ltr'>numu</span> <span class='ocrx_word' id='word_1_426' title='bbox 427 2720 517 2758; x_wconf 77' lang='lat' dir='ltr'>ergo</span> <span class='ocrx_word' id='word_1_427' title='bbox 537 2710 745 2753; x_wconf 87' lang='lat' dir='ltr'>dicendum,</span> <span class='ocrx_word' id='word_1_428' title='bbox 762 2711 859 2757; x_wconf 90' lang='lat' dir='ltr'>quod</span> <span class='ocrx_word' id='word_1_429' title='bbox 878 2711 970 2746; x_wconf 83' lang='lat' dir='ltr'>ratio</span> <span class='ocrx_word' id='word_1_430' title='bbox 992 2710 1052 2745; x_wconf 85' lang='lat' dir='ltr'>illa</span> <span class='ocrx_word' id='word_1_431' title='bbox 1074 2710 1238 2771; x_wconf 81' lang='lat' dir='ltr'>procedit</span> <span class='ocrx_word' id='word_1_432' title='bbox 1259 2710 1302 2744; x_wconf 89' lang='lat' dir='ltr'>de</span> <span class='ocrx_word' id='word_1_433' title='bbox 1325 2709 1568 2767; x_wconf 86' lang='lat' dir='ltr'>oppositione,</span> <span class='ocrx_word' id='word_1_434' title='bbox 1583 2719 1676 2755; x_wconf 83' lang='lat' dir='ltr'>quae</span> 
     </span>
     <span class='ocr_line' id='line_1_53' title="bbox 192 2751 1676 2811; baseline -0.002 -11"><span class='ocrx_word' id='word_1_435' title='bbox 192 2781 196 2789; x_wconf 57' lang='lat' dir='ltr'>v</span> <span class='ocrx_word' id='word_1_436' title='bbox 216 2780 220 2787; x_wconf 51' lang='lat' dir='ltr'>v</span> <span class='ocrx_word' id='word_1_437' title='bbox 231 2761 286 2790; x_wconf 83' lang='lat'><strong>’····</strong></span> <span class='ocrx_word' id='word_1_438' title='bbox 321 2762 523 2800; x_wconf 72' lang='lat' dir='ltr'>secundum</span> <span class='ocrx_word' id='word_1_439' title='bbox 543 2762 807 2799; x_wconf 85' lang='lat' dir='ltr'>cohibitionem</span> <span class='ocrx_word' id='word_1_440' title='bbox 825 2765 982 2811; x_wconf 78' lang='lat' dir='ltr'>peccati3</span> <span class='ocrx_word' id='word_1_441' title='bbox 1008 2764 1058 2800; x_wconf 89' lang='lat' dir='ltr'>sic</span> <span class='ocrx_word' id='word_1_442' title='bbox 1081 2764 1180 2799; x_wconf 89' lang='lat' dir='ltr'>enim</span> <span class='ocrx_word' id='word_1_443' title='bbox 1202 2764 1388 2799; x_wconf 78' lang='lat' dir='ltr'>abundans</span> <span class='ocrx_word' id='word_1_444' title='bbox 1410 2751 1542 2808; x_wconf 84' lang='lat' dir='ltr'>justitia</span> <span class='ocrx_word' id='word_1_445' title='bbox 1565 2763 1676 2797; x_wconf 87' lang='lat' dir='ltr'>etiam</span> 
     </span>
    </p>

    <p class='ocr_par' dir='ltr' id='par_1_12' title="bbox 189 2816 602 2864">
     <span class='ocr_line' id='line_1_54' title="bbox 189 2816 602 2864; baseline 0 -12"><span class='ocrx_word' id='word_1_446' title='bbox 189 2832 204 2858; x_wconf 19' lang='grc' dir='ltr'>γ·</span> <span class='ocrx_word' id='word_1_447' title='bbox 225 2834 234 2845; x_wconf 82' lang='lat'><strong>·</strong></span> <span class='ocrx_word' id='word_1_448' title='bbox 273 2824 424 2864; x_wconf 73' lang='lat' dir='ltr'>peccata</span> <span class='ocrx_word' id='word_1_449' title='bbox 444 2816 602 2855; x_wconf 77' lang='lat' dir='ltr'>cohibet.</span> 
     </span>
    </p>

    <p class='ocr_par' dir='ltr' id='par_1_13' title="bbox 118 2866 1679 2972">
     <span class='ocr_line' id='line_1_55' title="bbox 118 2866 1679 2918; baseline -0.003 -11"><span class='ocrx_word' id='word_1_450' title='bbox 118 2877 141 2902; x_wconf 63' lang='lat'>‘-</span> <span class='ocrx_word' id='word_1_451' title='bbox 151 2866 466 2917; x_wconf 64' lang='lat' dir='ltr'>Autumnum:</span> <span class='ocrx_word' id='word_1_452' title='bbox 485 2869 694 2913; x_wconf 85' lang='lat' dir='ltr'>dicendum,</span> <span class='ocrx_word' id='word_1_453' title='bbox 707 2870 806 2918; x_wconf 90' lang='lat' dir='ltr'>quod</span> <span class='ocrx_word' id='word_1_454' title='bbox 825 2871 955 2917; x_wconf 79' lang='lat' dir='ltr'>majori</span> <span class='ocrx_word' id='word_1_455' title='bbox 976 2871 1110 2914; x_wconf 64' lang='lat' dir='ltr'>virtut,</span> <span class='ocrx_word' id='word_1_456' title='bbox 1123 2882 1216 2918; x_wconf 79' lang='lat' dir='ltr'>quae</span> <span class='ocrx_word' id='word_1_457' title='bbox 1231 2878 1283 2905; x_wconf 86' lang='lat' dir='ltr'>est</span> <span class='ocrx_word' id='word_1_458' title='bbox 1297 2870 1393 2905; x_wconf 81' lang='lat' dir='ltr'>circa</span> <span class='ocrx_word' id='word_1_459' title='bbox 1409 2870 1547 2905; x_wconf 89' lang='lat' dir='ltr'>bonum</span> <span class='ocrx_word' id='word_1_460' title='bbox 1563 2869 1679 2915; x_wconf 88' lang='lat' dir='ltr'>magis</span> 
     </span>
     <span class='ocr_line' id='line_1_56' title="bbox 161 2921 1679 2972; baseline -0.001 -12"><span class='ocrx_word' id='word_1_461' title='bbox 161 2928 177 2946; x_wconf 71' lang='lat'>³³</span> <span class='ocrx_word' id='word_1_462' title='bbox 197 2925 224 2947; x_wconf 76' lang='lat'>-¹</span> <span class='ocrx_word' id='word_1_463' title='bbox 289 2922 530 2960; x_wconf 63' lang='lat' dir='ltr'>munstur</span> <span class='ocrx_word' id='word_1_464' title='bbox 549 2923 685 2960; x_wconf 85' lang='lat' dir='ltr'>directe</span> <span class='ocrx_word' id='word_1_465' title='bbox 704 2931 909 2972; x_wconf 84' lang='lat' dir='ltr'>peccatum,</span> <span class='ocrx_word' id='word_1_466' title='bbox 930 2924 1027 2972; x_wconf 89' lang='lat' dir='ltr'>quod</span> <span class='ocrx_word' id='word_1_467' title='bbox 1042 2933 1095 2960; x_wconf 82' lang='lat' dir='ltr'>est</span> <span class='ocrx_word' id='word_1_468' title='bbox 1109 2924 1205 2960; x_wconf 81' lang='lat' dir='ltr'>circa</span> <span class='ocrx_word' id='word_1_469' title='bbox 1228 2923 1365 2959; x_wconf 73' lang='lat' dir='ltr'>nulum</span> <span class='ocrx_word' id='word_1_470' title='bbox 1382 2923 1498 2970; x_wconf 80' lang='lat' dir='ltr'>magis</span> <span class='ocrx_word' id='word_1_471' title='bbox 1512 2921 1679 2958; x_wconf 77' lang='lat' dir='ltr'>difficile:</span> 
     </span>
    </p>
   </div>
  </div>
 </body>
</html>
