1955 3182
262 213 316 256 42
707 209 927 245 QUAESTIO
961 208 1021 237 ΙΙΙ.
1055 207 1299 238 ARTICULUS
1332 207 1375 236 ΙΙ.

263 303 332 338 qua
351 291 617 337 conjunguntur
631 290 728 324 bono
743 290 922 323 increato:
946 297 980 322 et
1000 288 1090 322 haec
1115 288 1277 334 operatio
1301 295 1353 321 est
1371 288 1407 321 in
1429 286 1478 320 eis
1501 286 1618 328 unica,
1641 293 1676 320 et
1693 284 1822 331 sempi-

261 354 372 379 terna.
391 345 431 378 In
452 344 660 378 hominibus
681 351 802 377 autem
824 343 1025 377 secundum
1047 350 1179 377 statum
1200 342 1397 388 praesentis
1412 341 1507 374 vitae
1530 349 1582 375 est
1603 341 1730 375 ultima
1747 351 1823 387 per-

262 398 370 432 fectio
393 397 592 431 secundum
615 398 876 442 operationem,
892 407 962 442 qua
975 396 1090 430 hoino
1107 395 1339 442 conjungitur
1357 395 1456 429 Deo:
1477 395 1539 428 sed
1554 394 1643 428 haec
1659 395 1821 440 operatio

261 463 327 486 nec
350 451 520 486 continua
542 458 661 496 potest
682 461 770 492 esse,
793 457 828 484 et
848 460 911 495 per
932 460 1158 495 consequens
1181 460 1246 482 nec
1269 449 1376 482 unica
1397 456 1469 490 est3
1489 448 1572 494 quia
1590 447 1752 494 operatio
1773 447 1824 480 in-

261 505 489 539 terscissione
511 503 786 550 multiplicatur:
811 512 846 536 et
872 510 1018 549 propter
1047 503 1118 536 hoc
1141 503 1177 536 in
1199 509 1292 536 statu
1323 501 1518 547 praesentis
1549 501 1644 535 vitae
1665 500 1824 547 perfecta

261 558 444 592 beatitudo
467 557 508 590 ab
531 557 680 590 homine
702 557 827 590 haberi
845 567 919 589 non
941 564 1077 602 potest3
1100 555 1194 589 unde
1215 555 1308 589 Phil.
1331 555 1445 601 inalib.
1472 566 1500 588 1.
1522 554 1638 588 Ethic.
1661 556 1748 601 (cap.
1770 566 1821 589 10.

263 613 296 645 in
307 612 384 658 fin.)
408 622 546 657 ponens
568 610 827 644 beatitudinem
849 609 1008 643 hominis
1030 609 1067 642 in
1087 609 1156 642 hac
1177 609 1262 651 vita,
1277 609 1363 643 dicit
1385 619 1466 642 eam
1480 609 1718 655 imperfectam,
1741 615 1824 654 post

262 664 375 698 multa
398 663 634 698 concludens:
656 665 773 698 Beatos
794 668 901 697 autum
923 662 1072 705 dicimus,
1096 667 1132 697 iit
1154 663 1316 697 homines:
1340 662 1401 696 sed
1428 661 1648 707 promittitur
1672 661 1777 695 nobis
1804 671 1824 694 a

262 718 343 751 Deo
371 717 554 751 beatitudo
584 716 754 762 perfecta,
789 715 933 762 quando
963 717 1095 758 erimus,
1123 717 1208 751 sicut
1235 716 1343 761 angeli
1370 717 1403 750 in
1435 715 1545 757 Coelo,
1576 716 1668 750 sicut
1696 715 1825 748 dicitur

262 770 389 804 Matth.
414 780 475 812 223
498 778 673 816 quantum
696 780 782 815 ergo
805 769 849 803 ad
872 768 973 803 illam
994 769 1254 803 beatitudinem
1280 768 1479 815 perfectam
1506 776 1622 802 cessat
1647 767 1824 814 objectio:

263 826 345 871 quia
367 836 449 866 una,
472 832 506 858 et
528 824 710 865 continua,
726 831 760 857 et
773 823 992 869 sempiterna
1012 823 1223 869 operatione
1242 824 1276 857 iii
1292 822 1354 856 illo
1369 822 1598 856 beatitudinis
1614 830 1707 856 statu
1721 832 1824 856 mens
1851 861 1855 863 λ

262 878 421 912 hominis
435 878 517 911 Deo
533 877 781 922 conjungitur:
805 877 866 910 sed
886 878 921 910 in
936 877 1114 922 praesenti
1132 877 1205 910 vita
1221 884 1395 922 quantum
1411 875 1599 910 deficimus
1618 875 1660 909 ab
1679 875 1826 917 unitate,

263 939 298 965 et
319 931 555 965 continuitate
577 930 657 964 talis
677 930 908 976 operationis,
930 938 1072 964 tantum
1087 929 1276 963 deficimus
1299 940 1318 962 a
1337 929 1566 963 beatitudinis
1583 927 1825 975 perfectione:

264 993 317 1019 est
329 993 453 1019 tamen
468 984 587 1030 aliqua
602 984 827 1030 participatio
842 983 1090 1018 beatitudinis:
1108 991 1143 1017 et
1157 991 1292 1029 quanto
1308 984 1470 1029 operatio
1485 990 1604 1029 potest
1617 993 1695 1017 esse
1710 983 1827 1028 magis

263 1040 446 1081 continua,
469 1047 503 1072 et
530 1050 611 1080 una,
634 1046 734 1072 tanto
762 1037 841 1083 plus
871 1038 981 1072 habet
1010 1037 1191 1072 rationem
1212 1037 1461 1080 beatitudinis;
1490 1045 1525 1071 et
1549 1036 1631 1071 ideo
1652 1038 1690 1071 in
1712 1037 1828 1071 activa

262 1093 345 1135 vita,
368 1104 459 1138 quae
483 1092 577 1125 circa
597 1091 710 1125 multa
733 1099 941 1137 occupatur,
965 1100 1018 1125 est
1040 1091 1158 1125 minus
1181 1091 1225 1125 de
1247 1091 1385 1125 ratione
1400 1091 1642 1133 beatitudinis,
1664 1102 1775 1137 quam
1791 1091 1828 1124 in

262 1147 335 1180 vita
357 1144 648 1191 contemplativa,
676 1156 767 1190 quae
788 1152 950 1178 versatur
978 1144 1073 1178 circa
1100 1156 1225 1187 unum,
1250 1144 1343 1179 idest
1369 1144 1465 1178 circa
1485 1144 1646 1179 veritatis
1670 1152 1831 1179 contem-

262 1199 476 1244 plationem:
497 1199 563 1232 etsi
585 1198 779 1244 aliquando
801 1198 916 1232 homo
940 1206 1022 1232 actu
1043 1209 1118 1232 non
1140 1206 1309 1245 operetur
1326 1198 1538 1244 hujusmodi
1560 1198 1829 1244 operationem;

262 1261 397 1295 tamen,
413 1253 495 1299 quia
510 1253 545 1286 in
559 1259 728 1299 promptu
743 1252 853 1286 habet
868 1263 960 1293 eain,
977 1263 1120 1297 semper
1133 1260 1252 1298 potest
1266 1253 1426 1298 operari:
1444 1259 1479 1286 et
1493 1252 1576 1298 quia
1590 1252 1699 1286 etiarn
1714 1252 1828 1298 ipsam

264 1307 505 1341 cessationem
527 1307 629 1352 (puta
650 1306 789 1339 ratione
808 1306 952 1347 somnii,
968 1305 1024 1339 vel
1041 1306 1292 1352 occupationis
1312 1306 1462 1351 alicujus
1476 1306 1666 1351 naturalis)
1687 1306 1730 1340 ad
1750 1317 1833 1352 ope-

263 1361 442 1395 rationem
464 1360 686 1406 praedictam
710 1359 863 1401 ordinat,
886 1360 987 1405 quasi
1008 1359 1150 1393 videtur
1172 1360 1335 1406 operatio
1355 1360 1527 1394 continua
1550 1371 1638 1395 esse.

335 1414 379 1448 Et
399 1425 460 1460 per
482 1414 552 1448 hoc
574 1421 672 1460 patet
693 1412 825 1447 solutio
847 1423 896 1447 AD
917 1423 1109 1456 QumTUM,
1132 1421 1166 1447 et
1186 1424 1236 1448 AD
1265 1423 1428 1448 SEXTUM.

824 1544 1168 1589 ARTICULUS
1198 1545 1278 1588 HI.
1792 1567 1832 1604 19

427 1653 580 1683 UTRUM
603 1653 859 1683 BEATITUDO
884 1654 951 1683 SIT
980 1653 1198 1683 OPERATIO
1223 1652 1476 1683 SENSITIVAE
1501 1652 1670 1692 PARTIS,

699 1719 787 1748 AUT
815 1719 1166 1749 INTELLECTIVAE
1194 1719 1392 1749 TANTUM.

280 1807 372 1851 (Lib.
392 1818 421 1841 2.
445 1805 561 1840 Contr.
579 1818 607 1851 g.
632 1812 702 1853 cup.
721 1818 765 1852 33.
785 1811 813 1841 et
831 1818 880 1853 37.
896 1808 1008 1853 princ.
1031 1812 1060 1841 et
1078 1813 1184 1853 opusc.
1204 1818 1234 1842 2.
1258 1813 1329 1853 cap.
1352 1806 1432 1851 264.
1455 1811 1483 1841 et
1503 1818 1530 1841 1.
1552 1805 1628 1841 Eth.
1647 1805 1716 1841 lect.
1738 1807 1819 1852 10.).

338 1898 397 1931 AD
426 1907 596 1931 TERTIUM
624 1897 673 1931 sic
696 1897 912 1943 proceditur.
948 1897 1112 1939 Videtur,
1135 1897 1232 1944 quod
1253 1896 1438 1932 beatitudo
1461 1896 1636 1931 consistat
1663 1897 1773 1931 etiam
1797 1897 1833 1931 in

267 1951 477 1997 operatione
500 1962 635 1985 sensus.
662 1950 772 1985 Nulla
800 1951 897 1985 enim
921 1952 1082 1997 operatio
1105 1951 1286 1985 invenitur
1303 1951 1339 1985 in
1358 1951 1508 1985 homine
1529 1950 1688 1985 nobilior
1709 1962 1834 1997 opera-

266 2005 364 2039 tione
391 2004 571 2045 sensitiva,
605 2004 674 2037 nisi
699 2004 937 2039 intellectiva:
965 2005 1026 2039 sed
1058 2005 1221 2051 operatio
1240 2004 1460 2039 intellectiva
1479 2003 1657 2050 dependet
1674 2004 1710 2038 in
1731 2004 1836 2039 nobis

268 2059 309 2092 ab
344 2059 554 2104 operatione
583 2058 763 2100 sensitiva,
792 2059 874 2105 quia
902 2070 976 2093 non
1003 2071 1197 2106 possumus
1225 2059 1425 2105 intelligere
1459 2059 1536 2093 sine
1569 2059 1834 2105 phantasmate,

268 2120 307 2147 ut
328 2112 455 2146 dicitur
477 2113 512 2146 in
542 2124 570 2158 3.
595 2113 636 2146 de
660 2113 794 2146 Anima
819 2113 897 2157 (tax.
914 2115 981 2159 30.)
995 2126 1006 2154 ‚·
1028 2125 1115 2160 ergo
1136 2113 1323 2148 beatitudo
1344 2113 1508 2148 consistit
1529 2113 1638 2147 etiam
1655 2113 1692 2147 in
1714 2124 1837 2160 opera-

267 2175 366 2200 tione
389 2174 568 2200 sensitiva.

340 2230 371 2253 2.
399 2219 635 2253 PRAETEREA.
664 2220 764 2253 Boet.
792 2220 878 2254 dicit
904 2220 939 2254 in
970 2232 997 2266 3.
1026 2221 1069 2255 de
1104 2220 1255 2255 Consol.
1292 2221 1394 2268 (pros.
1427 2232 1458 2256 2.
1492 2223 1553 2256 cir.
1581 2222 1710 2268 princ.)
1739 2219 1836 2267 quod

268 2273 452 2308 beatitudo
476 2281 529 2307 est
549 2281 661 2307 status
684 2273 849 2307 omnium
872 2274 1054 2308 bonorum
1076 2275 1337 2321 aggregatione
1356 2274 1554 2320 perfectus:
1577 2274 1639 2310 sed
1659 2275 1836 2322 quaedam

268 2328 365 2361 bona
387 2335 469 2361 sunt
490 2327 682 2368 sensibilia,
705 2338 796 2372 quae
820 2327 1030 2373 attingimus
1049 2339 1111 2372 per
1130 2339 1255 2362 sensus
1278 2329 1548 2375 operationem3
1571 2339 1659 2375 ergo
1685 2329 1837 2371 videtur,

270 2380 365 2427 quod
389 2380 552 2426 operatio
580 2392 705 2414 sensus
728 2381 929 2426 requiratur
952 2381 995 2414 ad
1018 2382 1290 2416 beatitudinem.

343 2446 372 2480 3.
399 2434 634 2469 PRAETEREA.
663 2434 853 2468 Beatitudo
882 2443 935 2469 est
962 2435 1099 2468 bonum
1134 2435 1346 2480 perfectum,
1375 2444 1413 2470 ut
1438 2435 1609 2482 probatur
1633 2436 1671 2470 in
1701 2446 1728 2470 1.
1756 2435 1837 2470 Etli.

272 2487 360 2534 (cap.
376 2488 437 2534 7.),
462 2487 557 2533 quod
580 2498 653 2521 non
677 2496 779 2529 esset,
802 2488 869 2521 nisi
891 2488 1006 2522 homo
1027 2488 1260 2534 perficeretur
1275 2501 1337 2535 per
1358 2489 1474 2535 ipsam
1489 2489 1689 2524 secundum
1710 2500 1838 2524 omncs

269 2549 388 2587 partes
403 2552 495 2575 suas:
513 2541 573 2575 sed
589 2553 651 2587 per
666 2541 894 2586 operationes
910 2542 1097 2576 sensitivas
1113 2543 1290 2588 quaedam
1306 2551 1424 2589 partes
1439 2544 1582 2578 animae
1594 2543 1838 2590 perficiuntur3

269 2606 356 2640 ergo
381 2594 544 2640 operatio
567 2595 736 2629 sensitiva
759 2595 948 2641 requiritur
970 2596 1013 2629 ad
1036 2596 1306 2630 beatitudinem.

341 2649 415 2683 SED
439 2659 604 2683 CONTRA.
624 2648 664 2682 In
687 2649 898 2694 operatione
918 2649 1087 2683 sensitiva
1110 2650 1385 2684 communicant
1407 2650 1510 2685 nobis
1531 2650 1634 2685 bruta
1655 2649 1838 2692 animalia,

268 2713 341 2736 non
365 2710 485 2736 autem
507 2702 541 2735 in
564 2702 806 2744 beatitudinc;
834 2713 921 2748 ergo
949 2702 1132 2737 beatitudo
1160 2714 1234 2737 non
1261 2704 1425 2738 consistit
1455 2704 1490 2738 in
1519 2704 1730 2750 operatione
1761 2715 1838 2738 sen-

270 2764 383 2790 sitiva.

341 2809 571 2844 Rizspoamzo
599 2809 804 2851 dicendum,
836 2810 932 2856 quod
967 2811 1009 2844 ad
1043 2810 1303 2845 beatitudinem
1338 2819 1457 2857 potest
1496 2811 1629 2858 aliquid
1661 2811 1838 2858 pertinere

272 2863 457 2909 tripliciter.
487 2863 559 2897 Uno
588 2863 681 2898 modo
705 2863 957 2898 essentialiter:
981 2864 1047 2898 alio
1066 2863 1160 2898 modo
1184 2864 1458 2899 antecedenter:
1483 2866 1577 2900 tertio
1598 2864 1694 2899 modo
1716 2875 1840 2899 conse-

270 2923 429 2961 quenter.
453 2916 698 2952 Esseiitialitei·
725 2915 871 2963 quidem
893 2928 966 2952 non
989 2925 1108 2963 potest
1130 2918 1307 2963 pertinere
1331 2917 1495 2964 operatio
1517 2928 1643 2953 sensus
1666 2917 1710 2952 ad
1730 2917 1839 2952 beati-
