<?xml version="1.0" encoding="UTF-8"?>
<!DOCTYPE html PUBLIC "-//W3C//DTD XHTML 1.0 Transitional//EN"
    "http://www.w3.org/TR/xhtml1/DTD/xhtml1-transitional.dtd">
<html xmlns="http://www.w3.org/1999/xhtml" xml:lang="en" lang="en">
 <head>
  <title>
</title>
<meta http-equiv="Content-Type" content="text/html;charset=utf-8" />
  <meta name='ocr-system' content='tesseract 3.04.00' />
  <meta name='ocr-capabilities' content='ocr_page ocr_carea ocr_par ocr_line ocrx_word'/>
</head>
<body>
  <div class='ocr_page' id='page_1' title='image "./divithomaeaquina02thomuoft_0629.png"; bbox 0 0 1907 3198; ppageno 0'>
   <div class='ocr_carea' id='block_1_1' title="bbox 486 223 1683 276">
    <p class='ocr_par' dir='ltr' id='par_1_1' title="bbox 486 223 1683 276">
     <span class='ocr_line' id='line_1_1' title="bbox 486 223 1683 276; baseline 0.001 -14"><span class='ocrx_word' id='word_1_1' title='bbox 486 231 710 269; x_wconf 82' lang='lat' dir='ltr'><strong>QUAESTIO</strong></span> <span class='ocrx_word' id='word_1_2' title='bbox 744 232 937 262; x_wconf 83' lang='lat' dir='ltr'>LXXXVII.</span> <span class='ocrx_word' id='word_1_3' title='bbox 972 231 1218 263; x_wconf 84' lang='lat' dir='ltr'>ARTICULUS</span> <span class='ocrx_word' id='word_1_4' title='bbox 1252 231 1326 262; x_wconf 88' lang='lat' dir='ltr'><strong>VII.</strong></span> <span class='ocrx_word' id='word_1_5' title='bbox 1602 223 1683 276; x_wconf 83' lang='lat'>625</span> 
     </span>
    </p>
   </div>
   <div class='ocr_carea' id='block_1_2' title="bbox 112 313 1695 1167">
    <p class='ocr_par' dir='ltr' id='par_1_2' title="bbox 112 313 1694 844">
     <span class='ocr_line' id='line_1_2' title="bbox 114 313 1690 362; baseline -0.001 -12"><span class='ocrx_word' id='word_1_6' title='bbox 114 322 268 362; x_wconf 85' lang='lat' dir='ltr'>utroque</span> <span class='ocrx_word' id='word_1_7' title='bbox 288 315 422 349; x_wconf 91' lang='lat' dir='ltr'>horum</span> <span class='ocrx_word' id='word_1_8' title='bbox 444 322 591 361; x_wconf 92' lang='lat' dir='ltr'>propter</span> <span class='ocrx_word' id='word_1_9' title='bbox 612 313 767 349; x_wconf 88' lang='lat' dir='ltr'>salutem</span> <span class='ocrx_word' id='word_1_10' title='bbox 790 314 946 357; x_wconf 86' lang='lat' dir='ltr'>animae,</span> <span class='ocrx_word' id='word_1_11' title='bbox 966 322 1002 350; x_wconf 90' lang='lat' dir='ltr'>ct</span> <span class='ocrx_word' id='word_1_12' title='bbox 1023 322 1169 361; x_wconf 86' lang='lat' dir='ltr'>propter</span> <span class='ocrx_word' id='word_1_13' title='bbox 1183 313 1338 361; x_wconf 84' lang='lat' dir='ltr'>gloriam</span> <span class='ocrx_word' id='word_1_14' title='bbox 1354 314 1442 348; x_wconf 87' lang='lat' dir='ltr'>Dei:</span> <span class='ocrx_word' id='word_1_15' title='bbox 1466 322 1500 349; x_wconf 87' lang='lat' dir='ltr'>et</span> <span class='ocrx_word' id='word_1_16' title='bbox 1518 322 1602 349; x_wconf 91' lang='lat' dir='ltr'>tunc</span> <span class='ocrx_word' id='word_1_17' title='bbox 1617 314 1690 349; x_wconf 88' lang='lat' dir='ltr'>tale</span> 
     </span>
     <span class='ocr_line' id='line_1_3' title="bbox 113 367 1691 415; baseline -0.001 -11"><span class='ocrx_word' id='word_1_18' title='bbox 113 368 371 404; x_wconf 85' lang='lat' dir='ltr'>detrimentum</span> <span class='ocrx_word' id='word_1_19' title='bbox 395 379 469 402; x_wconf 92' lang='lat' dir='ltr'>non</span> <span class='ocrx_word' id='word_1_20' title='bbox 493 376 546 402; x_wconf 86' lang='lat' dir='ltr'>cst</span> <span class='ocrx_word' id='word_1_21' title='bbox 568 367 780 415; x_wconf 81' lang='lat' dir='ltr'>simpliciter</span> <span class='ocrx_word' id='word_1_22' title='bbox 799 367 939 402; x_wconf 83' lang='lat' dir='ltr'>malum</span> <span class='ocrx_word' id='word_1_23' title='bbox 962 368 1134 411; x_wconf 82' lang='lat' dir='ltr'>hominis,</span> <span class='ocrx_word' id='word_1_24' title='bbox 1153 369 1214 403; x_wconf 82' lang='lat' dir='ltr'>sed</span> <span class='ocrx_word' id='word_1_25' title='bbox 1238 368 1442 403; x_wconf 85' lang='lat' dir='ltr'>secundum</span> <span class='ocrx_word' id='word_1_26' title='bbox 1465 368 1570 415; x_wconf 86' lang='lat' dir='ltr'>quid;</span> <span class='ocrx_word' id='word_1_27' title='bbox 1596 369 1691 403; x_wconf 89' lang='lat' dir='ltr'>unde</span> 
     </span>
     <span class='ocr_line' id='line_1_4' title="bbox 112 421 1692 468; baseline -0.001 -11"><span class='ocrx_word' id='word_1_28' title='bbox 112 433 190 457; x_wconf 86' lang='lat' dir='ltr'>non</span> <span class='ocrx_word' id='word_1_29' title='bbox 203 422 312 458; x_wconf 83' lang='lat' dir='ltr'>habet</span> <span class='ocrx_word' id='word_1_30' title='bbox 326 421 539 468; x_wconf 89' lang='lat' dir='ltr'>simpliciter</span> <span class='ocrx_word' id='word_1_31' title='bbox 554 422 732 456; x_wconf 85' lang='lat' dir='ltr'>rationem</span> <span class='ocrx_word' id='word_1_32' title='bbox 748 432 901 468; x_wconf 89' lang='lat' dir='ltr'>poenae,</span> <span class='ocrx_word' id='word_1_33' title='bbox 916 422 978 457; x_wconf 83' lang='lat' dir='ltr'>sed</span> <span class='ocrx_word' id='word_1_34' title='bbox 994 422 1217 457; x_wconf 83' lang='lat' dir='ltr'>medicinae:</span> <span class='ocrx_word' id='word_1_35' title='bbox 1234 433 1318 456; x_wconf 88' lang='lat' dir='ltr'>nam</span> <span class='ocrx_word' id='word_1_36' title='bbox 1335 430 1370 456; x_wconf 84' lang='lat' dir='ltr'>et</span> <span class='ocrx_word' id='word_1_37' title='bbox 1384 422 1517 456; x_wconf 86' lang='lat' dir='ltr'>medici</span> <span class='ocrx_word' id='word_1_38' title='bbox 1533 429 1692 457; x_wconf 87' lang='lat' dir='ltr'>austeras</span> 
     </span>
     <span class='ocr_line' id='line_1_5' title="bbox 112 475 1690 524; baseline -0.001 -13"><span class='ocrx_word' id='word_1_39' title='bbox 112 476 282 524; x_wconf 86' lang='lat' dir='ltr'>potiones</span> <span class='ocrx_word' id='word_1_40' title='bbox 304 475 497 523; x_wconf 90' lang='lat' dir='ltr'>propinant</span> <span class='ocrx_word' id='word_1_41' title='bbox 518 475 682 518; x_wconf 83' lang='lat' dir='ltr'>infirmis,</span> <span class='ocrx_word' id='word_1_42' title='bbox 705 483 742 510; x_wconf 91' lang='lat' dir='ltr'>ut</span> <span class='ocrx_word' id='word_1_43' title='bbox 763 475 951 510; x_wconf 83' lang='lat' dir='ltr'>conferant</span> <span class='ocrx_word' id='word_1_44' title='bbox 973 476 1183 511; x_wconf 84' lang='lat' dir='ltr'>sanitatem:</span> <span class='ocrx_word' id='word_1_45' title='bbox 1213 484 1248 510; x_wconf 86' lang='lat' dir='ltr'>ct</span> <span class='ocrx_word' id='word_1_46' title='bbox 1270 477 1353 522; x_wconf 88' lang='lat' dir='ltr'>quia</span> <span class='ocrx_word' id='word_1_47' title='bbox 1379 476 1590 522; x_wconf 89' lang='lat' dir='ltr'>hujusmodi</span> <span class='ocrx_word' id='word_1_48' title='bbox 1616 487 1690 510; x_wconf 91' lang='lat' dir='ltr'>non</span> 
     </span>
     <span class='ocr_line' id='line_1_6' title="bbox 114 529 1692 577; baseline -0.001 -12"><span class='ocrx_word' id='word_1_49' title='bbox 114 529 260 577; x_wconf 82' lang='lat' dir='ltr'><strong>proprie</strong></span> <span class='ocrx_word' id='word_1_50' title='bbox 277 529 414 564; x_wconf 89' lang='lat' dir='ltr'>habent</span> <span class='ocrx_word' id='word_1_51' title='bbox 427 529 607 564; x_wconf 85' lang='lat' dir='ltr'>rationem</span> <span class='ocrx_word' id='word_1_52' title='bbox 626 540 780 576; x_wconf 87' lang='lat' dir='ltr'>poenae,</span> <span class='ocrx_word' id='word_1_53' title='bbox 799 540 873 564; x_wconf 91' lang='lat' dir='ltr'>non</span> <span class='ocrx_word' id='word_1_54' title='bbox 893 530 1113 564; x_wconf 89' lang='lat' dir='ltr'>reducuntur</span> <span class='ocrx_word' id='word_1_55' title='bbox 1132 529 1175 564; x_wconf 91' lang='lat' dir='ltr'>ad</span> <span class='ocrx_word' id='word_1_56' title='bbox 1191 529 1350 576; x_wconf 88' lang='lat' dir='ltr'>culpam,</span> <span class='ocrx_word' id='word_1_57' title='bbox 1365 529 1458 564; x_wconf 86' lang='lat' dir='ltr'>sicut</span> <span class='ocrx_word' id='word_1_58' title='bbox 1472 529 1515 564; x_wconf 91' lang='lat' dir='ltr'>ad</span> <span class='ocrx_word' id='word_1_59' title='bbox 1531 541 1692 573; x_wconf 86' lang='lat' dir='ltr'>causam,</span> 
     </span>
     <span class='ocr_line' id='line_1_7' title="bbox 112 583 1694 630; baseline 0 -12"><span class='ocrx_word' id='word_1_60' title='bbox 112 583 183 618; x_wconf 89' lang='lat' dir='ltr'>nisi</span> <span class='ocrx_word' id='word_1_61' title='bbox 202 594 268 630; x_wconf 89' lang='lat' dir='ltr'>pro</span> <span class='ocrx_word' id='word_1_62' title='bbox 289 590 392 618; x_wconf 88' lang='lat' dir='ltr'>tanto</span> <span class='ocrx_word' id='word_1_63' title='bbox 414 584 498 630; x_wconf 85' lang='lat' dir='ltr'>quia</span> <span class='ocrx_word' id='word_1_64' title='bbox 520 583 591 617; x_wconf 90' lang='lat' dir='ltr'>hoc</span> <span class='ocrx_word' id='word_1_65' title='bbox 615 583 732 629; x_wconf 89' lang='lat' dir='ltr'>ipsum</span> <span class='ocrx_word' id='word_1_66' title='bbox 755 583 852 630; x_wconf 87' lang='lat' dir='ltr'>quod</span> <span class='ocrx_word' id='word_1_67' title='bbox 876 591 1020 630; x_wconf 89' lang='lat' dir='ltr'>oportet</span> <span class='ocrx_word' id='word_1_68' title='bbox 1033 584 1216 618; x_wconf 88' lang='lat' dir='ltr'>humanae</span> <span class='ocrx_word' id='word_1_69' title='bbox 1231 591 1380 618; x_wconf 89' lang='lat' dir='ltr'>naturae</span> <span class='ocrx_word' id='word_1_70' title='bbox 1396 583 1595 618; x_wconf 84' lang='lat' dir='ltr'>medicinas</span> <span class='ocrx_word' id='word_1_71' title='bbox 1610 594 1694 629; x_wconf 85' lang='lat' dir='ltr'>poe-</span> 
     </span>
     <span class='ocr_line' id='line_1_8' title="bbox 112 636 1692 684; baseline -0.001 -12"><span class='ocrx_word' id='word_1_72' title='bbox 112 636 214 672; x_wconf 87' lang='lat' dir='ltr'>nales</span> <span class='ocrx_word' id='word_1_73' title='bbox 233 636 417 678; x_wconf 88' lang='lat' dir='ltr'>adhibere,</span> <span class='ocrx_word' id='word_1_74' title='bbox 439 644 493 671; x_wconf 88' lang='lat' dir='ltr'>est</span> <span class='ocrx_word' id='word_1_75' title='bbox 514 647 557 670; x_wconf 85' lang='lat' dir='ltr'>ex</span> <span class='ocrx_word' id='word_1_76' title='bbox 579 636 813 682; x_wconf 82' lang='lat' dir='ltr'>corruptione</span> <span class='ocrx_word' id='word_1_77' title='bbox 835 645 997 679; x_wconf 85' lang='lat' dir='ltr'>naturae,</span> <span class='ocrx_word' id='word_1_78' title='bbox 1020 648 1112 683; x_wconf 82' lang='lat' dir='ltr'>quae</span> <span class='ocrx_word' id='word_1_79' title='bbox 1135 645 1189 672; x_wconf 86' lang='lat' dir='ltr'>est</span> <span class='ocrx_word' id='word_1_80' title='bbox 1207 648 1325 684; x_wconf 88' lang='lat' dir='ltr'>poena</span> <span class='ocrx_word' id='word_1_81' title='bbox 1340 636 1527 683; x_wconf 83' lang='lat' dir='ltr'>originalis</span> <span class='ocrx_word' id='word_1_82' title='bbox 1541 637 1692 683; x_wconf 82' lang='lat' dir='ltr'>peccati.</span> 
     </span>
     <span class='ocr_line' id='line_1_9' title="bbox 113 689 1694 737; baseline -0.001 -11"><span class='ocrx_word' id='word_1_83' title='bbox 113 691 154 726; x_wconf 90' lang='lat' dir='ltr'>In</span> <span class='ocrx_word' id='word_1_84' title='bbox 174 698 270 726; x_wconf 88' lang='lat' dir='ltr'>statu</span> <span class='ocrx_word' id='word_1_85' title='bbox 291 690 390 725; x_wconf 90' lang='lat' dir='ltr'>enim</span> <span class='ocrx_word' id='word_1_86' title='bbox 411 689 642 725; x_wconf 85' lang='lat' dir='ltr'>innocentiae</span> <span class='ocrx_word' id='word_1_87' title='bbox 670 701 744 724; x_wconf 91' lang='lat' dir='ltr'>non</span> <span class='ocrx_word' id='word_1_88' title='bbox 767 691 988 736; x_wconf 80' lang='lat' dir='ltr'>oportuisset</span> <span class='ocrx_word' id='word_1_89' title='bbox 1012 691 1170 737; x_wconf 83' lang='lat' dir='ltr'>aliquem</span> <span class='ocrx_word' id='word_1_90' title='bbox 1194 691 1238 725; x_wconf 89' lang='lat' dir='ltr'>ad</span> <span class='ocrx_word' id='word_1_91' title='bbox 1261 690 1466 737; x_wconf 88' lang='lat' dir='ltr'>profectum</span> <span class='ocrx_word' id='word_1_92' title='bbox 1489 690 1629 725; x_wconf 77' lang='lat' dir='ltr'>virtutis</span> <span class='ocrx_word' id='word_1_93' title='bbox 1643 690 1694 724; x_wconf 90' lang='lat' dir='ltr'>in-</span> 
     </span>
     <span class='ocr_line' id='line_1_10' title="bbox 114 743 1692 792; baseline -0.001 -12"><span class='ocrx_word' id='word_1_94' title='bbox 114 744 247 780; x_wconf 90' lang='lat' dir='ltr'>ducere</span> <span class='ocrx_word' id='word_1_95' title='bbox 268 755 333 791; x_wconf 91' lang='lat' dir='ltr'>per</span> <span class='ocrx_word' id='word_1_96' title='bbox 354 743 523 790; x_wconf 88' lang='lat' dir='ltr'>poenalia</span> <span class='ocrx_word' id='word_1_97' title='bbox 545 744 736 786; x_wconf 85' lang='lat' dir='ltr'>exercitia;</span> <span class='ocrx_word' id='word_1_98' title='bbox 758 745 853 780; x_wconf 87' lang='lat' dir='ltr'>unde</span> <span class='ocrx_word' id='word_1_99' title='bbox 873 745 943 779; x_wconf 87' lang='lat' dir='ltr'>hoc</span> <span class='ocrx_word' id='word_1_100' title='bbox 967 745 1099 791; x_wconf 89' lang='lat' dir='ltr'>ipsum,</span> <span class='ocrx_word' id='word_1_101' title='bbox 1121 745 1219 792; x_wconf 91' lang='lat' dir='ltr'>quod</span> <span class='ocrx_word' id='word_1_102' title='bbox 1242 752 1295 780; x_wconf 88' lang='lat' dir='ltr'>est</span> <span class='ocrx_word' id='word_1_103' title='bbox 1316 743 1469 792; x_wconf 88' lang='lat' dir='ltr'>poenale</span> <span class='ocrx_word' id='word_1_104' title='bbox 1492 745 1527 780; x_wconf 91' lang='lat' dir='ltr'>in</span> <span class='ocrx_word' id='word_1_105' title='bbox 1549 743 1692 786; x_wconf 89' lang='lat' dir='ltr'>talibus,</span> 
     </span>
     <span class='ocr_line' id='line_1_11' title="bbox 113 797 1143 844; baseline -0.001 -10"><span class='ocrx_word' id='word_1_106' title='bbox 113 797 298 834; x_wconf 84' lang='lat' dir='ltr'>reducitur</span> <span class='ocrx_word' id='word_1_107' title='bbox 318 798 362 833; x_wconf 89' lang='lat' dir='ltr'>ad</span> <span class='ocrx_word' id='word_1_108' title='bbox 381 797 599 844; x_wconf 87' lang='lat' dir='ltr'>originalem</span> <span class='ocrx_word' id='word_1_109' title='bbox 621 797 779 844; x_wconf 89' lang='lat' dir='ltr'>culpam,</span> <span class='ocrx_word' id='word_1_110' title='bbox 801 798 892 834; x_wconf 90' lang='lat' dir='ltr'>sicut</span> <span class='ocrx_word' id='word_1_111' title='bbox 915 799 958 833; x_wconf 89' lang='lat' dir='ltr'>ad</span> <span class='ocrx_word' id='word_1_112' title='bbox 983 810 1143 833; x_wconf 87' lang='lat' dir='ltr'>causam.</span> 
     </span>
    </p>

    <p class='ocr_par' dir='ltr' id='par_1_3' title="bbox 113 851 1695 1167">
     <span class='ocr_line' id='line_1_12' title="bbox 185 851 1692 899; baseline 0 -13"><span class='ocrx_word' id='word_1_113' title='bbox 185 851 246 887; x_wconf 83' lang='lat' dir='ltr'>An</span> <span class='ocrx_word' id='word_1_114' title='bbox 260 861 411 887; x_wconf 71' lang='lat' dir='ltr'>PRuwM</span> <span class='ocrx_word' id='word_1_115' title='bbox 422 862 511 898; x_wconf 86' lang='lat' dir='ltr'>ergo</span> <span class='ocrx_word' id='word_1_116' title='bbox 523 851 730 894; x_wconf 88' lang='lat' dir='ltr'>dicendum,</span> <span class='ocrx_word' id='word_1_117' title='bbox 743 852 840 899; x_wconf 93' lang='lat' dir='ltr'>quod</span> <span class='ocrx_word' id='word_1_118' title='bbox 852 852 1062 898; x_wconf 86' lang='lat' dir='ltr'>hujusmodi</span> <span class='ocrx_word' id='word_1_119' title='bbox 1078 851 1240 887; x_wconf 88' lang='lat' dir='ltr'>defectus</span> <span class='ocrx_word' id='word_1_120' title='bbox 1254 863 1394 895; x_wconf 88' lang='lat' dir='ltr'>eorum,</span> <span class='ocrx_word' id='word_1_121' title='bbox 1409 852 1470 899; x_wconf 88' lang='lat' dir='ltr'>qui</span> <span class='ocrx_word' id='word_1_122' title='bbox 1484 860 1692 894; x_wconf 89' lang='lat' dir='ltr'>nascuntur,</span> 
     </span>
     <span class='ocr_line' id='line_1_13' title="bbox 113 903 1692 953; baseline 0 -13"><span class='ocrx_word' id='word_1_123' title='bbox 113 903 172 940; x_wconf 90' lang='lat' dir='ltr'>vel</span> <span class='ocrx_word' id='word_1_124' title='bbox 192 905 304 941; x_wconf 87' lang='lat' dir='ltr'>etiarn</span> <span class='ocrx_word' id='word_1_125' title='bbox 325 916 535 952; x_wconf 90' lang='lat' dir='ltr'>puerorum,</span> <span class='ocrx_word' id='word_1_126' title='bbox 557 913 639 940; x_wconf 91' lang='lat' dir='ltr'>sunt</span> <span class='ocrx_word' id='word_1_127' title='bbox 661 905 823 949; x_wconf 85' lang='lat' dir='ltr'>effectus,</span> <span class='ocrx_word' id='word_1_128' title='bbox 854 915 889 941; x_wconf 88' lang='lat' dir='ltr'>et</span> <span class='ocrx_word' id='word_1_129' title='bbox 918 918 1059 953; x_wconf 83' lang='lat' dir='ltr'>poenae</span> <span class='ocrx_word' id='word_1_130' title='bbox 1091 906 1279 952; x_wconf 84' lang='lat' dir='ltr'>originalis</span> <span class='ocrx_word' id='word_1_131' title='bbox 1307 906 1459 953; x_wconf 86' lang='lat' dir='ltr'>pcccati,</span> <span class='ocrx_word' id='word_1_132' title='bbox 1489 914 1528 940; x_wconf 89' lang='lat' dir='ltr'>ut</span> <span class='ocrx_word' id='word_1_133' title='bbox 1553 905 1692 940; x_wconf 92' lang='lat' dir='ltr'>dictum</span> 
     </span>
     <span class='ocr_line' id='line_1_14' title="bbox 115 958 1694 1007; baseline 0 -13"><span class='ocrx_word' id='word_1_134' title='bbox 115 967 169 995; x_wconf 91' lang='lat' dir='ltr'>est</span> <span class='ocrx_word' id='word_1_135' title='bbox 192 958 243 1004; x_wconf 80' lang='lat' dir='ltr'>(in</span> <span class='ocrx_word' id='word_1_136' title='bbox 261 965 352 1007; x_wconf 82' lang='lat' dir='ltr'>corp.</span> <span class='ocrx_word' id='word_1_137' title='bbox 375 963 438 995; x_wconf 85' lang='lat' dir='ltr'>art.</span> <span class='ocrx_word' id='word_1_138' title='bbox 461 965 491 995; x_wconf 80' lang='lat' dir='ltr'>et</span> <span class='ocrx_word' id='word_1_139' title='bbox 515 971 545 1006; x_wconf 87' lang='lat' dir='ltr'>q.</span> <span class='ocrx_word' id='word_1_140' title='bbox 567 960 616 1006; x_wconf 83' lang='lat'>85.</span> <span class='ocrx_word' id='word_1_141' title='bbox 639 964 703 994; x_wconf 84' lang='lat' dir='ltr'>art.</span> <span class='ocrx_word' id='word_1_142' title='bbox 719 961 788 1006; x_wconf 82' lang='lat'><em>5.):</em></span> <span class='ocrx_word' id='word_1_143' title='bbox 812 967 847 994; x_wconf 89' lang='lat' dir='ltr'>et</span> <span class='ocrx_word' id='word_1_144' title='bbox 873 968 1023 995; x_wconf 88' lang='lat' dir='ltr'>manent</span> <span class='ocrx_word' id='word_1_145' title='bbox 1050 960 1160 995; x_wconf 88' lang='lat' dir='ltr'>etiam</span> <span class='ocrx_word' id='word_1_146' title='bbox 1192 968 1274 1007; x_wconf 87' lang='lat' dir='ltr'>post</span> <span class='ocrx_word' id='word_1_147' title='bbox 1303 960 1524 1007; x_wconf 86' lang='lat' dir='ltr'>baptismum</span> <span class='ocrx_word' id='word_1_148' title='bbox 1546 967 1694 1007; x_wconf 86' lang='lat' dir='ltr'>propter</span> 
     </span>
     <span class='ocr_line' id='line_1_15' title="bbox 113 1013 1694 1061; baseline 0 -13"><span class='ocrx_word' id='word_1_149' title='bbox 113 1023 263 1049; x_wconf 86' lang='lat' dir='ltr'>causam</span> <span class='ocrx_word' id='word_1_150' title='bbox 284 1013 448 1060; x_wconf 88' lang='lat' dir='ltr'>superius</span> <span class='ocrx_word' id='word_1_151' title='bbox 469 1013 626 1056; x_wconf 91' lang='lat' dir='ltr'>dictam;</span> <span class='ocrx_word' id='word_1_152' title='bbox 648 1021 683 1048; x_wconf 90' lang='lat' dir='ltr'>et</span> <span class='ocrx_word' id='word_1_153' title='bbox 705 1014 802 1060; x_wconf 89' lang='lat' dir='ltr'>quod</span> <span class='ocrx_word' id='word_1_154' title='bbox 824 1025 899 1048; x_wconf 90' lang='lat' dir='ltr'>non</span> <span class='ocrx_word' id='word_1_155' title='bbox 926 1014 997 1048; x_wconf 90' lang='lat' dir='ltr'>sint</span> <span class='ocrx_word' id='word_1_156' title='bbox 1023 1013 1222 1061; x_wconf 80' lang='lat' dir='ltr'>aequaliter</span> <span class='ocrx_word' id='word_1_157' title='bbox 1247 1014 1283 1048; x_wconf 91' lang='lat' dir='ltr'>in</span> <span class='ocrx_word' id='word_1_158' title='bbox 1311 1014 1493 1056; x_wconf 88' lang='lat' dir='ltr'>omnibus,</span> <span class='ocrx_word' id='word_1_159' title='bbox 1515 1013 1694 1060; x_wconf 91' lang='lat' dir='ltr'>contingit</span> 
     </span>
     <span class='ocr_line' id='line_1_16' title="bbox 113 1066 1693 1115; baseline 0.001 -13"><span class='ocrx_word' id='word_1_160' title='bbox 113 1075 260 1115; x_wconf 88' lang='lat' dir='ltr'>propter</span> <span class='ocrx_word' id='word_1_161' title='bbox 279 1075 430 1102; x_wconf 89' lang='lat' dir='ltr'>naturae</span> <span class='ocrx_word' id='word_1_162' title='bbox 451 1066 710 1109; x_wconf 85' lang='lat' dir='ltr'>diversitatem,</span> <span class='ocrx_word' id='word_1_163' title='bbox 729 1078 821 1114; x_wconf 89' lang='lat' dir='ltr'>quae</span> <span class='ocrx_word' id='word_1_164' title='bbox 843 1067 909 1102; x_wconf 91' lang='lat' dir='ltr'>sibi</span> <span class='ocrx_word' id='word_1_165' title='bbox 931 1067 1154 1114; x_wconf 89' lang='lat' dir='ltr'>relinquitur,</span> <span class='ocrx_word' id='word_1_166' title='bbox 1177 1075 1215 1102; x_wconf 90' lang='lat' dir='ltr'>ut</span> <span class='ocrx_word' id='word_1_167' title='bbox 1233 1079 1341 1114; x_wconf 89' lang='lat' dir='ltr'>supra</span> <span class='ocrx_word' id='word_1_168' title='bbox 1355 1068 1493 1102; x_wconf 89' lang='lat' dir='ltr'>dictum</span> <span class='ocrx_word' id='word_1_169' title='bbox 1509 1075 1562 1102; x_wconf 83' lang='lat' dir='ltr'>est</span> <span class='ocrx_word' id='word_1_170' title='bbox 1576 1067 1623 1114; x_wconf 89' lang='lat' dir='ltr'>(q.</span> <span class='ocrx_word' id='word_1_171' title='bbox 1637 1068 1693 1103; x_wconf 86' lang='lat'>82.</span> 
     </span>
     <span class='ocr_line' id='line_1_17' title="bbox 114 1120 1695 1167; baseline -0.001 -10"><span class='ocrx_word' id='word_1_172' title='bbox 114 1125 172 1157; x_wconf 82' lang='lat' dir='ltr'>art</span> <span class='ocrx_word' id='word_1_173' title='bbox 186 1131 221 1167; x_wconf 89' lang='lat'>4.</span> <span class='ocrx_word' id='word_1_174' title='bbox 242 1120 286 1156; x_wconf 83' lang='lat' dir='ltr'>ad</span> <span class='ocrx_word' id='word_1_175' title='bbox 305 1120 379 1166; x_wconf 87' lang='lat'><em>2.):</em></span> <span class='ocrx_word' id='word_1_176' title='bbox 401 1121 614 1156; x_wconf 90' lang='lat' dir='ltr'>ordinantur</span> <span class='ocrx_word' id='word_1_177' title='bbox 634 1129 758 1156; x_wconf 90' lang='lat' dir='ltr'>tamen</span> <span class='ocrx_word' id='word_1_178' title='bbox 780 1121 993 1167; x_wconf 85' lang='lat' dir='ltr'>hujusmodi</span> <span class='ocrx_word' id='word_1_179' title='bbox 1015 1121 1176 1156; x_wconf 86' lang='lat' dir='ltr'>defectus</span> <span class='ocrx_word' id='word_1_180' title='bbox 1198 1121 1399 1156; x_wconf 89' lang='lat' dir='ltr'>secundum</span> <span class='ocrx_word' id='word_1_181' title='bbox 1427 1121 1588 1155; x_wconf 88' lang='lat' dir='ltr'>divinam</span> <span class='ocrx_word' id='word_1_182' title='bbox 1615 1132 1695 1167; x_wconf 93' lang='lat' dir='ltr'>pro-</span> 
     </span>
    </p>
   </div>
   <div class='ocr_carea' id='block_1_3' title="bbox 108 1173 1693 1222">
    <p class='ocr_par' dir='ltr' id='par_1_4' title="bbox 108 1173 1693 1222">
     <span class='ocr_line' id='line_1_18' title="bbox 108 1173 1693 1222; baseline 0 -12"><span class='ocrx_word' id='word_1_183' title='bbox 108 1174 313 1219; x_wconf 18' lang='lat' dir='ltr'>*videntiam</span> <span class='ocrx_word' id='word_1_184' title='bbox 335 1174 380 1209; x_wconf 84' lang='lat' dir='ltr'>ad</span> <span class='ocrx_word' id='word_1_185' title='bbox 401 1173 556 1210; x_wconf 86' lang='lat' dir='ltr'>salutem</span> <span class='ocrx_word' id='word_1_186' title='bbox 579 1174 786 1217; x_wconf 87' lang='lat' dir='ltr'>hominum,</span> <span class='ocrx_word' id='word_1_187' title='bbox 807 1174 866 1210; x_wconf 92' lang='lat' dir='ltr'>vel</span> <span class='ocrx_word' id='word_1_188' title='bbox 888 1186 1018 1210; x_wconf 88' lang='lat' dir='ltr'>eorum</span> <span class='ocrx_word' id='word_1_189' title='bbox 1044 1175 1106 1222; x_wconf 86' lang='lat' dir='ltr'>qui</span> <span class='ocrx_word' id='word_1_190' title='bbox 1135 1175 1331 1222; x_wconf 89' lang='lat' dir='ltr'>patiuntur,</span> <span class='ocrx_word' id='word_1_191' title='bbox 1360 1174 1419 1210; x_wconf 87' lang='lat' dir='ltr'>vel</span> <span class='ocrx_word' id='word_1_192' title='bbox 1449 1174 1605 1210; x_wconf 86' lang='lat' dir='ltr'>aliorum</span> <span class='ocrx_word' id='word_1_193' title='bbox 1633 1176 1693 1222; x_wconf 91' lang='lat' dir='ltr'>qui</span> 
     </span>
    </p>
   </div>
   <div class='ocr_carea' id='block_1_4' title="bbox 113 1228 1696 1815">
    <p class='ocr_par' dir='ltr' id='par_1_5' title="bbox 114 1228 1052 1276">
     <span class='ocr_line' id='line_1_19' title="bbox 114 1228 1052 1276; baseline 0 -11"><span class='ocrx_word' id='word_1_194' title='bbox 114 1228 243 1276; x_wconf 89' lang='lat' dir='ltr'>poenis</span> <span class='ocrx_word' id='word_1_195' title='bbox 261 1228 515 1271; x_wconf 87' lang='lat' dir='ltr'>admonentur,</span> <span class='ocrx_word' id='word_1_196' title='bbox 537 1237 574 1264; x_wconf 89' lang='lat' dir='ltr'>et</span> <span class='ocrx_word' id='word_1_197' title='bbox 593 1229 705 1264; x_wconf 90' lang='lat' dir='ltr'>etiam</span> <span class='ocrx_word' id='word_1_198' title='bbox 727 1229 771 1263; x_wconf 92' lang='lat' dir='ltr'>ad</span> <span class='ocrx_word' id='word_1_199' title='bbox 793 1228 950 1276; x_wconf 87' lang='lat' dir='ltr'>gloriam</span> <span class='ocrx_word' id='word_1_200' title='bbox 972 1229 1052 1265; x_wconf 91' lang='lat' dir='ltr'>Dei.</span> 
     </span>
    </p>

    <p class='ocr_par' dir='ltr' id='par_1_6' title="bbox 113 1282 1696 1706">
     <span class='ocr_line' id='line_1_20' title="bbox 185 1282 1693 1331; baseline -0.001 -13"><span class='ocrx_word' id='word_1_201' title='bbox 185 1282 248 1318; x_wconf 86' lang='grc' dir='ltr'>Αι)</span> <span class='ocrx_word' id='word_1_202' title='bbox 265 1293 475 1318; x_wconf 78' lang='lat' dir='ltr'>SECUNDUM</span> <span class='ocrx_word' id='word_1_203' title='bbox 489 1282 698 1325; x_wconf 89' lang='lat' dir='ltr'>dicendum,</span> <span class='ocrx_word' id='word_1_204' title='bbox 713 1283 810 1329; x_wconf 91' lang='lat' dir='ltr'>quod</span> <span class='ocrx_word' id='word_1_205' title='bbox 825 1283 922 1318; x_wconf 88' lang='lat' dir='ltr'>bona</span> <span class='ocrx_word' id='word_1_206' title='bbox 935 1282 1165 1330; x_wconf 89' lang='lat' dir='ltr'>temporalia,</span> <span class='ocrx_word' id='word_1_207' title='bbox 1180 1291 1215 1318; x_wconf 90' lang='lat' dir='ltr'>ct</span> <span class='ocrx_word' id='word_1_208' title='bbox 1229 1282 1433 1331; x_wconf 86' lang='lat' dir='ltr'>corporalia</span> <span class='ocrx_word' id='word_1_209' title='bbox 1448 1291 1531 1318; x_wconf 89' lang='lat' dir='ltr'>sunt</span> <span class='ocrx_word' id='word_1_210' title='bbox 1545 1282 1693 1330; x_wconf 89' lang='lat' dir='ltr'>quidem</span> 
     </span>
     <span class='ocr_line' id='line_1_21' title="bbox 117 1336 1694 1384; baseline -0.001 -12"><span class='ocrx_word' id='word_1_211' title='bbox 117 1336 239 1384; x_wconf 82' lang='lat' dir='ltr'>aliqua</span> <span class='ocrx_word' id='word_1_212' title='bbox 258 1336 357 1372; x_wconf 89' lang='lat' dir='ltr'>bona</span> <span class='ocrx_word' id='word_1_213' title='bbox 377 1336 552 1379; x_wconf 89' lang='lat' dir='ltr'>hominis,</span> <span class='ocrx_word' id='word_1_214' title='bbox 572 1336 635 1371; x_wconf 91' lang='lat' dir='ltr'>sed</span> <span class='ocrx_word' id='word_1_215' title='bbox 657 1347 784 1384; x_wconf 88' lang='lat' dir='ltr'>parva:</span> <span class='ocrx_word' id='word_1_216' title='bbox 807 1337 903 1371; x_wconf 90' lang='lat' dir='ltr'>bona</span> <span class='ocrx_word' id='word_1_217' title='bbox 924 1348 1013 1372; x_wconf 88' lang='lat' dir='ltr'>vero</span> <span class='ocrx_word' id='word_1_218' title='bbox 1040 1336 1241 1384; x_wconf 76' lang='lat' dir='ltr'>spiritualia</span> <span class='ocrx_word' id='word_1_219' title='bbox 1267 1345 1351 1372; x_wconf 86' lang='lat' dir='ltr'>sunt</span> <span class='ocrx_word' id='word_1_220' title='bbox 1377 1348 1510 1383; x_wconf 84' lang='lat' dir='ltr'>magna</span> <span class='ocrx_word' id='word_1_221' title='bbox 1532 1337 1694 1371; x_wconf 89' lang='lat' dir='ltr'>hominis</span> 
     </span>
     <span class='ocr_line' id='line_1_22' title="bbox 115 1390 1694 1438; baseline -0.001 -12"><span class='ocrx_word' id='word_1_222' title='bbox 115 1391 233 1427; x_wconf 86' lang='lat' dir='ltr'>bona:</span> <span class='ocrx_word' id='word_1_223' title='bbox 254 1390 411 1437; x_wconf 88' lang='lat' dir='ltr'>pertinet</span> <span class='ocrx_word' id='word_1_224' title='bbox 432 1390 540 1437; x_wconf 87' lang='lat' dir='ltr'>igitur</span> <span class='ocrx_word' id='word_1_225' title='bbox 562 1390 606 1424; x_wconf 91' lang='lat' dir='ltr'>ad</span> <span class='ocrx_word' id='word_1_226' title='bbox 628 1390 789 1425; x_wconf 90' lang='lat' dir='ltr'>divinam</span> <span class='ocrx_word' id='word_1_227' title='bbox 812 1390 999 1436; x_wconf 84' lang='lat' dir='ltr'>justitiam,</span> <span class='ocrx_word' id='word_1_228' title='bbox 1022 1398 1061 1425; x_wconf 87' lang='lat' dir='ltr'>ut</span> <span class='ocrx_word' id='word_1_229' title='bbox 1081 1390 1251 1425; x_wconf 82' lang='lat' dir='ltr'>virtuosis</span> <span class='ocrx_word' id='word_1_230' title='bbox 1274 1391 1333 1426; x_wconf 88' lang='lat' dir='ltr'>det</span> <span class='ocrx_word' id='word_1_231' title='bbox 1359 1391 1558 1438; x_wconf 87' lang='lat' dir='ltr'>spiritualia</span> <span class='ocrx_word' id='word_1_232' title='bbox 1585 1391 1694 1433; x_wconf 90' lang='lat' dir='ltr'>bona,</span> 
     </span>
     <span class='ocr_line' id='line_1_23' title="bbox 114 1443 1696 1492; baseline -0.001 -12"><span class='ocrx_word' id='word_1_233' title='bbox 114 1452 150 1480; x_wconf 87' lang='lat' dir='ltr'>et</span> <span class='ocrx_word' id='word_1_234' title='bbox 170 1445 214 1480; x_wconf 92' lang='lat' dir='ltr'>de</span> <span class='ocrx_word' id='word_1_235' title='bbox 235 1443 496 1492; x_wconf 88' lang='lat' dir='ltr'>temporalibus</span> <span class='ocrx_word' id='word_1_236' title='bbox 516 1443 634 1487; x_wconf 87' lang='lat' dir='ltr'>bonis,</span> <span class='ocrx_word' id='word_1_237' title='bbox 655 1443 715 1479; x_wconf 81' lang='lat' dir='ltr'>vel</span> <span class='ocrx_word' id='word_1_238' title='bbox 737 1444 842 1479; x_wconf 91' lang='lat' dir='ltr'>malis</span> <span class='ocrx_word' id='word_1_239' title='bbox 864 1452 1006 1479; x_wconf 87' lang='lat' dir='ltr'>tantum</span> <span class='ocrx_word' id='word_1_240' title='bbox 1029 1445 1088 1478; x_wconf 91' lang='lat' dir='ltr'>det</span> <span class='ocrx_word' id='word_1_241' title='bbox 1110 1444 1173 1487; x_wconf 90' lang='lat' dir='ltr'>eis,</span> <span class='ocrx_word' id='word_1_242' title='bbox 1195 1453 1373 1491; x_wconf 88' lang='lat' dir='ltr'>quantum</span> <span class='ocrx_word' id='word_1_243' title='bbox 1400 1443 1530 1479; x_wconf 84' lang='lat' dir='ltr'>sufficit</span> <span class='ocrx_word' id='word_1_244' title='bbox 1557 1444 1601 1479; x_wconf 91' lang='lat' dir='ltr'>ad</span> <span class='ocrx_word' id='word_1_245' title='bbox 1628 1445 1696 1479; x_wconf 87' lang='lat' dir='ltr'>vir-</span> 
     </span>
     <span class='ocr_line' id='line_1_24' title="bbox 113 1497 1694 1545; baseline -0.001 -11"><span class='ocrx_word' id='word_1_246' title='bbox 113 1506 249 1534; x_wconf 89' lang='lat' dir='ltr'>tutem:</span> <span class='ocrx_word' id='word_1_247' title='bbox 272 1505 312 1532; x_wconf 91' lang='lat' dir='ltr'>ut</span> <span class='ocrx_word' id='word_1_248' title='bbox 337 1497 434 1532; x_wconf 90' lang='lat' dir='ltr'>enim</span> <span class='ocrx_word' id='word_1_249' title='bbox 456 1497 655 1544; x_wconf 79' lang='lat' dir='ltr'>Dionysius</span> <span class='ocrx_word' id='word_1_250' title='bbox 678 1497 764 1532; x_wconf 91' lang='lat' dir='ltr'>dicit</span> <span class='ocrx_word' id='word_1_251' title='bbox 785 1498 817 1532; x_wconf 89' lang='lat'>8.</span> <span class='ocrx_word' id='word_1_252' title='bbox 841 1509 919 1545; x_wconf 90' lang='lat' dir='ltr'>cap.</span> <span class='ocrx_word' id='word_1_253' title='bbox 943 1498 986 1533; x_wconf 91' lang='lat' dir='ltr'>de</span> <span class='ocrx_word' id='word_1_254' title='bbox 1008 1498 1091 1532; x_wconf 91' lang='lat' dir='ltr'>Div.</span> <span class='ocrx_word' id='word_1_255' title='bbox 1114 1498 1226 1534; x_wconf 88' lang='lat' dir='ltr'>Nom.</span> <span class='ocrx_word' id='word_1_256' title='bbox 1248 1499 1336 1544; x_wconf 72' lang='lat' dir='ltr'>(lect.</span> <span class='ocrx_word' id='word_1_257' title='bbox 1359 1499 1408 1545; x_wconf 75' lang='lat'>4.)</span> <span class='ocrx_word' id='word_1_258' title='bbox 1432 1498 1576 1532; x_wconf 86' lang='lat' dir='ltr'>divinae</span> <span class='ocrx_word' id='word_1_259' title='bbox 1597 1498 1694 1544; x_wconf 85' lang='lat' dir='ltr'>justi-</span> 
     </span>
     <span class='ocr_line' id='line_1_25' title="bbox 114 1550 1694 1598; baseline -0.001 -10"><span class='ocrx_word' id='word_1_260' title='bbox 114 1551 186 1588; x_wconf 89' lang='lat' dir='ltr'>tiae</span> <span class='ocrx_word' id='word_1_261' title='bbox 208 1560 262 1587; x_wconf 92' lang='lat' dir='ltr'>est</span> <span class='ocrx_word' id='word_1_262' title='bbox 281 1562 356 1586; x_wconf 90' lang='lat' dir='ltr'>non</span> <span class='ocrx_word' id='word_1_263' title='bbox 380 1550 546 1586; x_wconf 89' lang='lat' dir='ltr'>emollire</span> <span class='ocrx_word' id='word_1_264' title='bbox 561 1551 785 1598; x_wconf 89' lang='lat' dir='ltr'>optimorum</span> <span class='ocrx_word' id='word_1_265' title='bbox 801 1551 1050 1587; x_wconf 88' lang='lat' dir='ltr'>fortitudinem</span> <span class='ocrx_word' id='word_1_266' title='bbox 1066 1551 1310 1587; x_wconf 80' lang='lat' dir='ltr'>materialium</span> <span class='ocrx_word' id='word_1_267' title='bbox 1325 1552 1599 1587; x_wconf 80' lang='lat' dir='ltr'>donationibus:</span> <span class='ocrx_word' id='word_1_268' title='bbox 1614 1552 1694 1587; x_wconf 84' lang='lat' dir='ltr'>aliis</span> 
     </span>
     <span class='ocr_line' id='line_1_26' title="bbox 113 1604 1692 1653; baseline 0.001 -13"><span class='ocrx_word' id='word_1_269' title='bbox 113 1617 202 1642; x_wconf 88' lang='lat' dir='ltr'>vero</span> <span class='ocrx_word' id='word_1_270' title='bbox 222 1605 295 1641; x_wconf 90' lang='lat' dir='ltr'>hoc</span> <span class='ocrx_word' id='word_1_271' title='bbox 315 1605 437 1653; x_wconf 90' lang='lat' dir='ltr'>ipsum</span> <span class='ocrx_word' id='word_1_272' title='bbox 459 1604 556 1652; x_wconf 93' lang='lat' dir='ltr'>quod</span> <span class='ocrx_word' id='word_1_273' title='bbox 578 1605 796 1652; x_wconf 90' lang='lat' dir='ltr'>temporalia</span> <span class='ocrx_word' id='word_1_274' title='bbox 818 1605 960 1648; x_wconf 87' lang='lat' dir='ltr'>dantur,</span> <span class='ocrx_word' id='word_1_275' title='bbox 985 1605 1020 1640; x_wconf 90' lang='lat' dir='ltr'>in</span> <span class='ocrx_word' id='word_1_276' title='bbox 1040 1605 1178 1640; x_wconf 89' lang='lat' dir='ltr'>malum</span> <span class='ocrx_word' id='word_1_277' title='bbox 1203 1605 1441 1652; x_wconf 88' lang='lat' dir='ltr'>spiritualium</span> <span class='ocrx_word' id='word_1_278' title='bbox 1465 1606 1578 1650; x_wconf 87' lang='lat' dir='ltr'>cedit;</span> <span class='ocrx_word' id='word_1_279' title='bbox 1598 1606 1692 1641; x_wconf 90' lang='lat' dir='ltr'>unde</span> 
     </span>
     <span class='ocr_line' id='line_1_27' title="bbox 113 1658 1056 1706; baseline 0 -12"><span class='ocrx_word' id='word_1_280' title='bbox 113 1658 151 1694; x_wconf 88' lang='lat' dir='ltr'>in</span> <span class='ocrx_word' id='word_1_281' title='bbox 171 1659 230 1695; x_wconf 91' lang='lat' dir='ltr'>Ps.</span> <span class='ocrx_word' id='word_1_282' title='bbox 253 1670 308 1706; x_wconf 88' lang='lat'>71.</span> <span class='ocrx_word' id='word_1_283' title='bbox 329 1658 574 1694; x_wconf 87' lang='lat' dir='ltr'>concluditur:</span> <span class='ocrx_word' id='word_1_284' title='bbox 598 1659 673 1694; x_wconf 78' lang='lat' dir='ltr'>Ideo</span> <span class='ocrx_word' id='word_1_285' title='bbox 696 1661 799 1695; x_wconf 70' lang='lat' dir='ltr'>tenuit</span> <span class='ocrx_word' id='word_1_286' title='bbox 818 1672 869 1695; x_wconf 79' lang='lat' dir='ltr'>eos</span> <span class='ocrx_word' id='word_1_287' title='bbox 888 1661 1056 1706; x_wconf 66' lang='lat' dir='ltr'>superbia.</span> 
     </span>
    </p>

    <p class='ocr_par' dir='ltr' id='par_1_7' title="bbox 113 1713 1692 1815">
     <span class='ocr_line' id='line_1_28' title="bbox 186 1713 1692 1761; baseline 0 -12"><span class='ocrx_word' id='word_1_288' title='bbox 186 1713 248 1749; x_wconf 85' lang='lat' dir='ltr'>AD</span> <span class='ocrx_word' id='word_1_289' title='bbox 274 1723 447 1749; x_wconf 76' lang='lat' dir='ltr'>TERTIUM</span> <span class='ocrx_word' id='word_1_290' title='bbox 469 1713 677 1756; x_wconf 90' lang='lat' dir='ltr'>dicendum,</span> <span class='ocrx_word' id='word_1_291' title='bbox 694 1714 792 1760; x_wconf 91' lang='lat' dir='ltr'>quod</span> <span class='ocrx_word' id='word_1_292' title='bbox 820 1713 988 1749; x_wconf 86' lang='lat' dir='ltr'>Christus</span> <span class='ocrx_word' id='word_1_293' title='bbox 1016 1725 1175 1761; x_wconf 88' lang='lat' dir='ltr'>poenam</span> <span class='ocrx_word' id='word_1_294' title='bbox 1203 1714 1372 1750; x_wconf 88' lang='lat' dir='ltr'>sustinuit</span> <span class='ocrx_word' id='word_1_295' title='bbox 1401 1713 1692 1758; x_wconf 86' lang='lat' dir='ltr'>satisfactoriam‚</span> 
     </span>
     <span class='ocr_line' id='line_1_29' title="bbox 113 1766 902 1815; baseline -0.001 -12"><span class='ocrx_word' id='word_1_296' title='bbox 113 1777 189 1803; x_wconf 88' lang='lat' dir='ltr'>non</span> <span class='ocrx_word' id='word_1_297' title='bbox 210 1778 276 1815; x_wconf 91' lang='lat' dir='ltr'>pro</span> <span class='ocrx_word' id='word_1_298' title='bbox 297 1767 384 1811; x_wconf 89' lang='lat' dir='ltr'>suis,</span> <span class='ocrx_word' id='word_1_299' title='bbox 404 1766 469 1803; x_wconf 91' lang='lat' dir='ltr'>sed</span> <span class='ocrx_word' id='word_1_300' title='bbox 491 1778 556 1814; x_wconf 92' lang='lat' dir='ltr'>pro</span> <span class='ocrx_word' id='word_1_301' title='bbox 578 1767 711 1802; x_wconf 92' lang='lat' dir='ltr'>nostris</span> <span class='ocrx_word' id='word_1_302' title='bbox 730 1767 902 1814; x_wconf 87' lang='lat' dir='ltr'>peccatis.</span> 
     </span>
    </p>
   </div>
   <div class='ocr_carea' id='block_1_5' title="bbox 278 1911 1691 2058">
    <p class='ocr_par' dir='ltr' id='par_1_8' title="bbox 278 1911 1691 2058">
     <span class='ocr_line' id='line_1_30' title="bbox 644 1911 1691 1971; baseline 0.004 -15"><span class='ocrx_word' id='word_1_303' title='bbox 644 1911 995 1958; x_wconf 85' lang='lat' dir='ltr'>ARTICULUS</span> <span class='ocrx_word' id='word_1_304' title='bbox 1027 1912 1152 1956; x_wconf 88' lang='lat' dir='ltr'>v111.</span> <span class='ocrx_word' id='word_1_305' title='bbox 1619 1923 1691 1971; x_wconf 72' lang='lat'>4⁶7</span> 
     </span>
     <span class='ocr_line' id='line_1_31' title="bbox 278 2019 1518 2058; baseline 0.001 -7"><span class='ocrx_word' id='word_1_306' title='bbox 278 2019 433 2051; x_wconf 79' lang='lat' dir='ltr'>UTRUM</span> <span class='ocrx_word' id='word_1_307' title='bbox 464 2020 642 2058; x_wconf 83' lang='lat' dir='ltr'>ALIQUIS</span> <span class='ocrx_word' id='word_1_308' title='bbox 675 2021 898 2052; x_wconf 86' lang='lat' dir='ltr'>PUNIATUR</span> <span class='ocrx_word' id='word_1_309' title='bbox 931 2021 1015 2052; x_wconf 88' lang='lat' dir='ltr'>PRO</span> <span class='ocrx_word' id='word_1_310' title='bbox 1049 2021 1255 2052; x_wconf 86' lang='lat' dir='ltr'>PECCATO</span> <span class='ocrx_word' id='word_1_311' title='bbox 1289 2021 1518 2053; x_wconf 81' lang='lat' dir='ltr'><strong>ALTERIUS.</strong></span> 
     </span>
    </p>
   </div>
   <div class='ocr_carea' id='block_1_6' title="bbox 113 2107 1691 2317">
    <p class='ocr_par' dir='ltr' id='par_1_9' title="bbox 113 2107 1691 2317">
     <span class='ocr_line' id='line_1_32' title="bbox 323 2107 1481 2157; baseline -0.001 -13"><span class='ocrx_word' id='word_1_312' title='bbox 323 2107 394 2154; x_wconf 89' lang='grc'><em>(2-2</em></span> <span class='ocrx_word' id='word_1_313' title='bbox 416 2119 446 2155; x_wconf 89' lang='lat' dir='ltr'>q.</span> <span class='ocrx_word' id='word_1_314' title='bbox 468 2109 544 2145; x_wconf 82' lang='lat'><strong><em>108.</em></strong></span> <span class='ocrx_word' id='word_1_315' title='bbox 565 2114 631 2144; x_wconf 85' lang='lat' dir='ltr'>art.</span> <span class='ocrx_word' id='word_1_316' title='bbox 653 2119 687 2154; x_wconf 86' lang='lat'>4.</span> <span class='ocrx_word' id='word_1_317' title='bbox 705 2115 795 2156; x_wconf 83' lang='lat' dir='ltr'>corp.</span> <span class='ocrx_word' id='word_1_318' title='bbox 815 2114 845 2145; x_wconf 80' lang='lat' dir='ltr'>et</span> <span class='ocrx_word' id='word_1_319' title='bbox 865 2108 908 2143; x_wconf 83' lang='lat' dir='ltr'>ad</span> <span class='ocrx_word' id='word_1_320' title='bbox 929 2121 956 2144; x_wconf 85' lang='lat'>1.</span> <span class='ocrx_word' id='word_1_321' title='bbox 979 2113 1008 2144; x_wconf 74' lang='lat' dir='ltr'>ct</span> <span class='ocrx_word' id='word_1_322' title='bbox 1028 2120 1059 2144; x_wconf 91' lang='lat'>2.</span> <span class='ocrx_word' id='word_1_323' title='bbox 1082 2109 1172 2144; x_wconf 79' lang='lat' dir='ltr'>Dist.</span> <span class='ocrx_word' id='word_1_324' title='bbox 1191 2121 1236 2157; x_wconf 83' lang='lat'>33.</span> <span class='ocrx_word' id='word_1_325' title='bbox 1259 2121 1289 2156; x_wconf 88' lang='lat' dir='ltr'>q.</span> <span class='ocrx_word' id='word_1_326' title='bbox 1311 2121 1339 2145; x_wconf 88' lang='lat'>1.</span> <span class='ocrx_word' id='word_1_327' title='bbox 1362 2114 1427 2145; x_wconf 83' lang='lat' dir='ltr'>art.</span> <span class='ocrx_word' id='word_1_328' title='bbox 1450 2121 1481 2145; x_wconf 89' lang='lat'>2.</span> 
     </span>
     <span class='ocr_line' id='line_1_33' title="bbox 113 2161 1691 2210; baseline -0.001 -11"><span class='ocrx_word' id='word_1_329' title='bbox 113 2166 145 2199; x_wconf 73' lang='lat' dir='ltr'>et</span> <span class='ocrx_word' id='word_1_330' title='bbox 156 2173 190 2208; x_wconf 86' lang='grc'><em>4.</em></span> <span class='ocrx_word' id='word_1_331' title='bbox 204 2161 294 2198; x_wconf 79' lang='lat' dir='ltr'>Dist.</span> <span class='ocrx_word' id='word_1_332' title='bbox 307 2161 366 2207; x_wconf 88' lang='lat'>46.</span> <span class='ocrx_word' id='word_1_333' title='bbox 381 2173 412 2209; x_wconf 89' lang='lat' dir='ltr'>q.</span> <span class='ocrx_word' id='word_1_334' title='bbox 426 2174 455 2198; x_wconf 81' lang='lat' dir='ltr'>r.</span> <span class='ocrx_word' id='word_1_335' title='bbox 470 2167 534 2197; x_wconf 78' lang='lat' dir='ltr'>art.</span> <span class='ocrx_word' id='word_1_336' title='bbox 549 2174 622 2209; x_wconf 81' lang='lat' dir='ltr'><strong><em>2.q.</em></strong></span> <span class='ocrx_word' id='word_1_337' title='bbox 637 2175 665 2210; x_wconf 83' lang='lat'>3.</span> <span class='ocrx_word' id='word_1_338' title='bbox 685 2170 775 2210; x_wconf 83' lang='lat' dir='ltr'>corp.</span> <span class='ocrx_word' id='word_1_339' title='bbox 795 2167 823 2198; x_wconf 70' lang='lat' dir='ltr'>ct</span> <span class='ocrx_word' id='word_1_340' title='bbox 840 2175 870 2209; x_wconf 85' lang='lat' dir='ltr'>q.</span> <span class='ocrx_word' id='word_1_341' title='bbox 886 2174 916 2198; x_wconf 90' lang='lat'>2.</span> <span class='ocrx_word' id='word_1_342' title='bbox 935 2168 1002 2198; x_wconf 82' lang='lat' dir='ltr'>art.</span> <span class='ocrx_word' id='word_1_343' title='bbox 1020 2174 1051 2198; x_wconf 90' lang='lat'>2.</span> <span class='ocrx_word' id='word_1_344' title='bbox 1070 2163 1113 2198; x_wconf 84' lang='lat' dir='ltr'>ad</span> <span class='ocrx_word' id='word_1_345' title='bbox 1123 2175 1150 2210; x_wconf 82' lang='lat'>3.</span> <span class='ocrx_word' id='word_1_346' title='bbox 1173 2169 1203 2198; x_wconf 78' lang='lat' dir='ltr'>et</span> <span class='ocrx_word' id='word_1_347' title='bbox 1224 2163 1308 2198; x_wconf 73' lang='lat' dir='ltr'>Mal.</span> <span class='ocrx_word' id='word_1_348' title='bbox 1331 2175 1362 2210; x_wconf 84' lang='lat' dir='ltr'>q.</span> <span class='ocrx_word' id='word_1_349' title='bbox 1383 2175 1417 2208; x_wconf 78' lang='lat'>4.</span> <span class='ocrx_word' id='word_1_350' title='bbox 1439 2169 1503 2199; x_wconf 81' lang='lat' dir='ltr'>art.</span> <span class='ocrx_word' id='word_1_351' title='bbox 1526 2175 1554 2199; x_wconf 89' lang='lat'>1.</span> <span class='ocrx_word' id='word_1_352' title='bbox 1577 2162 1620 2198; x_wconf 81' lang='lat' dir='ltr'>ad</span> <span class='ocrx_word' id='word_1_353' title='bbox 1640 2176 1691 2210; x_wconf 83' lang='lat'>19.</span> 
     </span>
     <span class='ocr_line' id='line_1_34' title="bbox 178 2215 1626 2264; baseline 0.001 -13"><span class='ocrx_word' id='word_1_354' title='bbox 178 2220 208 2252; x_wconf 78' lang='lat' dir='ltr'>et</span> <span class='ocrx_word' id='word_1_355' title='bbox 220 2220 287 2252; x_wconf 71' lang='lat' dir='ltr'>art.</span> <span class='ocrx_word' id='word_1_356' title='bbox 303 2215 336 2252; x_wconf 89' lang='lat'>8.</span> <span class='ocrx_word' id='word_1_357' title='bbox 355 2215 398 2251; x_wconf 84' lang='lat' dir='ltr'>ad</span> <span class='ocrx_word' id='word_1_358' title='bbox 411 2215 444 2252; x_wconf 92' lang='lat'>6.</span> <span class='ocrx_word' id='word_1_359' title='bbox 464 2226 494 2263; x_wconf 89' lang='lat'>7.</span> <span class='ocrx_word' id='word_1_360' title='bbox 509 2216 541 2252; x_wconf 90' lang='lat'>8.</span> <span class='ocrx_word' id='word_1_361' title='bbox 557 2228 589 2263; x_wconf 91' lang='lat'>9.</span> <span class='ocrx_word' id='word_1_362' title='bbox 604 2228 653 2252; x_wconf 82' lang='lat'>12.</span> <span class='ocrx_word' id='word_1_363' title='bbox 671 2221 700 2252; x_wconf 75' lang='lat' dir='ltr'>ct</span> <span class='ocrx_word' id='word_1_364' title='bbox 714 2228 757 2263; x_wconf 87' lang='lat'>15.</span> <span class='ocrx_word' id='word_1_365' title='bbox 775 2221 803 2251; x_wconf 70' lang='lat' dir='ltr'>et</span> <span class='ocrx_word' id='word_1_366' title='bbox 821 2228 851 2262; x_wconf 85' lang='lat' dir='ltr'>q.</span> <span class='ocrx_word' id='word_1_367' title='bbox 862 2229 890 2263; x_wconf 80' lang='lat'>5.</span> <span class='ocrx_word' id='word_1_368' title='bbox 906 2221 971 2251; x_wconf 79' lang='lat' dir='ltr'>art.</span> <span class='ocrx_word' id='word_1_369' title='bbox 986 2228 1018 2261; x_wconf 83' lang='lat'>4.</span> <span class='ocrx_word' id='word_1_370' title='bbox 1034 2223 1126 2264; x_wconf 84' lang='lat' dir='ltr'>corp.</span> <span class='ocrx_word' id='word_1_371' title='bbox 1141 2222 1171 2252; x_wconf 82' lang='lat' dir='ltr'>et</span> <span class='ocrx_word' id='word_1_372' title='bbox 1186 2217 1308 2262; x_wconf 81' lang='lat' dir='ltr'>Quodl.</span> <span class='ocrx_word' id='word_1_373' title='bbox 1323 2229 1372 2253; x_wconf 84' lang='lat'>12.</span> <span class='ocrx_word' id='word_1_374' title='bbox 1388 2222 1450 2253; x_wconf 82' lang='lat' dir='ltr'>art.</span> <span class='ocrx_word' id='word_1_375' title='bbox 1467 2229 1522 2262; x_wconf 81' lang='lat'>24.</span> <span class='ocrx_word' id='word_1_376' title='bbox 1541 2217 1584 2252; x_wconf 85' lang='lat' dir='ltr'>ad</span> <span class='ocrx_word' id='word_1_377' title='bbox 1598 2229 1626 2253; x_wconf 84' lang='lat'>1.</span> 
     </span>
     <span class='ocr_line' id='line_1_35' title="bbox 549 2270 1252 2317; baseline 0.001 -12"><span class='ocrx_word' id='word_1_378' title='bbox 549 2275 580 2305; x_wconf 78' lang='lat' dir='ltr'>et</span> <span class='ocrx_word' id='word_1_379' title='bbox 598 2270 649 2305; x_wconf 91' lang='lat' dir='ltr'>Ps.</span> <span class='ocrx_word' id='word_1_380' title='bbox 669 2270 798 2316; x_wconf 75' lang='lat' dir='ltr'>18.jin.</span> <span class='ocrx_word' id='word_1_381' title='bbox 820 2274 851 2305; x_wconf 79' lang='lat' dir='ltr'>ct</span> <span class='ocrx_word' id='word_1_382' title='bbox 868 2270 932 2305; x_wconf 82' lang='lat' dir='ltr'>Isa.</span> <span class='ocrx_word' id='word_1_383' title='bbox 955 2282 1006 2315; x_wconf 78' lang='lat'>14.</span> <span class='ocrx_word' id='word_1_384' title='bbox 1026 2276 1054 2305; x_wconf 78' lang='lat' dir='ltr'>et</span> <span class='ocrx_word' id='word_1_385' title='bbox 1069 2271 1169 2316; x_wconf 83' lang='lat' dir='ltr'>Joan.</span> <span class='ocrx_word' id='word_1_386' title='bbox 1192 2272 1252 2317; x_wconf 86' lang='lat'><em>9.).</em></span> 
     </span>
    </p>
   </div>
   <div class='ocr_carea' id='block_1_7' title="bbox 115 2357 1693 2999">
    <p class='ocr_par' dir='ltr' id='par_1_10' title="bbox 115 2357 1693 2620">
     <span class='ocr_line' id='line_1_36' title="bbox 187 2357 1692 2407; baseline 0.002 -14"><span class='ocrx_word' id='word_1_387' title='bbox 187 2357 248 2393; x_wconf 83' lang='lat' dir='ltr'>AD</span> <span class='ocrx_word' id='word_1_388' title='bbox 265 2367 455 2394; x_wconf 76' lang='lat' dir='ltr'>ocTAvuM</span> <span class='ocrx_word' id='word_1_389' title='bbox 478 2358 528 2393; x_wconf 90' lang='lat' dir='ltr'>sic</span> <span class='ocrx_word' id='word_1_390' title='bbox 551 2358 770 2406; x_wconf 85' lang='lat' dir='ltr'>proceditur.</span> <span class='ocrx_word' id='word_1_391' title='bbox 792 2358 955 2402; x_wconf 85' lang='lat' dir='ltr'>Videtur,</span> <span class='ocrx_word' id='word_1_392' title='bbox 977 2360 1073 2406; x_wconf 90' lang='lat' dir='ltr'>quod</span> <span class='ocrx_word' id='word_1_393' title='bbox 1097 2359 1226 2407; x_wconf 86' lang='lat' dir='ltr'>aliquis</span> <span class='ocrx_word' id='word_1_394' title='bbox 1253 2360 1421 2407; x_wconf 82' lang='lat' dir='ltr'>puniatur</span> <span class='ocrx_word' id='word_1_395' title='bbox 1448 2372 1513 2407; x_wconf 90' lang='lat' dir='ltr'>pro</span> <span class='ocrx_word' id='word_1_396' title='bbox 1540 2370 1692 2407; x_wconf 89' lang='lat' dir='ltr'>peccato</span> 
     </span>
     <span class='ocr_line' id='line_1_37' title="bbox 116 2410 1689 2461; baseline 0.001 -14"><span class='ocrx_word' id='word_1_397' title='bbox 116 2410 282 2447; x_wconf 80' lang='lat' dir='ltr'>alterius:</span> <span class='ocrx_word' id='word_1_398' title='bbox 305 2411 435 2447; x_wconf 86' lang='lat' dir='ltr'>dicitur</span> <span class='ocrx_word' id='word_1_399' title='bbox 456 2412 554 2447; x_wconf 82' lang='lat' dir='ltr'>enim</span> <span class='ocrx_word' id='word_1_400' title='bbox 577 2412 691 2447; x_wconf 80' lang='lat' dir='ltr'>Exodi</span> <span class='ocrx_word' id='word_1_401' title='bbox 710 2423 781 2447; x_wconf 84' lang='lat'>20.:</span> <span class='ocrx_word' id='word_1_402' title='bbox 806 2413 875 2457; x_wconf 62' lang='lat' dir='ltr'>Ego</span> <span class='ocrx_word' id='word_1_403' title='bbox 895 2426 966 2448; x_wconf 85' lang='lat' dir='ltr'>sum</span> <span class='ocrx_word' id='word_1_404' title='bbox 988 2414 1076 2449; x_wconf 64' lang='lat' dir='ltr'>Dsus</span> <span class='ocrx_word' id='word_1_405' title='bbox 1099 2415 1209 2459; x_wconf 54' lang='lat' dir='ltr'>zelotes</span> <span class='ocrx_word' id='word_1_406' title='bbox 1231 2415 1369 2450; x_wconf 65' lang='lat' dir='ltr'>visitans</span> <span class='ocrx_word' id='word_1_407' title='bbox 1397 2415 1604 2461; x_wconf 48' lang='lat' dir='ltr'>iniquitatem</span> <span class='ocrx_word' id='word_1_408' title='bbox 1627 2422 1689 2460; x_wconf 74' lang='lat' dir='ltr'>pa-</span> 
     </span>
     <span class='ocr_line' id='line_1_38' title="bbox 116 2465 1691 2514; baseline 0.001 -13"><span class='ocrx_word' id='word_1_409' title='bbox 116 2469 207 2502; x_wconf 77' lang='lat' dir='ltr'>trum</span> <span class='ocrx_word' id='word_1_410' title='bbox 226 2466 262 2501; x_wconf 79' lang='lat' dir='ltr'>in</span> <span class='ocrx_word' id='word_1_411' title='bbox 274 2465 367 2512; x_wconf 83' lang='lat' dir='ltr'>filios</span> <span class='ocrx_word' id='word_1_412' title='bbox 387 2467 422 2501; x_wconf 88' lang='lat' dir='ltr'>in</span> <span class='ocrx_word' id='word_1_413' title='bbox 440 2467 588 2508; x_wconf 74' lang='lat' dir='ltr'>tertiam,</span> <span class='ocrx_word' id='word_1_414' title='bbox 610 2471 814 2513; x_wconf 72' lang='lat' dir='ltr'>ct-quartam</span> <span class='ocrx_word' id='word_1_415' title='bbox 835 2468 1076 2512; x_wconf 55' lang='lat' dir='ltr'>gent-rationum</span> <span class='ocrx_word' id='word_1_416' title='bbox 1108 2468 1157 2502; x_wconf 74' lang='lat' dir='ltr'>his</span> <span class='ocrx_word' id='word_1_417' title='bbox 1183 2468 1342 2513; x_wconf 70' lang='lat' dir='ltr'>(corum),</span> <span class='ocrx_word' id='word_1_418' title='bbox 1371 2469 1428 2514; x_wconf 82' lang='lat' dir='ltr'>qui</span> <span class='ocrx_word' id='word_1_419' title='bbox 1454 2468 1593 2503; x_wconf 66' lang='lat' dir='ltr'>oderunt</span> <span class='ocrx_word' id='word_1_420' title='bbox 1619 2481 1691 2504; x_wconf 72' lang='lat' dir='ltr'>mc:</span> 
     </span>
     <span class='ocr_line' id='line_1_39' title="bbox 116 2517 1693 2568; baseline 0.002 -14"><span class='ocrx_word' id='word_1_421' title='bbox 116 2525 152 2554; x_wconf 87' lang='lat' dir='ltr'>et</span> <span class='ocrx_word' id='word_1_422' title='bbox 172 2517 301 2556; x_wconf 88' lang='lat' dir='ltr'>Matth.</span> <span class='ocrx_word' id='word_1_423' title='bbox 325 2528 380 2566; x_wconf 87' lang='lat'>23.</span> <span class='ocrx_word' id='word_1_424' title='bbox 402 2519 552 2554; x_wconf 89' lang='lat' dir='ltr'>dicitur:</span> <span class='ocrx_word' id='word_1_425' title='bbox 581 2520 623 2555; x_wconf 77' lang='lat' dir='ltr'>Ut</span> <span class='ocrx_word' id='word_1_426' title='bbox 648 2521 762 2555; x_wconf 68' lang='lat' dir='ltr'>veniat</span> <span class='ocrx_word' id='word_1_427' title='bbox 787 2527 884 2567; x_wconf 67' lang='lat' dir='ltr'>salver</span> <span class='ocrx_word' id='word_1_428' title='bbox 909 2533 967 2556; x_wconf 79' lang='lat' dir='ltr'>vos</span> <span class='ocrx_word' id='word_1_429' title='bbox 993 2523 1100 2556; x_wconf 85' lang='lat' dir='ltr'>omnis</span> <span class='ocrx_word' id='word_1_430' title='bbox 1126 2523 1258 2567; x_wconf 65' lang='lat' dir='ltr'>sanguis</span> <span class='ocrx_word' id='word_1_431' title='bbox 1279 2524 1397 2568; x_wconf 79' lang='lat' dir='ltr'>justus,</span> <span class='ocrx_word' id='word_1_432' title='bbox 1426 2522 1483 2568; x_wconf 83' lang='lat' dir='ltr'>qui</span> <span class='ocrx_word' id='word_1_433' title='bbox 1508 2522 1624 2568; x_wconf 67' lang='lat' dir='ltr'>affusus</span> <span class='ocrx_word' id='word_1_434' title='bbox 1649 2528 1693 2557; x_wconf 78' lang='lat' dir='ltr'>est</span> 
     </span>
     <span class='ocr_line' id='line_1_40' title="bbox 115 2577 368 2620; baseline 0 -13"><span class='ocrx_word' id='word_1_435' title='bbox 115 2577 212 2620; x_wconf 78' lang='lat' dir='ltr'>super</span> <span class='ocrx_word' id='word_1_436' title='bbox 232 2577 368 2608; x_wconf 75' lang='lat' dir='ltr'>terram.</span> 
     </span>
    </p>

    <p class='ocr_par' dir='ltr' id='par_1_11' title="bbox 116 2625 1693 2835">
     <span class='ocr_line' id='line_1_41' title="bbox 188 2625 1690 2674; baseline 0.001 -12"><span class='ocrx_word' id='word_1_437' title='bbox 188 2635 221 2661; x_wconf 89' lang='lat'>2.</span> <span class='ocrx_word' id='word_1_438' title='bbox 242 2625 480 2662; x_wconf 78' lang='lat' dir='ltr'>PRAETEREA.</span> <span class='ocrx_word' id='word_1_439' title='bbox 498 2627 640 2673; x_wconf 86' lang='lat' dir='ltr'>Justitia</span> <span class='ocrx_word' id='word_1_440' title='bbox 662 2628 822 2662; x_wconf 82' lang='lat' dir='ltr'>humana</span> <span class='ocrx_word' id='word_1_441' title='bbox 845 2629 1027 2663; x_wconf 82' lang='lat' dir='ltr'>derivatur</span> <span class='ocrx_word' id='word_1_442' title='bbox 1049 2640 1067 2663; x_wconf 88' lang='lat' dir='ltr'>a</span> <span class='ocrx_word' id='word_1_443' title='bbox 1091 2629 1222 2674; x_wconf 85' lang='lat' dir='ltr'>justitia</span> <span class='ocrx_word' id='word_1_444' title='bbox 1242 2629 1378 2663; x_wconf 74' lang='lat' dir='ltr'>divina:</span> <span class='ocrx_word' id='word_1_445' title='bbox 1407 2629 1468 2663; x_wconf 82' lang='lat' dir='ltr'>sed</span> <span class='ocrx_word' id='word_1_446' title='bbox 1491 2629 1690 2663; x_wconf 77' lang='lat' dir='ltr'>secundum</span> 
     </span>
     <span class='ocr_line' id='line_1_42' title="bbox 116 2678 1690 2730; baseline 0.001 -15"><span class='ocrx_word' id='word_1_447' title='bbox 116 2678 291 2726; x_wconf 78' lang='lat' dir='ltr'>justitiam</span> <span class='ocrx_word' id='word_1_448' title='bbox 313 2679 513 2716; x_wconf 82' lang='lat' dir='ltr'>humanam</span> <span class='ocrx_word' id='word_1_449' title='bbox 542 2680 738 2727; x_wconf 82' lang='lat' dir='ltr'>aliquando</span> <span class='ocrx_word' id='word_1_450' title='bbox 766 2681 826 2716; x_wconf 80' lang='lat' dir='ltr'>lilii</span> <span class='ocrx_word' id='word_1_451' title='bbox 855 2682 1051 2727; x_wconf 79' lang='lat' dir='ltr'>puniuntur</span> <span class='ocrx_word' id='word_1_452' title='bbox 1078 2694 1142 2729; x_wconf 84' lang='lat' dir='ltr'>pro</span> <span class='ocrx_word' id='word_1_453' title='bbox 1170 2684 1388 2730; x_wconf 76' lang='lat' dir='ltr'>parentibus,</span> <span class='ocrx_word' id='word_1_454' title='bbox 1415 2683 1506 2717; x_wconf 69' lang='lat' dir='ltr'>sicut</span> <span class='ocrx_word' id='word_1_455' title='bbox 1533 2691 1630 2728; x_wconf 75' lang='lat' dir='ltr'>patet</span> <span class='ocrx_word' id='word_1_456' title='bbox 1657 2684 1690 2717; x_wconf 85' lang='lat' dir='ltr'>in</span> 
     </span>
     <span class='ocr_line' id='line_1_43' title="bbox 117 2732 1693 2784; baseline 0.002 -16"><span class='ocrx_word' id='word_1_457' title='bbox 117 2733 270 2769; x_wconf 83' lang='lat' dir='ltr'>crimine</span> <span class='ocrx_word' id='word_1_458' title='bbox 287 2732 407 2769; x_wconf 82' lang='lat' dir='ltr'>laesae</span> <span class='ocrx_word' id='word_1_459' title='bbox 430 2735 647 2780; x_wconf 82' lang='lat' dir='ltr'>majestatis3</span> <span class='ocrx_word' id='word_1_460' title='bbox 670 2747 758 2779; x_wconf 72' lang='lat' dir='ltr'>ergo</span> <span class='ocrx_word' id='word_1_461' title='bbox 781 2735 890 2770; x_wconf 80' lang='lat' dir='ltr'>etiam</span> <span class='ocrx_word' id='word_1_462' title='bbox 913 2736 1113 2771; x_wconf 83' lang='lat' dir='ltr'>secundum</span> <span class='ocrx_word' id='word_1_463' title='bbox 1137 2737 1297 2771; x_wconf 80' lang='lat' dir='ltr'>divinam</span> <span class='ocrx_word' id='word_1_464' title='bbox 1318 2737 1489 2782; x_wconf 88' lang='lat' dir='ltr'>justitiam</span> <span class='ocrx_word' id='word_1_465' title='bbox 1515 2748 1605 2771; x_wconf 86' lang='lat' dir='ltr'>unus</span> <span class='ocrx_word' id='word_1_466' title='bbox 1633 2749 1693 2784; x_wconf 83' lang='lat' dir='ltr'>pu-</span> 
     </span>
     <span class='ocr_line' id='line_1_44' title="bbox 117 2786 650 2835; baseline -0.002 -12"><span class='ocrx_word' id='word_1_467' title='bbox 117 2786 214 2823; x_wconf 85' lang='lat' dir='ltr'>nitur</span> <span class='ocrx_word' id='word_1_468' title='bbox 234 2797 300 2835; x_wconf 87' lang='lat' dir='ltr'>pro</span> <span class='ocrx_word' id='word_1_469' title='bbox 317 2796 470 2835; x_wconf 89' lang='lat' dir='ltr'>peccato</span> <span class='ocrx_word' id='word_1_470' title='bbox 493 2788 650 2823; x_wconf 82' lang='lat' dir='ltr'>alterius.</span> 
     </span>
    </p>

    <p class='ocr_par' dir='ltr' id='par_1_12' title="bbox 118 2840 1692 2999">
     <span class='ocr_line' id='line_1_45' title="bbox 192 2840 1691 2891; baseline 0.002 -15"><span class='ocrx_word' id='word_1_471' title='bbox 192 2851 223 2888; x_wconf 85' lang='lat'>3.</span> <span class='ocrx_word' id='word_1_472' title='bbox 248 2840 486 2878; x_wconf 64' lang='grc' dir='ltr'>ΡιιΑΕτεκεΑ.</span> <span class='ocrx_word' id='word_1_473' title='bbox 515 2842 554 2877; x_wconf 88' lang='lat' dir='ltr'>Si</span> <span class='ocrx_word' id='word_1_474' title='bbox 581 2842 721 2877; x_wconf 88' lang='lat' dir='ltr'>dicatur</span> <span class='ocrx_word' id='word_1_475' title='bbox 743 2842 835 2878; x_wconf 80' lang='lat' dir='ltr'>lilius</span> <span class='ocrx_word' id='word_1_476' title='bbox 863 2854 937 2878; x_wconf 92' lang='lat' dir='ltr'>non</span> <span class='ocrx_word' id='word_1_477' title='bbox 965 2844 1082 2890; x_wconf 84' lang='lat' dir='ltr'>puniri</span> <span class='ocrx_word' id='word_1_478' title='bbox 1113 2855 1178 2891; x_wconf 91' lang='lat' dir='ltr'>pro</span> <span class='ocrx_word' id='word_1_479' title='bbox 1206 2853 1358 2891; x_wconf 82' lang='lat' dir='ltr'>peccato</span> <span class='ocrx_word' id='word_1_480' title='bbox 1390 2845 1511 2891; x_wconf 82' lang='lat' dir='ltr'>patris,</span> <span class='ocrx_word' id='word_1_481' title='bbox 1538 2845 1598 2879; x_wconf 84' lang='lat' dir='ltr'>sed</span> <span class='ocrx_word' id='word_1_482' title='bbox 1627 2856 1691 2891; x_wconf 80' lang='lat' dir='ltr'>pro</span> 
     </span>
     <span class='ocr_line' id='line_1_46' title="bbox 118 2895 1692 2944; baseline 0.002 -14"><span class='ocrx_word' id='word_1_483' title='bbox 118 2902 273 2942; x_wconf 77' lang='lat' dir='ltr'>peccato</span> <span class='ocrx_word' id='word_1_484' title='bbox 291 2895 452 2942; x_wconf 85' lang='lat' dir='ltr'>proprio,</span> <span class='ocrx_word' id='word_1_485' title='bbox 473 2895 687 2942; x_wconf 87' lang='lat' dir='ltr'>inquantum</span> <span class='ocrx_word' id='word_1_486' title='bbox 711 2896 870 2931; x_wconf 80' lang='lat' dir='ltr'>imitatur</span> <span class='ocrx_word' id='word_1_487' title='bbox 892 2896 1069 2932; x_wconf 72' lang='lat' dir='ltr'>malitiam</span> <span class='ocrx_word' id='word_1_488' title='bbox 1093 2906 1292 2944; x_wconf 82' lang='lat' dir='ltr'>paternam,</span> <span class='ocrx_word' id='word_1_489' title='bbox 1315 2909 1387 2932; x_wconf 87' lang='lat' dir='ltr'>non</span> <span class='ocrx_word' id='word_1_490' title='bbox 1412 2899 1528 2943; x_wconf 71' lang='lat' dir='ltr'>magis</span> <span class='ocrx_word' id='word_1_491' title='bbox 1550 2898 1620 2933; x_wconf 85' lang='lat' dir='ltr'>hoc</span> <span class='ocrx_word' id='word_1_492' title='bbox 1644 2900 1692 2933; x_wconf 64' lang='lat' dir='ltr'>d*-</span> 
     </span>
     <span class='ocr_line' id='line_1_47' title="bbox 118 2947 1689 2999; baseline 0.003 -16"><span class='ocrx_word' id='word_1_493' title='bbox 118 2947 211 2984; x_wconf 81' lang='lat' dir='ltr'>citur</span> <span class='ocrx_word' id='word_1_494' title='bbox 231 2947 276 2984; x_wconf 88' lang='lat' dir='ltr'>de</span> <span class='ocrx_word' id='word_1_495' title='bbox 297 2947 391 2992; x_wconf 78' lang='lat' dir='ltr'>filiis,</span> <span class='ocrx_word' id='word_1_496' title='bbox 416 2960 526 2996; x_wconf 87' lang='lat' dir='ltr'>quam</span> <span class='ocrx_word' id='word_1_497' title='bbox 553 2949 598 2985; x_wconf 87' lang='lat' dir='ltr'>de</span> <span class='ocrx_word' id='word_1_498' title='bbox 624 2950 814 2993; x_wconf 75' lang='lat' dir='ltr'>extrancis,</span> <span class='ocrx_word' id='word_1_499' title='bbox 841 2951 901 2997; x_wconf 87' lang='lat' dir='ltr'>qui</span> <span class='ocrx_word' id='word_1_500' title='bbox 932 2951 1039 2985; x_wconf 85' lang='lat' dir='ltr'>simili</span> <span class='ocrx_word' id='word_1_501' title='bbox 1072 2963 1187 2997; x_wconf 74' lang='lat' dir='ltr'>poena</span> <span class='ocrx_word' id='word_1_502' title='bbox 1217 2952 1413 2998; x_wconf 83' lang='lat' dir='ltr'>puniuntur</span> <span class='ocrx_word' id='word_1_503' title='bbox 1439 2952 1507 2995; x_wconf 85' lang='lat' dir='ltr'>his,</span> <span class='ocrx_word' id='word_1_504' title='bbox 1534 2963 1689 2999; x_wconf 86' lang='lat' dir='ltr'>quorum</span> 
     </span>
    </p>
   </div>
  </div>
 </body>
</html>
