1907 3198
491 215 716 253 Qun-:sno
751 216 868 247 xctv.
902 215 1149 247 lun-mutus
1182 215 1223 245 v.
1569 204 1651 259 675

82 298 199 335 catio:
220 306 259 335 et
277 298 406 334 eadem
426 298 520 334 ratio
546 307 600 334 est
626 299 671 333 de
697 297 805 341 furto,
826 298 925 345 quod
947 306 1002 333 est
1027 297 1193 345 acceptio
1219 297 1270 332 rei
1297 296 1454 332 alienae:
1481 296 1654 343 quidquid

80 351 182 388 enim
202 352 336 400 accipit
356 351 486 399 aliquis
508 363 550 387 ex
573 352 747 387 mandato
768 351 850 393 Dei,
872 352 933 399 qui
949 360 1002 387 cst
1015 351 1200 386 Dominus
1222 350 1488 392 universorum,
1507 361 1580 384 non
1601 361 1658 384 ac-

81 404 170 454 cipit
182 405 318 453 absque
331 404 519 441 voluntate
542 405 714 448 Domini3
736 405 833 452 quod
857 413 910 440 est
932 404 1061 440 furari:
1082 416 1150 439 nec
1166 404 1288 439 solum
1306 404 1340 438 in
1355 404 1462 438 rebus
1483 403 1655 438 humanis

81 458 257 508 quidquid
278 470 299 494 a
318 459 402 495 Deo
423 459 628 502 mandatur,
650 459 721 494 hoc
744 459 825 506 ipso
844 468 898 494 est
916 459 1102 500 debitum3
1124 458 1187 493 sed
1205 457 1316 492 etiam
1335 457 1370 491 in
1390 457 1495 491 rebus
1516 464 1658 491 natura·

80 511 176 549 libus
204 512 378 560 quidquid
408 524 428 547 a
457 512 540 548 Deo
571 512 620 555 fit,
650 520 704 548 est
729 511 893 547 naturale
928 511 1219 558 quodammodo,
1249 518 1287 546 ut
1315 510 1352 545 in
1387 521 1415 545 1.
1437 510 1576 545 dictum
1603 519 1656 545 est

81 565 132 615 (q.
151 571 305 614 105.art-
330 566 365 602 6.
386 565 430 601 ad
454 567 512 612 1.).

151 619 215 656 AD
236 629 409 656 mrum
431 619 639 665 dicendum,
665 618 763 667 quod
785 618 921 665 aliquid
943 618 1074 653 dicitur
1099 629 1177 654 esse
1203 618 1248 653 de
1274 618 1350 664 jure
1371 616 1528 652 naturali
1553 616 1658 664 dupli—

81 673 184 710 citer:
205 684 272 709 uno
293 672 403 717 modo,
421 673 506 720 quia
528 672 571 708 ab
593 672 665 708 hoc
687 680 816 707 natura
837 671 1006 714 inclinat;
1030 672 1122 707 sicut
1147 683 1221 706 non
1249 683 1328 706 esse
1355 671 1525 717 injuriam
1553 670 1656 706 alteri

80 725 306 763 faciendam:
329 726 396 762 alio
420 725 530 770 modo,
557 726 641 774 quia
663 734 791 760 natura
813 736 887 760 non
910 725 1047 760 inducit
1074 725 1317 760 contrarium:
1345 724 1438 760 sicut
1464 735 1656 771 possemus

81 779 216 824 dicere,
235 779 334 828 quod
355 779 548 815 hominem
563 791 642 815 esse
655 779 794 814 nudum
809 787 864 814 est
878 779 922 814 de
936 780 1013 825 jure
1028 779 1182 814 naturali
1195 792 1203 821 ;
1218 780 1302 826 quia
1316 786 1444 813 natura
1462 789 1536 812 non
1557 777 1656 813 dedit

81 833 118 871 ei
135 833 320 877 vestitum,
333 833 396 870 sed
410 845 468 870 ars
483 833 683 869 adinvenit:
705 842 743 868 et
760 833 831 868 hoc
852 833 965 868 modo
984 834 1167 868 communis
1185 834 1334 867 omnium
1351 833 1518 879 possessio,
1545 836 1574 866 et
1588 843 1655 866 una

0 899 13 939 Γ
81 887 216 924 libertas
234 887 367 923 dicitur
379 898 459 923 esse
472 887 517 922 de
538 888 615 933 jure
637 886 811 929 naturali;
833 887 917 934 quia
938 886 1079 922 scilicet
1100 886 1283 921 distinctio
1310 886 1597 933 possessionum,
1623 893 1658 920 et

81 940 235 978 servitus
254 952 331 976 non
351 949 436 976 sunt
455 940 627 976 inductae
649 952 670 975 a
690 948 843 976 natura:
865 940 927 975 sed
950 951 1014 988 per
1034 939 1228 975 hominum
1251 941 1431 974 rationem
1459 940 1503 974 ad
1529 939 1658 974 utilita-

81 1002 159 1032 oem
177 993 363 1030 humanae
383 994 492 1037 vitae,
514 1002 550 1030 et
570 994 621 1029 sic
644 994 753 1029 etiam
776 994 812 1028 in
834 994 905 1028 hoc
929 993 985 1028 lex
1007 1002 1157 1029 naturae
1179 1005 1254 1028 non
1277 1002 1330 1028 est
1351 1001 1490 1028 mutata
1511 992 1580 1027 nisi
1594 1003 1659 1039 per

82 1047 319 1085 additionem.

0 1102 2 1106 ,
10 1072 26 1103 R

4 1118 18 1139 ρ

629 1175 982 1222 ARTICULUS
1016 1176 1091 1220 VI.
1460 1210 1467 1217 .
1593 1198 1654 1234 503

197 1278 353 1310 UTRUK
377 1278 461 1309 LEX
487 1278 693 1309 NATURAE
720 1277 872 1308 POSSIT
900 1279 928 1307 A
956 1277 1105 1308 CORDE
1132 1277 1317 1307 HOMINIS
1346 1277 1546 1308 ABOLERI.

603 1372 709 1420 (Insr.
731 1385 763 1419 q.
786 1385 844 1419 99.
870 1377 935 1407 art.
958 1384 990 1408 2.
1017 1371 1060 1406 ad
1077 1373 1138 1415 2.).

153 1468 216 1505 An
236 1478 390 1505 szxwu
411 1467 462 1504 sic
477 1468 695 1516 proceditur.
714 1467 878 1510 Videtur,
900 1468 997 1515 quod
1020 1467 1077 1502 lex
1098 1477 1249 1502 naturae
1276 1467 1389 1514 possit
1417 1479 1435 1501 a
1459 1468 1569 1502 corde
1594 1468 1658 1503 ho—

82 1521 192 1559 minis
205 1521 360 1558 aboleri:
383 1522 466 1570 quia
481 1521 590 1557 Rom.
606 1532 638 1557 2.
654 1533 761 1569 super
775 1521 880 1556 illud:
901 1521 988 1556 Cum
1002 1527 1118 1568 gentes,
1135 1533 1218 1568 quae
1239 1522 1337 1567 legem
1359 1533 1423 1555 non
1443 1521 1574 1565 habent,
1589 1530 1656 1557 etc.

82 1575 171 1614 dicit
183 1575 288 1612 Glos.
302 1575 448 1622 (ordin.)
474 1575 572 1623 quod
599 1576 635 1610 in
657 1576 820 1611 interiori
841 1575 994 1610 homine
1020 1587 1085 1622 per
1112 1575 1265 1621 gratiam
1288 1575 1463 1609 innovato
1484 1575 1541 1610 lex
1563 1577 1659 1622 justi-

80 1628 152 1667 tiae
172 1629 390 1673 inscribitur,
404 1640 514 1677 quam
530 1628 712 1665 deleverat
733 1629 856 1676 culpa:
879 1629 941 1664 sed
963 1629 1019 1664 lex
1041 1629 1199 1675 justitiae
1221 1637 1275 1663 est
1296 1628 1352 1663 lex
1374 1637 1545 1671 naturae;
1568 1640 1656 1676 ergo

81 1682 140 1720 lex
163 1691 314 1719 naturae
335 1691 455 1731 potest
479 1683 603 1718 deleri.

154 1746 188 1772 2.
209 1736 448 1773 PRAETEREA.
470 1736 545 1772 Lex
566 1736 703 1783 gratiae
726 1744 780 1771 cst
801 1735 996 1778 efficacior,
1019 1747 1128 1783 quam
1151 1735 1207 1770 lex
1229 1744 1399 1771 naturae:
1423 1736 1483 1770 sed
1506 1735 1562 1770 lex
1581 1747 1659 1782 gra-

80 1790 154 1828 tiae
174 1790 316 1827 deletur
334 1802 400 1839 per
420 1789 586 1838 culpam3
609 1802 697 1837 ergo
720 1790 836 1825 multo
859 1790 977 1837 magis
998 1789 1055 1825 lex
1076 1798 1226 1825 naturae
1249 1799 1368 1837 potest
1386 1790 1509 1825 deleri.

156 1855 187 1892 3.
209 1844 448 1880 ΡιΑΕτεκεΑ.
462 1843 556 1879 Illud
570 1844 668 1891 quod
683 1843 764 1891 lege
780 1844 958 1884 statuitur,
973 1843 1155 1878 inducitur
1169 1844 1270 1890 quasi
1287 1845 1422 1889 justum
1440 1855 1447 1877 ε
1466 1844 1529 1878 sed
1543 1843 1657 1878 multa

81 1906 167 1937 Sunt
185 1897 230 1934 ab
250 1897 462 1934 hominibus
483 1905 616 1933 statuta
638 1907 765 1933 contra
786 1898 907 1943 legem
930 1905 1103 1939 naturae;
1126 1908 1215 1943 crgo
1238 1897 1294 1932 lex
1321 1907 1471 1932 naturae
1493 1905 1612 1944 potest
1639 1909 1658 1932 a

82 1951 252 1988 cordibus
272 1951 469 1987 hominum
491 1951 639 1986 aboleri.
1384 1985 1388 1990 ,

154 2004 232 2041 S-
253 2014 412 2042 coum
433 2013 499 2048 est,
520 2005 618 2052 quod
642 2004 868 2051 Augustinus
890 2004 977 2040 dicit
997 2004 1033 2038 in
1057 2014 1088 2039 2.
1111 2003 1262 2040 Conses.
1284 2006 1376 2052 (cap.
1398 2017 1432 2049 4.
1459 2006 1493 2039 in
1511 2006 1658 2051 princ).-

83 2057 156 2096 ια
174 2063 234 2095 ma
256 2059 386 2108 scripta
405 2063 452 2095 est
471 2060 507 2094 in
532 2059 687 2094 cordibus
708 2059 893 2101 hominum,
921 2071 1021 2105 quam
1043 2071 1100 2093 nec
1122 2059 1191 2093 ulla
1213 2059 1343 2106 quidem
1370 2058 1449 2094 delet
1476 2060 1658 2106 iniquitas.-

82 2111 147 2150 ἀἱ
166 2110 225 2148 lex
245 2112 379 2160 scripta
399 2113 436 2148 in
458 2112 630 2148 cordibus
650 2112 845 2147 hominum
862 2120 916 2147 est
928 2111 985 2147 lex
1007 2111 1199 2155 naturalis;
1221 2123 1310 2159 ergo
1331 2112 1388 2148 lex
1407 2112 1582 2148 naturalis
1603 2113 1660 2148 de-

71 2163 151 2203 ¹leri
167 2176 245 2202 non
264 2173 399 2214 potest.

154 2217 388 2256 Responneo
415 2219 623 2263 dicendum,
645 2219 754 2266 quod,
777 2219 869 2254 sicut
890 2230 996 2266 supra
1019 2219 1156 2254 dictum
1179 2227 1234 2254 est
1258 2220 1342 2265 (art.
1369 2232 1403 2265 4.
1429 2220 1499 2266 huj.
1521 2221 1585 2267 φ),
1614 2221 1658 2255 ad

82 2269 206 2320 legem
218 2272 426 2308 naturalem
445 2272 626 2320 pertinent
640 2272 759 2320 primo
774 2272 922 2319 quidem
937 2272 1118 2319 quaedam
1133 2281 1325 2320 praecepta
1341 2274 1657 2315 communissima,

83 2335 180 2374 quae
196 2332 284 2362 sunt
298 2325 474 2362 omnibus
502 2333 611 2369 nota;
633 2325 849 2361 secundario
871 2333 992 2360 autem
1017 2326 1196 2373 quaedam
1227 2327 1442 2361 secundaria
1464 2336 1658 2374 praecepta

84 2379 203 2428 mgis
222 2379 382 2428 propria,
401 2390 496 2427 quae
517 2388 600 2414 sunt
614 2380 716 2427 quasi
735 2378 991 2415 conclusiones
1008 2380 1233 2427 propinquae
1248 2381 1444 2427 principiis.
1466 2380 1658 2422 Quantum

62 2440 64 2442 '
83 2442 174 2481 ergo
194 2432 241 2469 ad
259 2431 323 2469 illa
343 2432 520 2482 principia
542 2433 763 2474 communis,
778 2432 835 2468 lex
849 2432 1023 2468 naturalis
1045 2433 1148 2469 nullo
1171 2434 1284 2469 modo
1308 2442 1425 2481 potest
1448 2446 1467 2469 a
1488 2435 1659 2470 cordibus

69 2480 281 2524 ⁴hominum
301 2486 414 2522 deleri
435 2487 471 2522 in
494 2486 707 2522 universali:
731 2485 870 2521 deletur
890 2495 1013 2521 tamen
1036 2487 1071 2521 in
1094 2488 1301 2534 particulari
1324 2488 1513 2535 operabili‚
1534 2499 1660 2523 secun-

85 2537 175 2577 dun
195 2540 296 2588 quod
314 2540 410 2576 ratio
430 2540 627 2588 impeditur
648 2539 831 2587 applicare
861 2551 1099 2575 communem
1129 2541 1349 2588 principium
1372 2542 1415 2576 ad
1444 2541 1658 2588 particulare

82 2591 284 2642 optabile,
303 2601 453 2642 propter
473 2593 823 2641 concupiscentiam,
843 2593 900 2629 vel
924 2593 1083 2641 aliquam
1107 2595 1217 2629 aliam
1239 2595 1461 2642 passionem,
1487 2603 1526 2630 ut
1551 2606 1659 2642 supra

78 2647 82 2650 ”
243 2647 363 2695 est(q.
376 2658 431 2695 77.
451 2651 517 2683 art.
531 2648 600 2692 2.):
621 2655 798 2694 quantum
820 2658 908 2682 vero
927 2647 971 2682 ad
990 2647 1060 2683 alia
1080 2657 1272 2696 praecepta
1295 2649 1521 2690 secundaria,
1540 2657 1660 2695 potest

71 2697 144 2747 ln
160 2698 336 2736 naturalis
355 2699 470 2736 deleri
490 2700 536 2736 de
558 2700 729 2735 cordibus
757 2700 964 2743 hominum,
994 2700 1052 2736 vel
1085 2710 1231 2748 propter
1260 2701 1376 2737 malas
1403 2702 1659 2749 persuasiones

71 2750 150 2803 ζω
167 2752 284 2790 modo
303 2753 404 2802 quod
423 2754 535 2790 etiam
557 2753 593 2789 in
617 2753 849 2801 speculativis
870 2765 1011 2790 errores
1033 2755 1250 2802 contingunt
1276 2757 1371 2790 circa
1400 2755 1660 2792 conclusiones

91 2803 93 2806 ⁴
235 2806 337 2853 rias),
357 2805 550 2844 venetiam
576 2815 724 2855 propter
753 2818 883 2855 pravas
904 2808 1198 2850 consuetudines,
1220 2817 1255 2844 et
1285 2809 1428 2844 habitus
1450 2818 1659 2857 corruptos:

188 2859 284 2909 apud
296 2859 477 2908 quosdam
492 2871 567 2896 non
580 2861 838 2909 reputabantur
851 2861 1041 2901 latrocinia
1056 2870 1218 2909 peccata,
1232 2862 1290 2897 vel
1305 2862 1415 2898 etiarn
1429 2863 1516 2898 vitia
1531 2872 1659 2898 contra

81 2919 263 2958 mam,
283 2921 323 2951 ut
341 2914 455 2951 etiam
481 2914 611 2963 Apost.
633 2914 721 2950 dicit
743 2914 852 2950 Rom.
880 2925 908 2951 1.
