1907 3198
525 211 750 248 Quasi-10
785 211 842 242 1v.
875 210 1122 242 ARTICULUS
1154 211 1195 242 v.
1592 213 1615 255 5
1621 199 1645 255 ς

638 380 987 427 ARTICULUS
1019 382 1075 425 V.
1604 403 1649 441 29

193 490 349 521 UTRUM
375 491 434 520 AD
459 490 803 521 BEATITUDINEM
826 490 1010 520 HOMINIS
1037 490 1319 526 REQUIRATUR
1346 489 1528 520 CORPUS.

300 577 410 622 (Part.
428 588 457 625 3.
478 588 509 624 q.
531 589 563 624 7.
580 582 648 612 art.
669 590 702 622 4.
726 577 769 612 ad
789 589 820 613 2.
842 582 872 612 c!
888 589 918 624 q.
937 589 982 623 15.
1004 582 1069 612 art.
1090 589 1142 613 10.
1165 583 1254 624 corp.
1273 582 1303 612 et
1323 575 1367 612 acl
1387 588 1420 613 2.

118 635 150 668 et
166 641 201 677 4.
227 630 318 666 Dist.
344 643 402 678 49.
424 642 455 678 q.
476 641 511 676 4.
536 635 601 666 art.
619 642 648 677 5.
670 642 701 677 q.
723 642 755 666 2.
778 638 868 678 corp.
895 636 927 666 et
951 630 994 665 ad
1014 643 1041 666 r.
1068 636 1098 665 ct
1122 630 1179 666 lib.
1201 643 1234 675 4.
1263 629 1381 666 Contr.
1399 643 1430 677 g.
1453 638 1525 678 cap.
1546 642 1601 678 47.

223 689 252 720 ct
272 683 344 719 Pot.
366 696 398 732 q.
415 696 446 731 5.
467 689 534 720 art.
555 695 607 720 ιο.
629 691 719 732 corp.
742 690 771 719 ct
791 691 899 731 opusc.
918 696 950 720 2.
972 691 1044 731 cap.
1066 696 1132 730 152.
1151 689 1180 719 et
1202 686 1235 718 in
1252 684 1315 729 Job
1337 696 1389 731 19.
1407 685 1498 731 sim).

142 773 206 809 AD
218 783 401 814 <mutum
414 773 466 808 sic
484 773 703 820 proceditur.
716 773 882 815 Videtur,
897 773 996 820 quod
1011 772 1055 807 ad
1073 773 1334 807 beatitudinem
1351 773 1557 820 requiratur
1574 784 1651 808 cor-

0 863 6 877 ,
69 837 160 876 pus:
171 826 347 875 perfectio
361 827 460 862 enim
475 827 626 863 virtutis,
641 836 676 862 et
691 827 828 874 gratiae
843 827 1101 874 praesupponit
1119 826 1381 874 perfectionem
1399 835 1566 862 naturae:
1587 827 1650 862 sed

68 880 258 916 beatitudo
283 888 340 916 est
363 879 539 928 perfectio
564 881 718 922 virtutis,
740 889 776 915 et
796 881 950 927 gratiae:
981 880 1103 914 anima
1132 888 1255 914 autern
1283 880 1361 915 sine
1391 891 1545 927 corpore
1575 891 1650 916 non

71 933 184 970 habet
202 933 467 982 perfectionem
489 942 652 976 naturae,
670 945 754 968 cum
771 935 817 968 sit
832 945 914 981 pars
931 933 1143 968 naturaliter
1155 933 1340 968 humanae
1357 934 1650 976 naturae30mnis

69 995 199 1023 autem
216 998 298 1036 pars
318 996 374 1023 est
392 987 609 1035 imperfecta
627 999 648 1022 a
669 999 736 1023 suo
760 995 839 1022 toto
849 996 1033 1034 separata3
1056 997 1145 1034 ergo
1167 987 1290 1021 anima
1307 987 1384 1022 sine
1399 998 1555 1034 corpore
1575 998 1650 1022 non

70 1048 193 1088 potest
212 1051 294 1076 esse
311 1041 430 1076 beata.
646 1044 650 1046 '

143 1103 178 1130 2.
197 1093 437 1130 PRAETEREA.
458 1094 652 1129 Beatitudo
673 1103 728 1130 est
747 1094 914 1141 operatio
936 1094 1117 1141 quaedam
1139 1093 1310 1141 perfecta,
1332 1101 1370 1128 ut
1383 1105 1490 1141 supra
1511 1094 1650 1129 dictum

69 1154 127 1183 est
145 1148 196 1195 (q.
211 1159 242 1195 3.
263 1153 330 1184 art.
350 1149 424 1194 2.).·
445 1147 509 1183 sed
535 1148 700 1195 operatio
726 1147 891 1195 perfecta
917 1148 1078 1194 sequitur
1100 1158 1179 1182 esse
1200 1147 1420 1194 perfectum:
1449 1147 1534 1194 quia
1559 1147 1651 1182 nihil

69 1208 255 1249 operatur,
272 1201 344 1237 nisi
363 1201 569 1236 secundum
591 1202 690 1248 quod
713 1209 767 1236 est
789 1212 852 1236 ens
874 1201 911 1235 in
933 1210 1035 1243 actu3
1058 1212 1143 1235 cum
1164 1211 1251 1247 ergo
1279 1201 1401 1235 anima
1421 1213 1496 1236 non
1517 1201 1652 1236 habeat

69 1264 152 1290 esse
171 1253 387 1302 perfectum,
405 1254 555 1302 quando
577 1263 634 1290 est
647 1266 668 1289 a
686 1265 839 1301 corpore
860 1263 1036 1301 separata,
1053 1255 1147 1289 sicut
1159 1266 1226 1289 nec
1240 1265 1323 1301 pars
1341 1264 1507 1302 separata
1524 1266 1545 1289 a
1557 1263 1650 1297 toto,

68 1307 224 1351 videuir,
243 1307 343 1355 quod
362 1307 490 1343 anima
509 1308 588 1343 sine
611 1319 767 1355 corpore
787 1319 863 1342 non
883 1309 998 1354 possit
1017 1318 1097 1342 esse
1117 1308 1233 1342 beata.

145 1372 177 1408 3.
202 1361 441 1397 PRAETEREA.
471 1361 667 1396 Beatitudo
690 1370 743 1396 est
764 1361 940 1409 perfectio
966 1361 1143 1396 hominis:
1166 1361 1228 1395 sed
1255 1361 1378 1395 anima
1399 1362 1476 1396 sine
1497 1373 1650 1409 corpore

70 1424 150 1451 nen
170 1422 229 1451 est
245 1414 384 1458 homo;
404 1425 496 1461 ergo
516 1414 706 1450 beatitudo
727 1426 803 1449 non
824 1423 945 1462 potest
964 1425 1043 1449 esse
1060 1415 1098 1449 in
1115 1416 1238 1449 anima
1259 1415 1336 1449 sine
1359 1425 1523 1462 corpore.

142 1477 178 1512 4.
198 1466 438 1504 Fumi-za.
459 1467 673 1503 Secundum
686 1468 825 1503 Philos.
847 1468 884 1502 in
910 1478 962 1503 10.
984 1467 1147 1503 Etichor.
1161 1468 1254 1516 (cap.
1276 1479 1307 1514 7.
1328 1473 1360 1503 et
1378 1468 1435 1503 lib.
1450 1480 1482 1515 7.
1495 1475 1570 1516 cap.
1588 1470 1649 1516 13.)

68 1521 238 1570 operatio
256 1520 451 1564 felicitatis,
471 1521 510 1556 in
532 1533 603 1568 qua
625 1522 791 1557 consistit
810 1522 1008 1563 beatitudo,
1022 1530 1077 1556 est
1089 1533 1164 1556 non
1186 1521 1383 1569 impedita;
1402 1522 1464 1556 sed
1485 1523 1650 1569 operatio

71 1574 218 1610 animae
237 1582 425 1622 separatae
453 1583 509 1610 est
532 1574 731 1622 impedita3
754 1575 849 1622 quia,
870 1585 909 1610 ut
930 1575 1017 1609 dicit
1042 1575 1198 1621 August.
1223 1585 1276 1609 12.
1299 1586 1406 1622 super
1433 1575 1567 1610 Genes.
1594 1576 1650 1611 ad.

69 1627 123 1664 lit.
143 1628 235 1676 (cap.
249 1628 324 1675 35),
342 1628 437 1664 inest
459 1628 493 1663 ei
510 1628 685 1663 naturalis
702 1629 851 1675 quidam
865 1630 1043 1676 appetitus
1057 1639 1189 1675 corpus
1204 1629 1490 1671 administrandi,
1506 1640 1579 1676 quo
1593 1641 1653 1676 ap-

50 1681 187 1729 petitu
208 1681 415 1717 retardatur
438 1681 735 1729 quodammodo,
756 1692 802 1716 ne
821 1690 899 1716 tota
920 1682 1122 1717 intentione
1148 1690 1276 1728 pergat
1295 1682 1332 1717 in
1353 1682 1443 1717 illud
1463 1693 1651 1718 summum

68 1734 232 1778 eoelum,
251 1734 347 1770 idest
365 1735 402 1770 in
421 1735 606 1770 visionem
627 1736 806 1770 essentiae
835 1736 996 1778 divinae3
1018 1746 1106 1782 ergo
1136 1736 1258 1770 anima
1288 1736 1365 1770 sine
1392 1747 1547 1782 corpore
1574 1747 1651 1770 non

69 1796 193 1836 potest
211 1799 291 1824 esse
311 1788 428 1823 beata.

146 1851 177 1889 ς.
197 1841 437 1878 Ρωτεκῑᾼ.
454 1842 647 1878 Beatitudo
669 1851 723 1878 est
743 1842 925 1877 sufficiens
942 1843 1093 1885 bonurn,
1116 1851 1151 1877 et
1171 1844 1307 1889 quietat
1327 1842 1566 1879 desiderium:
1588 1843 1651 1878 sed

69 1894 146 1932 hoc
163 1906 240 1931 non
261 1895 434 1931 convenit
462 1896 608 1931 animae
630 1905 835 1943 separatae;
862 1897 946 1943 quia
973 1896 1090 1930 adhuc
1118 1897 1254 1943 appetit
1279 1897 1442 1943 corporis
1463 1897 1651 1940 unionem,

67 1957 113 1985 ut
131 1949 327 1996 Augustin.
347 1949 434 1985 dicit
454 1949 534 1995 aoc.
557 1950 647 1995 cit.),·
671 1961 763 1997 ergo
785 1951 907 1985 anima
929 1958 1093 1997 separata
1115 1962 1134 1984 a
1157 1962 1310 1998 corpore
1330 1962 1406 1986 non
1427 1960 1482 1986 est
1504 1952 1621 1986 beata.

143 2001 177 2038 6.
198 2003 436 2039 PRAETEREA.
464 2003 594 2038 Homo
615 2004 652 2038 in
673 2004 895 2038 beatitudine
917 2012 972 2038 est
993 2003 1130 2050 angelis
1152 2004 1332 2050 aequalis:
1355 2005 1417 2039 sed
1439 2005 1561 2039 anima
1575 2005 1651 2040 sine

69 2066 229 2104 corpore
246 2066 323 2092 non
344 2064 521 2104 aequatur
542 2056 699 2104 angelis,
721 2066 759 2091 ut
780 2057 973 2103 Augustin.
999 2057 1085 2091 dicit
1108 2057 1235 2103 (ibid.);
1254 2069 1343 2104 ergo
1364 2069 1439 2093 non
1461 2066 1516 2093 est
1534 2059 1650 2093 beata.

142 2109 222 2146 Sel>
241 2119 399 2146 coum
412 2118 478 2153 est,
492 2111 593 2157 quod
618 2111 752 2146 dicitur
765 2110 919 2156 Apocal.
946 2121 1004 2153 14:
1028 2112 1121 2146 Beati
1141 2113 1276 2153 mortui,
1296 2113 1353 2158 qui
1367 2113 1401 2146 in
1415 2112 1564 2146 Domino
1585 2123 1652 2147 mo·

67 2163 223 2199 vium.

144 2215 377 2253 Rnsroxnto
403 2217 613 2259 dicendum,
641 2217 739 2264 quod
765 2217 887 2264 duplex
907 2225 962 2253 est
986 2217 1184 2252 beatitudo.
1213 2218 1287 2253 Una
1309 2217 1531 2264 imperfecta,
1559 2230 1651 2266 quae

70 2269 226 2306 habemr
244 2269 283 2305 in
303 2270 375 2305 hac
399 2270 485 2314 vita,
507 2278 543 2305 et
561 2270 630 2305 alia
660 2270 832 2317 perfecta,
860 2282 953 2318 quae
975 2272 1011 2305 in
1033 2271 1102 2306 Dei
1129 2272 1270 2306 visione
1299 2272 1474 2307 consistit.
1505 2272 1653 2308 Manife-

70 2330 172 2359 stum
191 2331 247 2359 est
265 2331 402 2368 autem,
423 2324 523 2371 quod
551 2323 596 2358 ad
617 2323 878 2358 beatitudinem
904 2324 1013 2369 hujus
1037 2325 1134 2359 vitae
1156 2325 1200 2359 de
1220 2327 1435 2360 necessitate
1461 2326 1652 2373 requiritur

72 2386 228 2424 corpus:
246 2385 302 2413 est
318 2377 417 2412 enim
434 2377 626 2412 beatitudo
646 2377 754 2423 hujus
766 2378 862 2412 vitae
876 2378 1041 2424 operatio
1059 2377 1263 2413 intellectus
1281 2378 1338 2414 vel
1353 2380 1575 2426 speculativi,
1593 2379 1651 2415 vel

71 2431 243 2479 practici;
268 2431 434 2478 operatio
461 2439 587 2466 autem
614 2430 820 2466 intellectus
842 2431 877 2465 in
899 2432 968 2465 hac
991 2431 1064 2466 vita
1093 2443 1167 2466 non
1194 2440 1313 2479 potest
1339 2443 1416 2467 esse
1443 2433 1519 2468 sine
1541 2433 1653 2480 phan-

69 2491 242 2527 mnata,
260 2484 361 2532 quod
380 2494 456 2519 non
480 2492 536 2520 est
555 2484 637 2527 nisi,
658 2485 695 2519 in
717 2495 858 2530 organo
879 2496 1071 2531 corporeo,
1093 2493 1132 2520 ut
1152 2485 1188 2519 in
1214 2496 1242 2520 1.
1264 2486 1428 2521 habitum
1448 2495 1501 2521 est
1526 2487 1574 2533 (q.
1594 2488 1650 2532 84.

66 2542 140 2573 οη.
150 2539 215 2585 7.),·
229 2545 265 2573 et
276 2538 331 2573 sic
342 2537 547 2580 beatitudo,
561 2548 654 2585 quae
668 2538 703 2572 in
717 2537 786 2572 hac
805 2540 878 2573 vita
896 2538 1020 2573 haberi
1034 2547 1166 2584 potest,
1181 2539 1360 2586 dependet
1372 2541 1650 2587 quodammodo

12 2594 14 2598 '
73 2600 121 2627 ex
138 2601 305 2639 corpore.
327 2590 401 2626 Sed
423 2591 520 2626 circa
542 2591 803 2626 beatitudinem
826 2591 1035 2639 perfectam,
1057 2603 1150 2639 quae
1169 2593 1204 2627 in
1223 2593 1292 2627 Dei
1313 2595 1455 2628 visione
1476 2594 1651 2636 consistit,

72 2643 182 2692 quui
201 2652 412 2692 posuerunt,
435 2644 533 2692 quod
555 2655 630 2679 non
653 2653 772 2692 potest
793 2645 936 2680 animae
959 2646 1127 2680 advenire
1142 2646 1218 2681 sine
1238 2658 1391 2693 corpore
1413 2647 1589 2690 existenti,
1604 2648 1653 2682 di-

63 2705 211 2742 ·centes,
229 2697 329 2745 quod
345 2697 492 2732 animae
504 2706 715 2733 sanctorum
731 2710 750 2732 a
765 2699 978 2745 corporibus
999 2708 1185 2744 separatae
1206 2699 1250 2734 ad
1273 2699 1373 2734 illam
1391 2700 1650 2736 beatitudinem

67 2758 152 2786 non
176 2751 387 2798 pervenient
413 2750 476 2797 [al.
496 2751 714 2799 pm'eniunt]
739 2763 851 2798 usque
873 2753 916 2786 ad
938 2752 1036 2787 diem
1056 2753 1191 2797 judicii,
1213 2754 1359 2800 quando
1381 2765 1536 2801 corpora
1557 2765 1653 2790 resu-

211 2803 325 2846 Quod
342 2804 491 2852 quidem
506 2813 655 2852 apparet
675 2815 754 2840 esse
774 2804 906 2840 falsum
920 2813 956 2840 et
969 2807 1195 2848 auctoritate,
1210 2814 1244 2841 et
1258 2807 1408 2841 ratione.
1424 2808 1650 2843 Auctoritate

164 2867 238 2901 em,
250 2857 336 2906 quia
349 2858 479 2904 Apost.
494 2857 583 2893 dicit
592 2867 624 2892 2.
639 2857 684 2892 ad
699 2857 787 2893 Cor.
806 2869 855 2903 5.:
873 2859 1047 2904 Quamdiu
1060 2871 1170 2895 sumus
1183 2862 1218 2894 in
1232 2867 1380 2907 corpore,
1391 2863 1652 2908 peregrinamur

63 2911 293 2950 vovum.-
314 2920 351 2949 et
369 2922 464 2961 quae
485 2911 532 2948 sit
552 2912 646 2948 ratio
667 2913 968 2960 peregrinationis
990 2914 1157 2956 ostendit,
1180 2914 1354 2956 subdens,
1372 2921 1436 2962 per
1443 2915 1545 2962 fidem
1563 2917 1652 2951 enim

0 1183 17 1313 i

0 1314 19 1420 ξ

0 1442 22 1556 ἓ
