<?xml version="1.0" encoding="UTF-8"?>
<!DOCTYPE html PUBLIC "-//W3C//DTD XHTML 1.0 Transitional//EN"
    "http://www.w3.org/TR/xhtml1/DTD/xhtml1-transitional.dtd">
<html xmlns="http://www.w3.org/1999/xhtml" xml:lang="en" lang="en">
 <head>
  <title>
</title>
<meta http-equiv="Content-Type" content="text/html;charset=utf-8" />
  <meta name='ocr-system' content='tesseract 3.04.00' />
  <meta name='ocr-capabilities' content='ocr_page ocr_carea ocr_par ocr_line ocrx_word'/>
</head>
<body>
  <div class='ocr_page' id='page_1' title='image "./divithomaeaquina02thomuoft_0222.png"; bbox 0 0 1907 3182; ppageno 0'>
   <div class='ocr_carea' id='block_1_1' title="bbox 255 158 1437 205">
    <p class='ocr_par' dir='ltr' id='par_1_1' title="bbox 255 158 1437 205">
     <span class='ocr_line' id='line_1_1' title="bbox 255 158 1437 205; baseline -0.001 -6"><span class='ocrx_word' id='word_1_1' title='bbox 255 158 338 200; x_wconf 84' lang='lat'>218</span> <span class='ocrx_word' id='word_1_2' title='bbox 657 169 878 205; x_wconf 80' lang='lat' dir='ltr'>QUAESTto</span> <span class='ocrx_word' id='word_1_3' title='bbox 913 169 1064 198; x_wconf 83' lang='lat' dir='ltr'>xxvm.</span> <span class='ocrx_word' id='word_1_4' title='bbox 1099 169 1343 199; x_wconf 84' lang='lat' dir='ltr'><strong>ARTICULUS</strong></span> <span class='ocrx_word' id='word_1_5' title='bbox 1378 170 1437 199; x_wconf 82' lang='lat'>111.</span> 
     </span>
    </p>
   </div>
   <div class='ocr_carea' id='block_1_2' title="bbox 251 250 1826 1959">
    <p class='ocr_par' dir='ltr' id='par_1_2' title="bbox 253 250 1819 499">
     <span class='ocr_line' id='line_1_2' title="bbox 327 250 1815 297; baseline 0 -12"><span class='ocrx_word' id='word_1_6' title='bbox 327 251 401 285; x_wconf 75' lang='lat' dir='ltr'>SED</span> <span class='ocrx_word' id='word_1_7' title='bbox 417 260 571 285; x_wconf 78' lang='lat' dir='ltr'>CONTRA</span> <span class='ocrx_word' id='word_1_8' title='bbox 595 258 658 293; x_wconf 85' lang='lat' dir='ltr'>est,</span> <span class='ocrx_word' id='word_1_9' title='bbox 678 250 774 297; x_wconf 86' lang='lat' dir='ltr'>quod</span> <span class='ocrx_word' id='word_1_10' title='bbox 788 251 897 285; x_wconf 88' lang='lat' dir='ltr'>Dion.</span> <span class='ocrx_word' id='word_1_11' title='bbox 915 251 999 285; x_wconf 82' lang='lat' dir='ltr'>dicit</span> <span class='ocrx_word' id='word_1_12' title='bbox 1019 261 1052 294; x_wconf 77' lang='lat'>4.</span> <span class='ocrx_word' id='word_1_13' title='bbox 1073 263 1148 296; x_wconf 81' lang='lat' dir='ltr'>cap.</span> <span class='ocrx_word' id='word_1_14' title='bbox 1170 250 1212 284; x_wconf 92' lang='lat' dir='ltr'>de</span> <span class='ocrx_word' id='word_1_15' title='bbox 1227 250 1309 284; x_wconf 71' lang='lat' dir='ltr'>Div.</span> <span class='ocrx_word' id='word_1_16' title='bbox 1328 250 1437 284; x_wconf 88' lang='lat' dir='ltr'>Nom.</span> <span class='ocrx_word' id='word_1_17' title='bbox 1454 250 1543 295; x_wconf 66' lang='lat' dir='ltr'>(lact.</span> <span class='ocrx_word' id='word_1_18' title='bbox 1561 262 1612 286; x_wconf 84' lang='lat'>10.</span> <span class='ocrx_word' id='word_1_19' title='bbox 1628 251 1663 284; x_wconf 83' lang='lat' dir='ltr'>in</span> <span class='ocrx_word' id='word_1_20' title='bbox 1675 251 1815 297; x_wconf 75' lang='lat' dir='ltr'>princ),</span> 
     </span>
     <span class='ocr_line' id='line_1_3' title="bbox 256 303 1819 350; baseline 0.001 -12"><span class='ocrx_word' id='word_1_21' title='bbox 256 304 354 350; x_wconf 91' lang='lat' dir='ltr'>quod</span> <span class='ocrx_word' id='word_1_22' title='bbox 376 304 519 338; x_wconf 84' lang='lat' dir='ltr'>divinus</span> <span class='ocrx_word' id='word_1_23' title='bbox 547 315 650 338; x_wconf 86' lang='lat' dir='ltr'>amor</span> <span class='ocrx_word' id='word_1_24' title='bbox 677 305 828 338; x_wconf 77' lang='lat' dir='ltr'>extasim</span> <span class='ocrx_word' id='word_1_25' title='bbox 854 304 962 338; x_wconf 87' lang='lat' dir='ltr'>facit:</span> <span class='ocrx_word' id='word_1_26' title='bbox 991 313 1024 338; x_wconf 90' lang='lat' dir='ltr'>et</span> <span class='ocrx_word' id='word_1_27' title='bbox 1052 304 1147 350; x_wconf 81' lang='lat' dir='ltr'>quod</span> <span class='ocrx_word' id='word_1_28' title='bbox 1174 305 1249 350; x_wconf 84' lang='lat' dir='ltr'>ipse</span> <span class='ocrx_word' id='word_1_29' title='bbox 1275 303 1375 337; x_wconf 89' lang='lat' dir='ltr'>Deus</span> <span class='ocrx_word' id='word_1_30' title='bbox 1402 312 1547 349; x_wconf 90' lang='lat' dir='ltr'>propter</span> <span class='ocrx_word' id='word_1_31' title='bbox 1574 314 1739 338; x_wconf 86' lang='lat' dir='ltr'>amorem</span> <span class='ocrx_word' id='word_1_32' title='bbox 1766 312 1819 339; x_wconf 89' lang='lat' dir='ltr'>est</span> 
     </span>
     <span class='ocr_line' id='line_1_4' title="bbox 257 357 1814 404; baseline -0.001 -12"><span class='ocrx_word' id='word_1_33' title='bbox 257 358 408 392; x_wconf 80' lang='lat' dir='ltr'>extasim</span> <span class='ocrx_word' id='word_1_34' title='bbox 428 369 574 404; x_wconf 80' lang='lat' dir='ltr'>passus3</span> <span class='ocrx_word' id='word_1_35' title='bbox 596 369 678 392; x_wconf 85' lang='lat' dir='ltr'>cum</span> <span class='ocrx_word' id='word_1_36' title='bbox 703 369 789 404; x_wconf 86' lang='lat' dir='ltr'>ergo</span> <span class='ocrx_word' id='word_1_37' title='bbox 813 358 960 404; x_wconf 83' lang='lat' dir='ltr'>quilibet</span> <span class='ocrx_word' id='word_1_38' title='bbox 982 369 1085 392; x_wconf 86' lang='lat' dir='ltr'>amor</span> <span class='ocrx_word' id='word_1_39' title='bbox 1104 359 1147 392; x_wconf 72' lang='lat' dir='ltr'>sit</span> <span class='ocrx_word' id='word_1_40' title='bbox 1177 357 1356 403; x_wconf 83' lang='lat' dir='ltr'>quaedam</span> <span class='ocrx_word' id='word_1_41' title='bbox 1383 357 1580 391; x_wconf 82' lang='lat' dir='ltr'>similitudo</span> <span class='ocrx_word' id='word_1_42' title='bbox 1603 357 1814 404; x_wconf 85' lang='lat' dir='ltr'>participata</span> 
     </span>
     <span class='ocr_line' id='line_1_5' title="bbox 253 410 1816 457; baseline 0.001 -13"><span class='ocrx_word' id='word_1_43' title='bbox 253 411 362 445; x_wconf 85' lang='lat' dir='ltr'>divini</span> <span class='ocrx_word' id='word_1_44' title='bbox 387 412 531 453; x_wconf 82' lang='lat' dir='ltr'>amoris,</span> <span class='ocrx_word' id='word_1_45' title='bbox 554 420 592 446; x_wconf 90' lang='lat' dir='ltr'>ut</span> <span class='ocrx_word' id='word_1_46' title='bbox 613 411 747 445; x_wconf 82' lang='lat' dir='ltr'>ibidem</span> <span class='ocrx_word' id='word_1_47' title='bbox 770 411 897 445; x_wconf 88' lang='lat' dir='ltr'>dicitur</span> <span class='ocrx_word' id='word_1_48' title='bbox 919 412 1003 456; x_wconf 58' lang='lat' dir='ltr'>(lect.</span> <span class='ocrx_word' id='word_1_49' title='bbox 1023 411 1104 456; x_wconf 87' lang='lat'><em>12.),</em></span> <span class='ocrx_word' id='word_1_50' title='bbox 1127 410 1277 452; x_wconf 82' lang='lat' dir='ltr'>videtur,</span> <span class='ocrx_word' id='word_1_51' title='bbox 1292 411 1388 457; x_wconf 92' lang='lat' dir='ltr'>quod</span> <span class='ocrx_word' id='word_1_52' title='bbox 1404 411 1553 457; x_wconf 84' lang='lat' dir='ltr'>quilibet</span> <span class='ocrx_word' id='word_1_53' title='bbox 1575 422 1678 445; x_wconf 83' lang='lat' dir='ltr'>arnor</span> <span class='ocrx_word' id='word_1_54' title='bbox 1693 419 1816 446; x_wconf 86' lang='lat' dir='ltr'>causet</span> 
     </span>
     <span class='ocr_line' id='line_1_6' title="bbox 256 466 417 499; baseline -0.006 0"><span class='ocrx_word' id='word_1_55' title='bbox 256 466 417 499; x_wconf 80' lang='lat' dir='ltr'>extasim.</span> 
     </span>
    </p>

    <p class='ocr_par' dir='ltr' id='par_1_3' title="bbox 251 516 1826 1635">
     <span class='ocr_line' id='line_1_7' title="bbox 324 516 1819 564; baseline 0 -12"><span class='ocrx_word' id='word_1_56' title='bbox 324 518 554 553; x_wconf 69' lang='lat' dir='ltr'>RESPONDEO</span> <span class='ocrx_word' id='word_1_57' title='bbox 582 517 788 560; x_wconf 86' lang='lat' dir='ltr'>dicendum,</span> <span class='ocrx_word' id='word_1_58' title='bbox 829 517 925 564; x_wconf 93' lang='lat' dir='ltr'>quod</span> <span class='ocrx_word' id='word_1_59' title='bbox 953 517 1103 552; x_wconf 80' lang='lat' dir='ltr'>extasim</span> <span class='ocrx_word' id='word_1_60' title='bbox 1130 518 1203 563; x_wconf 88' lang='lat' dir='ltr'>pati</span> <span class='ocrx_word' id='word_1_61' title='bbox 1231 516 1358 563; x_wconf 85' lang='lat' dir='ltr'>aliquis</span> <span class='ocrx_word' id='word_1_62' title='bbox 1385 517 1524 559; x_wconf 89' lang='lat' dir='ltr'>dicitur,</span> <span class='ocrx_word' id='word_1_63' title='bbox 1547 529 1628 552; x_wconf 88' lang='lat' dir='ltr'>cum</span> <span class='ocrx_word' id='word_1_64' title='bbox 1657 525 1755 552; x_wconf 88' lang='lat' dir='ltr'>extra</span> <span class='ocrx_word' id='word_1_65' title='bbox 1780 529 1819 552; x_wconf 88' lang='lat' dir='ltr'>se</span> 
     </span>
     <span class='ocr_line' id='line_1_8' title="bbox 251 570 1822 618; baseline -0.001 -12"><span class='ocrx_word' id='word_1_66' title='bbox 251 572 415 618; x_wconf 76' lang='lat' dir='ltr'>ponitur3</span> <span class='ocrx_word' id='word_1_67' title='bbox 438 571 534 618; x_wconf 90' lang='lat' dir='ltr'>quod</span> <span class='ocrx_word' id='word_1_68' title='bbox 557 572 704 617; x_wconf 88' lang='lat' dir='ltr'>quidem</span> <span class='ocrx_word' id='word_1_69' title='bbox 728 571 905 617; x_wconf 84' lang='lat' dir='ltr'>contingit</span> <span class='ocrx_word' id='word_1_70' title='bbox 927 579 962 605; x_wconf 91' lang='lat' dir='ltr'>et</span> <span class='ocrx_word' id='word_1_71' title='bbox 982 571 1183 605; x_wconf 88' lang='lat' dir='ltr'>secundum</span> <span class='ocrx_word' id='word_1_72' title='bbox 1201 570 1277 604; x_wconf 85' lang='lat' dir='ltr'>vim</span> <span class='ocrx_word' id='word_1_73' title='bbox 1297 571 1610 617; x_wconf 85' lang='lat' dir='ltr'>apprehensivam,</span> <span class='ocrx_word' id='word_1_74' title='bbox 1638 579 1672 606; x_wconf 91' lang='lat' dir='ltr'>et</span> <span class='ocrx_word' id='word_1_75' title='bbox 1697 582 1822 605; x_wconf 88' lang='lat' dir='ltr'>secun-</span> 
     </span>
     <span class='ocr_line' id='line_1_9' title="bbox 253 624 1822 671; baseline -0.001 -12"><span class='ocrx_word' id='word_1_76' title='bbox 253 626 339 659; x_wconf 91' lang='lat' dir='ltr'>dum</span> <span class='ocrx_word' id='word_1_77' title='bbox 361 625 436 659; x_wconf 80' lang='lat' dir='ltr'>vim</span> <span class='ocrx_word' id='word_1_78' title='bbox 467 625 711 671; x_wconf 72' lang='lat' dir='ltr'>appetitivam.</span> <span class='ocrx_word' id='word_1_79' title='bbox 736 625 948 659; x_wconf 89' lang='lat' dir='ltr'>Secundum</span> <span class='ocrx_word' id='word_1_80' title='bbox 970 624 1117 671; x_wconf 89' lang='lat' dir='ltr'>quidem</span> <span class='ocrx_word' id='word_1_81' title='bbox 1143 625 1219 658; x_wconf 75' lang='lat' dir='ltr'>vim</span> <span class='ocrx_word' id='word_1_82' title='bbox 1245 625 1516 671; x_wconf 71' lang='lat' dir='ltr'>apprehensivam</span> <span class='ocrx_word' id='word_1_83' title='bbox 1539 624 1667 671; x_wconf 89' lang='lat' dir='ltr'>aliquis</span> <span class='ocrx_word' id='word_1_84' title='bbox 1693 624 1822 659; x_wconf 89' lang='lat' dir='ltr'>dicitur</span> 
     </span>
     <span class='ocr_line' id='line_1_10' title="bbox 254 677 1823 725; baseline -0.001 -12"><span class='ocrx_word' id='word_1_85' title='bbox 254 688 353 713; x_wconf 88' lang='lat' dir='ltr'>extra</span> <span class='ocrx_word' id='word_1_86' title='bbox 375 690 411 713; x_wconf 91' lang='lat' dir='ltr'>se</span> <span class='ocrx_word' id='word_1_87' title='bbox 434 679 532 724; x_wconf 90' lang='lat' dir='ltr'>poni,</span> <span class='ocrx_word' id='word_1_88' title='bbox 555 679 700 724; x_wconf 84' lang='lat' dir='ltr'>quando</span> <span class='ocrx_word' id='word_1_89' title='bbox 722 679 867 725; x_wconf 89' lang='lat' dir='ltr'>ponitur</span> <span class='ocrx_word' id='word_1_90' title='bbox 889 687 987 712; x_wconf 87' lang='lat' dir='ltr'>extra</span> <span class='ocrx_word' id='word_1_91' title='bbox 1010 678 1257 724; x_wconf 86' lang='lat' dir='ltr'>cognitionem</span> <span class='ocrx_word' id='word_1_92' title='bbox 1281 677 1347 712; x_wconf 89' lang='lat' dir='ltr'>sibi</span> <span class='ocrx_word' id='word_1_93' title='bbox 1368 678 1570 724; x_wconf 87' lang='lat' dir='ltr'>propriam:</span> <span class='ocrx_word' id='word_1_94' title='bbox 1592 677 1651 712; x_wconf 89' lang='lat' dir='ltr'>vel</span> <span class='ocrx_word' id='word_1_95' title='bbox 1677 678 1760 724; x_wconf 87' lang='lat' dir='ltr'>quia</span> <span class='ocrx_word' id='word_1_96' title='bbox 1779 678 1823 712; x_wconf 91' lang='lat' dir='ltr'>ad</span> 
     </span>
     <span class='ocr_line' id='line_1_11' title="bbox 252 730 1822 779; baseline -0.001 -12"><span class='ocrx_word' id='word_1_97' title='bbox 252 733 477 779; x_wconf 86' lang='lat' dir='ltr'>superiorem</span> <span class='ocrx_word' id='word_1_98' title='bbox 496 732 727 766; x_wconf 88' lang='lat' dir='ltr'>sublimatur:</span> <span class='ocrx_word' id='word_1_99' title='bbox 743 732 835 766; x_wconf 89' lang='lat' dir='ltr'>sicut</span> <span class='ocrx_word' id='word_1_100' title='bbox 848 732 975 774; x_wconf 88' lang='lat' dir='ltr'>homo,</span> <span class='ocrx_word' id='word_1_101' title='bbox 991 731 1077 765; x_wconf 90' lang='lat' dir='ltr'>dum</span> <span class='ocrx_word' id='word_1_102' title='bbox 1092 731 1252 765; x_wconf 86' lang='lat' dir='ltr'>elevatur</span> <span class='ocrx_word' id='word_1_103' title='bbox 1267 731 1310 764; x_wconf 92' lang='lat' dir='ltr'>ad</span> <span class='ocrx_word' id='word_1_104' title='bbox 1326 731 1670 778; x_wconf 86' lang='lat' dir='ltr'>comprehendenda</span> <span class='ocrx_word' id='word_1_105' title='bbox 1691 730 1822 777; x_wconf 87' lang='lat' dir='ltr'>aliqua,</span> 
     </span>
     <span class='ocr_line' id='line_1_12' title="bbox 255 785 1824 833; baseline -0.002 -12"><span class='ocrx_word' id='word_1_106' title='bbox 255 798 346 833; x_wconf 89' lang='lat' dir='ltr'>quae</span> <span class='ocrx_word' id='word_1_107' title='bbox 369 795 451 821; x_wconf 90' lang='lat' dir='ltr'>sunt</span> <span class='ocrx_word' id='word_1_108' title='bbox 472 797 579 832; x_wconf 80' lang='lat' dir='ltr'>supra</span> <span class='ocrx_word' id='word_1_109' title='bbox 601 798 758 828; x_wconf 89' lang='lat' dir='ltr'>sensum,</span> <span class='ocrx_word' id='word_1_110' title='bbox 782 794 817 820; x_wconf 93' lang='lat' dir='ltr'>et</span> <span class='ocrx_word' id='word_1_111' title='bbox 830 786 1022 827; x_wconf 86' lang='lat' dir='ltr'>rationem,</span> <span class='ocrx_word' id='word_1_112' title='bbox 1038 785 1168 819; x_wconf 87' lang='lat' dir='ltr'>dicitur</span> <span class='ocrx_word' id='word_1_113' title='bbox 1182 785 1332 819; x_wconf 78' lang='lat' dir='ltr'>extasim</span> <span class='ocrx_word' id='word_1_114' title='bbox 1351 785 1435 831; x_wconf 86' lang='lat' dir='ltr'>pati,</span> <span class='ocrx_word' id='word_1_115' title='bbox 1450 785 1664 831; x_wconf 88' lang='lat' dir='ltr'>inquantum</span> <span class='ocrx_word' id='word_1_116' title='bbox 1678 785 1824 831; x_wconf 88' lang='lat' dir='ltr'>ponitur</span> 
     </span>
     <span class='ocr_line' id='line_1_13' title="bbox 254 837 1823 886; baseline -0.001 -12"><span class='ocrx_word' id='word_1_117' title='bbox 254 848 352 874; x_wconf 81' lang='lat' dir='ltr'>extra</span> <span class='ocrx_word' id='word_1_118' title='bbox 374 839 648 874; x_wconf 81' lang='lat' dir='ltr'>connaturalem</span> <span class='ocrx_word' id='word_1_119' title='bbox 668 839 996 886; x_wconf 82' lang='lat' dir='ltr'>apprehensionem</span> <span class='ocrx_word' id='word_1_120' title='bbox 1018 839 1179 881; x_wconf 83' lang='lat' dir='ltr'>rationis,</span> <span class='ocrx_word' id='word_1_121' title='bbox 1198 847 1233 873; x_wconf 88' lang='lat' dir='ltr'>et</span> <span class='ocrx_word' id='word_1_122' title='bbox 1251 850 1393 874; x_wconf 87' lang='lat' dir='ltr'>sensus:</span> <span class='ocrx_word' id='word_1_123' title='bbox 1415 837 1475 873; x_wconf 87' lang='lat' dir='ltr'>vel</span> <span class='ocrx_word' id='word_1_124' title='bbox 1493 839 1576 885; x_wconf 90' lang='lat' dir='ltr'>quia</span> <span class='ocrx_word' id='word_1_125' title='bbox 1595 839 1639 873; x_wconf 90' lang='lat' dir='ltr'>ad</span> <span class='ocrx_word' id='word_1_126' title='bbox 1652 838 1823 873; x_wconf 88' lang='lat' dir='ltr'>inferiora</span> 
     </span>
     <span class='ocr_line' id='line_1_14' title="bbox 255 892 1823 940; baseline -0.001 -12"><span class='ocrx_word' id='word_1_127' title='bbox 255 894 484 940; x_wconf 83' lang='lat' dir='ltr'>deprimitur:</span> <span class='ocrx_word' id='word_1_128' title='bbox 508 901 593 939; x_wconf 89' lang='lat' dir='ltr'>puta</span> <span class='ocrx_word' id='word_1_129' title='bbox 616 905 697 927; x_wconf 88' lang='lat' dir='ltr'>curn</span> <span class='ocrx_word' id='word_1_130' title='bbox 723 893 849 938; x_wconf 83' lang='lat' dir='ltr'>aliquis</span> <span class='ocrx_word' id='word_1_131' title='bbox 871 893 907 926; x_wconf 88' lang='lat' dir='ltr'>in</span> <span class='ocrx_word' id='word_1_132' title='bbox 930 892 1072 935; x_wconf 85' lang='lat' dir='ltr'>furiam,</span> <span class='ocrx_word' id='word_1_133' title='bbox 1095 892 1155 927; x_wconf 70' lang='lat' dir='ltr'>vel</span> <span class='ocrx_word' id='word_1_134' title='bbox 1177 892 1375 926; x_wconf 88' lang='lat' dir='ltr'>amentiam</span> <span class='ocrx_word' id='word_1_135' title='bbox 1397 892 1503 934; x_wconf 90' lang='lat' dir='ltr'>cadit,</span> <span class='ocrx_word' id='word_1_136' title='bbox 1526 892 1654 926; x_wconf 87' lang='lat' dir='ltr'>dicitur</span> <span class='ocrx_word' id='word_1_137' title='bbox 1672 892 1823 926; x_wconf 87' lang='lat' dir='ltr'>extasim</span> 
     </span>
     <span class='ocr_line' id='line_1_15' title="bbox 254 945 1822 994; baseline -0.001 -13"><span class='ocrx_word' id='word_1_138' title='bbox 254 958 390 994; x_wconf 87' lang='lat' dir='ltr'>passus.</span> <span class='ocrx_word' id='word_1_139' title='bbox 405 946 615 981; x_wconf 87' lang='lat' dir='ltr'>Secundum</span> <span class='ocrx_word' id='word_1_140' title='bbox 630 948 850 993; x_wconf 64' lang='lat' dir='ltr'>appetitivam</span> <span class='ocrx_word' id='word_1_141' title='bbox 865 957 953 980; x_wconf 85' lang='lat' dir='ltr'>vero</span> <span class='ocrx_word' id='word_1_142' title='bbox 968 954 1108 992; x_wconf 89' lang='lat' dir='ltr'>partem</span> <span class='ocrx_word' id='word_1_143' title='bbox 1124 946 1252 980; x_wconf 90' lang='lat' dir='ltr'>dicitur</span> <span class='ocrx_word' id='word_1_144' title='bbox 1267 945 1395 992; x_wconf 83' lang='lat' dir='ltr'>aliquis</span> <span class='ocrx_word' id='word_1_145' title='bbox 1411 945 1563 980; x_wconf 88' lang='lat' dir='ltr'>extasim</span> <span class='ocrx_word' id='word_1_146' title='bbox 1577 945 1662 992; x_wconf 86' lang='lat' dir='ltr'>pati,</span> <span class='ocrx_word' id='word_1_147' title='bbox 1677 945 1822 992; x_wconf 92' lang='lat' dir='ltr'>quando</span> 
     </span>
     <span class='ocr_line' id='line_1_16' title="bbox 254 999 1820 1047; baseline -0.001 -13"><span class='ocrx_word' id='word_1_148' title='bbox 254 1001 431 1047; x_wconf 87' lang='lat' dir='ltr'>appetitus</span> <span class='ocrx_word' id='word_1_149' title='bbox 455 1000 604 1046; x_wconf 80' lang='lat' dir='ltr'>alicujus</span> <span class='ocrx_word' id='word_1_150' title='bbox 626 1000 661 1033; x_wconf 91' lang='lat' dir='ltr'>in</span> <span class='ocrx_word' id='word_1_151' title='bbox 685 999 837 1034; x_wconf 88' lang='lat' dir='ltr'>alterum</span> <span class='ocrx_word' id='word_1_152' title='bbox 858 999 980 1041; x_wconf 77' lang='lat' dir='ltr'>fertur,</span> <span class='ocrx_word' id='word_1_153' title='bbox 1003 1000 1124 1034; x_wconf 86' lang='lat' dir='ltr'>exiens</span> <span class='ocrx_word' id='word_1_154' title='bbox 1145 999 1420 1046; x_wconf 89' lang='lat' dir='ltr'>quodammodo</span> <span class='ocrx_word' id='word_1_155' title='bbox 1440 1007 1538 1034; x_wconf 88' lang='lat' dir='ltr'>extra</span> <span class='ocrx_word' id='word_1_156' title='bbox 1557 999 1726 1046; x_wconf 88' lang='lat' dir='ltr'>seipsum.</span> <span class='ocrx_word' id='word_1_157' title='bbox 1746 999 1820 1033; x_wconf 90' lang='lat' dir='ltr'>Pri-</span> 
     </span>
     <span class='ocr_line' id='line_1_17' title="bbox 255 1052 1825 1100; baseline -0.001 -12"><span class='ocrx_word' id='word_1_158' title='bbox 255 1066 355 1088; x_wconf 87' lang='lat' dir='ltr'>mam</span> <span class='ocrx_word' id='word_1_159' title='bbox 377 1053 525 1100; x_wconf 87' lang='lat' dir='ltr'>quidem</span> <span class='ocrx_word' id='word_1_160' title='bbox 548 1053 699 1088; x_wconf 85' lang='lat' dir='ltr'>extasim</span> <span class='ocrx_word' id='word_1_161' title='bbox 720 1052 805 1087; x_wconf 87' lang='lat' dir='ltr'>facit</span> <span class='ocrx_word' id='word_1_162' title='bbox 827 1064 931 1087; x_wconf 86' lang='lat' dir='ltr'>amor</span> <span class='ocrx_word' id='word_1_163' title='bbox 957 1053 1178 1099; x_wconf 85' lang='lat' dir='ltr'>dispositive,</span> <span class='ocrx_word' id='word_1_164' title='bbox 1206 1053 1421 1099; x_wconf 87' lang='lat' dir='ltr'>inquantum</span> <span class='ocrx_word' id='word_1_165' title='bbox 1443 1052 1583 1087; x_wconf 90' lang='lat' dir='ltr'>scilicet</span> <span class='ocrx_word' id='word_1_166' title='bbox 1606 1052 1693 1087; x_wconf 90' lang='lat' dir='ltr'>facit</span> <span class='ocrx_word' id='word_1_167' title='bbox 1713 1053 1825 1087; x_wconf 88' lang='lat' dir='ltr'>medi-</span> 
     </span>
     <span class='ocr_line' id='line_1_18' title="bbox 254 1106 1824 1153; baseline -0.001 -12"><span class='ocrx_word' id='word_1_168' title='bbox 254 1107 321 1141; x_wconf 83' lang='lat' dir='ltr'>tari</span> <span class='ocrx_word' id='word_1_169' title='bbox 344 1108 386 1141; x_wconf 91' lang='lat' dir='ltr'>de</span> <span class='ocrx_word' id='word_1_170' title='bbox 414 1113 548 1148; x_wconf 84' lang='lat' dir='ltr'>amato,</span> <span class='ocrx_word' id='word_1_171' title='bbox 578 1115 617 1141; x_wconf 90' lang='lat' dir='ltr'>ut</span> <span class='ocrx_word' id='word_1_172' title='bbox 646 1107 783 1141; x_wconf 89' lang='lat' dir='ltr'>dictum</span> <span class='ocrx_word' id='word_1_173' title='bbox 814 1114 866 1141; x_wconf 94' lang='lat' dir='ltr'>est</span> <span class='ocrx_word' id='word_1_174' title='bbox 896 1107 978 1152; x_wconf 75' lang='lat' dir='ltr'>(art.</span> <span class='ocrx_word' id='word_1_175' title='bbox 997 1107 1152 1153; x_wconf 68' lang='lat' dir='ltr'>praec.):</span> <span class='ocrx_word' id='word_1_176' title='bbox 1184 1107 1325 1141; x_wconf 91' lang='lat' dir='ltr'>intensa</span> <span class='ocrx_word' id='word_1_177' title='bbox 1353 1114 1475 1141; x_wconf 90' lang='lat' dir='ltr'>autem</span> <span class='ocrx_word' id='word_1_178' title='bbox 1502 1106 1691 1141; x_wconf 88' lang='lat' dir='ltr'>meditatio</span> <span class='ocrx_word' id='word_1_179' title='bbox 1718 1106 1824 1140; x_wconf 90' lang='lat' dir='ltr'>unius</span> 
     </span>
     <span class='ocr_line' id='line_1_19' title="bbox 255 1159 1826 1207; baseline 0 -13"><span class='ocrx_word' id='word_1_180' title='bbox 255 1161 427 1195; x_wconf 87' lang='lat' dir='ltr'>abstrahit</span> <span class='ocrx_word' id='word_1_181' title='bbox 450 1161 490 1194; x_wconf 86' lang='lat' dir='ltr'>ab</span> <span class='ocrx_word' id='word_1_182' title='bbox 515 1160 603 1194; x_wconf 88' lang='lat' dir='ltr'>aliis.</span> <span class='ocrx_word' id='word_1_183' title='bbox 628 1160 700 1194; x_wconf 86' lang='lat' dir='ltr'>Sed</span> <span class='ocrx_word' id='word_1_184' title='bbox 722 1160 920 1194; x_wconf 87' lang='lat' dir='ltr'>secundam</span> <span class='ocrx_word' id='word_1_185' title='bbox 943 1160 1094 1194; x_wconf 82' lang='lat' dir='ltr'>extasim</span> <span class='ocrx_word' id='word_1_186' title='bbox 1116 1159 1202 1194; x_wconf 89' lang='lat' dir='ltr'>facit</span> <span class='ocrx_word' id='word_1_187' title='bbox 1224 1171 1327 1194; x_wconf 89' lang='lat' dir='ltr'>amor</span> <span class='ocrx_word' id='word_1_188' title='bbox 1348 1160 1493 1202; x_wconf 88' lang='lat' dir='ltr'>directe,</span> <span class='ocrx_word' id='word_1_189' title='bbox 1512 1159 1733 1207; x_wconf 86' lang='lat' dir='ltr'>simpliciter,</span> <span class='ocrx_word' id='word_1_190' title='bbox 1752 1160 1826 1206; x_wconf 91' lang='lat' dir='ltr'>qui-</span> 
     </span>
     <span class='ocr_line' id='line_1_20' title="bbox 254 1213 1826 1260; baseline 0.001 -13"><span class='ocrx_word' id='word_1_191' title='bbox 254 1214 338 1248; x_wconf 89' lang='lat' dir='ltr'>dem</span> <span class='ocrx_word' id='word_1_192' title='bbox 361 1225 465 1248; x_wconf 89' lang='lat' dir='ltr'>amor</span> <span class='ocrx_word' id='word_1_193' title='bbox 488 1214 680 1256; x_wconf 86' lang='lat' dir='ltr'>amicitiae,</span> <span class='ocrx_word' id='word_1_194' title='bbox 709 1225 811 1247; x_wconf 87' lang='lat' dir='ltr'>amor</span> <span class='ocrx_word' id='word_1_195' title='bbox 839 1222 961 1248; x_wconf 89' lang='lat' dir='ltr'>autem</span> <span class='ocrx_word' id='word_1_196' title='bbox 989 1214 1308 1260; x_wconf 86' lang='lat' dir='ltr'>concupiscentiae</span> <span class='ocrx_word' id='word_1_197' title='bbox 1335 1225 1409 1248; x_wconf 92' lang='lat' dir='ltr'>non</span> <span class='ocrx_word' id='word_1_198' title='bbox 1436 1213 1659 1260; x_wconf 87' lang='lat' dir='ltr'>simpliciter,</span> <span class='ocrx_word' id='word_1_199' title='bbox 1685 1213 1747 1248; x_wconf 88' lang='lat' dir='ltr'>sed</span> <span class='ocrx_word' id='word_1_200' title='bbox 1774 1225 1826 1248; x_wconf 89' lang='lat' dir='ltr'>se-</span> 
     </span>
     <span class='ocr_line' id='line_1_21' title="bbox 255 1266 1824 1314; baseline 0 -13"><span class='ocrx_word' id='word_1_201' title='bbox 255 1267 413 1302; x_wconf 90' lang='lat' dir='ltr'>cundum</span> <span class='ocrx_word' id='word_1_202' title='bbox 436 1267 539 1314; x_wconf 87' lang='lat' dir='ltr'>quid;</span> <span class='ocrx_word' id='word_1_203' title='bbox 561 1279 647 1301; x_wconf 91' lang='lat' dir='ltr'>nam</span> <span class='ocrx_word' id='word_1_204' title='bbox 669 1267 705 1301; x_wconf 90' lang='lat' dir='ltr'>in</span> <span class='ocrx_word' id='word_1_205' title='bbox 725 1279 850 1302; x_wconf 88' lang='lat' dir='ltr'>amore</span> <span class='ocrx_word' id='word_1_206' title='bbox 870 1269 1150 1314; x_wconf 67' lang='lat' dir='ltr'>concupiscentiae</span> <span class='ocrx_word' id='word_1_207' title='bbox 1169 1267 1444 1314; x_wconf 90' lang='lat' dir='ltr'>quodammodo</span> <span class='ocrx_word' id='word_1_208' title='bbox 1462 1266 1573 1301; x_wconf 90' lang='lat' dir='ltr'>fertur</span> <span class='ocrx_word' id='word_1_209' title='bbox 1587 1278 1712 1301; x_wconf 85' lang='lat' dir='ltr'>amans</span> <span class='ocrx_word' id='word_1_210' title='bbox 1727 1275 1824 1301; x_wconf 82' lang='lat' dir='ltr'>extra</span> 
     </span>
     <span class='ocr_line' id='line_1_22' title="bbox 255 1320 1824 1367; baseline -0.001 -12"><span class='ocrx_word' id='word_1_211' title='bbox 255 1322 424 1367; x_wconf 86' lang='lat' dir='ltr'>seipsum,</span> <span class='ocrx_word' id='word_1_212' title='bbox 455 1321 669 1367; x_wconf 86' lang='lat' dir='ltr'>inquantum</span> <span class='ocrx_word' id='word_1_213' title='bbox 699 1320 837 1355; x_wconf 81' lang='lat' dir='ltr'>scilicet</span> <span class='ocrx_word' id='word_1_214' title='bbox 863 1332 937 1355; x_wconf 90' lang='lat' dir='ltr'>non</span> <span class='ocrx_word' id='word_1_215' title='bbox 965 1329 1156 1356; x_wconf 87' lang='lat' dir='ltr'>contentus</span> <span class='ocrx_word' id='word_1_216' title='bbox 1188 1321 1346 1367; x_wconf 87' lang='lat' dir='ltr'>gaudere</span> <span class='ocrx_word' id='word_1_217' title='bbox 1373 1320 1417 1356; x_wconf 91' lang='lat' dir='ltr'>de</span> <span class='ocrx_word' id='word_1_218' title='bbox 1442 1321 1554 1363; x_wconf 85' lang='lat' dir='ltr'>bono,</span> <span class='ocrx_word' id='word_1_219' title='bbox 1580 1320 1678 1367; x_wconf 90' lang='lat' dir='ltr'>quod</span> <span class='ocrx_word' id='word_1_220' title='bbox 1703 1320 1824 1363; x_wconf 87' lang='lat' dir='ltr'>habet,</span> 
     </span>
     <span class='ocr_line' id='line_1_23' title="bbox 258 1373 1825 1421; baseline 0 -13"><span class='ocrx_word' id='word_1_221' title='bbox 258 1375 396 1421; x_wconf 90' lang='lat' dir='ltr'>quaerit</span> <span class='ocrx_word' id='word_1_222' title='bbox 416 1373 485 1408; x_wconf 90' lang='lat' dir='ltr'>frui</span> <span class='ocrx_word' id='word_1_223' title='bbox 507 1374 628 1420; x_wconf 86' lang='lat' dir='ltr'>aliquo</span> <span class='ocrx_word' id='word_1_224' title='bbox 652 1382 749 1409; x_wconf 85' lang='lat' dir='ltr'>extra</span> <span class='ocrx_word' id='word_1_225' title='bbox 772 1386 826 1409; x_wconf 86' lang='lat' dir='ltr'>se:</span> <span class='ocrx_word' id='word_1_226' title='bbox 859 1374 921 1408; x_wconf 87' lang='lat' dir='ltr'>sed</span> <span class='ocrx_word' id='word_1_227' title='bbox 944 1375 1027 1420; x_wconf 89' lang='lat' dir='ltr'>quia</span> <span class='ocrx_word' id='word_1_228' title='bbox 1057 1374 1144 1408; x_wconf 89' lang='lat' dir='ltr'>illud</span> <span class='ocrx_word' id='word_1_229' title='bbox 1168 1376 1411 1409; x_wconf 86' lang='lat' dir='ltr'>extrinsecum</span> <span class='ocrx_word' id='word_1_230' title='bbox 1431 1374 1571 1409; x_wconf 89' lang='lat' dir='ltr'>bonum</span> <span class='ocrx_word' id='word_1_231' title='bbox 1592 1374 1732 1421; x_wconf 91' lang='lat' dir='ltr'>quaerit</span> <span class='ocrx_word' id='word_1_232' title='bbox 1757 1374 1825 1408; x_wconf 87' lang='lat' dir='ltr'>sibi</span> 
     </span>
     <span class='ocr_line' id='line_1_24' title="bbox 256 1427 1826 1474; baseline 0 -12"><span class='ocrx_word' id='word_1_233' title='bbox 256 1429 400 1470; x_wconf 87' lang='lat' dir='ltr'>habere,</span> <span class='ocrx_word' id='word_1_234' title='bbox 423 1440 497 1462; x_wconf 92' lang='lat' dir='ltr'>non</span> <span class='ocrx_word' id='word_1_235' title='bbox 519 1428 590 1462; x_wconf 86' lang='lat' dir='ltr'>exit</span> <span class='ocrx_word' id='word_1_236' title='bbox 610 1427 822 1473; x_wconf 88' lang='lat' dir='ltr'>simpliciter</span> <span class='ocrx_word' id='word_1_237' title='bbox 836 1436 933 1462; x_wconf 86' lang='lat' dir='ltr'>extra</span> <span class='ocrx_word' id='word_1_238' title='bbox 952 1439 1001 1470; x_wconf 89' lang='lat' dir='ltr'>se,</span> <span class='ocrx_word' id='word_1_239' title='bbox 1021 1428 1082 1462; x_wconf 91' lang='lat' dir='ltr'>sed</span> <span class='ocrx_word' id='word_1_240' title='bbox 1101 1427 1181 1462; x_wconf 89' lang='lat' dir='ltr'>talis</span> <span class='ocrx_word' id='word_1_241' title='bbox 1201 1427 1345 1462; x_wconf 89' lang='lat' dir='ltr'>affectio</span> <span class='ocrx_word' id='word_1_242' title='bbox 1364 1428 1400 1462; x_wconf 91' lang='lat' dir='ltr'>in</span> <span class='ocrx_word' id='word_1_243' title='bbox 1415 1427 1485 1462; x_wconf 88' lang='lat' dir='ltr'>fine</span> <span class='ocrx_word' id='word_1_244' title='bbox 1500 1428 1592 1462; x_wconf 87' lang='lat' dir='ltr'>intra</span> <span class='ocrx_word' id='word_1_245' title='bbox 1606 1428 1727 1474; x_wconf 90' lang='lat' dir='ltr'>ipsum</span> <span class='ocrx_word' id='word_1_246' title='bbox 1742 1439 1826 1462; x_wconf 92' lang='lat' dir='ltr'>con-</span> 
     </span>
     <span class='ocr_line' id='line_1_25' title="bbox 259 1480 1822 1527; baseline 0 -11"><span class='ocrx_word' id='word_1_247' title='bbox 259 1482 434 1516; x_wconf 87' lang='lat' dir='ltr'>cluditur:</span> <span class='ocrx_word' id='word_1_248' title='bbox 458 1481 519 1516; x_wconf 90' lang='lat' dir='ltr'>sed</span> <span class='ocrx_word' id='word_1_249' title='bbox 546 1482 581 1515; x_wconf 90' lang='lat' dir='ltr'>in</span> <span class='ocrx_word' id='word_1_250' title='bbox 609 1493 734 1516; x_wconf 89' lang='lat' dir='ltr'>amore</span> <span class='ocrx_word' id='word_1_251' title='bbox 762 1483 931 1516; x_wconf 64' lang='lat' dir='ltr'>amicitiae</span> <span class='ocrx_word' id='word_1_252' title='bbox 959 1481 1108 1516; x_wconf 88' lang='lat' dir='ltr'>affectus</span> <span class='ocrx_word' id='word_1_253' title='bbox 1136 1480 1286 1527; x_wconf 84' lang='lat' dir='ltr'>alicujus</span> <span class='ocrx_word' id='word_1_254' title='bbox 1313 1481 1526 1527; x_wconf 89' lang='lat' dir='ltr'>simpliciter</span> <span class='ocrx_word' id='word_1_255' title='bbox 1547 1481 1618 1516; x_wconf 87' lang='lat' dir='ltr'>exit</span> <span class='ocrx_word' id='word_1_256' title='bbox 1639 1489 1737 1516; x_wconf 89' lang='lat' dir='ltr'>extra</span> <span class='ocrx_word' id='word_1_257' title='bbox 1762 1493 1822 1516; x_wconf 87' lang='lat' dir='ltr'>se:</span> 
     </span>
     <span class='ocr_line' id='line_1_26' title="bbox 256 1535 1826 1582; baseline -0.001 -12"><span class='ocrx_word' id='word_1_258' title='bbox 256 1536 339 1582; x_wconf 89' lang='lat' dir='ltr'>quia</span> <span class='ocrx_word' id='word_1_259' title='bbox 360 1535 437 1570; x_wconf 78' lang='lat' dir='ltr'>vult</span> <span class='ocrx_word' id='word_1_260' title='bbox 464 1535 583 1569; x_wconf 90' lang='lat' dir='ltr'>amico</span> <span class='ocrx_word' id='word_1_261' title='bbox 604 1535 754 1577; x_wconf 84' lang='lat' dir='ltr'>bonum,</span> <span class='ocrx_word' id='word_1_262' title='bbox 777 1543 812 1569; x_wconf 85' lang='lat' dir='ltr'>et</span> <span class='ocrx_word' id='word_1_263' title='bbox 838 1543 1006 1581; x_wconf 89' lang='lat' dir='ltr'>operatur</span> <span class='ocrx_word' id='word_1_264' title='bbox 1036 1535 1187 1578; x_wconf 87' lang='lat' dir='ltr'>bonum,</span> <span class='ocrx_word' id='word_1_265' title='bbox 1215 1535 1317 1582; x_wconf 89' lang='lat' dir='ltr'>quasi</span> <span class='ocrx_word' id='word_1_266' title='bbox 1339 1546 1467 1582; x_wconf 87' lang='lat' dir='ltr'>gerens</span> <span class='ocrx_word' id='word_1_267' title='bbox 1490 1546 1627 1578; x_wconf 90' lang='lat' dir='ltr'>curam,</span> <span class='ocrx_word' id='word_1_268' title='bbox 1649 1543 1685 1570; x_wconf 89' lang='lat' dir='ltr'>et</span> <span class='ocrx_word' id='word_1_269' title='bbox 1708 1536 1826 1582; x_wconf 90' lang='lat' dir='ltr'>provi-</span> 
     </span>
     <span class='ocr_line' id='line_1_27' title="bbox 257 1589 1051 1635; baseline -0.003 -11"><span class='ocrx_word' id='word_1_270' title='bbox 257 1589 417 1624; x_wconf 86' lang='lat' dir='ltr'>dentiam</span> <span class='ocrx_word' id='word_1_271' title='bbox 439 1589 548 1635; x_wconf 90' lang='lat' dir='ltr'>ipsius</span> <span class='ocrx_word' id='word_1_272' title='bbox 570 1597 715 1635; x_wconf 90' lang='lat' dir='ltr'>propter</span> <span class='ocrx_word' id='word_1_273' title='bbox 737 1589 856 1635; x_wconf 88' lang='lat' dir='ltr'>ipsum</span> <span class='ocrx_word' id='word_1_274' title='bbox 881 1589 1051 1622; x_wconf 86' lang='lat' dir='ltr'>amicum.</span> 
     </span>
    </p>

    <p class='ocr_par' dir='ltr' id='par_1_4' title="bbox 327 1641 1729 1689">
     <span class='ocr_line' id='line_1_28' title="bbox 327 1641 1729 1689; baseline 0 -12"><span class='ocrx_word' id='word_1_275' title='bbox 327 1643 386 1677; x_wconf 86' lang='lat' dir='ltr'>AD</span> <span class='ocrx_word' id='word_1_276' title='bbox 408 1653 557 1677; x_wconf 80' lang='lat' dir='ltr'>PR1MUM</span> <span class='ocrx_word' id='word_1_277' title='bbox 580 1653 667 1688; x_wconf 87' lang='lat' dir='ltr'>ergo</span> <span class='ocrx_word' id='word_1_278' title='bbox 690 1642 896 1684; x_wconf 85' lang='lat' dir='ltr'>dicendum,</span> <span class='ocrx_word' id='word_1_279' title='bbox 919 1642 1016 1688; x_wconf 88' lang='lat' dir='ltr'>quod</span> <span class='ocrx_word' id='word_1_280' title='bbox 1038 1641 1099 1676; x_wconf 88' lang='lat' dir='ltr'>illa</span> <span class='ocrx_word' id='word_1_281' title='bbox 1117 1642 1208 1676; x_wconf 86' lang='lat' dir='ltr'>ratio</span> <span class='ocrx_word' id='word_1_282' title='bbox 1231 1642 1397 1688; x_wconf 88' lang='lat' dir='ltr'>procedit</span> <span class='ocrx_word' id='word_1_283' title='bbox 1417 1642 1461 1677; x_wconf 92' lang='lat' dir='ltr'>de</span> <span class='ocrx_word' id='word_1_284' title='bbox 1473 1643 1589 1689; x_wconf 81' lang='lat' dir='ltr'>prima</span> <span class='ocrx_word' id='word_1_285' title='bbox 1607 1642 1729 1677; x_wconf 87' lang='lat' dir='ltr'>extasi.</span> 
     </span>
    </p>

    <p class='ocr_par' dir='ltr' id='par_1_5' title="bbox 256 1695 1823 1798">
     <span class='ocr_line' id='line_1_29' title="bbox 329 1695 1823 1743; baseline 0.001 -13"><span class='ocrx_word' id='word_1_286' title='bbox 329 1696 388 1730; x_wconf 87' lang='lat' dir='ltr'>AD</span> <span class='ocrx_word' id='word_1_287' title='bbox 408 1706 615 1731; x_wconf 67' lang='lat' dir='ltr'>sECUNDt’M</span> <span class='ocrx_word' id='word_1_288' title='bbox 637 1695 843 1737; x_wconf 78' lang='lat' dir='ltr'>dicendum,</span> <span class='ocrx_word' id='word_1_289' title='bbox 859 1696 955 1741; x_wconf 90' lang='lat' dir='ltr'>quod</span> <span class='ocrx_word' id='word_1_290' title='bbox 970 1695 1031 1729; x_wconf 85' lang='lat' dir='ltr'>illa</span> <span class='ocrx_word' id='word_1_291' title='bbox 1053 1696 1144 1730; x_wconf 83' lang='lat' dir='ltr'>ratio</span> <span class='ocrx_word' id='word_1_292' title='bbox 1160 1696 1324 1742; x_wconf 91' lang='lat' dir='ltr'>procedit</span> <span class='ocrx_word' id='word_1_293' title='bbox 1338 1696 1381 1730; x_wconf 91' lang='lat' dir='ltr'>de</span> <span class='ocrx_word' id='word_1_294' title='bbox 1396 1707 1521 1731; x_wconf 89' lang='lat' dir='ltr'>amore</span> <span class='ocrx_word' id='word_1_295' title='bbox 1533 1696 1823 1743; x_wconf 74' lang='lat' dir='ltr'>concupiscentiae,</span> 
     </span>
     <span class='ocr_line' id='line_1_30' title="bbox 256 1749 1538 1798; baseline 0.001 -14"><span class='ocrx_word' id='word_1_296' title='bbox 256 1751 316 1797; x_wconf 92' lang='lat' dir='ltr'>qui</span> <span class='ocrx_word' id='word_1_297' title='bbox 337 1762 411 1785; x_wconf 87' lang='lat' dir='ltr'>non</span> <span class='ocrx_word' id='word_1_298' title='bbox 432 1750 518 1784; x_wconf 89' lang='lat' dir='ltr'>facit</span> <span class='ocrx_word' id='word_1_299' title='bbox 540 1749 751 1796; x_wconf 89' lang='lat' dir='ltr'>simpliciter</span> <span class='ocrx_word' id='word_1_300' title='bbox 773 1750 936 1792; x_wconf 87' lang='lat' dir='ltr'>extasim,</span> <span class='ocrx_word' id='word_1_301' title='bbox 959 1758 997 1784; x_wconf 91' lang='lat' dir='ltr'>ut</span> <span class='ocrx_word' id='word_1_302' title='bbox 1018 1750 1155 1784; x_wconf 86' lang='lat' dir='ltr'>dictum</span> <span class='ocrx_word' id='word_1_303' title='bbox 1179 1758 1232 1785; x_wconf 88' lang='lat' dir='ltr'>est</span> <span class='ocrx_word' id='word_1_304' title='bbox 1254 1751 1306 1796; x_wconf 85' lang='lat' dir='ltr'>(in</span> <span class='ocrx_word' id='word_1_305' title='bbox 1328 1757 1417 1798; x_wconf 83' lang='lat' dir='ltr'>corp.</span> <span class='ocrx_word' id='word_1_306' title='bbox 1444 1751 1538 1790; x_wconf 55' lang='lat' dir='ltr'>art).</span> 
     </span>
    </p>

    <p class='ocr_par' dir='ltr' id='par_1_6' title="bbox 256 1803 1826 1959">
     <span class='ocr_line' id='line_1_31' title="bbox 326 1803 1826 1850; baseline 0 -12"><span class='ocrx_word' id='word_1_307' title='bbox 326 1805 385 1839; x_wconf 76' lang='lat' dir='ltr'>AD</span> <span class='ocrx_word' id='word_1_308' title='bbox 414 1815 584 1839; x_wconf 78' lang='lat' dir='ltr'>TERTIUM</span> <span class='ocrx_word' id='word_1_309' title='bbox 612 1803 819 1846; x_wconf 79' lang='lat' dir='ltr'>dicendum,</span> <span class='ocrx_word' id='word_1_310' title='bbox 847 1804 944 1850; x_wconf 92' lang='lat' dir='ltr'>quod</span> <span class='ocrx_word' id='word_1_311' title='bbox 966 1803 1038 1846; x_wconf 87' lang='lat' dir='ltr'>ille,</span> <span class='ocrx_word' id='word_1_312' title='bbox 1063 1804 1123 1850; x_wconf 89' lang='lat' dir='ltr'>qui</span> <span class='ocrx_word' id='word_1_313' title='bbox 1146 1812 1254 1846; x_wconf 85' lang='lat' dir='ltr'>amat,</span> <span class='ocrx_word' id='word_1_314' title='bbox 1280 1804 1460 1839; x_wconf 87' lang='lat' dir='ltr'>intantum</span> <span class='ocrx_word' id='word_1_315' title='bbox 1488 1812 1586 1839; x_wconf 89' lang='lat' dir='ltr'>extra</span> <span class='ocrx_word' id='word_1_316' title='bbox 1608 1816 1646 1839; x_wconf 93' lang='lat' dir='ltr'>se</span> <span class='ocrx_word' id='word_1_317' title='bbox 1668 1804 1749 1847; x_wconf 90' lang='lat' dir='ltr'>exit,</span> <span class='ocrx_word' id='word_1_318' title='bbox 1776 1804 1826 1838; x_wconf 91' lang='lat' dir='ltr'>in-</span> 
     </span>
     <span class='ocr_line' id='line_1_32' title="bbox 257 1857 1823 1905; baseline 0 -13"><span class='ocrx_word' id='word_1_319' title='bbox 257 1866 432 1904; x_wconf 84' lang='lat' dir='ltr'>quantum</span> <span class='ocrx_word' id='word_1_320' title='bbox 458 1857 533 1892; x_wconf 84' lang='lat' dir='ltr'>vult</span> <span class='ocrx_word' id='word_1_321' title='bbox 554 1858 650 1891; x_wconf 88' lang='lat' dir='ltr'>bona</span> <span class='ocrx_word' id='word_1_322' title='bbox 673 1857 792 1899; x_wconf 83' lang='lat' dir='ltr'>amici,</span> <span class='ocrx_word' id='word_1_323' title='bbox 822 1865 856 1891; x_wconf 91' lang='lat' dir='ltr'>et</span> <span class='ocrx_word' id='word_1_324' title='bbox 883 1866 1071 1904; x_wconf 86' lang='lat' dir='ltr'>operatur:</span> <span class='ocrx_word' id='word_1_325' title='bbox 1099 1869 1174 1892; x_wconf 91' lang='lat' dir='ltr'>non</span> <span class='ocrx_word' id='word_1_326' title='bbox 1195 1866 1320 1892; x_wconf 90' lang='lat' dir='ltr'>tamen</span> <span class='ocrx_word' id='word_1_327' title='bbox 1341 1857 1418 1892; x_wconf 91' lang='lat' dir='ltr'>vult</span> <span class='ocrx_word' id='word_1_328' title='bbox 1436 1858 1534 1892; x_wconf 89' lang='lat' dir='ltr'>bona</span> <span class='ocrx_word' id='word_1_329' title='bbox 1560 1858 1669 1893; x_wconf 90' lang='lat' dir='ltr'>amici</span> <span class='ocrx_word' id='word_1_330' title='bbox 1694 1858 1823 1905; x_wconf 86' lang='lat' dir='ltr'>magis,</span> 
     </span>
     <span class='ocr_line' id='line_1_33' title="bbox 256 1911 1632 1959; baseline 0.001 -14"><span class='ocrx_word' id='word_1_331' title='bbox 256 1924 365 1958; x_wconf 84' lang='lat' dir='ltr'>quam</span> <span class='ocrx_word' id='word_1_332' title='bbox 388 1923 468 1955; x_wconf 89' lang='lat' dir='ltr'>sua;</span> <span class='ocrx_word' id='word_1_333' title='bbox 492 1911 585 1945; x_wconf 92' lang='lat' dir='ltr'>unde</span> <span class='ocrx_word' id='word_1_334' title='bbox 607 1922 681 1945; x_wconf 92' lang='lat' dir='ltr'>non</span> <span class='ocrx_word' id='word_1_335' title='bbox 705 1911 876 1957; x_wconf 87' lang='lat' dir='ltr'>sequitur,</span> <span class='ocrx_word' id='word_1_336' title='bbox 895 1911 993 1958; x_wconf 90' lang='lat' dir='ltr'>quod</span> <span class='ocrx_word' id='word_1_337' title='bbox 1016 1911 1169 1946; x_wconf 87' lang='lat' dir='ltr'>alterum</span> <span class='ocrx_word' id='word_1_338' title='bbox 1192 1911 1283 1958; x_wconf 90' lang='lat' dir='ltr'>plus,</span> <span class='ocrx_word' id='word_1_339' title='bbox 1306 1923 1415 1959; x_wconf 91' lang='lat' dir='ltr'>quam</span> <span class='ocrx_word' id='word_1_340' title='bbox 1437 1923 1474 1947; x_wconf 90' lang='lat' dir='ltr'>se</span> <span class='ocrx_word' id='word_1_341' title='bbox 1497 1911 1632 1959; x_wconf 86' lang='lat' dir='ltr'>diligat.</span> 
     </span>
    </p>
   </div>
   <div class='ocr_carea' id='block_1_3' title="bbox 808 2030 1817 2077">
    <p class='ocr_par' dir='ltr' id='par_1_7' title="bbox 808 2030 1817 2077">
     <span class='ocr_line' id='line_1_34' title="bbox 808 2030 1817 2077; baseline 0.002 -4"><span class='ocrx_word' id='word_1_342' title='bbox 808 2030 1155 2075; x_wconf 85' lang='lat' dir='ltr'>ARTICULUS</span> <span class='ocrx_word' id='word_1_343' title='bbox 1190 2031 1266 2074; x_wconf 86' lang='lat' dir='ltr'>IV.</span> <span class='ocrx_word' id='word_1_344' title='bbox 1757 2040 1817 2077; x_wconf 87' lang='lat'>161</span> 
     </span>
    </p>
   </div>
   <div class='ocr_carea' id='block_1_4' title="bbox 611 2127 1463 2251">
    <p class='ocr_par' dir='ltr' id='par_1_8' title="bbox 611 2127 1463 2251">
     <span class='ocr_line' id='line_1_35' title="bbox 611 2127 1463 2158; baseline 0.001 -2"><span class='ocrx_word' id='word_1_345' title='bbox 611 2127 765 2157; x_wconf 89' lang='lat' dir='ltr'><strong>UTRUM</strong></span> <span class='ocrx_word' id='word_1_346' title='bbox 793 2127 923 2157; x_wconf 92' lang='lat' dir='ltr'>ZELUS</span> <span class='ocrx_word' id='word_1_347' title='bbox 948 2127 1016 2157; x_wconf 89' lang='lat' dir='ltr'>SIT</span> <span class='ocrx_word' id='word_1_348' title='bbox 1043 2128 1265 2158; x_wconf 80' lang='lat' dir='ltr'>EFFECTUS</span> <span class='ocrx_word' id='word_1_349' title='bbox 1289 2128 1463 2158; x_wconf 85' lang='lat' dir='ltr'><strong>AMORIS.</strong></span> 
     </span>
     <span class='ocr_line' id='line_1_36' title="bbox 792 2204 1293 2251; baseline 0.002 -14"><span class='ocrx_word' id='word_1_350' title='bbox 792 2204 894 2249; x_wconf 67' lang='lat' dir='ltr'>(Mal.</span> <span class='ocrx_word' id='word_1_351' title='bbox 914 2216 944 2250; x_wconf 83' lang='lat' dir='ltr'>q.</span> <span class='ocrx_word' id='word_1_352' title='bbox 966 2217 1018 2240; x_wconf 85' lang='lat'>10.</span> <span class='ocrx_word' id='word_1_353' title='bbox 1037 2209 1100 2239; x_wconf 81' lang='lat' dir='ltr'>art.</span> <span class='ocrx_word' id='word_1_354' title='bbox 1122 2217 1150 2240; x_wconf 83' lang='lat'>1.</span> <span class='ocrx_word' id='word_1_355' title='bbox 1170 2204 1212 2239; x_wconf 85' lang='lat' dir='ltr'>ad</span> <span class='ocrx_word' id='word_1_356' title='bbox 1233 2205 1293 2251; x_wconf 91' lang='lat'><em>2.).</em></span> 
     </span>
    </p>
   </div>
   <div class='ocr_carea' id='block_1_5' title="bbox 255 2285 1876 2924">
    <p class='ocr_par' dir='ltr' id='par_1_9' title="bbox 255 2285 1824 2482">
     <span class='ocr_line' id='line_1_37' title="bbox 329 2285 1821 2333; baseline -0.001 -13"><span class='ocrx_word' id='word_1_357' title='bbox 329 2286 388 2320; x_wconf 81' lang='lat' dir='ltr'>AD</span> <span class='ocrx_word' id='word_1_358' title='bbox 410 2296 597 2325; x_wconf 79' lang='lat' dir='ltr'><strong>QUARTUM</strong></span> <span class='ocrx_word' id='word_1_359' title='bbox 617 2286 666 2320; x_wconf 90' lang='lat' dir='ltr'>sic</span> <span class='ocrx_word' id='word_1_360' title='bbox 689 2287 906 2332; x_wconf 87' lang='lat' dir='ltr'>proceditur.</span> <span class='ocrx_word' id='word_1_361' title='bbox 929 2286 1093 2329; x_wconf 84' lang='lat' dir='ltr'>Videtur,</span> <span class='ocrx_word' id='word_1_362' title='bbox 1113 2287 1209 2333; x_wconf 91' lang='lat' dir='ltr'>quod</span> <span class='ocrx_word' id='word_1_363' title='bbox 1228 2286 1326 2321; x_wconf 87' lang='lat' dir='ltr'>zelus</span> <span class='ocrx_word' id='word_1_364' title='bbox 1344 2297 1419 2320; x_wconf 88' lang='lat' dir='ltr'>non</span> <span class='ocrx_word' id='word_1_365' title='bbox 1437 2286 1482 2321; x_wconf 89' lang='lat' dir='ltr'>sit</span> <span class='ocrx_word' id='word_1_366' title='bbox 1500 2285 1649 2321; x_wconf 86' lang='lat' dir='ltr'>effectus</span> <span class='ocrx_word' id='word_1_367' title='bbox 1669 2285 1821 2320; x_wconf 86' lang='lat' dir='ltr'>amoris:</span> 
     </span>
     <span class='ocr_line' id='line_1_38' title="bbox 257 2339 1824 2387; baseline 0 -13"><span class='ocrx_word' id='word_1_368' title='bbox 257 2339 354 2374; x_wconf 83' lang='lat' dir='ltr'>zelus</span> <span class='ocrx_word' id='word_1_369' title='bbox 377 2341 474 2374; x_wconf 89' lang='lat' dir='ltr'>enim</span> <span class='ocrx_word' id='word_1_370' title='bbox 497 2348 550 2374; x_wconf 85' lang='lat' dir='ltr'>est</span> <span class='ocrx_word' id='word_1_371' title='bbox 572 2341 814 2374; x_wconf 79' lang='lat' dir='ltr'>contentionis</span> <span class='ocrx_word' id='word_1_372' title='bbox 836 2341 1071 2387; x_wconf 81' lang='lat' dir='ltr'>principium3</span> <span class='ocrx_word' id='word_1_373' title='bbox 1091 2341 1184 2375; x_wconf 87' lang='lat' dir='ltr'>unde</span> <span class='ocrx_word' id='word_1_374' title='bbox 1208 2340 1337 2375; x_wconf 88' lang='lat' dir='ltr'>dicitur</span> <span class='ocrx_word' id='word_1_375' title='bbox 1362 2352 1390 2375; x_wconf 87' lang='lat'>1.</span> <span class='ocrx_word' id='word_1_376' title='bbox 1414 2340 1457 2374; x_wconf 87' lang='lat' dir='ltr'>ad</span> <span class='ocrx_word' id='word_1_377' title='bbox 1480 2339 1567 2375; x_wconf 88' lang='lat' dir='ltr'>Cor.</span> <span class='ocrx_word' id='word_1_378' title='bbox 1593 2351 1641 2387; x_wconf 83' lang='lat'>3.:</span> <span class='ocrx_word' id='word_1_379' title='bbox 1675 2339 1761 2375; x_wconf 86' lang='lat' dir='ltr'>Cum</span> <span class='ocrx_word' id='word_1_380' title='bbox 1782 2341 1824 2375; x_wconf 84' lang='lat' dir='ltr'>sit</span> 
     </span>
     <span class='ocr_line' id='line_1_39' title="bbox 255 2392 1823 2441; baseline 0 -13"><span class='ocrx_word' id='word_1_381' title='bbox 255 2395 343 2429; x_wconf 67' lang='lat' dir='ltr'>inter</span> <span class='ocrx_word' id='word_1_382' title='bbox 362 2406 419 2428; x_wconf 70' lang='lat' dir='ltr'>vos</span> <span class='ocrx_word' id='word_1_383' title='bbox 433 2394 526 2438; x_wconf 53' lang='lat' dir='ltr'>(clus,</span> <span class='ocrx_word' id='word_1_384' title='bbox 547 2399 576 2428; x_wconf 71' lang='lat' dir='ltr'>ct</span> <span class='ocrx_word' id='word_1_385' title='bbox 593 2395 766 2436; x_wconf 64' lang='lat' dir='ltr'>contentio,</span> <span class='ocrx_word' id='word_1_386' title='bbox 784 2402 871 2429; x_wconf 86' lang='lat' dir='ltr'>etc.:</span> <span class='ocrx_word' id='word_1_387' title='bbox 892 2394 953 2429; x_wconf 91' lang='lat' dir='ltr'>sed</span> <span class='ocrx_word' id='word_1_388' title='bbox 973 2394 1159 2429; x_wconf 89' lang='lat' dir='ltr'>contentio</span> <span class='ocrx_word' id='word_1_389' title='bbox 1178 2402 1355 2441; x_wconf 88' lang='lat' dir='ltr'>repugnat</span> <span class='ocrx_word' id='word_1_390' title='bbox 1374 2394 1508 2437; x_wconf 86' lang='lat' dir='ltr'>amori;</span> <span class='ocrx_word' id='word_1_391' title='bbox 1527 2405 1614 2440; x_wconf 88' lang='lat' dir='ltr'>ergo</span> <span class='ocrx_word' id='word_1_392' title='bbox 1633 2392 1730 2428; x_wconf 89' lang='lat' dir='ltr'>zelus</span> <span class='ocrx_word' id='word_1_393' title='bbox 1748 2405 1823 2428; x_wconf 91' lang='lat' dir='ltr'>non</span> 
     </span>
     <span class='ocr_line' id='line_1_40' title="bbox 259 2447 649 2482; baseline -0.003 0"><span class='ocrx_word' id='word_1_394' title='bbox 259 2456 312 2482; x_wconf 90' lang='lat' dir='ltr'>est</span> <span class='ocrx_word' id='word_1_395' title='bbox 333 2447 482 2482; x_wconf 84' lang='lat' dir='ltr'>effectus</span> <span class='ocrx_word' id='word_1_396' title='bbox 505 2448 649 2481; x_wconf 81' lang='lat' dir='ltr'>amoris.</span> 
     </span>
    </p>

    <p class='ocr_par' dir='ltr' id='par_1_10' title="bbox 257 2500 1876 2750">
     <span class='ocr_line' id='line_1_41' title="bbox 328 2500 1875 2547; baseline 0 -12"><span class='ocrx_word' id='word_1_397' title='bbox 328 2511 359 2535; x_wconf 87' lang='lat'>2.</span> <span class='ocrx_word' id='word_1_398' title='bbox 387 2501 623 2535; x_wconf 69' lang='lat' dir='ltr'>PRAETEREA.</span> <span class='ocrx_word' id='word_1_399' title='bbox 653 2500 849 2546; x_wconf 73' lang='lat' dir='ltr'>Obiectum</span> <span class='ocrx_word' id='word_1_400' title='bbox 872 2501 1006 2535; x_wconf 86' lang='lat' dir='ltr'>amoris</span> <span class='ocrx_word' id='word_1_401' title='bbox 1029 2509 1082 2535; x_wconf 87' lang='lat' dir='ltr'>est</span> <span class='ocrx_word' id='word_1_402' title='bbox 1102 2501 1251 2543; x_wconf 89' lang='lat' dir='ltr'>bonum,</span> <span class='ocrx_word' id='word_1_403' title='bbox 1275 2501 1371 2547; x_wconf 93' lang='lat' dir='ltr'>quod</span> <span class='ocrx_word' id='word_1_404' title='bbox 1395 2509 1449 2536; x_wconf 90' lang='lat' dir='ltr'>est</span> <span class='ocrx_word' id='word_1_405' title='bbox 1470 2501 1822 2536; x_wconf 89' lang='lat' dir='ltr'>communicativum</span> <span class='ocrx_word' id='word_1_406' title='bbox 1874 2506 1875 2510; x_wconf 77' lang='grc'>’</span> 
     </span>
     <span class='ocr_line' id='line_1_42' title="bbox 257 2554 1876 2601; baseline 0 -13"><span class='ocrx_word' id='word_1_407' title='bbox 257 2556 326 2596; x_wconf 87' lang='lat' dir='ltr'>sui:</span> <span class='ocrx_word' id='word_1_408' title='bbox 350 2554 412 2589; x_wconf 88' lang='lat' dir='ltr'>sed</span> <span class='ocrx_word' id='word_1_409' title='bbox 434 2554 532 2589; x_wconf 84' lang='lat' dir='ltr'>zelus</span> <span class='ocrx_word' id='word_1_410' title='bbox 555 2563 731 2600; x_wconf 77' lang='lat' dir='ltr'>repugnat</span> <span class='ocrx_word' id='word_1_411' title='bbox 759 2555 1103 2589; x_wconf 83' lang='lat' dir='ltr'>communicationi:</span> <span class='ocrx_word' id='word_1_412' title='bbox 1132 2555 1175 2589; x_wconf 87' lang='lat' dir='ltr'>ad</span> <span class='ocrx_word' id='word_1_413' title='bbox 1202 2554 1321 2589; x_wconf 85' lang='lat' dir='ltr'>zelum</span> <span class='ocrx_word' id='word_1_414' title='bbox 1348 2556 1445 2589; x_wconf 88' lang='lat' dir='ltr'>enim</span> <span class='ocrx_word' id='word_1_415' title='bbox 1468 2555 1645 2601; x_wconf 85' lang='lat' dir='ltr'>pertinere</span> <span class='ocrx_word' id='word_1_416' title='bbox 1671 2555 1824 2597; x_wconf 82' lang='lat' dir='ltr'>videtur,</span> <span class='ocrx_word' id='word_1_417' title='bbox 1874 2563 1876 2569; x_wconf 90' lang='lat'><em>·</em></span> 
     </span>
     <span class='ocr_line' id='line_1_43' title="bbox 257 2608 1875 2654; baseline 0.001 -12"><span class='ocrx_word' id='word_1_418' title='bbox 257 2608 353 2654; x_wconf 88' lang='lat' dir='ltr'>quod</span> <span class='ocrx_word' id='word_1_419' title='bbox 377 2608 454 2654; x_wconf 87' lang='lat' dir='ltr'>quis</span> <span class='ocrx_word' id='word_1_420' title='bbox 477 2620 550 2642; x_wconf 91' lang='lat' dir='ltr'>non</span> <span class='ocrx_word' id='word_1_421' title='bbox 570 2608 701 2654; x_wconf 81' lang='lat' dir='ltr'>patitur</span> <span class='ocrx_word' id='word_1_422' title='bbox 721 2609 945 2642; x_wconf 84' lang='lat' dir='ltr'>consortium</span> <span class='ocrx_word' id='word_1_423' title='bbox 965 2609 999 2642; x_wconf 88' lang='lat' dir='ltr'>in</span> <span class='ocrx_word' id='word_1_424' title='bbox 1020 2616 1160 2651; x_wconf 79' lang='lat' dir='ltr'>amat03</span> <span class='ocrx_word' id='word_1_425' title='bbox 1184 2610 1274 2643; x_wconf 79' lang='lat' dir='ltr'>sicut</span> <span class='ocrx_word' id='word_1_426' title='bbox 1288 2609 1353 2643; x_wconf 83' lang='lat' dir='ltr'>viri</span> <span class='ocrx_word' id='word_1_427' title='bbox 1368 2608 1534 2643; x_wconf 89' lang='lat' dir='ltr'>dicuntur</span> <span class='ocrx_word' id='word_1_428' title='bbox 1551 2608 1668 2643; x_wconf 89' lang='lat' dir='ltr'>zelare</span> <span class='ocrx_word' id='word_1_429' title='bbox 1683 2620 1824 2651; x_wconf 85' lang='lat' dir='ltr'>uxores,</span> <span class='ocrx_word' id='word_1_430' title='bbox 1874 2625 1875 2629; x_wconf 50' lang='lat'>¹</span> 
     </span>
     <span class='ocr_line' id='line_1_44' title="bbox 257 2655 1872 2709; baseline 0.001 -14"><span class='ocrx_word' id='word_1_431' title='bbox 257 2674 344 2708; x_wconf 87' lang='lat' dir='ltr'>quas</span> <span class='ocrx_word' id='word_1_432' title='bbox 373 2661 502 2695; x_wconf 88' lang='lat' dir='ltr'>nolunt</span> <span class='ocrx_word' id='word_1_433' title='bbox 530 2662 662 2696; x_wconf 83' lang='lat' dir='ltr'>habere</span> <span class='ocrx_word' id='word_1_434' title='bbox 692 2673 907 2696; x_wconf 73' lang='lat' dir='ltr'>communes</span> <span class='ocrx_word' id='word_1_435' title='bbox 935 2673 1018 2696; x_wconf 86' lang='lat' dir='ltr'>cum</span> <span class='ocrx_word' id='word_1_436' title='bbox 1045 2662 1220 2704; x_wconf 82' lang='lat' dir='ltr'>caeteris3</span> <span class='ocrx_word' id='word_1_437' title='bbox 1257 2673 1344 2709; x_wconf 86' lang='lat' dir='ltr'>ergo</span> <span class='ocrx_word' id='word_1_438' title='bbox 1371 2662 1468 2697; x_wconf 90' lang='lat' dir='ltr'>zelus</span> <span class='ocrx_word' id='word_1_439' title='bbox 1495 2673 1569 2696; x_wconf 91' lang='lat' dir='ltr'>non</span> <span class='ocrx_word' id='word_1_440' title='bbox 1595 2669 1649 2697; x_wconf 89' lang='lat' dir='ltr'>est</span> <span class='ocrx_word' id='word_1_441' title='bbox 1675 2661 1823 2697; x_wconf 86' lang='lat' dir='ltr'>effectus</span> <span class='ocrx_word' id='word_1_442' title='bbox 1870 2655 1872 2659; x_wconf 49' lang='lat'>¹</span> 
     </span>
     <span class='ocr_line' id='line_1_45' title="bbox 257 2727 402 2750; baseline 0 -1"><span class='ocrx_word' id='word_1_443' title='bbox 257 2727 402 2750; x_wconf 78' lang='lat' dir='ltr'>amoris.</span> 
     </span>
    </p>

    <p class='ocr_par' dir='ltr' id='par_1_11' title="bbox 257 2768 1873 2924">
     <span class='ocr_line' id='line_1_46' title="bbox 332 2768 1872 2815; baseline 0 -12"><span class='ocrx_word' id='word_1_444' title='bbox 332 2782 359 2815; x_wconf 83' lang='lat'>3.</span> <span class='ocrx_word' id='word_1_445' title='bbox 384 2770 618 2804; x_wconf 74' lang='lat' dir='ltr'>PRAETEREA.</span> <span class='ocrx_word' id='word_1_446' title='bbox 635 2768 739 2804; x_wconf 84' lang='lat' dir='ltr'>Zelus</span> <span class='ocrx_word' id='word_1_447' title='bbox 761 2780 835 2803; x_wconf 87' lang='lat' dir='ltr'>non</span> <span class='ocrx_word' id='word_1_448' title='bbox 856 2777 908 2803; x_wconf 85' lang='lat' dir='ltr'>est</span> <span class='ocrx_word' id='word_1_449' title='bbox 926 2769 1001 2803; x_wconf 80' lang='lat' dir='ltr'>sine</span> <span class='ocrx_word' id='word_1_450' title='bbox 1022 2769 1118 2811; x_wconf 82' lang='lat' dir='ltr'>odio,</span> <span class='ocrx_word' id='word_1_451' title='bbox 1138 2770 1230 2804; x_wconf 88' lang='lat' dir='ltr'>sicut</span> <span class='ocrx_word' id='word_1_452' title='bbox 1247 2781 1314 2804; x_wconf 88' lang='lat' dir='ltr'>nec</span> <span class='ocrx_word' id='word_1_453' title='bbox 1330 2769 1405 2804; x_wconf 87' lang='lat' dir='ltr'>sine</span> <span class='ocrx_word' id='word_1_454' title='bbox 1421 2780 1562 2804; x_wconf 85' lang='lat' dir='ltr'>amore:</span> <span class='ocrx_word' id='word_1_455' title='bbox 1582 2769 1711 2804; x_wconf 86' lang='lat' dir='ltr'>dicitur</span> <span class='ocrx_word' id='word_1_456' title='bbox 1725 2769 1822 2803; x_wconf 90' lang='lat' dir='ltr'>enim</span> <span class='ocrx_word' id='word_1_457' title='bbox 1870 2805 1872 2811; x_wconf 55' lang='lat'>‚</span> 
     </span>
     <span class='ocr_line' id='line_1_47' title="bbox 257 2815 1873 2870; baseline 0 -13"><span class='ocrx_word' id='word_1_458' title='bbox 257 2824 292 2857; x_wconf 87' lang='lat' dir='ltr'>in</span> <span class='ocrx_word' id='word_1_459' title='bbox 316 2824 372 2857; x_wconf 89' lang='lat' dir='ltr'>Ps.</span> <span class='ocrx_word' id='word_1_460' title='bbox 396 2834 473 2869; x_wconf 84' lang='lat'><strong>72.:</strong></span> <span class='ocrx_word' id='word_1_461' title='bbox 502 2823 619 2859; x_wconf 69' lang='lat' dir='ltr'>Zelizt&#39;i</span> <span class='ocrx_word' id='word_1_462' title='bbox 643 2830 740 2870; x_wconf 61' lang='lat' dir='ltr'>super</span> <span class='ocrx_word' id='word_1_463' title='bbox 764 2825 916 2869; x_wconf 56' lang='lat' dir='ltr'>iniquos,-</span> <span class='ocrx_word' id='word_1_464' title='bbox 945 2834 1017 2857; x_wconf 88' lang='lat' dir='ltr'>non</span> <span class='ocrx_word' id='word_1_465' title='bbox 1038 2834 1125 2869; x_wconf 82' lang='lat' dir='ltr'>ergo</span> <span class='ocrx_word' id='word_1_466' title='bbox 1148 2823 1252 2858; x_wconf 81' lang='lat' dir='ltr'>debet</span> <span class='ocrx_word' id='word_1_467' title='bbox 1274 2823 1344 2858; x_wconf 86' lang='lat' dir='ltr'>dici</span> <span class='ocrx_word' id='word_1_468' title='bbox 1367 2825 1483 2870; x_wconf 83' lang='lat' dir='ltr'>magis</span> <span class='ocrx_word' id='word_1_469' title='bbox 1505 2822 1654 2858; x_wconf 86' lang='lat' dir='ltr'>effectus</span> <span class='ocrx_word' id='word_1_470' title='bbox 1676 2823 1822 2866; x_wconf 83' lang='lat' dir='ltr'>amoris,</span> <span class='ocrx_word' id='word_1_471' title='bbox 1870 2815 1873 2838; x_wconf 74' lang='lat'>:-</span> 
     </span>
     <span class='ocr_line' id='line_1_48' title="bbox 258 2877 474 2924; baseline -0.005 -13"><span class='ocrx_word' id='word_1_472' title='bbox 258 2889 366 2924; x_wconf 81' lang='lat' dir='ltr'>quam</span> <span class='ocrx_word' id='word_1_473' title='bbox 391 2877 474 2911; x_wconf 81' lang='lat' dir='ltr'>odii.</span> 
     </span>
    </p>
   </div>
   <div class='ocr_carea' id='block_1_6' title="bbox 1858 469 1907 3182">
    <p class='ocr_par' dir='ltr' id='par_1_12' title="bbox 1858 469 1907 3182">
     <span class='ocr_line' id='line_1_49' title="bbox 1858 469 1907 3182; baseline 0 0"><span class='ocrx_word' id='word_1_474' title='bbox 1858 469 1907 3182; x_wconf 95' lang='lat' dir='ltr'> </span> 
     </span>
    </p>
   </div>
  </div>
 </body>
</html>
