1875 3198
201 147 284 190 712
604 143 824 180 QUAESTIO
859 143 976 173 XCIX.
1009 142 1254 173 ARTICULUS
1286 143 1343 172 VI.

199 234 299 262 erant
320 225 520 273 spirituales
542 224 672 268 effecti,
693 233 730 260 ut
751 236 814 272 per
834 225 907 259 hoc
928 224 1045 270 magis
1072 223 1114 257 ab
1142 222 1272 258 effectu
1293 223 1551 270 temporalium
1577 223 1759 258 abstrahe-

198 289 330 322 rentur,
353 288 388 314 et
408 291 536 314 eorum
556 279 666 313 virtus
688 279 838 325 probata
859 277 1084 319 redderetur;
1107 285 1167 311 aut
1187 277 1271 323 quia
1292 288 1403 323 opera
1417 276 1507 323 legis
1521 277 1674 312 exterius
1693 277 1758 311 im-

198 334 348 381 plentes,
370 344 433 367 cor
450 340 568 367 totum
585 332 766 366 habebant
790 331 827 365 in
853 330 1113 376 temporalibus
1135 329 1302 372 desumm,
1322 338 1357 364 et
1378 341 1398 364 a
1418 331 1499 365 Deo
1526 329 1757 376 elongatum3

198 388 399 423 secundum
421 387 517 433 quod
540 386 669 420 dicitur
690 386 757 420 Isa.
774 395 829 432 29.
850 384 994 430 (Matth.
1021 395 1072 429 15.
1095 384 1159 429 8.):
1185 384 1330 430 Populus
1347 383 1398 419 hic
1419 384 1514 419 labiis
1534 396 1584 419 me
1604 384 1755 427 honorat,

199 454 256 478 cor
276 446 386 477 autem
404 452 516 476 eorum
537 440 626 485 longe
648 444 690 475 est
707 450 727 473 α
748 451 808 473 me.

749 699 1105 761 QUAESTIO
1148 699 1204 747 C.

417 825 480 857 DE
518 824 799 856 PRAECEPTIS
837 823 1109 855 MORALIBUS
1147 823 1344 856 VETERIS
1381 822 1532 862 LEGIS,

552 896 603 927 IN
641 895 894 927 DUODECIM
928 894 1191 927 ARTICULOS
1222 894 1397 927 DIVISA.

265 1020 406 1056 Deinde
433 1019 737 1055 considerandum
765 1026 819 1053 est
843 1018 887 1054 de
913 1018 1063 1065 singulis
1097 1018 1287 1065 generibus
1321 1026 1597 1065 praeceptorum
1627 1019 1756 1054 veteris

194 1075 303 1121 legis:
327 1082 361 1109 et
376 1075 488 1121 primo
511 1073 554 1108 de
580 1072 782 1120 praeceptis
808 1072 1022 1107 moralibus:
1049 1072 1186 1108 secundo
1214 1072 1258 1107 de
1291 1072 1635 1108 caeremonialibus:
1661 1074 1756 1109 tertio

195 1128 238 1163 de
259 1127 497 1175 judicialibus.

630 1216 733 1251 Circa
749 1217 899 1263 primum
916 1221 1124 1261 quaeruntur
1144 1215 1324 1250 duodecim.

264 1289 401 1324 Primo.
423 1288 557 1324 Utrum
578 1287 703 1323 omnia
728 1295 920 1334 praecepta
945 1287 1099 1322 moralia
1128 1287 1258 1322 veteriS
1291 1286 1381 1334 legis
1415 1286 1486 1322 sint
1514 1286 1558 1322 de
1587 1285 1669 1334 lege
1698 1299 1744 1321 na

193 1351 306 1378 turae.

267 1396 448 1431 Secundo.
471 1395 603 1431 Utrum
623 1402 816 1442 praecepta
837 1393 990 1429 moralia
1010 1394 1141 1429 veteris
1162 1393 1253 1440 legis
1275 1394 1345 1429 sint
1365 1393 1408 1429 de
1431 1393 1568 1429 actibus
1589 1394 1755 1429 omnium

194 1458 378 1486 Vlrtutum.

266 1504 404 1538 Tertio.
420 1504 551 1538 Utrum
567 1503 689 1538 omnia
707 1510 897 1549 praecepta
911 1501 1065 1536 moralia
1079 1501 1210 1536 veteris
1230 1501 1321 1548 legis
1339 1501 1555 1537 reducantur
1569 1502 1612 1537 ad
1626 1502 1754 1537 decern

192 1566 384 1605 praecepta
405 1557 595 1603 Decalogi.

266 1611 420 1653 Quarto.
442 1611 498 1645 De
520 1610 750 1644 distinctione
771 1617 1049 1656 praeceptorum
1070 1608 1261 1656 Decalogi.

266 1665 417 1706 Quinto.
438 1665 494 1698 De
516 1675 670 1698 numero
694 1675 834 1698 eorum.

263 1719 384 1753 Sexto.
405 1718 462 1752 De
485 1718 622 1752 ordine.

263 1772 439 1819 Septimo.
462 1771 518 1805 De
540 1771 653 1805 modo
675 1770 838 1806 tradendi
856 1771 944 1817 ipsa.

263 1826 419 1861 Octavo.
442 1825 575 1859 Utrum
597 1826 666 1859 sint
687 1824 951 1870 dispensabilia.

258 1880 380 1914 Nono.
403 1879 536 1913 Utrum
558 1879 688 1913 modus
711 1878 926 1913 observandi
946 1878 1117 1913 virtutem
1140 1877 1244 1912 cadat
1265 1877 1328 1912 sub
1350 1885 1558 1925 praecepto.

259 1933 427 1967 Decimo.
450 1933 582 1967 Utrum
604 1932 734 1966 modus
757 1932 940 1966 charitatis
963 1932 1067 1966 cadat
1088 1932 1152 1966 sub
1174 1939 1380 1978 praecepto.

259 1986 478 2021 Undecimo.
500 1987 556 2020 De
579 1986 809 2020 distinctione
831 1985 986 2020 aliorum
1008 1993 1285 2032 praeceptorum
1307 1984 1514 2019 moralium.

259 2040 502 2075 Duodecimo.
525 2040 658 2075 Utrum
679 2047 872 2086 praecepta
893 2039 1047 2074 moralia
1067 2039 1199 2074 veteris
1220 2038 1310 2086 legis
1331 2038 1533 2085 justificent.

769 2197 1115 2242 ARTICULUS
1144 2198 1177 2241 1.
1687 2222 1752 2257 530

396 2305 549 2335 UTRUM
586 2305 726 2335 OMNIA
759 2306 1012 2336 PRAECEPTA
1045 2306 1241 2336 MORALIA
1266 2306 1542 2337 PERTINEANT

730 2371 787 2400 AD
817 2371 961 2401 LEGEM
987 2372 1207 2401 NATURAE.

281 2470 399 2517 (Supr.
421 2481 451 2516 q.
474 2481 530 2517 49.
559 2475 624 2506 art.
644 2482 670 2516 3.
693 2469 735 2504 ad
756 2482 786 2506 2.
810 2476 838 2506 et
858 2476 922 2506 art.
943 2483 976 2516 4.
1000 2477 1088 2518 corp.
1111 2476 1139 2506 et
1164 2471 1245 2518 infr.
1275 2482 1305 2518 q.
1327 2482 1402 2516 104.
1429 2476 1493 2506 art.
1515 2483 1542 2507 1.
1564 2477 1655 2518 corp.

757 2526 799 2559 'ct
823 2526 912 2560 Mar.
935 2538 977 2572 13.
1002 2537 1083 2561 som.
1106 2527 1167 2572 2.).

256 2625 315 2659 AD
342 2635 490 2660 PmMUM
518 2625 566 2659 sic
590 2625 806 2671 proceditur.
830 2626 991 2669 Videtur,
1014 2627 1111 2674 quod
1138 2639 1212 2662 non
1234 2627 1358 2662 omnia
1381 2636 1574 2675 praecepta
1595 2627 1749 2663 moralia

184 2679 385 2724 pertineant
408 2679 448 2712 ad
472 2678 592 2723 legem
616 2687 783 2714 naturae:
800 2680 929 2714 dicitur
948 2681 1045 2715 enim
1065 2681 1175 2716 Eccli.
1196 2692 1267 2727 17.:
1284 2681 1424 2717 Addidit
1445 2682 1509 2716 illis
1526 2682 1746 2729 disciplinam.

183 2737 213 2767 et
234 2732 331 2777 Iegem
350 2734 436 2767 vita:
455 2733 674 2767 mamista-cit
692 2733 783 2768 illos:
807 2734 868 2768 sed
891 2734 1079 2780 disciplina
1102 2735 1270 2770 dividitur
1291 2744 1417 2770 contra
1439 2735 1560 2782 legem
1581 2743 1747 2779 naturae;

185 2796 229 2820 co
251 2786 347 2831 quod
369 2785 425 2820 lex
447 2786 620 2821 naturalis
639 2797 711 2820 non
735 2787 941 2829 addiscitur,
960 2788 1020 2822 sed
1041 2800 1082 2822 ex
1101 2788 1255 2823 naturali
1276 2789 1445 2824 instinctu
1466 2789 1637 2832 habetur;
1659 2800 1745 2835 ergo

185 2849 258 2873 non
280 2839 402 2874 omnia
427 2848 618 2886 praecepta
642 2840 794 2875 moralia
816 2849 899 2875 sunt
921 2841 962 2875 dc
986 2841 1067 2887 lege
1090 2850 1249 2877 naturae.
