1955 3182
257 153 310 208 98
697 163 918 199 QUAESTIO
953 163 1010 192 Ix.
1045 162 1290 192 ARTICULUS
1322 163 1378 192 vr.

257 245 454 292 superiori3
476 245 569 280 sicut
590 256 744 291 corpora
764 244 935 279 inferiora
957 256 977 279 a
999 243 1211 290 corporibus
1233 243 1468 278 coelestibus:
1491 243 1553 278 sed
1572 243 1739 279 voluntas
1760 245 1823 279 ho-

261 299 369 333 minis
390 299 500 333 habet
521 298 655 345 aliquid
689 298 851 344 superius
878 305 960 344 post
991 298 1126 339 Deum,
1147 297 1287 332 scilicet
1319 296 1524 343 Angelum3
1546 308 1633 344 ergo
1654 297 1823 333 voluntas

257 360 377 399 potest
398 352 550 394 moveri,
568 353 661 386 sicut
687 352 728 385 ab
752 351 920 385 exteriori
941 351 1131 397 principio,
1155 351 1265 386 etiarn
1291 351 1332 385 ab
1355 349 1513 396 Angelo.
1750 378 1769 398 ο

328 416 360 440 2.
383 406 618 441 PRAETEREA.
642 406 756 439 Actus
777 404 972 438 voluntatis
988 404 1148 450 sequitur
1163 412 1284 452 actum
1298 403 1517 438 intellectus:
1537 403 1599 438 sed
1618 403 1822 438 intellectus

255 459 415 493 hominis
437 459 619 493 reducitur
639 459 676 492 in
697 469 804 492 suum
823 466 942 492 actum
958 469 1033 491 non
1054 457 1174 492 solum
1193 469 1213 492 a
1225 458 1320 499 Deo,
1335 457 1397 491 sed
1412 457 1522 491 etiam
1537 457 1578 491 ab
1594 456 1740 503 Angelo
1757 468 1821 503 per

255 512 552 554 illuminationes,
574 520 612 546 ut
637 511 836 556 Dionysius
863 511 948 545 dicit
978 511 1066 558 (cap.
1088 523 1122 556 4.
1149 511 1185 546 de
1206 512 1291 546 Div.
1313 511 1414 546 Nom.
1437 510 1506 545 lect.
1527 523 1555 545 1.
1577 516 1606 546 et
1627 510 1701 557 6.)‚·
1735 521 1822 557 ergo

256 566 384 600 eadem
406 566 545 600 ratione
573 573 607 599 et
627 564 806 599 voluntas.

331 632 359 666 3.
382 620 617 654 PRAETERffl.
639 619 739 652 Deus
754 630 828 652 non
851 626 904 652 est
925 629 1033 652 causa
1047 618 1116 652 nisi
1135 619 1328 660 bonorum,
1343 617 1544 652 secundum
1565 616 1653 652 illud
1673 618 1824 653 Genes.:

263 673 350 708 Vidit
367 674 458 708 Deus
479 678 608 713 cuncta,
628 684 709 718 quac
723 673 863 718 facerat,
885 677 914 707 et
934 677 1004 707 erat
1021 672 1116 707 valde
1131 673 1216 707 bona
1228 685 1240 713 ;
1265 673 1295 706 si
1316 683 1403 718 ergo
1421 683 1441 705 a
1454 671 1534 706 solo
1556 672 1639 705 Deo
1653 671 1822 706 voluntas

256 727 416 761 hominis
452 733 670 770 moveretur,
691 737 894 772 numquam
913 734 1120 760 moveretur
1154 726 1197 760 ad
1219 726 1377 768 malum;
1407 737 1491 759 cum
1525 733 1648 760 tamen
1669 726 1824 761 voluntas

254 782 307 823 sit,
336 792 400 826 qua
420 785 589 827 peccatur,
618 785 648 814 et
674 785 756 814 recte
781 781 923 821 vivitur,
951 787 990 813 ut
1011 779 1234 825 Augustinus
1261 779 1347 814 dicit
1367 779 1441 824 (lib.
1462 791 1490 814 Ι.
1518 780 1661 815 Retract.
1689 785 1761 826 cap.
1788 791 1821 826 9.

255 839 328 869 ante
346 834 455 879 med).

327 888 401 922 SED
425 898 575 922 CONTRA
602 894 666 929 est,
689 886 786 933 quod
808 887 936 934 Apost.
959 886 1045 921 dicit
1072 886 1116 920 ad
1137 885 1292 933 Philipp.
1316 897 1366 920 2.:
1390 887 1482 921 Deus
1506 891 1560 929 est,
1583 887 1640 932 qui
1666 891 1824 933 operatur

257 943 291 976 ἱιι
313 943 404 976 nobis
421 941 515 983 valla,
538 946 566 976 ¹at
586 941 755 988 perficere.

326 995 555 1030 Rssspoxmzo
578 994 784 1037 dicendum,
807 994 904 1040 quod
926 1003 1048 1029 motus
1069 993 1266 1028 voluntatis
1289 1001 1342 1028 est
1369 993 1411 1027 ab
1433 993 1643 1036 intrinseco,
1669 993 1762 1027 sicut
1788 1001 1823 1028 et

256 1057 377 1083 motus
398 1048 582 1090 naturalis,
605 1048 769 1094 quamvis
793 1057 914 1082 autem
936 1059 1014 1083 rem
1034 1047 1238 1082 naturalem
1259 1047 1374 1094 possit
1395 1047 1530 1093 aliquid
1549 1058 1710 1089 movere,
1725 1047 1823 1093 quod

254 1114 328 1137 non
355 1111 407 1136 est
433 1113 542 1136 causa
562 1110 712 1136 naturae
738 1102 790 1136 rei
823 1110 965 1136 motae:
998 1110 1122 1136 tamen
1152 1110 1296 1136 motum
1329 1100 1534 1136 naturalem
1565 1112 1714 1135 causare
1749 1112 1824 1135 non

255 1164 383 1202 potest,
404 1156 473 1189 nisi
487 1155 584 1202 quod
600 1164 653 1190 est
667 1155 868 1202 aliqualiter
890 1167 999 1190 causa
1019 1163 1179 1189 naturae.
1202 1155 1370 1189 Movetur
1393 1155 1491 1189 enim
1511 1154 1602 1201 lapis
1620 1166 1763 1189 sursum
1782 1154 1824 1188 ab

253 1210 414 1252 homine,
437 1210 497 1256 qui
518 1217 686 1244 naturam
707 1209 835 1256 lapidis
856 1222 932 1244 non
954 1217 1096 1252 causat3
1118 1209 1180 1243 sed
1202 1209 1261 1243 hic
1285 1217 1406 1244 motus
1431 1220 1506 1243 non
1526 1217 1579 1243 est
1593 1208 1705 1255 lapidi
1722 1216 1823 1243 natu-

255 1263 357 1298 ralis:
381 1263 553 1298 naturalis
573 1271 695 1297 autem
717 1272 838 1298 motus
866 1264 941 1310 ejus
962 1275 1037 1297 non
1060 1271 1228 1297 causatur
1248 1263 1318 1297 nisi
1345 1263 1386 1296 ab
1415 1274 1472 1305 eo,
1493 1262 1591 1309 quod
1619 1270 1744 1296 causat
1764 1273 1823 1296 na-

254 1326 383 1353 turam.
406 1317 512 1351 Unde
534 1317 664 1351 dicitur
684 1317 721 1351 in
747 1317 779 1351 8.
801 1317 947 1363 Physic.
973 1317 1050 1361 (tax.
1072 1329 1127 1363 29.
1146 1329 1198 1363 30.
1217 1329 1263 1363 31.
1279 1317 1359 1363 32),
1383 1316 1480 1362 quod
1502 1327 1680 1362 generans
1699 1324 1824 1350 movet

254 1370 454 1406 secundum
475 1370 601 1405 locum
622 1371 757 1417 gravia,
780 1379 814 1405 et
835 1370 939 1405 levia.
963 1370 1023 1405 Sic
1046 1382 1133 1417 ergo
1161 1370 1352 1404 hominem
1373 1369 1600 1404 voluntatem
1626 1370 1822 1404 habentem

257 1425 434 1471 contingit
455 1425 596 1459 moveri
617 1425 658 1458 ab
683 1424 816 1471 aliquo,
835 1425 895 1471 qui
916 1436 991 1458 non
1013 1433 1066 1459 est
1088 1435 1197 1458 causa
1219 1425 1311 1470 ejus:
1335 1423 1397 1458 sed
1424 1423 1522 1470 quod
1549 1431 1671 1458 motus
1696 1422 1822 1457 volun-

254 1479 364 1514 tarius
387 1480 462 1524 ejus
484 1479 528 1513 sit
550 1479 591 1512 ab
615 1478 736 1524 aliquo
759 1478 935 1525 principio
959 1479 1172 1520 extrinseco,
1195 1478 1292 1524 quod
1313 1488 1388 1511 non
1410 1485 1463 1511 est
1484 1488 1593 1511 causa
1610 1476 1819 1519 voluntatis,

258 1541 311 1568 est
331 1532 566 1579 impossibile.
589 1532 796 1566 Voluntatis
819 1541 940 1566 autem
963 1543 1071 1566 causa
1094 1531 1185 1565 nihil
1208 1531 1304 1565 aliud
1327 1542 1404 1566 esse
1423 1539 1555 1577 potest,
1577 1542 1687 1577 quam
1712 1531 1825 1565 Deus.

258 1587 303 1621 Et
322 1587 394 1621 hoc
417 1587 515 1633 p'atet
535 1586 720 1633 dupliciter.
736 1586 851 1620 Primo
874 1586 1022 1632 quidem
1041 1597 1083 1620 ex
1104 1586 1189 1628 hoc,
1203 1585 1301 1632 quod
1315 1585 1484 1619 voluntas
1504 1592 1558 1619 est
1577 1584 1740 1631 potentia
1755 1584 1826 1618 ani-

258 1652 339 1675 mae
361 1640 558 1683 rationalis,
580 1652 672 1687 quae
691 1652 711 1674 a
732 1639 812 1674 solo
834 1641 915 1674 Deo
932 1648 1098 1674 causatur
1118 1651 1180 1686 per
1196 1639 1432 1681 creationem,
1447 1639 1534 1673 utin
1549 1638 1667 1685 primo
1686 1638 1825 1673 dictum

259 1703 311 1729 est
334 1696 379 1741 (q.
402 1707 458 1740 90.
481 1700 543 1729 art.
559 1707 589 1729 2.
605 1700 634 1729 at
651 1694 709 1741 3.).
732 1694 877 1729 Seczcndo
900 1705 988 1728 vcro
1012 1706 1054 1728 ex
1068 1694 1152 1736 hoc,
1168 1693 1266 1740 quod
1279 1692 1450 1727 voluntas
1465 1693 1577 1727 habet
1598 1692 1767 1727 ordinem
1781 1692 1826 1726 ad

257 1748 458 1783 universale
479 1749 640 1790 bonum3
664 1748 757 1782 unde
792 1747 883 1782 nihil
905 1747 1001 1781 aliud
1028 1755 1148 1794 potest
1169 1759 1247 1782 esse
1280 1746 1479 1781 voluntatis
1509 1758 1628 1789 causa,
1655 1746 1725 1780 nisi
1751 1747 1826 1793 ipse

256 1802 368 1844 Deus,
391 1802 451 1848 qui
474 1810 526 1836 est
547 1801 748 1836 universale
776 1802 925 1836 bonum.
959 1801 1082 1837 Omne
1114 1809 1236 1835 autem
1259 1800 1356 1834 aliud
1382 1800 1522 1834 bonum
1543 1812 1608 1846 per
1640 1800 1829 1847 participa·

256 1856 395 1890 tionem
418 1855 558 1898 dicitur,
582 1863 616 1890 et
634 1863 687 1889 est
704 1855 889 1902 quoddam
908 1855 1124 1901 particulare
1147 1855 1302 1889 bonum:
1325 1853 1551 1900 particularis
1573 1862 1696 1888 autem
1718 1865 1827 1888 causa

257 1921 331 1944 non
353 1909 413 1943 dat
433 1909 707 1944 inclinationem
731 1909 991 1951 universalem3
1013 1910 1108 1943 unde
1126 1920 1192 1943 nec
1212 1909 1363 1943 materia
1384 1909 1512 1955 prima,
1530 1919 1622 1955 quae
1643 1916 1696 1943 est
1712 1908 1749 1942 in
1766 1919 1828 1955 po-

257 1964 368 1998 tentia
392 1964 435 1997 ad
458 1975 586 1998 omnes
608 1963 757 2005 formas,
780 1972 899 2010 potest
921 1963 1062 1998 causari
1084 1964 1126 1997 ab
1148 1963 1270 2009 aliquo
1292 1962 1501 2009 particulari
1522 1970 1664 2008 agente.

329 2019 388 2052 AD
410 2028 560 2052 PRIMUM
587 2029 674 2063 ergo
701 2017 907 2060 dicendum,
934 2017 1031 2063 quod
1059 2016 1209 2063 angelus
1235 2028 1310 2050 non
1337 2017 1388 2051 sic
1415 2024 1469 2051 est
1494 2027 1602 2063 supra
1621 2015 1827 2057 hominum,

259 2072 356 2118 quod
378 2071 423 2105 sit
445 2083 553 2106 causa
576 2071 772 2105 voluntatis
795 2072 892 2117 eju53
912 2071 1004 2105 sicut
1026 2082 1181 2117 corpora
1200 2070 1372 2105 coelestia
1393 2078 1476 2104 sunt
1496 2081 1605 2104 causa
1626 2068 1828 2104 formarum

258 2125 489 2166 naturalium,
512 2125 554 2159 ad
578 2136 665 2171 quas
689 2134 958 2171 consequuntur
979 2124 1161 2159 naturales
1183 2133 1304 2159 motus
1326 2135 1523 2170 corporum
1548 2123 1780 2158 naturalium.

331 2179 390 2213 AD
419 2189 625 2213 SECUNDUM
649 2178 855 2221 dicendum,
871 2179 968 2225 quod
989 2179 1194 2213 intellectus
1212 2178 1372 2213 hominis
1388 2185 1555 2212 movetur
1573 2177 1616 2211 ab
1635 2176 1767 2223 angelo
1785 2187 1828 2211 ex

259 2241 358 2279 parte
377 2233 520 2278 objecti,
536 2232 633 2278 quod
648 2233 714 2266 sibi
731 2233 944 2279 proponitur
961 2233 1091 2267 virtute
1107 2232 1264 2278 angelici
1281 2231 1428 2266 luminis
1445 2230 1489 2265 ad
1511 2230 1827 2277 cognoscendum:

259 2295 294 2321 et
316 2286 365 2321 sic
385 2287 495 2321 ctiam
514 2285 681 2320 voluntas
701 2287 742 2320 ab
763 2287 932 2321 exteriori
947 2295 1109 2321 creatura
1125 2294 1244 2332 potest
1257 2285 1409 2328 moveri,
1424 2292 1463 2319 ut
1476 2284 1613 2319 dictum
1627 2292 1680 2319 est
1698 2283 1778 2328 (art.
1793 2295 1827 2330 4.

259 2341 329 2387 huj.
353 2340 413 2386 q.).

333 2395 392 2429 AD
413 2405 584 2429 TERTIUM
608 2395 814 2436 dicendum,
829 2395 926 2441 quod
944 2395 1045 2429 Deus
1064 2403 1188 2429 movet
1205 2394 1432 2429 voluntatem
1452 2393 1624 2435 hominis,
1645 2392 1738 2428 sicut
1755 2392 1830 2427 uni—

260 2448 408 2483 versalis
431 2456 563 2491 motor,
587 2448 630 2482 ad
653 2448 854 2482 universale
878 2449 1060 2494 objectum
1082 2448 1290 2490 voluntatis,
1317 2447 1414 2494 quod
1442 2455 1495 2482 est
1519 2447 1673 2482 bonum:
1696 2454 1732 2481 et
1751 2446 1828 2481 sine

259 2503 328 2537 hac
352 2502 546 2536 universali
570 2502 732 2536 motione
754 2502 868 2536 homo
892 2514 963 2536 non
988 2511 1106 2548 potest
1129 2502 1262 2548 aliquid
1284 2501 1396 2536 velle:
1419 2501 1482 2536 sed
1503 2501 1618 2536 homo
1641 2511 1704 2547 per
1724 2500 1830 2534 ratio-

259 2569 343 2591 nem
366 2557 584 2591 determinat
613 2568 649 2590 se
673 2557 716 2590 ad
745 2556 940 2590 volendum
970 2557 1054 2598 hoc,
1080 2556 1136 2590 vel
1164 2556 1263 2597 illud,
1286 2555 1383 2602 quod
1411 2563 1463 2589 est
1487 2566 1569 2589 vere
1595 2554 1745 2596 bonum,
1770 2553 1830 2588 vel

260 2622 436 2657 apparens
462 2611 618 2645 bonum:
650 2610 710 2644 sed
739 2618 860 2644 tamen
893 2610 1071 2644 interdum
1103 2609 1307 2655 specialiter
1335 2609 1436 2643 Deus
1466 2616 1591 2643 movet
1617 2607 1757 2654 aliquos
1784 2607 1828 2641 ad

261 2665 394 2711 aliquid
417 2665 653 2699 determinate
684 2663 894 2705 volendum,
926 2665 1021 2710 quod
1053 2672 1105 2698 cst
1131 2664 1288 2705 bonu1n3
1316 2663 1407 2697 sicut
1433 2662 1469 2696 in
1494 2662 1562 2705 his,
1588 2673 1679 2709 quos
1705 2669 1830 2696 movet

260 2731 324 2765 per
345 2718 513 2764 gratiam,
528 2726 565 2753 ut
586 2717 678 2752 infra
700 2717 838 2752 dicetur
862 2718 906 2764 (q.
930 2730 1003 2763 109.
1019 2722 1047 2752 ut
1063 2717 1160 2762 ιιι).
