1907 3198
460 171 680 208 QUAESTIO
712 170 875 211 Lxxle.
909 169 1155 201 ARTICULUS
1188 169 1232 200 11.
1547 169 1623 211 591

625 303 971 387 ARTICULUS
1006 341 1062 385 ΙΙ.
1562 361 1625 395 441

173 450 324 482 UTRUM
352 450 397 481 IN
423 450 516 481 UNO
540 450 711 481 HOMINE
733 451 832 481 SINT
856 450 1009 480 MULTA
1029 449 1287 480 ORIGINALIA
1310 449 1525 479 PECCATA.

60 539 215 587 (2.Dist.
232 551 279 587 33.
299 551 331 587 q.
347 551 377 576 Ι.
394 543 459 574 art.
477 551 506 575 ι.
516 543 545 574 et
553 539 638 574 Mal.
661 550 691 586 q.
711 544 822 584 4.12rt.
837 551 865 575 1.
880 545 971 586 corp.
990 539 1090 583 fimet
1110 542 1175 573 art.
1190 548 1221 572 2.
1237 538 1351 584 princ.
1372 542 1401 572 et
1421 541 1486 572 art.
1507 536 1630 573 audi.

30 603 35 608 ·
393 597 424 629 et
444 592 497 628 Ps.
515 604 562 639 31.
583 597 613 628 et
632 593 727 628 Rom.
749 604 783 637 4.
802 593 871 628 lect.
890 605 918 628 1.
945 597 973 628 et
994 598 1068 639 cap.
1087 603 1115 638 5.
1142 591 1215 627 lect.
1237 592 1296 638 3.).

133 684 194 721 AD
219 694 427 721 SECUNDUM
455 683 506 720 sic
533 683 752 731 proceditur.
778 682 942 725 Videtur,
969 681 1066 729 quod
1093 681 1129 716 in
1148 692 1222 716 uno
1240 680 1392 716 homine
1414 680 1485 716 sint
1515 679 1630 716 multa

61 736 254 786 originalia
273 745 440 786 peccata:
467 737 598 772 dicitur
619 737 717 772 enirn
738 737 775 771 in
794 737 851 771 Ps.
875 747 926 782 50.
940 748 947 770 :
960 737 1044 772 Ecce
1058 737 1144 771 enim
1166 737 1200 771 in
1216 736 1445 782 iniquitatibus
1458 740 1632 783 conceptus

57 802 142 835 mm,
159 796 191 828 et
206 792 395 840 inpeccatis
411 792 561 839 concepit
577 803 627 826 me
648 796 756 826 mater
776 802 847 826 mea
859 803 871 826 .·
885 790 947 825 sed
971 798 1174 836 peccatum,
1187 790 1221 824 in
1239 800 1312 836 quo
1335 789 1559 836 concepitur,
1573 797 1627 824 est

60 844 258 893 originale3
279 856 368 892 ergo
389 844 491 893 plura
512 853 663 893 peccata
685 844 876 892 originalia
899 853 982 880 sunt
1003 844 1038 878 in
1061 854 1134 878 uno
1156 843 1320 878 homine.

132 908 164 935 2.
185 898 423 936 Pmmm.
445 898 550 934 Unus
571 906 607 934 et
635 898 733 934 idem
767 898 911 934 habitus
931 909 1006 933 non
1028 897 1179 932 inclinat
1198 897 1242 932 ad
1264 896 1464 932 contraria:
1486 896 1630 932 habitus

59 952 158 989 enim
175 951 327 988 inclinat
346 963 410 1001 per
434 952 587 988 modurn
608 961 770 995 naturae,
792 963 884 999 quae
905 952 1019 987 tendit
1045 952 1080 986 in
1107 963 1240 986 unum:
1263 951 1327 986 sed
1349 959 1541 998 peccatum
1563 950 1631 986 ori-

58 1006 180 1056 ginale
200 1006 312 1043 etiam
332 1007 369 1042 in
391 1018 464 1042 uno
485 1007 637 1042 homine
659 1006 809 1042 inclinat
823 1006 867 1042 ad
889 1006 1031 1041 diversa
1050 1014 1200 1054 peccata
1219 1006 1420 1049 contraria;
1439 1016 1527 1053 ergo
1549 1016 1630 1053 pec-

58 1069 182 1098 catum
207 1061 386 1109 originale
403 1073 479 1098 non
501 1070 554 1097 est
574 1073 666 1096 unus
687 1061 844 1104 habitus,
865 1062 927 1096 sed
949 1060 1079 1108 plures.

132 1127 163 1164 3.
182 1115 420 1153 PRAETEREA.
442 1116 641 1152 Peccatum
663 1115 839 1162 originale
867 1114 980 1150 inficit
1006 1125 1135 1150 omnes
1162 1115 1306 1150 animae
1333 1123 1471 1162 partes:
1494 1114 1556 1149 sed
1583 1114 1632 1149 di·

57 1180 184 1206 versae
203 1177 323 1218 partes
357 1170 500 1205 animae
535 1178 618 1205 sunt
638 1169 779 1205 diversa
813 1169 974 1215 subjecta
996 1169 1148 1216 peccati,
1176 1177 1214 1204 ut
1240 1180 1282 1203 ex
1304 1168 1511 1216 praemissis
1533 1176 1631 1216 patet

57 1223 106 1272 (q.
127 1223 226 1272 74.),·
267 1235 352 1259 cum
376 1222 487 1271 igitur
507 1235 621 1259 unum
642 1232 835 1271 peccatum
867 1234 941 1258 non
969 1223 1084 1270 possit
1116 1234 1193 1258 esse
1220 1223 1256 1258 in
1279 1223 1428 1258 diversis
1449 1223 1630 1270 subjectis,

55 1277 199 1314 videtur
218 1277 317 1325 quod
337 1285 532 1326 peccatum
552 1276 730 1324 originale
751 1288 826 1312 non
845 1277 890 1312 sit
911 1288 1036 1320 unum,
1058 1277 1121 1312 sed
1144 1276 1270 1312 multa.

128 1331 205 1368 SED
226 1341 383 1368 CONTRA
404 1339 469 1375 est,
495 1331 593 1379 quod
612 1331 743 1366 dicitur
758 1331 863 1377 Joan.
891 1341 938 1366 1.:
962 1331 1046 1366 Ecce
1066 1343 1170 1378 agnus
1181 1331 1259 1372 Dei,
1286 1342 1356 1365 ecce
1377 1332 1434 1377 qui
1461 1331 1544 1366 tollit
1556 1337 1630 1378 pec-

55 1390 170 1422 catum
183 1385 322 1422 mundi:
344 1385 442 1433 quod
460 1384 689 1432 singulariter
709 1385 851 1427 dicitur,
873 1384 1141 1433 quia'peccatum
1160 1384 1286 1427 mundi}
1304 1384 1402 1432 quod
1430 1393 1484 1420 est
1504 1396 1629 1432 pecca-

55 1447 134 1476 tum
156 1439 346 1487 originale,
367 1448 421 1475 est
439 1451 564 1483 unum,
583 1447 621 1474 ut
643 1439 746 1475 Glos.
771 1439 912 1485 (ordin.)
936 1439 1070 1474 ibidem
1093 1439 1251 1486 exponit.

126 1492 358 1530 RESPONDEO
376 1493 583 1536 dicendum,
616 1493 714 1540 quod
743 1494 775 1528 in
802 1505 868 1528 uno
889 1493 1020 1528 homine
1046 1499 1090 1529 cst
1116 1505 1219 1528 unum
1236 1498 1412 1540 peccatum
1438 1492 1626 1539 originale:

56 1547 160 1595 cujus
179 1547 271 1584 ratio
291 1546 468 1596 dupliciter
493 1547 611 1595 accipi
636 1555 765 1594 potest.
791 1547 862 1582 Uno
884 1547 980 1582 modo
1009 1559 1051 1582 ex
1072 1555 1173 1594 parte
1195 1557 1326 1581 causae
1352 1546 1492 1593 peccati
1518 1546 1627 1592 origi-

54 1600 165 1638 nalis:
185 1601 323 1637 dictum
337 1609 391 1637 est
408 1601 506 1636 enim
520 1612 628 1649 supra
637 1601 686 1648 (q.
702 1607 816 1648 praec.
835 1606 899 1636 art.
918 1603 981 1647 2.),
1000 1601 1098 1648 quod
1113 1600 1234 1636 solum
1253 1600 1412 1648 primum
1434 1609 1626 1647 peccatum

54 1654 163 1702 primi
184 1654 342 1703 parentis
363 1654 399 1690 in
420 1663 587 1703 posteros
622 1655 841 1698 traducitur3
868 1655 962 1690 unde
982 1663 1174 1702 peccatum
1201 1653 1378 1701 originale
1400 1654 1435 1688 in
1459 1665 1531 1689 uno
1553 1654 1625 1689 ho-

55 1708 154 1745 mine
172 1717 227 1745 est
245 1720 360 1745 unum
380 1720 548 1752 numero,
569 1716 604 1744 et
624 1709 661 1743 in
683 1708 852 1744 omnibus
873 1708 1084 1744 hominibus
1107 1716 1160 1743 est
1185 1719 1298 1743 unum
1321 1708 1568 1755 proportione,
1590 1708 1625 1742 in

55 1769 222 1810 respectu
239 1762 380 1798 scilicet
398 1762 442 1798 ad
456 1762 615 1810 primum
638 1762 957 1810 principium.Alio
973 1762 1066 1797 modo
1088 1770 1209 1809 potest
1229 1762 1344 1809 accipi
1371 1762 1463 1796 ratio
1485 1762 1561 1808 ejus
1584 1773 1627 1796 cx

53 1815 133 1865 ipsa
152 1816 308 1852 essentia
325 1815 512 1864 originalis
533 1816 691 1864 peccati:
713 1815 750 1850 in
773 1816 875 1851 omni
892 1816 991 1851 enim
1017 1816 1222 1850 inordinata
1243 1815 1482 1861 dispositione
1505 1815 1623 1850 unitas

54 1869 190 1919 speciei
210 1869 461 1906 consideratur
481 1881 525 1905 ex
546 1877 647 1917 parte
670 1881 821 1912 causae;
855 1870 972 1905 unitas
999 1878 1122 1904 autem
1144 1869 1345 1904 secundum
1366 1880 1561 1904 numerum
1583 1880 1626 1904 ex

54 1931 156 1972 parte
175 1924 345 1972 subjecti:
359 1923 453 1960 sicut
473 1931 571 1972 patet
591 1923 627 1958 in
650 1923 874 1971 aegritudine
889 1922 1082 1971 corporali.
1099 1923 1192 1958 Sunt
1209 1923 1307 1958 enim
1329 1923 1492 1958 diversae
1515 1923 1627 1969 aegri-

53 1977 198 2014 tudines
222 1977 356 2026 specie,
376 1988 470 2026 quae
496 1989 539 2013 ex
561 1977 712 2012 diversis
738 1977 855 2012 causis
879 1977 1098 2024 procedunt:
1126 1985 1211 2025 puta
1233 1989 1275 2012 ex
1296 1977 1626 2024 superabundantia

55 2030 175 2076 calidi,
194 2031 255 2068 vel
273 2030 405 2079 frigidi,
425 2030 484 2067 vel
498 2043 542 2067 ex
555 2030 717 2066 laesione
732 2030 927 2078 pulmonis,
946 2030 1004 2066 vel
1018 2031 1178 2078 hepatis:
1202 2042 1274 2066 una
1292 2039 1414 2066 autern
1433 2030 1621 2077 aegritudo

56 2084 261 2122 secundum
280 2085 443 2133 speciem
463 2086 500 2120 in
522 2096 595 2120 uno
621 2085 772 2120 homine
798 2097 872 2120 non
895 2094 948 2120 est
974 2085 1040 2120 nisi
1063 2097 1134 2120 una
1156 2096 1322 2121 numero.
1351 2085 1473 2120 Causa
1499 2093 1623 2120 autem

53 2137 162 2187 hujus
177 2147 369 2188 corruptae
383 2139 642 2187 dispositionis,
655 2150 748 2186 quae
763 2139 893 2174 dicitur
907 2138 1083 2186 originale
1098 2147 1302 2186 peccatum,
1317 2147 1370 2174 est
1385 2151 1456 2174 una
1470 2147 1623 2183 tantum,

53 2192 196 2230 scilicet
214 2193 370 2242 privatio
391 2193 579 2242 originalis
605 2194 774 2241 justitiae,
797 2205 859 2240 per
879 2205 987 2241 quam
1010 2193 1151 2229 sublata
1173 2201 1227 2229 est
1248 2194 1424 2240 subjectio
1438 2194 1622 2229 humanae

54 2246 188 2283 mentis
216 2246 260 2283 ad
287 2247 431 2291 Deum;
457 2254 492 2282 et
515 2246 599 2283 ideo
625 2256 818 2295 peccatum
845 2247 1022 2294 originale
1049 2256 1104 2282 est
1129 2259 1242 2282 unum
1269 2248 1401 2295 specie,
1427 2256 1463 2283 et
1491 2248 1525 2282 in
1550 2259 1622 2283 uno

53 2298 302 2338 hominenon
323 2308 443 2349 potest
463 2312 541 2336 esse
555 2301 624 2336 nisi
647 2312 759 2335 unum
782 2312 948 2336 numero.
970 2301 1007 2336 In
1030 2301 1179 2336 diversis
1199 2310 1319 2337 autem
1339 2302 1548 2337 hominibus
1570 2310 1623 2337 est

50 2363 170 2392 ‘unum
189 2354 324 2403 specie,
344 2362 380 2390 et
400 2354 649 2402 proportione,
671 2355 855 2390 diversum
878 2363 999 2390 autem
1020 2367 1186 2390 numero.

124 2407 188 2444 An
200 2418 351 2445 Panum
371 2419 459 2456 ergo
480 2407 688 2450 dicendum,
710 2408 806 2456 quod
830 2407 1014 2455 pluraliter
1035 2409 1176 2451 dicitur,
1196 2411 1399 2457 inpeccatis,
1421 2410 1620 2444 secundum

172 2472 316 2498 morem
329 2461 472 2498 divinae
494 2462 714 2510 Scripturae,
729 2473 801 2509 quo
817 2461 1022 2510 frequenter
1042 2465 1186 2510 ponitur
1201 2463 1348 2510 pluralis
1364 2475 1535 2499 numerus
1555 2475 1620 2511 pro

162 2515 248 2552 lari:
269 2515 362 2552 sicut
375 2515 504 2551 Matth.
523 2525 575 2551 2.:
599 2516 856 2563 Dcsunctisunl,
874 2518 931 2563 qui
948 2518 1148 2564 quaerebant
1163 2519 1311 2552 animam
1331 2519 1444 2565 pueri:
1467 2517 1523 2552 vel
1538 2518 1620 2564 quia

111 2576 264 2618 peccato
285 2569 455 2618 originali
474 2569 674 2605 virtualiter
695 2570 938 2617 praeexistunt
959 2570 1083 2605 omnia
1106 2579 1255 2618 peccata
1278 2571 1445 2613 actualia,
1473 2573 1563 2605 sicut
1584 2571 1619 2605 in

63 2623 65 2625 ’
105 2621 430 2672 odamprincipio:
452 2622 546 2658 unde
569 2631 622 2658 est
643 2622 832 2671 multiplex
850 2623 996 2660 virtute:
1019 2623 1076 2659 vel
1098 2625 1182 2671 quia
1205 2625 1240 2659 in
1263 2634 1415 2672 peccato
1435 2625 1540 2672 primi
1563 2637 1621 2672 pa-

119 2676 178 2720 tis,
195 2675 293 2725 quod
311 2688 375 2725 per
388 2676 568 2724 originem
590 2677 800 2720 traducitur,
822 2676 964 2713 suerunt
985 2677 1104 2725 plures
1126 2677 1385 2721 deformitates,
1408 2678 1546 2714 sellie-et
1567 2690 1621 2713 su-

91 2772 96 2777 ·
118 2728 212 2774 biae,
224 2729 502 2774 inobedientiae,
515 2729 635 2776 gulae,
650 2738 684 2766 ct
699 2729 768 2765 alia
783 2730 1012 2777 hujusmodi:
1027 2731 1084 2767 vel
1099 2731 1182 2779 quia
1197 2732 1332 2768 multae
1347 2742 1465 2780 partes
1476 2733 1619 2767 animae

142 2783 263 2820 iuntur
282 2795 347 2832 per
366 2792 557 2832 peccatum
576 2783 764 2832 originale.

125 2835 188 2874 An
207 2846 416 2874 secunnuu
433 2836 640 2881 dicendum,
662 2837 758 2886 quod
781 2849 873 2874 unus
890 2838 1033 2875 habitus
1054 2850 1128 2875 non
1152 2848 1269 2887 potest
1291 2839 1464 2875 inclinare
1484 2851 1546 2887 per
1567 2851 1617 2883 se,

112 2887 260 2935 directe,
284 2889 322 2926 id
347 2898 401 2927 est
426 2900 490 2939 per
514 2890 698 2939 propriam
721 2889 891 2934 formam,
913 2892 957 2928 ad
979 2885 1171 2935 confraria,
1201 2893 1262 2929 scd
1292 2893 1476 2936 indirecte,
1499 2902 1533 2929 et
1554 2905 1618 2941 per
