1907 3198
491 169 715 205 QUAESTIO
750 168 869 198 LVIII.
904 168 1150 198 ARTICULUS
1185 168 1241 198 IV.
1571 171 1656 214 405

74 259 140 294 tes,
161 250 363 286 secundum
384 250 473 285 illud
496 251 625 286 Matth.
654 261 724 286 10.:
747 251 855 286 Estote
871 250 1049 298 prudentes
1061 251 1144 285 sicut
1161 256 1334 297 serpentes,
1350 256 1380 286 ct
1396 251 1558 298 simplices
1576 253 1660 287 sicut

77 305 259 342 columbae.

144 359 206 393 An
233 368 406 394 TERTmM
428 357 637 400 dicendum,
664 358 760 405 quod
783 357 957 393 naturalis
984 357 1173 392 inclinatio
1202 358 1245 392 ad
1273 358 1412 393 bonurn
1439 358 1581 394 virtutis
1603 367 1657 394 est

74 412 256 460 quaedam
278 412 468 447 inchoatio
490 412 644 454 virtutis,
666 423 741 447 non
761 420 883 446 autern
901 420 955 446 est
972 412 1084 445 virtus
1112 411 1291 458 perfecta:
1319 412 1532 458 hujusmodi
1558 413 1657 448 enim

18 487 19 490 =
72 464 262 501 inclinatio
277 473 413 513 quanto
436 473 489 500 est
510 464 716 512 perfectior,
731 474 832 501 tanto
851 473 971 512 potest
992 476 1070 500 esse
1088 465 1341 512 periculosior,
1363 466 1433 501 nisi
1451 474 1549 501 recta
1564 467 1657 502 ratio

73 519 301 567 adjungatur,
322 531 385 567 per
406 531 517 566 quam
539 519 601 554 fiat
622 528 718 554 recta
741 519 873 555 electio
897 531 1037 562 eorum,
1060 530 1152 566 quae
1176 521 1400 555 conveniunt
1422 521 1466 555 ad
1495 521 1657 555 debitum

72 572 202 608 finem:
225 573 318 608 sicut
343 584 456 620 equus
483 585 642 616 currens,
665 575 693 608 si
723 574 768 608 sit
789 585 931 616 caecus,
953 581 1056 608 tanto
1078 572 1206 608 fortius
1233 574 1414 620 impingit,
1437 583 1472 609 et
1490 574 1656 618 laeditur,

73 635 210 674 quanto
230 626 360 662 fortius
381 627 510 670 currit;
533 635 567 662 et
589 627 670 662 ideo
699 628 765 662 etsi
791 627 903 662 virtus
931 626 1080 662 moralis
1102 638 1177 661 non
1204 627 1249 662 sit
1275 629 1366 662 ratio
1395 636 1493 662 recta
1516 629 1571 673 (ut
1594 628 1659 664 So-

71 689 189 716 crates
202 678 374 726 dicebat);
388 692 463 716 non
481 689 605 716 tamen
620 681 741 716 solum
763 689 817 716 est
838 681 1041 716 secundum
1060 681 1241 716 rationem
1263 690 1413 726 rectam,
1437 683 1653 730 inquantum

71 734 224 770 inclinat
245 735 289 770 ad
307 735 355 778 id,
373 735 471 782 quod
495 744 548 770 est
569 736 772 771 secundum
793 737 973 770 rationem
996 743 1133 770 rectam
1154 736 1209 780 (ut
1230 735 1406 782 platonici
1428 738 1657 783 posuerunt),

73 789 138 825 sed
157 789 269 824 etiam
295 797 440 837 oportet
461 790 558 836 quod
589 790 634 824 sit
662 801 746 824 cum
771 789 911 825 ratione
933 798 1043 832 recta,
1067 798 1105 824 ut
1128 789 1278 824 Aristot.
1311 790 1398 824 dicit
1424 790 1459 825 in
1482 789 1514 825 6.
1537 790 1655 826 Ethic.

75 842 163 891 (cap.
185 843 244 879 ult.
263 844 325 879 cir.
347 843 462 889 med).

640 967 990 1013 ARTICULUS
1023 969 1079 1012 V.
1587 992 1649 1028 311

149 1077 304 1109 UTRUM
334 1077 716 1109 INTELLECTUALIS
747 1078 906 1108 VIRTUS
939 1077 1094 1108 POSSIT
1127 1078 1228 1108 ESSE
1262 1078 1358 1108 SINE
1391 1079 1573 1109 MORALI.

146 1166 208 1202 AD
230 1176 412 1206 Qum-TUM
435 1168 486 1201 sic
509 1166 725 1213 proceditur.
741 1165 904 1208 Videtur,
925 1166 1022 1212 quod
1044 1166 1157 1200 virtus
1171 1166 1427 1201 intellectualis
1449 1167 1562 1214 possit
1578 1178 1655 1202 esse

75 1219 154 1255 sine
175 1221 306 1254 virtute
328 1219 477 1255 morali:
500 1219 674 1266 perfectio
695 1219 791 1254 enim
811 1220 940 1266 prioris
959 1231 1033 1254 non
1054 1220 1232 1265 dependet
1254 1232 1273 1254 a
1295 1220 1519 1267 perfectione
1538 1229 1657 1268 poste-

72 1273 197 1309 rioris:
219 1273 282 1308 sed
304 1273 396 1308 ratio
420 1281 474 1309 est
493 1273 591 1321 prior
618 1273 775 1320 appetitu
803 1273 988 1316 sensitivo‚
1017 1281 1052 1308 et
1078 1284 1231 1308 movens
1259 1274 1399 1321 ipsum;
1427 1286 1516 1321 crgo
1543 1275 1655 1310 virtus

70 1326 340 1370 intellectualis,
357 1338 452 1374 quae
473 1335 528 1362 est
547 1326 721 1375 perfectio
737 1327 898 1370 rationis,
920 1338 995 1361 non
1018 1327 1197 1374 dependet
1219 1339 1238 1362 a
1259 1328 1390 1363 virtute
1406 1328 1654 1376 morali,quae

69 1389 124 1417 est
143 1380 318 1429 perfectio
342 1381 559 1428 appetitivae
580 1381 710 1428 partis;
732 1388 852 1427 potest
873 1392 960 1427 ergo
984 1391 1062 1415 esse
1085 1381 1162 1416 sine
1185 1393 1238 1416 ea.

142 1445 175 1470 2.
201 1434 441 1470 PRAETEREA.
468 1435 624 1470 Moralia
650 1442 733 1470 sunt
751 1435 902 1469 materia
921 1435 1146 1481 prudentiae,
1168 1436 1261 1470 sicut
1281 1435 1454 1470 factibilia
1477 1445 1560 1471 sunt
1582 1447 1655 1470 ma-

71 1488 162 1525 teria
184 1488 288 1524 artis:
309 1488 372 1524 sed
395 1500 451 1524 ars
473 1497 594 1536 potest
615 1500 694 1524 esse
724 1489 800 1523 sine
823 1489 969 1535 propria
996 1489 1161 1531 materia,
1188 1489 1282 1524 sicut
1310 1489 1410 1524 faber
1440 1490 1516 1525 sine
1538 1489 1654 1533 ferro;

73 1553 162 1590 ergo
190 1551 226 1578 et
249 1542 440 1590 prudentia
465 1551 585 1590 potest
614 1554 692 1578 esse
722 1544 798 1577 sine
829 1543 1018 1577 virtutibus
1049 1542 1261 1586 moralibus,
1292 1555 1384 1590 quae
1413 1552 1539 1579 tamen
1563 1544 1655 1579 inter

73 1607 202 1632 omnes
223 1595 489 1632 intellectuales
509 1597 659 1632 virtutes
682 1598 840 1632 maxime
863 1596 1062 1632 moralibus
1091 1598 1287 1643 conjuncta
1307 1598 1460 1633 videtur.

145 1662 174 1698 3.
189 1650 428 1686 Pus-mam.
444 1650 640 1686 Prudentia
655 1658 710 1686 est
723 1650 835 1685 virtus
848 1650 941 1685 bene
964 1650 1205 1694 consiliativa,
1218 1659 1257 1685 ut
1271 1651 1401 1686 dicitur
1422 1652 1457 1686 in
1481 1650 1512 1686 6.
1536 1651 1653 1686 Ethic.

72 1702 161 1752 (cap.
180 1704 246 1751 9.):
269 1704 332 1739 sed
350 1703 456 1739 multi
476 1704 569 1739 bene
591 1704 840 1747 consiliantur,
864 1705 992 1751 quibus
1013 1712 1137 1739 tamen
1155 1705 1306 1740 virtutes
1324 1705 1484 1740 morales
1503 1706 1652 1748 desunt;

71 1768 161 1805 ergo
183 1757 372 1805 prudentia
393 1765 513 1805 potest
534 1769 613 1793 esse
635 1758 712 1793 sine
733 1759 864 1793 virtute
886 1757 1029 1792 morali.

143 1810 220 1847 SED
243 1822 411 1847 CONTRA.
433 1811 539 1847 Velle
561 1811 700 1846 malum
730 1811 850 1847 facere
880 1812 1076 1859 opponitur
1105 1812 1240 1848 directe
1262 1813 1386 1848 virtuti
1407 1813 1554 1848 morali:
1578 1825 1654 1848 non

71 1872 195 1900 autern
209 1866 404 1913 opponitur
423 1864 544 1908 alicui,
563 1866 661 1913 quod
675 1866 751 1901 sine
767 1865 898 1900 virtute
917 1865 1047 1900 morali
1063 1877 1141 1901 esse
1156 1874 1294 1913 potest:
1318 1867 1514 1914 opponitur
1530 1875 1653 1902 autem

11 1915 12 1918 ’
68 1917 295 1966 prudentiae,
316 1919 414 1967 quod
434 1919 564 1955 volens
578 1928 717 1967 peccet,
740 1928 778 1954 ut
799 1919 930 1954 dicitur
952 1920 988 1954 in
1011 1918 1043 1954 6.
1066 1919 1183 1954 Ethic.
1205 1920 1292 1968 (rap.
1308 1933 1336 1968 5.
1360 1923 1440 1957 circ.
1454 1922 1552 1968 fin.)‚·
1576 1932 1652 1956 non

28 1977 31 1983 '
69 1982 159 2020 ergo
179 1972 371 2020 prudentia
392 1981 511 2020 potest
533 1985 612 2009 esse
634 1974 713 2009 sine
735 1975 866 2008 virtute
889 1973 1032 2009 morali.

29 2024 52 2037 ““
141 2025 373 2063 ΒεεΡοΝοεο
395 2027 604 2071 dicendum,
628 2029 725 2074 quod
750 2027 841 2062 aliae
863 2028 1012 2062 virtutes
1035 2028 1300 2063 intellectuales
1323 2030 1400 2065 sine
1423 2030 1554 2065 virtute
1577 2041 1654 2065 mo-

69 2078 136 2115 rali
150 2091 230 2116 esse
242 2089 411 2128 possunt;
427 2081 488 2117 sed
502 2081 694 2128 prudentia
709 2081 786 2116 sine
800 2081 930 2116 virtute
946 2082 1077 2116 morali
1093 2094 1172 2118 esse
1190 2094 1265 2117 non
1285 2091 1414 2130 potest.
1431 2083 1545 2130 Cujus
1561 2084 1652 2119 ratio

40 2140 45 2149 ²
69 2141 124 2170 est
143 2133 228 2182 quia
245 2134 435 2181 prudentia
457 2143 511 2170 est
531 2140 622 2171 recta
649 2137 735 2170 ratio
757 2136 945 2182 agibilium,
977 2147 1051 2170 non
1083 2144 1206 2172 autern
1236 2137 1355 2172 solum
1385 2138 1421 2172 in
1444 2138 1652 2180 universali,

57 2178 134 2224 'sed
155 2188 267 2224 etiam
287 2188 324 2223 in
346 2188 566 2237 particulari,
584 2189 622 2224 in
641 2189 769 2236 quibus
791 2198 875 2224 sunt
893 2190 1073 2225 actiones:
1092 2199 1192 2226 recta
1207 2200 1329 2226 autern
1345 2192 1437 2226 ratio
1453 2193 1654 2239 praeexigit

52 2241 256 2293 principia,
277 2253 321 2278 ex
342 2242 472 2290 quibus
493 2243 586 2278 ratio
605 2243 787 2290 procedit:
807 2251 952 2290 oportet
967 2252 1089 2279 autern
1107 2245 1288 2280 rationem
1307 2247 1402 2280 circa
1421 2246 1652 2292 particularia

54 2295 268 2331 ··r0cedere
289 2307 365 2332 non
387 2296 507 2332 solum
525 2308 569 2332 ex
586 2297 771 2344 principiis
790 2297 1066 2340 universalibus,
1089 2299 1152 2334 sed
1175 2299 1286 2334 etiarn
1309 2311 1350 2334 ex
1373 2300 1558 2347 principiis
1577 2312 1654 2347 par-

63 2346 298 2390 jacularibus:
320 2350 416 2386 circa
434 2350 611 2398 principia
625 2351 771 2398 quidem
800 2351 1017 2386 universalia
1033 2352 1220 2399 agibilium
1241 2353 1356 2388 homo
1371 2362 1469 2389 recte
1491 2365 1528 2389 se
1542 2355 1654 2389 habet

63 2413 134 2442 μει-
153 2403 359 2440 naturalem
385 2404 612 2440 intellectum
639 2405 913 2452 principiorum,
940 2417 1003 2452 per
1033 2417 1142 2452 quem
1172 2406 1288 2441 homo
1320 2408 1522 2454 cognoscit,
1553 2408 1651 2455 quod

69 2455 212 2492 ullum
233 2457 375 2493 malum
389 2466 442 2493 est
457 2458 651 2505 agendum,
673 2458 733 2494 vel
755 2459 865 2493 etiarn
880 2471 942 2505 per
959 2459 1117 2506 aliquam
1141 2461 1332 2495 scientiam
1347 2463 1564 2508 practicam:
1588 2463 1651 2496 sed

35 2552 39 2559 ⁸
64 2548 67 2557 y
83 2534 87 2540 -
105 2521 143 2546 ·c
155 2522 231 2547 non
245 2510 378 2547 sufficit
388 2512 431 2547 ad
443 2520 540 2547 recte
554 2512 847 2547 ratiocinandum
863 2513 959 2547 circa
974 2513 1216 2560 particularia.
1230 2514 1421 2561 Contingit
1433 2515 1530 2550 enim
1543 2527 1654 2562 quan-

66 2568 203 2612 oque,
224 2565 322 2613 quod
344 2565 557 2612 hujusmodi
579 2565 782 2601 universale
801 2567 1020 2614 principium
1041 2567 1231 2614 cognitum
1253 2580 1317 2615 per
1339 2568 1576 2611 intellectum,
1591 2568 1649 2603 vel

110 2617 260 2654 ientiam
286 2620 531 2667 corrumpitur
551 2619 587 2654 in
609 2619 816 2667 particulari
837 2631 904 2668 per
926 2620 1085 2668 aliquam
1113 2623 1345 2668 passionem:
1368 2623 1460 2657 sicut
1483 2623 1654 2669 concupi-

111 2673 196 2718 enti,
216 2673 364 2721 quando
392 2674 690 2720 concupiscentia
712 2674 836 2716 vincit,
857 2674 1000 2710 videtur
1021 2675 1092 2710 hoc
1121 2687 1200 2710 esse
1222 2676 1373 2718 bonum,
1395 2676 1492 2722 quod
1516 2688 1652 2711 concu-

117 2727 188 2771 cit,
207 2726 294 2763 licet
313 2728 359 2764 sit
380 2736 507 2763 contra
522 2720 725 2763 universale
744 2724 1112 2774 judicium'rationis3
1133 2738 1167 2763 et
1189 2730 1272 2764 idco
1292 2729 1384 2764 sicut
1405 2730 1521 2764 homo
1535 2730 1653 2776 dispo-

96 2777 167 2816 ἀτο
199 2781 243 2816 ad
277 2790 375 2818 recte
408 2793 446 2817 se
479 2781 689 2817 habendum
724 2782 820 2816 circa
854 2783 1030 2829 principia
1065 2783 1282 2817 universalia
1322 2795 1384 2829 per
1423 2783 1650 2819 intellectum

116 2851 136 2864 ··
177 2834 287 2879 alem,
308 2835 367 2871 vel
385 2847 450 2883 per
466 2836 631 2871 habitum
654 2835 845 2871 scientiae:
868 2837 917 2871 ita
939 2836 983 2871 ad
1005 2836 1077 2871 hoc
1101 2837 1196 2883 quod
1221 2845 1318 2871 recte
1340 2848 1378 2871 se
1400 2837 1533 2872 habeat
1555 2839 1650 2872 circa

97 2889 248 2937 1·cipia
265 2889 498 2937 particularia
517 2889 718 2938 agibilium,
736 2901 829 2937 quae
852 2898 935 2926 sunt
952 2890 1053 2933 fines,
1076 2898 1221 2936 oportet
1243 2890 1340 2937 quod
1363 2891 1570 2937 perficiatur
1587 2903 1652 2938 per

217 2972 246 3003 S.
267 2972 391 3001 ΤΗΟἊΑΕ
412 2972 517 3000 Summa
544 2973 705 3009 Theologica.
729 2973 794 3001 vol.
818 2973 854 3002 ll.
1473 2982 1505 3009 ²7
