1875 3198
199 195 282 250 850
629 207 849 242 QUAEST1o
885 207 972 236 cxl.
1006 206 1250 236 ARTICULUS
1284 207 1327 235 11.

196 296 319 323 tamen
341 296 461 322 motus
483 299 557 322 non
580 296 633 323 est
655 300 763 322 causa
778 288 926 334 gratiae,
943 288 1006 322 sed
1025 287 1190 330 effectus;
1212 288 1306 322 unde
1328 295 1403 323 tota
1425 289 1588 335 operatio
1607 291 1762 337 pertinet

197 343 240 376 ad
268 342 432 388 gratiam.

267 396 327 430 AD
350 406 521 430 TERTIUM
543 394 748 437 dicendum,
771 395 868 441 quod
892 395 1081 441 cooperari
1108 395 1237 430 dicitur
1264 395 1391 442 aliquis
1407 396 1526 439 alicui,
1544 409 1619 432 non
1641 397 1762 433 solum

196 450 287 484 sicut
308 449 563 484 secundarium
585 460 695 495 agens
718 448 907 495 principali
931 449 1061 494 agenti,
1085 449 1146 483 sed
1169 449 1262 484 sicut
1283 450 1456 496 adjuvans
1479 451 1523 485 ad
1544 463 1762 499 praesuppo-

197 504 306 538 situm
329 503 457 538 finem:
479 503 593 537 homo
610 511 730 537 autem
746 514 809 548 per
824 504 977 548 gratiam
993 511 1204 549 operantem
1220 503 1409 549 adjuvatur
1423 515 1443 538 a
1456 504 1551 547 Deo,
1572 513 1611 539 ut
1624 506 1762 540 bonum

198 556 304 599 velit3
328 565 362 591 et
383 557 477 598 ideo,
500 556 774 602 praesupposito
796 557 870 602 jam
893 556 974 598 fine,
998 567 1223 603 consequens
1240 565 1293 591 est
1307 565 1345 591 ut
1371 558 1485 604 gratia
1506 558 1611 593 nobis
1633 570 1763 606 coope-

196 618 304 646 retur.
586 616 595 624 '

272 665 332 699 AD
361 674 548 703 QUARTUM
575 663 781 705 dicendum,
810 663 907 709 quod
934 663 1049 709 gratia
1077 675 1242 709 operans,
1266 672 1300 699 et
1327 675 1528 711 cooperans
1556 672 1609 700 est
1634 665 1761 700 eadem

197 718 332 764 gratia3
354 718 416 752 sed
439 717 670 763 distinguitur
691 717 890 751 secundum
913 717 1074 752 diversos
1097 716 1257 760 effectus,
1280 726 1318 752 ut
1339 729 1381 752 ex
1402 729 1509 764 supra
1536 718 1639 754 dictis
1665 727 1763 765 patet

198 771 249 816 (in
271 777 362 818 corp.
385 772 479 816 art).

741 883 1087 929 ARTICULUS
1122 885 1200 928 111.
1697 908 1761 945 592

249 981 403 1010 UTRUM
432 980 595 1011 GRATIA
624 981 961 1011 CONVENIENTER
988 981 1235 1010 DIVIDATUR
1261 981 1306 1011 IN
1328 980 1709 1021 PRAEVENIENTEM,

752 1041 808 1070 ET
837 1041 1197 1076 SUBSEQUENTEM.

221 1115 266 1160 (2.
290 1116 377 1150 Dist.
401 1116 456 1150 26.
479 1120 542 1150 ιινί.
559 1128 586 1162 3.
615 1121 642 1151 et
670 1117 756 1151 Veri.
779 1128 809 1162 q.
831 1128 884 1162 27.
907 1122 972 1151 art.
991 1128 1018 1163 5.
1042 1117 1084 1151 ad
1106 1117 1138 1152 6.
1158 1122 1187 1152 et
1206 1117 1292 1152 Psal.
1314 1117 1438 1163 22.fin.
1461 1122 1491 1152 et
1516 1129 1547 1152 2.
1569 1117 1648 1152 Cor.
1671 1117 1734 1162 6.).

266 1199 325 1233 AD
345 1208 517 1233 TERTIUM
533 1199 582 1232 sic
598 1199 815 1245 proceditur.
832 1198 994 1241 Videtur,
1014 1199 1111 1245 quod
1134 1198 1248 1244 gratia
1270 1199 1570 1233 inconvenienter
1584 1199 1762 1233 dividatur

193 1253 229 1286 in
245 1253 549 1299 praevenientem,
561 1261 595 1287 et
609 1253 906 1299 subsequentem:
924 1253 1037 1299 gratia
1053 1253 1150 1287 enim
1162 1261 1215 1287 est
1225 1253 1366 1287 divinae
1381 1252 1585 1287 dilectionis
1596 1253 1761 1288 effectus:

193 1307 255 1341 sed
272 1307 342 1340 Dei
357 1307 501 1340 dilectio
517 1319 715 1353 numquam
732 1315 785 1341 est
801 1307 1035 1353 subsequens,
1055 1307 1116 1341 sed
1135 1318 1279 1352 semper
1296 1307 1544 1353 praeveniens,
1563 1307 1762 1341 secundum

192 1361 280 1394 illud
299 1372 326 1394 1.
343 1361 446 1406 Joan.
462 1371 494 1403 4.
509 1374 515 1395 ι
531 1361 608 1395 Non
631 1362 724 1406 quasi
742 1373 799 1395 nos
820 1361 1030 1395 dilexerimus
1044 1361 1166 1402 Deum,
1181 1360 1232 1395 sad
1247 1362 1324 1406 quia
1346 1362 1412 1407 ipse
1428 1361 1529 1407 prior
1550 1360 1663 1395 dilexit
1683 1372 1761 1402 nos;

197 1426 284 1460 ergo
308 1415 423 1459 gratia
444 1426 518 1448 non
542 1414 646 1448 debet
668 1415 754 1460 poni
776 1416 1022 1459 praeveniens,
1046 1421 1080 1448 et
1098 1414 1330 1460 subsequens.

267 1479 297 1502 2.
321 1469 558 1502 PRAETEREA.
583 1468 708 1502 Gratia
731 1476 873 1513 gratum
895 1467 1031 1502 faciens
1054 1476 1107 1501 est
1128 1479 1199 1501 una
1220 1476 1361 1501 tantum
1384 1467 1419 1500 in
1433 1467 1597 1510 homine,
1620 1478 1704 1501 curn
1719 1467 1763 1502 sit

196 1521 388 1563 sufficiens,
411 1523 610 1556 secundum
638 1521 725 1556 illud
753 1532 783 1556 2.
816 1522 859 1555 ad
891 1521 977 1556 Cor.
1004 1531 1062 1556 12:
1094 1522 1220 1567 Sufficit
1242 1523 1303 1556 tibi
1327 1523 1437 1567 gratia
1458 1533 1554 1556 mea:
1577 1522 1637 1555 sed
1665 1521 1761 1556 idem

194 1588 269 1610 non
290 1584 407 1623 potest
430 1588 506 1610 esse
537 1577 645 1623 prius,
675 1584 710 1610 et
738 1576 936 1622 posterius3
967 1587 1054 1621 ergo
1077 1575 1192 1621 gratia
1214 1576 1512 1609 inconvenienter
1534 1575 1704 1609 dividitur
1725 1577 1761 1609 in

194 1630 500 1677 praevenientem,
524 1638 558 1664 et
579 1630 870 1676 subsequentem.
1507 1622 1510 1625 ’

269 1696 296 1730 3.
319 1684 556 1718 PRAETEREA.
582 1684 707 1717 Gratia
731 1683 966 1729 cognoscitur
986 1694 1048 1729 per
1070 1682 1237 1717 effectus:
1262 1682 1323 1716 sed
1345 1681 1475 1717 infiniti
1501 1690 1583 1717 sunt
1610 1681 1758 1717 effectus

194 1739 341 1784 gratiae,
363 1749 519 1784 quorum
541 1749 632 1772 unus
654 1738 837 1784 praecedit
859 1737 990 1779 alium,
1014 1748 1100 1783 ergo
1123 1736 1152 1771 si
1178 1747 1288 1782 penes
1310 1736 1378 1771 hos
1406 1737 1520 1782 gratia
1546 1737 1689 1771 deberet
1715 1737 1763 1770 di-

191 1792 264 1826 vidi
285 1792 320 1826 in
340 1792 643 1838 praevenientem,
665 1799 699 1825 et
713 1792 1004 1837 subsequentem,
1026 1790 1166 1824 videtur
1189 1789 1285 1836 quod
1307 1790 1468 1824 infinitae
1484 1798 1604 1825 essent
1624 1790 1762 1837 species

192 1846 346 1892 gratiae:
369 1845 506 1879 infinita
529 1854 649 1879 autem
672 1844 922 1891 relinquuntur
940 1856 958 1878 a
982 1843 1141 1890 qualibet
1162 1851 1257 1886 arte;
1281 1855 1355 1878 non
1378 1855 1464 1890 ergo
1492 1844 1606 1891 gratia
1634 1855 1763 1878 conve-

190 1900 330 1933 nienter
356 1899 523 1933 dividitur
544 1900 579 1933 in
602 1899 908 1945 praevenientem,
931 1906 965 1932 et
991 1898 1283 1943 subsequentem.

264 1953 338 1987 SED
359 1963 514 1987 CONTRA
530 1960 594 1994 est,
609 1953 705 1998 quod
720 1952 834 1998 gratia
848 1952 918 1986 Dei
934 1964 975 1986 ex
991 1952 1065 1997 ejus
1082 1950 1331 1985 misericordia
1345 1950 1530 1997 provenit:
1550 1951 1613 1986 sed
1628 1959 1762 1986 utrum-

193 2018 262 2053 que
285 2008 320 2041 in
343 2006 436 2040 Psal.
464 2007 515 2049 58.
539 2005 688 2052 legitur:
714 2005 947 2040 Misericordia
964 2007 1032 2051 ejus
1046 2006 1239 2052 praeveniet
1256 2017 1327 2039 me:
1350 2011 1384 2039 et
1405 2005 1535 2039 iterum
1555 2005 1658 2051 (Psal.
1673 2005 1760 2051 22.):

195 2060 430 2095 Misericordia
453 2062 519 2106 ejus
544 2061 751 2106 subsequetur
778 2072 849 2100 me‚·
874 2070 961 2105 ergo
984 2059 1098 2105 gratia
1126 2058 1384 2093 convenienter
1410 2058 1580 2093 dividitur
1600 2059 1637 2093 in
1662 2071 1761 2106 prae-

193 2114 412 2156 venientem,
435 2121 469 2148 et
491 2113 781 2159 subsequentem.

264 2168 494 2203 Rrspoxnro
518 2167 723 2208 dicendum,
747 2166 843 2213 quod
866 2166 957 2200 sicut
974 2167 1086 2212 gratia
1103 2166 1271 2200 dividitur
1286 2165 1321 2199 in
1336 2174 1560 2212 operantem,
1579 2174 1614 2201 et
1631 2177 1762 2214 coope-

192 2231 344 2263 rantem,
367 2221 566 2256 secundum
597 2221 758 2255 diversos
789 2219 949 2262 effectus,
984 2220 1032 2254 ita
1055 2220 1163 2254 etiarn
1186 2220 1222 2254 in
1255 2220 1563 2266 praevenientem,
1585 2228 1620 2254 et
1640 2220 1758 2256 subse-

193 2284 377 2322 quentem,
413 2275 724 2321 qualitercumque
759 2274 873 2319 gratia
905 2274 1119 2320 accipiatur:
1155 2274 1247 2308 sicut
1281 2282 1402 2307 autem
1436 2275 1577 2320 quinque
1611 2273 1759 2310 effectus

193 2330 328 2376 gratiae
351 2329 386 2363 in
409 2329 529 2362 nobis:
553 2340 709 2374 quorum
727 2329 860 2375 primnis
882 2336 946 2369 est,
974 2335 1011 2362 ut
1034 2328 1155 2361 anima
1178 2335 1340 2362 sanetur:
1366 2327 1534 2371 secundus,
1556 2336 1594 2363 ut
1620 2328 1758 2362 bonum

192 2383 296 2418 velit:
314 2384 429 2418 tertius
444 2390 507 2424 est,
530 2390 568 2416 ut
588 2382 737 2423 bonum,
761 2381 857 2427 quod
877 2381 963 2423 vult,
987 2380 1182 2415 efficaciter
1204 2389 1389 2427 operetur:
1413 2386 1550 2427 quartus
1571 2389 1634 2424 est,
1661 2390 1699 2416 ut
1724 2382 1760 2416 in

191 2437 288 2471 bono
312 2444 532 2483 perseveret:
561 2437 692 2482 quintus
715 2443 778 2477 est,
802 2443 838 2469 ut
861 2436 902 2468 ad
927 2434 1081 2479 gloriam
1104 2435 1308 2481 perveniat;
1331 2441 1365 2469 et
1385 2434 1467 2469 ideo
1490 2435 1616 2481 gratia,
1637 2447 1762 2470 secun-

192 2491 278 2524 dum
301 2490 397 2536 quod
421 2497 544 2524 causat
560 2489 594 2522 in
609 2488 712 2523 nobis
737 2488 894 2533 primum
918 2487 1100 2530 effectum,
1122 2496 1273 2522 vocatur
1295 2488 1508 2535 perveniens
1530 2496 1693 2535 respectu
1709 2501 1761 2524 se-

193 2545 301 2578 cundi
323 2543 492 2578 effectus:
517 2551 551 2577 et
580 2550 686 2589 prout
717 2550 840 2576 causat
862 2542 897 2575 in
928 2542 1032 2576 nobis
1055 2542 1267 2584 secundum,
1289 2550 1441 2576 vocatur
1462 2542 1684 2589 subsequens
1711 2554 1761 2577 re·

190 2606 314 2644 spectu
338 2597 445 2644 primi
467 2596 627 2631 effectus.
650 2596 693 2630 Et
714 2596 806 2630 sicut
821 2607 911 2629 uuus
928 2595 1075 2629 effectus
1092 2603 1143 2630 est
1160 2595 1338 2641 posterior
1355 2606 1428 2629 uno
1443 2595 1586 2638 effectu,
1606 2604 1640 2631 et
1661 2597 1760 2643 prior

192 2652 283 2693 alio;
305 2651 352 2685 ita
373 2651 485 2696 gratia
505 2658 622 2697 potest
640 2650 710 2684 dici
729 2650 976 2696 praeveniens,
996 2658 1029 2683 et
1044 2650 1263 2696 subsequens
1279 2649 1479 2684 secundum
1494 2650 1665 2685 cumdem
1680 2650 1761 2685 effe·

192 2713 289 2739 ctum
312 2712 476 2751 respectn
500 2704 735 2738 diversorum.
759 2703 802 2737 Et
820 2703 890 2737 hoc
914 2710 976 2744 cst,
1000 2703 1095 2748 quod
1120 2703 1272 2748 August.
1296 2703 1381 2737 dicit
1403 2704 1437 2737 in
1460 2702 1518 2737 lib.
1542 2703 1586 2738 de
1607 2703 1703 2747 Nat.‚
1725 2713 1760 2739 et

194 2759 293 2793 Grat.
318 2760 405 2805 (cup.
426 2771 470 2805 31.
494 2763 523 2792 ct
544 2759 599 2792 lili.
622 2769 652 2793 2.
675 2757 717 2791 ad
740 2757 888 2803 Bouisac.
912 2763 984 2803 (ap.
1008 2769 1039 2801 9.
1064 2758 1095 2790 iii
1117 2757 1212 2800 jin.):
1234 2757 1422 2799 Pramum,
1442 2762 1479 2792 ut
1494 2768 1670 2799 sanemur;
1689 2759 1760 2793 suli-

191 2814 347 2858 scqnitm,
372 2817 407 2847 ut
427 2813 536 2846 sanati
555 2816 761 2857 vegetemiim·
780 2811 968 2857 praevenil,
989 2815 1023 2844 ut
1041 2822 1219 2850 ‘t‘0i·t'111111·;
1239 2811 1454 2856 subsequitur,
1473 2815 1510 2845 ut
1524 2811 1758 2858 glorificemur.

263 2866 323 2900 AD
345 2876 493 2900 PRIMUM
517 2876 604 2911 ergo
627 2864 832 2906 dicendum,
855 2863 950 2910 quod
974 2863 1119 2897 dilectio
1138 2863 1207 2897 Dei
1225 2865 1389 2898 nominat
1408 2862 1541 2910 aliquid
1560 2872 1758 2908 aeternum3

194 2927 228 2954 et
250 2919 330 2954 ideo
353 2930 553 2965 numquam
576 2926 694 2965 potest
712 2917 780 2952 dici
799 2917 865 2951 nisi
889 2916 1142 2963 praeveniens:
1163 2916 1223 2951 sed
1244 2917 1356 2963 gratia
1384 2917 1563 2963 significat
1588 2917 1758 2954 effectum
