1907 3198
489 201 713 238 QUAESTIO
747 201 867 232 XXIX.
901 202 1148 233 ARTICULUS
1182 202 1239 234 IV.
1562 206 1645 249 225

145 284 220 319 SED
243 294 400 319 CONTRA
423 291 486 326 est,
509 284 607 331 quod
629 283 831 331 Apostolus
854 283 940 318 dicit
958 284 1002 319 ad
1022 284 1153 332 Ephes.
1178 295 1205 331 5.
1225 284 1323 332 quod
1342 297 1453 321 nemo
1473 298 1648 334 umquam

73 349 222 374 carnem
243 348 348 373 suam
370 337 456 372 odio
479 338 614 372 habuit.

143 391 375 427 RESPONDEO
397 391 606 434 dicendum,
625 391 723 439 quod
745 391 971 438 impossibile
991 400 1055 435 est,
1072 392 1169 439 quod
1185 392 1314 440 aliquis
1330 406 1394 441 per
1408 406 1446 430 se
1462 395 1648 442 loquendo

72 445 172 481 odiat
196 445 376 492 seipsum:
403 445 614 482 naturaliter
643 446 741 480 enirn
771 446 1057 493 unumquodque
1089 447 1225 493 appetit
1253 447 1412 491 bonum;
1440 460 1506 484 nec
1529 458 1650 495 potest

71 498 206 546 aliquid
230 499 299 534 sibi
321 507 500 546 appetere,
523 499 592 534 nisi
614 500 678 534 sub
701 500 840 534 ratione
862 500 969 535 boni:
997 511 1083 534 nam
1111 500 1251 535 malum
1278 510 1331 536 est
1357 511 1498 549 praeter
1523 503 1650 538 volun-

69 560 194 596 tatem,
216 560 255 587 ut
275 553 386 588 Dion.
409 553 495 587 dicit
515 564 548 596 4.
573 565 650 600 cap.
675 553 718 588 de
739 554 822 588 Div.
845 553 955 588 Nom.
980 552 1066 598 (lect.
1088 557 1174 601 22.):
1198 566 1320 590 amare
1344 564 1465 591 autem
1488 556 1648 604 aliquem

70 615 125 642 est
144 605 240 642 velle
263 606 296 641 ei
319 606 471 649 bonum,
499 615 537 642 ut
564 619 671 654 supra
698 607 836 642 dictum
864 616 917 643 est
943 608 992 655 (q.
1014 609 1071 645 26.
1093 614 1159 644 art.
1182 610 1256 654 4⁷)‚·
1285 610 1379 644 unde
1406 622 1554 646 necesse
1582 621 1647 654 est,

69 661 167 708 quod
190 660 319 707 aliquis
341 669 439 696 amet
460 661 645 707 seipsum3
673 670 708 696 et
733 661 946 708 impossible
974 670 1038 704 est,
1066 663 1164 709 quod
1192 662 1321 710 aliquis
1349 664 1448 699 odiat
1474 666 1647 712 seipsum,

68 726 132 762 per
153 726 192 750 se
213 714 410 761 loquendo.
438 714 506 749 Per
534 715 703 749 accidens
729 724 854 750 tamen
877 716 1068 762 contingit,
1090 716 1187 763 quod
1216 717 1344 764 aliquis
1372 719 1533 765 seipsum
1561 720 1646 754 odio

68 769 221 804 habeat:
243 776 278 803 et
299 768 370 803 hoc
392 768 589 816 dupliciter;
614 781 678 803 uno
702 769 795 804 modo
819 781 860 804 ex
883 778 982 817 parte
1004 770 1102 813 boni,
1125 771 1223 817 quod
1245 771 1313 806 sibi
1335 771 1464 819 aliquis
1486 772 1574 816 vult,
1593 785 1648 808 ac-

69 822 155 858 cidit
175 822 276 857 enim
298 822 531 870 quandoque,
553 822 641 857 illud
665 824 761 870 quod
785 824 964 870 appetitur
986 832 1024 859 ut
1045 825 1247 859 secundum
1275 826 1360 873 quid
1387 827 1538 870 bonum,
1567 839 1646 863 esse

67 875 280 924 simpliciter
300 875 457 911 malum:
482 884 517 911 et
538 877 741 911 secundum
764 877 835 912 hoc
859 878 989 925 aliquis
1011 890 1073 925 per
1101 879 1270 915 accidens
1296 880 1373 915 vult
1399 881 1467 915 sibi
1493 881 1646 924 malum,

67 930 166 978 quod
187 938 241 965 est
262 930 374 965 odire.
397 930 477 966 Alio
504 930 601 964 modo
623 942 665 965 ex
688 939 787 978 parte
808 934 861 966 sui
877 933 999 979 ipsius,
1015 933 1071 967 cui
1086 933 1163 968 vult
1176 933 1334 968 bonum:
1359 936 1646 982 unumquodque

67 984 166 1020 enim
189 984 348 1019 maxime
370 992 425 1019 est
445 984 494 1027 id,
516 984 614 1031 quod
637 993 689 1020 est
704 985 938 1032 principalius
953 987 989 1021 in
1004 987 1103 1034 ipso;
1126 987 1221 1022 unde
1238 988 1364 1023 civitas
1382 989 1513 1024 dicitur
1525 989 1645 1025 facere

65 1039 114 1082 id,
136 1039 234 1085 quod
252 1038 329 1073 Rex
343 1037 442 1081 facit,
457 1038 560 1085 quasi
574 1038 651 1073 Rex
665 1039 710 1073 sit
723 1047 800 1074 tota
816 1040 960 1084 civitas;
981 1040 1215 1076 manifestum
1231 1051 1284 1077 est
1299 1054 1401 1089 ergo,
1416 1044 1514 1090 quod
1529 1044 1646 1078 homo

67 1092 228 1128 maxime
250 1099 303 1127 est
317 1103 420 1127 mens
442 1092 619 1127 hominis:
645 1093 825 1140 contingit
840 1102 973 1137 autem,
990 1095 1087 1141 quod
1104 1095 1213 1143 aliqui
1230 1097 1423 1132 aestimant
1436 1109 1473 1132 se
1488 1098 1646 1133 maxime

68 1157 147 1182 esse
172 1145 274 1190 illud,
301 1146 399 1193 quod
425 1154 509 1181 sunt
535 1147 736 1181 secundum
763 1156 931 1182 naturam
960 1149 1202 1196 corporalem,
1231 1159 1266 1185 et
1291 1151 1523 1194 sensitivam3
1551 1152 1646 1187 unde

68 1208 193 1235 amant
213 1211 251 1235 se
273 1200 476 1235 secundum
490 1200 538 1243 id,
557 1201 653 1247 quod
673 1201 865 1236 aestimant
884 1213 921 1237 se
938 1213 1036 1245 esse;
1059 1203 1120 1238 sed
1137 1204 1263 1239 odiunt
1276 1204 1324 1247 id,
1340 1206 1437 1251 quod
1453 1217 1537 1240 vere
1552 1215 1645 1248 sunt,

67 1254 155 1290 dum
176 1253 305 1289 volunt
326 1254 508 1289 contraria
530 1254 682 1297 rationi;
705 1263 740 1290 et
757 1263 911 1302 utroque
935 1257 1049 1291 modo
1065 1256 1125 1291 ille
1140 1259 1197 1304 qui
1215 1258 1323 1305 diligit
1338 1260 1562 1306 iniquitatem,
1578 1260 1647 1296 odit

65 1320 139 1344 non
162 1307 282 1344 solum
304 1309 456 1343 animam
481 1321 588 1351 suam,
612 1309 675 1343 sed
697 1309 808 1344 etiam
831 1310 1003 1357 seipsum.

137 1362 182 1397 Et
201 1373 266 1410 per
288 1362 359 1397 hoc
381 1370 481 1410 patet
501 1362 692 1409 responsio
714 1374 765 1398 AD
791 1374 954 1399 PRIMUM.

136 1417 198 1452 AD
220 1426 430 1452 SECUNDUM
453 1416 660 1459 dicendum,
683 1417 781 1463 quod
803 1417 924 1453 nullus
946 1418 1013 1453 sibi
1034 1418 1123 1462 vult,
1145 1427 1181 1454 et
1207 1418 1294 1455 facit
1320 1420 1472 1464 malum,
1499 1422 1568 1456 nisi
1594 1422 1645 1457 in-

67 1478 244 1520 quantum
266 1470 504 1517 apprehendit
525 1469 614 1506 illud
636 1471 701 1506 sub
723 1471 857 1506 rationi
877 1472 983 1506 boni:
1007 1484 1094 1507 nam
1117 1482 1152 1508 et
1177 1473 1240 1516 illi,
1269 1475 1329 1521 qui
1356 1475 1569 1511 interimunt
1594 1489 1645 1512 se-

65 1525 258 1573 ipsos,hoc
274 1526 393 1572 ipsum
412 1524 510 1572 quod
529 1533 583 1560 est
604 1525 700 1560 mori
713 1526 990 1573 apprehendunt
1008 1527 1072 1561 sub
1088 1527 1228 1562 ratione
1242 1528 1340 1571 boni,
1355 1529 1571 1577 inquantum
1591 1540 1645 1566 est

65 1579 338 1616 terminativum
361 1578 513 1625 alicujus
535 1579 715 1622 miseriae,
736 1579 796 1614 vel
817 1580 965 1615 doloris.

136 1634 198 1669 AD
221 1644 394 1669 TERTIUM
409 1633 617 1676 dicendum,
634 1633 731 1680 quod
748 1645 877 1670 avarus
900 1635 977 1670 odit
999 1634 1146 1682 aliquod
1174 1637 1343 1673 accidens
1363 1650 1486 1673 suum:
1506 1651 1581 1674 non
1595 1648 1644 1675 ta-

66 1699 152 1723 men
172 1696 320 1735 propter
339 1687 412 1722 hoc
435 1687 512 1722 odit
533 1687 712 1735 seipsum:
741 1688 834 1723 sicut
861 1700 970 1736 aeger
988 1690 1065 1724 odit
1083 1702 1187 1725 suam
1216 1692 1482 1738 aegritudinem
1502 1705 1545 1728 ex
1571 1694 1642 1729 hoc

65 1743 145 1789 ipso
167 1741 265 1789 quod
287 1753 326 1777 se
347 1749 457 1776 amat.
478 1741 549 1776 Vel
567 1741 774 1785 dicendum,
797 1743 894 1789 quod
910 1745 1061 1778 avaritia
1076 1744 1201 1780 odiosos
1207 1746 1300 1792 facit
1321 1746 1410 1789 aliis,
1425 1759 1501 1782 non
1521 1756 1642 1783 autem

63 1796 131 1832 sibi
159 1796 243 1844 ipsi:
272 1795 478 1843 quinimmo
511 1804 680 1830 causatur
706 1808 749 1831 ex
771 1796 979 1832 inordinato
1002 1798 1057 1832 sui
1080 1810 1218 1843 amore,
1241 1800 1443 1835 secundum
1466 1813 1575 1849 quern
1598 1803 1642 1837 de

63 1850 169 1886 bonis
190 1849 453 1897 temporalibus
474 1849 555 1898 plus
576 1850 644 1885 sibi
665 1850 793 1898 aliquis
816 1851 904 1894 vult,
928 1863 1038 1898 quam
1061 1853 1201 1889 debeat.

631 2011 979 2056 ARTICULUS
1008 2013 1063 2055 V.
1575 2026 1639 2063 168

261 2129 416 2160 UTRUM
441 2129 619 2167 ALIQUIS
646 2129 799 2160 POSSIT
828 2130 940 2160 ODIO
971 2131 1140 2162 HABERE
1166 2132 1435 2164 VERITATEM.

608 2231 693 2277 (2-2.
716 2243 746 2278 q.
766 2243 818 2278 34.
840 2236 904 2268 art.
921 2244 948 2268 1.
971 2232 1091 2280 corp).

134 2332 195 2369 AD
217 2343 399 2373 QUINTUM
421 2333 471 2369 sic
494 2333 712 2381 proceditur.
728 2333 891 2377 Videtur,
910 2335 1007 2382 quod
1027 2334 1154 2382 aliquis
1175 2347 1250 2371 non
1265 2336 1380 2384 possit
1397 2336 1531 2374 habere
1554 2339 1639 2374 odio

62 2386 269 2423 veritatem:
288 2388 411 2423 bonum
433 2387 543 2430 enim,
566 2396 600 2422 et
613 2400 680 2431 ens,
700 2396 735 2422 et
751 2400 869 2424 verum
892 2397 1171 2425 convertuntur:
1194 2390 1257 2425 sed
1280 2390 1409 2438 aliquis
1426 2403 1501 2427 non
1520 2402 1641 2440 potest

62 2439 196 2476 habere
217 2441 303 2477 odio
320 2441 543 2484 bonitatem3
566 2453 654 2488 ergo
675 2453 743 2477 nec
765 2442 966 2478 veritatem.

133 2504 166 2530 2.
186 2494 425 2531 Pasti-snm.
450 2495 594 2531 Omnes
614 2495 784 2532 homines
805 2496 1015 2532 naturaliter
1037 2497 1128 2533 scire
1151 2498 1369 2542 desiderant,
1391 2508 1429 2535 ut
1451 2500 1581 2536 dicitur
1603 2502 1639 2536 in

62 2547 239 2596 principio
256 2549 363 2584 Men:
382 2550 444 2585 sed
466 2549 618 2584 scientia
635 2561 710 2585 non
728 2559 782 2585 est
794 2551 863 2585 nisi
881 2563 1073 2595 verorum;
1096 2564 1183 2600 ergo
1202 2553 1334 2588 veritas
1353 2555 1566 2591 naturaliter
1583 2556 1641 2591 de-

62 2601 248 2646 sideratur,
275 2611 311 2639 et
336 2612 497 2638 amatur:
520 2603 582 2638 sed
606 2604 704 2651 quod
730 2604 942 2640 naturaliter
962 2605 1067 2649 inest,
1093 2618 1239 2654 semper
1264 2607 1376 2651 inest;
1403 2608 1523 2644 nullus
1551 2621 1639 2657 ergo

63 2663 180 2703 potest
200 2656 334 2692 habere
357 2658 443 2692 odio
464 2657 666 2693 veritatem.

136 2720 166 2757 3.
180 2709 418 2747 PRAETEREA.
441 2711 689 2759 Philosophus
710 2712 797 2748 dicit
817 2713 854 2748 in
877 2723 908 2748 2.
931 2713 1037 2749 Rhet.
1062 2714 1151 2762 (cap.
1170 2727 1203 2760 4.
1226 2728 1245 2750 a
1260 2715 1362 2760 med.)
1377 2717 1475 2763 quod
1494 2718 1640 2754 homines

63 2769 177 2800 amant
197 2776 263 2800 non
274 2766 393 2813 fictos:
414 2765 476 2801 sed
495 2777 569 2801 non
586 2766 656 2801 nisi
673 2776 819 2814 propter
832 2767 1022 2803 veritatem
1033 2781 1042 2812 3
1061 2780 1149 2816 ergo
1168 2769 1284 2805 homo
1306 2770 1518 2806 naturaliter
1540 2781 1639 2808 amat

62 2817 270 2862 veritatem3
290 2830 366 2854 non
384 2831 472 2867 ergo
492 2831 574 2855 eam
596 2820 681 2856 odio
702 2820 822 2856 habet.

134 2870 210 2908 SED
231 2883 388 2909 CONTRA
416 2881 480 2916 est,
507 2873 605 2921 quod
626 2874 827 2922 Apostolus
854 2875 940 2911 dicit
967 2876 1011 2911 ad
1034 2876 1115 2912 Gal.
1138 2887 1189 2921 4.:
1211 2878 1332 2913 Factus
1357 2890 1428 2913 sum
1454 2881 1548 2917 vobis
1575 2882 1637 2918 ini-

63 2925 179 2969 micus,
200 2937 318 2962 verum
339 2927 446 2963 dicens
465 2929 570 2964 vobis.
