1875 3198
215 176 240 215 6
244 176 299 228 56
658 188 878 224 QUAEsrro
912 189 1000 219 xer.
1035 188 1280 220 ARTICULUS
1312 189 1370 219 vl.

213 279 268 311 eo,
291 268 387 315 quod
406 277 642 312 mensuratur,
665 278 699 304 et
721 270 919 317 regularum
942 271 990 305 ita
1013 271 1109 317 quod
1137 271 1254 305 omnis
1282 269 1482 312 inclinatio,
1502 269 1562 305 vel
1582 269 1774 312 ordinatio,

212 332 304 367 quae
326 321 506 356 invenitur
527 323 562 356 in
584 323 652 365 his,
675 335 766 369 quae
789 325 949 369 subjecta
971 333 1052 359 sunt
1074 324 1157 371 legi,
1179 324 1427 370 participative
1450 323 1578 358 dicitur
1599 324 1662 367 lex,
1681 331 1720 358 ut
1734 335 1776 358 ex

212 386 317 421 supra
339 375 442 410 dictis
464 384 561 422 patet
583 377 662 421 (art.
685 389 715 412 2.
739 378 806 423 lmj.
829 378 888 423 q).
912 378 1037 412 Potest
1064 386 1185 412 autem
1213 379 1247 412 in
1269 378 1337 420 his,
1360 389 1451 424 quae
1472 377 1671 412 subduntur
1690 376 1775 423 legi,

213 428 331 474 aliqua
349 429 536 464 inclinatio
556 430 706 464 inveniri
722 430 896 476 dupliciter
916 443 935 465 a
953 430 1178 477 legislatore:
1202 443 1266 465 uno
1285 431 1392 473 modo,
1407 431 1620 477 inquantum
1641 430 1776 465 directe

212 493 296 516 suos
318 483 469 517 inclinat
491 483 651 517 subditos
675 484 717 517 ad
741 484 885 530 aliquid,
913 493 947 519 et
973 485 1153 519 interdum
1181 485 1224 518 ad
1252 485 1413 518 diversos
1435 492 1553 518 actus:
1577 484 1777 518 secundum

213 546 321 581 quem
343 536 494 570 modum
522 544 640 582 potest
667 537 747 579 dici,
775 538 872 583 quod
900 537 969 571 alia
997 546 1049 572 est
1075 537 1131 572 lex
1153 538 1322 580 militum,
1345 545 1379 572 et
1401 537 1470 571 alia
1492 545 1545 572 est
1565 537 1621 572 lex
1643 548 1779 571 merca-

211 597 348 624 torum:
369 590 435 624 αἷῐο
455 590 549 623 modo
568 589 754 633 indirecte,
776 591 990 636 inquantum
1013 591 1150 625 scilicet
1171 602 1233 637 per
1254 591 1326 625 hoc
1349 591 1447 637 quod
1468 590 1655 637 legislator
1676 590 1780 625 desti-

211 642 279 676 tuit
301 642 459 689 aliquem
481 643 548 677 sibi
569 643 750 677 subditum
775 643 893 690 aliqua
915 645 1100 690 dignitate,
1123 645 1282 690 sequitur
1304 644 1400 690 quod
1422 652 1582 678 transeat
1601 644 1638 678 in
1665 643 1776 678 alium

213 696 390 738 ordinem,
414 704 448 730 et
469 696 572 742 quasi
592 697 628 730 in
652 696 760 730 aliam
781 697 919 743 legem:
947 706 1031 744 puta
1059 700 1087 732 si
1109 698 1213 732 miles
1235 709 1278 732 ex
1300 697 1429 732 militia
1451 698 1666 740 distituatur‚
1687 705 1780 732 tran-

213 749 295 783 sibit
315 750 351 783 in
379 749 499 795 legem
526 750 757 793 rusticorum,
783 751 842 785 vel
868 760 1124 786 mercatorum.
1153 751 1213 786 Sic
1240 751 1347 797 igitur
1374 751 1437 786 sub
1463 751 1546 786 Deo
1572 750 1779 798 legislatore

213 803 373 837 diversae
396 812 580 838 creaturae
607 805 765 839 diversas
791 805 927 839 habent
951 805 1133 840 naturales
1159 804 1431 840 inclinationes:
1457 805 1507 839 ita
1532 812 1572 839 ut
1597 804 1695 851 quod
1718 804 1780 838 uni

214 864 267 890 est
288 857 562 903 quodammodo
584 857 652 900 lex,
675 858 777 892 alteri
798 859 842 893 sit
857 867 983 893 contra
1005 858 1143 905 legem:
1163 866 1201 893 ut
1223 859 1252 893 si
1274 858 1405 901 dicam,
1427 858 1525 905 quod
1546 857 1779 892 furibundum

213 921 290 944 esse
318 919 370 944 est
391 911 665 957 quodammodo
687 911 744 946 lex
771 913 880 954 canis,
908 921 961 947 est
988 921 1108 947 autem
1137 920 1262 947 contra
1288 911 1407 958 legem
1435 912 1526 954 ovis,
1552 911 1610 946 vel
1633 911 1779 946 alterius

213 964 392 998 mansueti
414 964 590 999 animalis.
606 965 668 1000 Est
682 977 768 1011 ergo
790 966 950 1001 hominis
969 966 1036 1009 lex,
1052 978 1162 1013 quam
1183 967 1330 1001 sortitur
1345 977 1387 1000 ex
1402 966 1630 1000 ordinatione
1649 966 1780 1008 divina,

212 1018 412 1052 secundum
439 1019 623 1065 propriam
654 1020 913 1063 conditionem,
944 1028 980 1054 ut
1015 1021 1215 1055 secundum
1242 1021 1422 1054 rationem
1454 1027 1633 1067 operetur.
1673 1019 1780 1060 Quae

213 1072 361 1117 quidem
382 1071 438 1106 lex
459 1072 525 1107 fuit
545 1081 620 1107 tam
642 1073 761 1108 valida
784 1074 818 1107 in
841 1074 958 1120 primo
977 1082 1082 1116 statu,
1102 1082 1140 1108 ut
1157 1073 1248 1108 nihil
1265 1073 1323 1108 vel
1344 1081 1486 1120 praeter
1509 1074 1700 1115 rationem,
1722 1072 1782 1107 vel

215 1133 341 1159 contra
362 1126 543 1160 rationem
569 1135 692 1173 posset
717 1128 908 1174 subrepere
935 1128 1094 1162 homini:
1123 1128 1185 1162 sed
1212 1128 1299 1162 dum
1324 1127 1441 1162 homo
1469 1139 1490 1162 a
1514 1127 1596 1162 Deo
1623 1126 1782 1168 recessit,

214 1179 364 1213 incurrit
386 1179 421 1213 in
443 1179 527 1222 hoc,
550 1181 646 1226 quod
668 1180 801 1215 feratur
822 1182 1020 1215 secundum
1045 1181 1223 1228 impetum
1251 1180 1510 1216 sensualitatis:
1533 1188 1569 1215 et
1589 1179 1783 1226 unicuique

216 1232 325 1266 etiam
348 1233 610 1279 particulariter
630 1235 701 1268 hoc
726 1235 914 1280 contingit,
942 1243 1078 1281 quanto
1101 1235 1218 1281 magis
1241 1247 1260 1269 a
1282 1235 1422 1269 ratione
1444 1234 1650 1277 recesserit;
1673 1241 1712 1268 ut
1732 1233 1782 1268 sic

217 1286 493 1332 quodammodo
504 1287 625 1322 bestiis
637 1287 865 1330 assimiletur,
881 1300 973 1334 quae
988 1288 1230 1323 sensualitatis
1246 1290 1382 1335 impetu
1395 1287 1568 1330 feruntur,
1583 1286 1783 1322 secundum

215 1339 304 1374 illud
323 1340 417 1375 Psal.
439 1341 518 1384 48.:
540 1342 665 1384 Homo,
686 1354 759 1377 cnm
779 1343 814 1376 in
832 1343 952 1377 honore
973 1348 1058 1385 esset,
1075 1355 1141 1377 non
1155 1343 1333 1383 intellexi&
1350 1347 1562 1389 comparatus
1574 1342 1784 1388 estjumentvis

215 1395 453 1440 insipientibus,
473 1401 503 1430 et
519 1396 757 1441 similisfactm
775 1401 817 1430 est
835 1396 920 1436 illim
938 1396 987 1430 sic
1003 1396 1112 1442 igitur
1125 1396 1201 1443 ipsa
1223 1396 1463 1430 sensualitatis
1481 1394 1783 1441 inclinatio‚quae

209 1447 316 1493 sumes
345 1448 483 1490 dicitur,
519 1450 554 1483 in
590 1449 668 1483 aliis
701 1449 846 1496 quidem
876 1450 1091 1484 animalibus
1119 1449 1330 1496 simpliciter
1350 1449 1460 1483 habet
1482 1449 1661 1483 rationem
1681 1447 1784 1494 legis,

217 1500 280 1535 illo
307 1509 430 1536 tamen
458 1502 582 1544 modo,
610 1514 681 1549 quo
708 1503 743 1536 in
762 1503 892 1537 talibus
913 1503 970 1537 lex
990 1503 1061 1537 dici
1081 1511 1200 1550 potest
1221 1503 1421 1538 secundum
1443 1503 1617 1537 directam
1638 1500 1785 1535 inclina-

216 1554 355 1589 tionem
377 1555 486 1601 legis:
510 1556 545 1590 in
564 1556 774 1591 hominibus
797 1565 917 1591 autem
940 1557 1140 1591 secundum
1161 1557 1233 1591 hoc
1255 1568 1330 1591 non
1350 1557 1461 1591 habet
1480 1556 1660 1590 rationem
1681 1554 1784 1601 legis,

217 1608 278 1642 sed
301 1609 417 1654 magis
440 1617 493 1643 est
514 1609 670 1644 deviatio
691 1621 710 1643 a
732 1610 812 1656 lege
832 1611 999 1646 rationis:
1019 1611 1080 1645 sed
1103 1612 1317 1657 inquantum
1343 1622 1407 1657 per
1425 1610 1585 1644 divinam
1610 1609 1784 1656 justitiam

216 1662 330 1696 homo
359 1663 561 1697 destituitur
588 1663 757 1710 originali
785 1664 930 1710 justitia,
958 1673 993 1698 et
1017 1665 1144 1711 vigore
1171 1665 1332 1707 rationis,
1358 1665 1434 1711 ipse
1459 1664 1617 1711 impetus
1643 1675 1786 1698 sensua-

216 1714 334 1758 litatis,
351 1716 411 1762 qui
425 1728 508 1750 eum
524 1717 631 1760 ducit,
647 1718 756 1751 habet
771 1718 952 1752 rationem
969 1718 1072 1764 legis,
1093 1718 1308 1765 inquantum
1331 1726 1385 1753 est
1405 1718 1580 1765 poenalis,
1595 1726 1630 1753 et
1643 1729 1685 1753 ex
1700 1717 1782 1764 lege

217 1768 338 1803 divina
362 1781 588 1816 consequens
612 1771 803 1805 hominem
826 1771 1036 1806 destitutum
1058 1773 1202 1819 propria
1229 1772 1413 1818 dignitate.

288 1823 346 1856 AD
362 1834 508 1858 PRIMUM
532 1836 618 1870 ergo
642 1825 848 1867 dicendum,
871 1825 967 1872 quod
990 1826 1082 1860 ratio
1100 1825 1162 1860 illa
1183 1826 1348 1872 procedit
1369 1826 1412 1860 de
1430 1825 1557 1861 fomite
1584 1825 1785 1861 secundum

216 1887 253 1910 se
276 1877 518 1920 considerato,
541 1887 647 1924 prout
668 1878 818 1913 inclinat
841 1879 883 1913 ad
906 1879 1063 1913 malum:
1087 1880 1138 1914 sic
1161 1880 1259 1914 enim
1279 1891 1354 1914 non
1367 1879 1477 1914 habet
1489 1880 1669 1914 rationem
1682 1879 1785 1926 legis,

216 1940 254 1964 ut
275 1930 412 1964 dictum
435 1940 487 1965 est
509 1932 560 1977 (in
588 1938 679 1979 corp.
706 1933 800 1977 art),
833 1933 895 1967 sed
922 1933 1123 1967 secundum
1152 1933 1249 1980 quod
1276 1933 1436 1979 sequitur
1462 1945 1505 1968 ex
1531 1933 1673 1967 divinae
1694 1932 1785 1979 legis
1839 1947 1842 1951 ·

216 1984 369 2029 justitia,
396 1993 584 2031 tamquam
611 1988 640 2020 si
667 1986 845 2020 diceretur
870 1985 927 2021 lex
955 1998 1045 2030 esse,
1073 1987 1170 2033 quod
1198 1987 1326 2034 aliquis
1352 1987 1485 2022 nobilis
1510 1994 1656 2034 propter
1681 1998 1786 2021 suam

218 2037 363 2084 culpam
383 2039 427 2073 ad
448 2039 591 2073 servilia
613 2051 724 2086 opera
746 2040 867 2074 induci
891 2041 1169 2087 permitteretur.

290 2092 350 2126 AD
372 2103 580 2128 SECUNDUM
602 2093 807 2135 dicendum,
830 2094 926 2140 quod
949 2094 1105 2139 objectio
1127 2094 1189 2128 illa
1211 2094 1375 2141 procedit
1396 2094 1439 2129 de
1462 2105 1518 2138 eo,
1537 2093 1634 2141 quod
1650 2101 1704 2129 est
1717 2093 1784 2136 lex,

219 2145 321 2192 quasi
342 2145 478 2191 regula,
502 2155 537 2181 et
563 2158 750 2181 mensura:
778 2147 829 2181 sic
857 2147 954 2181 enim
981 2148 1167 2182 deviantes
1195 2159 1214 2181 a
1240 2147 1322 2194 lege
1346 2156 1630 2195 transgressores
1657 2147 1786 2182 consti-

218 2207 383 2234 tuuntur:
407 2200 457 2234 sic
480 2208 601 2235 autem
624 2200 741 2236 fomes
763 2212 837 2235 non
859 2209 913 2236 est
933 2201 1002 2244 leX,
1026 2202 1087 2236 sed
1109 2213 1172 2249 per
1190 2202 1387 2249 quamdam
1408 2202 1733 2249 participationem,
1747 2209 1786 2236 ut

219 2265 325 2300 supra
348 2254 484 2288 dictum
507 2263 560 2289 est
582 2254 632 2299 (in
655 2261 743 2301 corp.
767 2255 862 2300 art).

290 2308 350 2342 AD
373 2319 544 2343 TERTmM
564 2308 771 2351 dicendum,
794 2309 891 2356 quod
919 2310 1010 2345 ratio
1037 2309 1099 2344 illa
1126 2310 1290 2356 procedit
1316 2309 1359 2344 de
1386 2309 1513 2345 fomite
1539 2316 1714 2357 quantum
1741 2308 1784 2343 ad

219 2364 493 2400 inclinationem
516 2366 711 2412 propriam,
733 2378 806 2400 non
831 2374 950 2401 autem
973 2375 1148 2413 quantum
1168 2368 1210 2402 ad
1233 2378 1337 2401 suam
1352 2367 1549 2414 originem:
1569 2374 1603 2402 et
1619 2375 1742 2401 tamen
1756 2365 1786 2400 si

220 2419 467 2454 consideretur
487 2419 675 2454 inclinatio
703 2420 956 2462 sensualitatis,
984 2429 1091 2467 prout
1117 2429 1170 2455 est
1196 2421 1231 2455 in
1259 2420 1336 2455 aliis
1365 2420 1591 2464 animalibus,
1618 2420 1669 2455 sic
1697 2419 1788 2454 ordi-

219 2481 324 2507 natur
338 2473 380 2507 ad
396 2474 534 2508 bonum
556 2485 765 2516 commune,
788 2474 821 2507 id
839 2483 891 2508 est
906 2475 948 2508 ad
972 2475 1289 2509 conservationem
1308 2482 1457 2509 naturae
1478 2474 1515 2509 in
1530 2474 1660 2521 specie,
1673 2473 1732 2508 vel
1750 2474 1784 2508 in

220 2527 422 2561 individuo:
447 2536 481 2562 ct
501 2528 573 2562 hoc
596 2536 648 2562 est
670 2528 779 2562 etiam
802 2528 837 2561 in
856 2528 1019 2571 homine,
1038 2537 1144 2575 prout
1158 2528 1370 2563 sensualitas
1384 2527 1545 2564 subditur
1561 2528 1709 2570 rationi;
1723 2525 1784 2562 sed

221 2580 337 2615 fomes
360 2581 501 2624 dicitur,
524 2582 722 2616 secundum
747 2581 841 2628 quod
863 2583 933 2616 exit
954 2582 1103 2616 rationis
1126 2582 1302 2617 ordinem.
