1907 3182
253 193 336 234 352
707 191 925 226 QUAESTIO
958 191 996 218 L.
1032 189 1275 219 ARTICULUS
1310 189 1370 218 ΙΙΙ.

322 273 382 307 AD
410 283 618 307 SECUNDUM
640 271 846 312 dicendum,
870 272 965 316 quod
988 271 1080 303 vires
1103 269 1294 303 sensitivae
1315 269 1352 302 in
1369 269 1481 303 brutis
1504 268 1720 303 animalibus
1740 280 1814 303 non

249 333 446 372 operantur
468 337 509 359 ex
531 325 683 370 imperio
704 325 872 358 rationis:
896 324 957 357 sed
980 323 1008 357 si
1035 323 1101 357 sibi
1122 323 1370 368 relinquantur
1394 323 1499 356 bruta
1526 321 1709 363 animalia,
1735 333 1817 368 ope·

250 387 372 412 rantur
394 390 436 413 ex
450 379 598 412 instintu
620 386 788 412 naturae:
812 386 845 410 et
859 377 961 410 sicin
976 376 1087 410 brutis
1111 375 1326 410 animalibus
1346 387 1421 409 non
1444 384 1527 409 sunt
1549 375 1660 420 aliqui
1673 375 1816 409 habitus

250 433 406 466 ordinati
437 432 480 465 ad
508 432 756 477 operationes:
780 438 862 464 sunt
893 438 1016 464 tamen
1037 430 1073 462 in
1097 429 1146 463 eis
1175 429 1315 475 aliquae
1338 429 1594 475 dispositiones
1623 428 1660 461 in
1690 429 1816 462 ordine

251 486 295 520 ad
318 494 500 519 naturam:
524 493 562 518 ut
579 485 725 525 sanitas,
743 492 777 517 et
790 482 1041 529 pulchritudo:
1064 482 1125 516 sed
1145 482 1228 528 quia
1250 482 1353 516 bruta
1369 481 1540 516 animalia
1559 493 1579 515 a
1597 481 1740 515 ratione
1754 481 1818 515 ho-

249 539 358 572 minis
386 550 448 584 per
475 538 671 584 quamdam
694 536 995 570 consuetudinem
1017 536 1256 581 disponuntur
1279 536 1322 568 ad
1345 535 1480 581 aliquid
1502 534 1727 581 operandum
1754 534 1817 576 sic,

249 592 308 626 vel
330 592 443 633 aliter,
458 592 529 625 hoc
545 591 657 624 modo
677 591 713 623 in
734 590 846 624 brutis
861 588 1076 623 animalibus
1094 589 1237 622 habitus
1253 588 1529 634 quodammodo
1544 588 1632 634 poni
1650 595 1816 634 possunt:

250 646 345 679 unde
367 646 520 690 August.
549 645 634 678 dicit
660 644 696 677 in
717 643 776 677 lib.
800 643 855 688 83.
881 642 969 683 QQ.
991 643 1038 688 (q.
1057 643 1109 688 36.
1133 654 1197 676 non
1220 643 1312 687 longe
1335 643 1499 687 aprinc.)
1524 641 1621 687 quod
1648 640 1816 674 videmus

250 699 534 732 immanissimas
556 697 687 731 bestias
707 708 727 730 a
745 697 913 730 maximis
935 695 1179 741 voluptatibus
1202 695 1380 729 abstinere
1403 694 1573 728 dolorum
1591 701 1703 735 metu,
1720 693 1818 739 quod

251 765 335 786 cum
357 753 392 785 in
416 763 540 785 earum
564 750 865 784 consuetudinem
881 751 1040 790 vertitur,
1063 749 1235 790 domitae,
1255 756 1291 782 et
1311 756 1523 782 mansuetae
1540 755 1728 781 vocantur.
1750 747 1820 780 De-

250 805 324 840 ficit
346 814 468 839 tamen
495 805 586 838 ratio
606 804 748 838 habitus
771 812 946 849 quantum
970 803 1013 836 ad
1036 814 1142 836 usum
1164 802 1378 836 voluntatis:
1402 801 1485 848 quia
1506 812 1581 835 non
1606 800 1742 834 habent
1760 800 1820 834 do-

251 859 405 893 minium
428 858 560 899 utendi,
580 857 637 891 vel
652 869 725 891 non
748 857 888 899 utendi,
911 856 1007 902 quod
1029 856 1170 889 videtur
1191 855 1235 889 ad
1261 855 1442 889 rationem
1463 854 1606 888 habitus
1622 853 1819 899 pertinere3

251 921 286 946 et
307 913 400 953 ideo,
423 911 566 957 proprie
589 910 785 956 loquendo,
807 910 844 943 in
866 910 916 943 eis
938 909 1080 943 habitus
1103 920 1180 942 esse
1201 919 1276 942 non
1298 916 1460 954 possunt.

322 966 380 999 AD
404 975 576 998 TERTIUM
599 964 805 1005 dicendum,
821 963 917 1009 quod
933 963 1109 1009 appetitus
1132 961 1322 995 sensitivus
1340 969 1446 995 natus
1468 968 1521 995 est
1538 960 1680 994 moveri
1699 960 1741 993 ab
1762 971 1820 1006 ap-

250 1019 361 1065 petitu
384 1017 563 1059 rationali,
586 1025 624 1051 ut
642 1017 772 1050 dicitur
792 1017 829 1050 in
855 1028 882 1062 3.
907 1016 949 1050 de
977 1016 1113 1049 Anima
1136 1018 1212 1059 (tex.
1232 1016 1323 1061 57.):
1347 1015 1408 1049 sed
1426 1014 1520 1048 vires
1546 1012 1741 1047 rationales
1763 1024 1821 1059 ap-

250 1071 487 1118 prehensivae
509 1079 614 1104 natae
634 1078 716 1104 sunt
738 1070 901 1116 accipere
927 1081 945 1102 a
966 1069 1101 1103 viribus
1120 1068 1318 1110 sensitivis;
1340 1076 1375 1102 et
1395 1068 1477 1102 ideo
1500 1067 1616 1113 magis
1638 1066 1820 1108 convenit,

250 1125 347 1171 quod
369 1125 512 1158 habitus
536 1125 606 1158 sint
626 1124 662 1157 in
688 1124 822 1157 viribus
845 1123 1024 1157 sensitivis
1051 1122 1264 1168 appetitivis,
1292 1133 1402 1167 quam
1424 1121 1460 1154 in
1480 1121 1616 1154 viribus
1642 1119 1820 1154 sensitivis

252 1178 540 1224 apprehensivis:
569 1189 653 1211 cum
673 1177 708 1210 in
731 1177 866 1210 viribus
887 1176 1066 1210 sensitivis
1089 1175 1291 1222 appetitivis
1313 1186 1389 1209 non
1410 1174 1481 1209 sint
1500 1174 1656 1215 habitus,
1677 1173 1747 1207 nisi
1767 1183 1822 1207 se-

253 1233 413 1266 cundum
431 1232 528 1277 quod
551 1239 747 1276 operantur
768 1242 810 1264 ex
832 1230 985 1276 imperio
1008 1229 1173 1263 rationis:
1198 1228 1362 1274 quamvis
1385 1228 1495 1262 etiam
1517 1228 1552 1261 in
1574 1227 1660 1274 ipsis
1678 1226 1822 1260 interio-

251 1286 347 1320 ribus
369 1286 502 1319 viribus
524 1285 702 1319 sensitivis
725 1284 995 1330 apprehensivis
1022 1291 1173 1329 possunt
1198 1283 1287 1329 poni
1313 1282 1423 1328 aliqui
1444 1282 1599 1324 habitus,
1621 1281 1822 1315 secundum

251 1351 342 1385 quos
357 1339 471 1372 horno
488 1339 532 1372 sit
545 1339 636 1372 bene
651 1337 924 1379 memorativus,
936 1336 994 1371 vel
1005 1337 1233 1383 cogitativus,
1244 1335 1586 1381 velimaginativus:
1603 1334 1697 1368 unde
1712 1333 1821 1368 etiam

252 1393 388 1426 Philos.
409 1392 494 1425 dicit
514 1403 590 1437 cap.
610 1401 640 1425 2.
658 1392 699 1425 de
715 1391 906 1432 Memoria,
922 1399 956 1424 et
974 1390 1170 1424 Reminisc.
1189 1390 1223 1433 (a
1237 1389 1349 1435 mad),
1370 1388 1466 1435 quod
1487 1388 1714 1423 consuetudo
1733 1387 1822 1421 mul-

251 1455 329 1481 tum
363 1454 533 1492 operatur
561 1445 604 1479 ad
631 1445 722 1479 bene
750 1444 1047 1478 memorandum:
1076 1444 1159 1490 quia
1186 1443 1295 1477 etiam
1322 1443 1411 1477 istae
1437 1442 1531 1477 vires
1558 1450 1752 1476 moventur
1778 1441 1822 1474 ad

252 1499 478 1546 operandum
490 1510 532 1533 ex
543 1499 696 1545 imperio
712 1498 879 1532 rationis:
896 1498 988 1532 vires
1004 1507 1124 1532 autem
1141 1497 1424 1544 apprehensivae
1439 1496 1646 1538 exteriores,
1661 1504 1700 1530 ut
1712 1495 1822 1537 visus,

252 1562 287 1587 et
309 1553 461 1594 auditus,
485 1561 519 1586 et
539 1552 761 1597 hujusmodi,
779 1563 853 1585 non
876 1560 958 1585 sunt
984 1551 1209 1597 susceptivae
1233 1550 1437 1596 aliquorum
1460 1549 1668 1583 habituum:
1689 1548 1751 1582 sed
1773 1559 1824 1582 se-

253 1607 412 1641 cundum
434 1607 711 1653 dispositionem
733 1617 818 1640 suae
841 1613 989 1639 naturae
1013 1605 1224 1639 ordinantur
1247 1605 1290 1638 ad
1312 1615 1396 1638 suos
1420 1612 1520 1638 actus
1542 1603 1822 1644 determinat0s;

252 1661 344 1695 sicut
366 1668 400 1694 et
422 1661 586 1694 membra
609 1659 782 1706 corporis,
804 1660 840 1692 in
863 1659 990 1705 quibus
1013 1670 1087 1693 non
1110 1666 1192 1692 sunt
1217 1658 1372 1699 habitus,
1399 1657 1461 1692 sed
1488 1657 1604 1704 magis
1630 1657 1668 1691 in
1688 1656 1822 1690 viribus

252 1714 511 1760 imperantibus
534 1722 676 1747 motum
698 1713 871 1759 ipsorum.

814 1853 1160 1898 ARTICULUS
1192 1853 1266 1895 [V.
1464 1855 1473 1867 '
1755 1873 1823 1908 274

447 1964 599 1993 UTRUM
626 1964 668 1993 m
695 1963 791 1992 Ipso
819 1962 1098 1992 INTELLECTU
1126 1961 1193 1990 SIT
1222 1960 1398 1996 ALIQUIS
1426 1959 1628 1990 HA131Tus.

253 2052 356 2098 (Injr.
377 2064 406 2097 q.
426 2064 472 2097 51.
495 2056 598 2097 art.3.
622 2057 712 2098 corp.
732 2056 762 2085 et
782 2062 810 2096 q.
830 2062 874 2095 53.
894 2055 997 2096 ιινί.3.
1013 2055 1104 2096 corp.
1124 2054 1152 2083 εἰ
1173 2060 1202 2094 q.
1222 2049 1274 2094 56.
1298 2053 1361 2082 art.
1377 2060 1405 2094 5.
1428 2052 1456 2082 et
1477 2059 1506 2094 q.
1529 2047 1584 2094 67.
1604 2052 1658 2082 art
1680 2058 1711 2082 2.
1730 2053 1821 2094 corp.

761 2109 789 2138 ct
818 2104 904 2138 [ἐι-ι’.
929 2115 958 2148 q.
981 2115 1036 2138 20.
1059 2107 1123 2137 art.
1146 2114 1176 2137 2.
1200 2102 1317 2148 corp).

326 2193 385 2228 AD
408 2203 595 2232 QUARTUM
619 2193 668 2226 sic
697 2192 913 2238 proceditur.
936 2191 1099 2233 Videtur,
1126 2191 1223 2237 quod
1245 2190 1282 2224 in
1307 2189 1494 2224 intellectu
1520 2200 1595 2224 non
1621 2189 1692 2224 sint
1713 2188 1824 2236 aliqui

254 2247 416 2281 habitus:
446 2246 588 2280 habitus
621 2246 718 2280 enim
749 2245 1021 2291 operationibus
1056 2244 1341 2285 conformantur,
1369 2251 1407 2277 ut
1433 2243 1570 2277 dictum
1599 2251 1651 2277 est
1677 2243 1758 2288 (art.
1791 2254 1822 2278 2.

254 2301 323 2345 huj.
347 2301 416 2345 q.).·
440 2299 502 2333 sed
525 2299 755 2345 operationes
778 2299 938 2332 hominis
960 2306 1042 2332 sunt
1065 2308 1281 2332 communes
1305 2297 1461 2338 animae,
1485 2304 1520 2331 et
1541 2296 1706 2343 corpori,
1718 2304 1756 2330 ut
1777 2296 1826 2330 di-

255 2354 346 2388 citur
365 2354 400 2386 in
428 2364 454 2386 1.
478 2353 520 2386 de
543 2352 677 2386 Anima
702 2352 779 2396 (tax.
804 2352 860 2395 64.
888 2357 915 2386 ct
937 2353 1038 2397 seq.);
1067 2362 1154 2397 ergo
1182 2359 1216 2385 et
1242 2351 1403 2385 habitus:
1431 2351 1493 2384 sed
1520 2349 1723 2384 intellectus
1749 2361 1823 2384 non

256 2415 308 2442 est
332 2415 431 2440 actus
455 2406 630 2452 corporis,
653 2414 690 2439 ut
711 2406 840 2438 dicitur
862 2405 897 2438 in
924 2417 951 2451 3.
975 2405 1018 2439 de
1042 2405 1177 2439 Anima
1200 2406 1278 2449 (tax.
1305 2405 1375 2447 6.);
1404 2415 1491 2450 ergo
1519 2403 1722 2438 intellectus
1748 2414 1823 2437 non

255 2469 309 2495 est
330 2460 532 2505 subjectum
556 2459 706 2503 alicujus
726 2459 879 2492 habitus.

328 2524 359 2548 2.
383 2513 619 2548 PRAETEREA.
645 2512 779 2553 Omne,
802 2512 899 2557 quod
923 2520 976 2546 est
997 2512 1032 2545 in
1056 2511 1188 2557 aliquo,
1208 2520 1262 2545 est
1288 2511 1323 2545 in
1343 2522 1388 2545 eo
1411 2522 1474 2556 per
1499 2510 1652 2545 modum
1674 2511 1761 2555 ejus,
1788 2509 1824 2544 in

255 2578 327 2613 quo
351 2575 421 2601 est:
444 2566 506 2600 sed
530 2566 565 2599 in
588 2565 684 2611 quod
708 2574 761 2598 est
783 2564 900 2598 forma
919 2565 994 2599 sine
1018 2565 1180 2606 materia,
1204 2572 1256 2598 est
1279 2572 1379 2598 actus
1400 2572 1561 2605 tanturm
1583 2563 1679 2610 quod
1702 2572 1823 2598 autem

256 2629 310 2655 est
331 2619 577 2665 compositum
600 2631 641 2652 cx
663 2617 792 2659 forma,
815 2627 848 2652 ct
861 2619 1024 2659 materia,
1046 2618 1155 2652 habet
1177 2619 1389 2664 potentiam,
1405 2625 1439 2652 et
1461 2625 1581 2651 actum
1597 2617 1721 2659 simul;
1736 2627 1824 2663 ergo

255 2674 291 2707 in
327 2685 383 2714 eo,
410 2672 507 2718 quod
535 2680 588 2706 est
613 2671 731 2719 foqma
757 2679 910 2712 tantum,
937 2683 1010 2705 non
1038 2680 1156 2717 potest
1182 2682 1259 2706 csse
1287 2671 1433 2717 aliquid,
1460 2671 1556 2717 quod
1583 2671 1628 2705 sit
1653 2670 1762 2704 simul
1788 2671 1823 2704 in

256 2728 429 2773 potentia,
453 2733 486 2760 et
503 2733 596 2766 actu,
618 2725 679 2759 sed
696 2724 813 2759 solum
831 2725 865 2757 in
883 2736 938 2765 co,
956 2725 1052 2770 quod
1069 2733 1121 2758 est
1136 2726 1381 2770 compositum
1401 2736 1443 2758 ex
1462 2724 1624 2766 materia,
1639 2732 1674 2758 et
1687 2723 1823 2765 forma;

257 2780 317 2814 sed
331 2779 532 2814 intellectus
547 2788 600 2813 cst
614 2777 730 2812 forma
746 2779 821 2811 sine
838 2779 1007 2818 materian
1027 2789 1114 2821 ergo
1133 2778 1287 2819 habitus,
1302 2777 1362 2823 qui
1381 2777 1489 2811 habet
1503 2777 1702 2823 potentiam
1716 2776 1824 2811 simul

257 2845 339 2868 cum
365 2841 457 2873 actu,
481 2832 581 2878 quasi
610 2831 771 2865 medium
801 2831 891 2864 inter
915 2839 1106 2876 utrumque¹
1130 2831 1297 2872 existens,
1324 2842 1398 2865 non
1425 2838 1543 2876 potest
1565 2841 1642 2865 esse
1669 2831 1703 2864 in
1727 2829 1826 2864 intel·

258 2887 364 2928 lectu,
387 2886 448 2920 sed
469 2885 587 2919 solum
612 2885 646 2918 in
670 2885 878 2928 conjuncto,
898 2884 993 2929 quod
1010 2892 1062 2917 cst
1085 2884 1330 2930 compositum
1353 2896 1394 2918 ex
1417 2883 1549 2924 anima,
1571 2891 1606 2918 et
1627 2894 1792 2929 corpore.
