1907 3182
246 188 334 242 426
674 197 894 232 QUAESTIO
927 197 1013 227 LXI.
1046 197 1290 227 ARTICULUS
1322 197 1363 226 v.

246 284 309 313 art.
331 291 362 314 2.
384 284 411 314 et
428 279 472 324 5.)
495 279 590 324 quod
612 278 820 323 hujusmodi
837 279 983 312 virtutes
1003 278 1078 312 sine
1097 277 1322 323 passionibus
1337 288 1414 311 esse
1434 288 1508 311 non
1530 284 1699 322 possunt,
1714 287 1800 323 ergo

246 332 454 377 hujusmodi
475 332 621 365 virtutes
644 331 784 377 purgati
806 331 917 364 animi
939 342 1015 364 esse
1037 342 1110 364 non
1138 338 1296 376 possunt.

321 397 348 431 3.
372 385 607 419 PRAETEREA.
629 384 786 418 Virtutes
803 385 1020 430 purgatorias
1041 384 1126 417 dicit
1147 394 1224 417 esse
1251 394 1390 425 eorum,
1412 383 1473 429 qui
1495 382 1651 428 quadam
1671 382 1784 416 huma

246 450 377 472 norum
397 437 483 484 fuga
504 437 590 472 solis
618 449 654 471 se
680 437 841 471 inserunt
866 437 1011 470 divinis:
1042 437 1102 470 sed
1129 437 1201 470 1106
1230 436 1371 470 videtur
1397 447 1474 470 6556
1503 436 1692 470 vitiosum:
1718 435 1805 469 dici-2

248 492 346 526 enim
370 491 512 525 Tullius
533 492 568 525 in
595 502 622 524 1.
639 491 681 524 de
706 489 813 525 Offic.
837 491 933 535 (circ.
955 490 1036 524 med.
1054 491 1090 523 in
1109 491 1155 524 tit.
1185 490 1268 524 Vera
1289 491 1519 535 magnanimit.
1539 491 1573 523 iu
1595 489 1690 523 duob.
1710 489 1802 533 sita):

248 546 318 590 Qui
331 545 488 592 despicere
506 557 534 579 se
549 544 661 578 diczmt
674 555 722 584 ea,
738 554 819 589 quae
827 543 975 589 plerique
994 544 1170 583 mirantur,
1187 542 1324 576 scilicet
1337 542 1498 587 imperia,
1513 550 1548 576 et
1562 542 1802 588 magistratus,

247 599 295 633 his
308 610 371 632 nou
394 598 488 631 modo
510 609 574 631 nou
596 596 698 638 laudi,
721 608 838 631 verum
859 598 959 631 etiam
979 597 1063 631 vitio
1077 595 1222 630 dandum
1235 601 1332 642 puto,·
1356 606 1442 641 ergo
1464 606 1539 630 non
1559 603 1642 630 sunt
1663 594 1804 641 aliquae

247 651 395 686 virtutes
411 652 640 697 purgatoriae.

318 715 350 747 4.
363 703 921 750 PRAETEREANirtutespoliticas
932 714 1010 738 esse
1022 703 1117 745 dicit,
1128 703 1243 749 quibus
1254 703 1331 737 boni
1339 703 1410 736 viri
1419 702 1615 749 reipublicae
1624 701 1802 745 consolunt,

248 759 402 803 urbesque
429 763 574 792 tuentur:
601 757 662 791 sed
691 757 734 790 ad
759 757 898 790 bonum
917 768 1112 790 commune
1140 755 1218 790 sola
1243 755 1376 801 justitia
1402 754 1528 801 legalis
1551 756 1745 798 ordinatur,
1766 763 1805 790 ut

248 810 383 846 Philos.
407 811 492 844 dicit
510 811 546 844 in
569 821 595 855 5.
612 810 727 844 Ethic.
748 811 835 856 (cap.
850 810 911 856 5.);
929 821 1015 855 ergo
1039 809 1129 844 aliae
1147 809 1295 843 virtutes
1313 820 1387 842 non
1409 809 1540 843 debent
1554 809 1624 843 dici
1638 809 1804 855 politicae.

320 864 393 898 SED
410 873 564 898 CONTRA
579 871 642 904 est,
661 863 758 909 quod
779 863 986 897 Macrobius
1004 863 1138 897 ibidem
1161 862 1246 896 dicit
1268 862 1346 906 (loc.
1366 863 1452 907 cit.):
1475 862 1624 897 Plotinus
1636 863 1722 897 inter
1731 862 1806 909 phi-

249 917 411 963 losophiae
428 917 624 964 professores
639 929 712 951 cum
731 916 866 950 Plutone
887 918 1052 962 princeps.
1076 916 1233 960 Quattuor
1252 920 1339 958 sunt,
1362 916 1481 961 inquit,
1504 921 1741 961 quaternarum
1756 926 1806 961 ge-

247 982 327 1005 nera
347 972 525 1005 virtutum:
548 982 586 1004 ex
607 970 654 1004 his
670 971 801 1016 primae
826 969 996 1016 politicae
1022 974 1203 1010 vocuntur;
1231 968 1387 1003 secundae
1411 969 1662 1015 purgatoriae:
1690 970 1806 1004 tertiae

247 1029 355 1059 autem
377 1025 450 1069 jam
471 1023 612 1069 purgati
634 1023 761 1057 animi:
785 1028 922 1068 quartae
944 1022 1177 1069 exemplares.

319 1077 548 1111 RESPONDEO
570 1076 777 1118 dicendum,
799 1077 907 1122 quod,
934 1076 1026 1110 sicut
1050 1075 1274 1122 Augustinus
1295 1075 1381 1109 dicit
1402 1075 1438 1109 in
1459 1074 1550 1110 libro
1578 1075 1622 1110 de
1642 1075 1806 1110 Moribus

248 1130 432 1165 Ecclesiae
449 1130 534 1176 (cap.
551 1130 583 1165 6.
603 1142 622 1164 α
643 1129 756 1175 med),
781 1138 934 1176 oportet,
956 1129 1053 1175 quod
1075 1130 1195 1163 anima
1211 1128 1344 1174 aliquid
1359 1138 1527 1175 sequatur
1541 1128 1586 1163 ad
1603 1128 1687 1171 hoc,
1709 1129 1806 1175 quod

249 1184 282 1218 ei
302 1184 416 1230 possit
443 1183 554 1217 virtus
584 1183 738 1217 innasci:
759 1191 793 1217 et
817 1183 889 1217 hoc
915 1183 1014 1217 Deus
1037 1191 1100 1224 est,
1123 1193 1229 1228 quem
1252 1182 1282 1216 si
1302 1182 1497 1228 sequimur,
1522 1182 1614 1217 bene
1639 1182 1806 1224 vivimus,

249 1245 391 1283 oportet
412 1236 472 1282 [al.
486 1237 589 1283 patet]
614 1237 731 1282 igitur,
751 1237 847 1282 quod
864 1236 1046 1282 exemplar
1064 1236 1245 1270 humanae
1259 1235 1398 1270 virtutis
1416 1235 1453 1269 in
1469 1236 1552 1270 Deo
1573 1236 1807 1282 praeexistat,

249 1291 341 1326 sicut
367 1291 462 1331 etssin
489 1302 533 1325 eo
560 1290 800 1336 praeexistunt
827 1291 991 1324 omnium
1013 1301 1132 1323 rerum
1154 1289 1330 1332 rationes3
1352 1289 1402 1323 sic
1424 1289 1532 1335 igitur
1556 1289 1668 1324 virtus
1689 1297 1808 1336 potest

250 1344 479 1386 considerari,
497 1343 555 1378 vel
565 1352 671 1390 prout
685 1352 738 1377 est
752 1343 1002 1389 exemplariter
1022 1343 1058 1376 in
1080 1343 1179 1377 Deo:
1200 1351 1234 1376 et
1255 1343 1305 1376 sic
1325 1342 1492 1376 dicuntur
1515 1342 1664 1377 virtutes
1691 1354 1808 1378 exem-

249 1397 385 1444 plares:
407 1398 454 1431 ita
476 1396 614 1431 scilicet
640 1397 736 1443 quod
759 1397 835 1442 ipsa
857 1397 976 1431 divina
998 1408 1100 1430 mens
1122 1396 1158 1429 in
1179 1396 1261 1430 Deo
1284 1396 1422 1430 dicatur
1446 1396 1651 1441 prudentia:
1673 1404 1808 1443 tempe-

250 1451 364 1485 rantia
384 1462 471 1485 vero
499 1452 687 1485 conversio
711 1450 850 1484 divinae
872 1450 1082 1485 intentionis
1106 1449 1148 1483 ad
1171 1449 1347 1496 seipsum;
1370 1449 1462 1484 sicut
1482 1450 1517 1483 in
1539 1449 1644 1484 nobis
1669 1458 1807 1496 tempe-

249 1505 364 1538 rantia
390 1504 518 1538 dicitur
539 1515 602 1550 per
627 1504 710 1545 1106,
738 1504 834 1550 quod
861 1503 1151 1549 concupiscibilis
1180 1502 1429 1537 conformatur
1456 1503 1603 1537 rationi:
1634 1502 1806 1538 fortitudo

251 1566 371 1592 autem
381 1558 451 1592 Dei
465 1566 518 1592 est
531 1559 606 1603 ejus
620 1556 906 1591 immutabilitas:
922 1557 1055 1602 justitia
1065 1568 1151 1590 vero
1166 1556 1236 1590 Dei
1250 1565 1303 1591 est
1316 1557 1520 1591 observatio
1535 1555 1625 1603 legis
1640 1565 1807 1591 aeternae

248 1612 286 1646 in
307 1612 379 1646 suis
402 1611 579 1657 operibus,
606 1611 696 1645 sicut
723 1610 886 1644 Plotinus
914 1611 998 1644 dixit
1023 1610 1090 1653 (cit.
1121 1622 1140 1644 u
1163 1610 1315 1645 Mam-011.
1337 1614 1372 1644 ut
1392 1611 1491 1656 sup).
1514 1609 1558 1644 Et
1579 1610 1661 1656 quia
1690 1610 1805 1644 homo

248 1665 446 1700 secundum
469 1676 572 1698 suam
592 1672 758 1698 naturam
781 1672 833 1698 est
854 1663 988 1697 animal
1006 1662 1206 1708 politicum,
1227 1663 1376 1698 virtutes
1397 1663 1617 1709 hujusmodi,
1643 1671 1750 1710 prout
1770 1663 1807 1697 in

250 1719 400 1753 homine
435 1718 588 1752 existunt
615 1718 815 1752 secundum
837 1717 1084 1751 conditionem
1106 1728 1191 1751 suae
1225 1725 1384 1759 naturae,
1418 1716 1586 1763 politicae
1612 1725 1808 1759 vocantur;

250 1780 356 1818 prout
376 1771 512 1806 scilicet
535 1771 648 1805 homo
668 1771 867 1805 secundum
893 1771 958 1805 has
985 1770 1133 1804 virtutes
1155 1778 1251 1804 recte
1273 1782 1310 1805 se
1332 1770 1442 1805 habet
1459 1771 1495 1804 in
1514 1771 1618 1805 rebus
1639 1771 1808 1806 humanis

250 1825 431 1871 gerendis:
460 1825 660 1859 secundum
681 1836 790 1870 quem
812 1824 963 1858 modum
986 1824 1161 1858 hactenus
1183 1823 1226 1858 de
1248 1823 1304 1858 his
1325 1824 1512 1858 virtutibus
1538 1823 1652 1858 locuti
1672 1835 1808 1858 sumus.

251 1879 321 1913 Sed
344 1879 426 1924 quia
449 1879 491 1912 ad
513 1878 703 1912 hominem
718 1878 879 1924 pertinet,
902 1885 940 1911 ut
962 1877 1071 1912 etiam
1091 1877 1134 1911 ad
1157 1877 1276 1911 divina
1294 1889 1330 1912 56
1344 1877 1474 1919 trahat,
1489 1885 1664 1924 quantum
1680 1886 1808 1922 potest,

252 1940 289 1967 ut
310 1933 418 1966 etiam
440 1931 576 1966 Philos.
599 1932 683 1966 dicit
700 1932 736 1965 in
756 1942 805 1966 10.
825 1931 983 1965 Ethieor.
1009 1930 1094 1977 (cap.
1117 1942 1146 1977 7.
1169 1943 1233 1965 non
1255 1931 1345 1977 longe
1363 1932 1488 1977 afim),
1509 1938 1544 1965 et
1560 1931 1631 1965 hoc
1653 1931 1808 1966 nobisin

252 1987 362 2020 Sacra
385 1986 568 2031 Scriptura
590 1986 867 2020 commendatur
889 1984 1145 2031 multipliciter,
1161 1992 1198 2019 ut
1212 1992 1265 2019 est
1284 1984 1372 2018 illud
1390 1984 1519 2019 Matth.
1538 1995 1584 2030 5.:
1607 1985 1716 2020 Estote
1731 1991 1809 2032 per-

244 2042 338 2087 fecti,
360 2043 443 2075 sicut
464 2046 491 2075 et
512 2041 610 2075 Pater
629 2045 733 2074 vester
751 2040 889 2074 coelestis
906 2039 1070 2086 perfectus
1084 2044 1138 2082 est,
1153 2049 1300 2073 necesse
1316 2046 1369 2072 est
1389 2050 1525 2084 ponere
1547 2039 1722 2085 quasdam
1743 2038 1809 2072 vir-

250 2102 343 2129 tutes
366 2094 501 2128 medias
523 2094 612 2128 inter
627 2094 791 2140 politicas,
812 2104 903 2139 quae
925 2102 1006 2127 sunt
1027 2092 1173 2126 virtutes
1194 2092 1388 2134 humanae,
1407 2099 1442 2126 et
1474 2092 1684 2139 exemplares,
1715 2103 1808 2138 quae

251 2155 334 2182 sunt
353 2148 500 2181 virtutes
519 2147 678 2180 divinae:
701 2158 791 2193 quae
815 2146 960 2192 quidem
981 2146 1128 2180 virtutes
1155 2145 1420 2191 distinguuntur
1441 2146 1641 2180 secundum
1663 2145 1810 2180 diversi-

251 2209 362 2236 tatem
396 2209 528 2242 motus,
556 2209 590 2234 et
615 2201 775 2242 terniini3
803 2201 850 2234 ita
876 2200 1012 2234 scilicet
1038 2199 1133 2246 quod
1161 2199 1339 2245 quaedam
1361 2207 1442 2233 sunt
1463 2199 1611 2234 virtutes
1630 2207 1809 2234 transcen-

251 2255 412 2289 dentium
442 2253 502 2299 [al.
526 2254 792 2298 tmznseuutium]‚
816 2262 850 2287 et
876 2255 910 2287 in
933 2254 1092 2287 divinam
1118 2252 1392 2287 similitudinem
1418 2252 1662 2288 tendentium:
1689 2260 1725 2287 et
1750 2253 1809 2287 hue

249 2313 414 2343 vocantur
433 2309 570 2342 virtutes
585 2309 812 2353 purgatorius:
833 2309 879 2341 ita
901 2307 1037 2341 scilicet
1056 2308 1151 2353 quod
1171 2307 1357 2353 prudentia
1372 2308 1496 2341 onmia
1517 2308 1699 2342 mundana
1721 2308 1808 2342 divi—

251 2373 382 2396 norum
405 2361 711 2407 contemplatione
734 2361 917 2407 despiciat,
940 2372 1160 2406 omnemque
1184 2361 1325 2395 animae
1349 2361 1609 2407 cogitationem
1631 2361 1667 2395 in
1689 2361 1808 2396 divina

252 2415 328 2450 sola
351 2415 497 2460 dirigat:
520 2415 755 2459 temperantia
778 2426 862 2448 vero
886 2414 1073 2460 relinquat,
1087 2414 1300 2460 inquantum
1315 2422 1442 2448 natura
1463 2415 1605 2460 patitur,
1623 2425 1715 2461 quae
1733 2426 1809 2449 cor-

251 2469 347 2515 poris
375 2480 458 2502 usus
484 2468 646 2514 requirit:
674 2467 889 2501 fortitudinis
913 2476 1033 2501 autem
1061 2476 1124 2509 est,
1151 2475 1187 2501 ut
1214 2467 1333 2501 anima
1359 2479 1433 2502 non
1460 2476 1635 2503 terreatur
1661 2476 1806 2515 propter

251 2533 433 2556 recessum
449 2533 467 2555 a
483 2532 647 2566 corpore,
663 2530 696 2555 et
711 2532 897 2554 accessum
921 2521 963 2554 ad
986 2532 1158 2566 superna:
1181 2521 1335 2566 justitiae
1357 2532 1444 2556 vero
1460 2530 1524 2564 est,
1539 2529 1576 2556 ut
1590 2530 1665 2557 tota
1687 2522 1808 2557 anima

251 2575 451 2610 consentiat
473 2575 516 2608 ad
538 2574 745 2619 hujusmodi
768 2574 941 2619 propositi
964 2574 1071 2607 viam.

321 2628 514 2670 Quaedam
541 2639 628 2662 vero
655 2635 736 2662 sunt
759 2627 905 2661 virtutes
933 2628 1004 2671 jam
1032 2627 1300 2673 assequentium
1328 2627 1489 2662 divinam
1522 2627 1807 2670 similitudinem,

251 2693 341 2728 quae
360 2690 534 2716 vocantur
555 2681 701 2715 virtutes
719 2683 790 2726 jam
806 2682 943 2726 purgati
961 2682 1085 2715 animi:
1109 2681 1155 2714 ita
1178 2681 1315 2716 scilicet
1336 2681 1432 2727 quod
1454 2681 1641 2728 prudentia
1661 2681 1738 2716 sola
1760 2681 1808 2716 di-

251 2735 332 2768 vina
354 2735 551 2776 intueatur;
573 2733 808 2780 temperantia
831 2742 989 2767 terrenas
1013 2734 1223 2780 cupiditates
1246 2735 1398 2777 nesciat3
1426 2733 1599 2770 fortitudo
1621 2735 1807 2782 passiones

252 2788 412 2833 ignoret;
438 2788 570 2833 justitia
592 2799 674 2821 cum
702 2787 820 2821 divina
844 2795 962 2821 incute
998 2795 1170 2833 perpetuo
1197 2787 1342 2822 foedere
1368 2787 1537 2830 societur,
1567 2799 1649 2823 eam
1670 2787 1807 2823 scilicet

253 2841 444 2875 imitando:
468 2852 555 2887 quas
569 2840 713 2886 quidem
728 2840 876 2874 virtutes
898 2840 1050 2874 dicimus
1074 2852 1150 2874 esse
1169 2841 1369 2884 beatorum,
1387 2840 1446 2876 vel
1463 2841 1666 2888 aliquorum
1683 2841 1720 2876 in
1737 2841 1805 2876 bac

253 2894 323 2929 vita
345 2893 698 2941 perfectissimorum.
