1907 3198
567 201 791 239 Quasno
824 201 929 234 cxu.
963 201 1208 233 ART1cuLus
1243 201 1270 233 1.
1624 191 1675 247 85
1683 204 1707 248 5

139 285 225 323 teris
243 282 335 333 legis
356 285 477 322 solum
495 285 718 333 significant:
740 287 802 322 sed
823 295 1052 322 sacramenta
1073 297 1191 322 novae
1213 285 1304 332 legis
1325 294 1408 321 sunt
1428 287 1609 334 quaedam
1631 287 1713 322 visi·

138 338 225 375 bilia
245 339 447 383 elementa3
469 351 557 387 ergo
579 352 653 375 non
675 340 774 376 solus
796 341 896 375 Deus
919 349 973 375 est
994 351 1103 375 causa
1125 339 1272 385 gratiae.

214 404 244 442 3..
270 392 508 429 ΡιιΑετΕκεΑ.
536 393 746 428 Secundum
772 394 993 441 Dionysium
1020 394 1055 428 in
1082 392 1142 428 lib.
1169 392 1275 428 Cocl.
1304 392 1401 427 Hier.
1430 393 1518 440 (cap.
1543 406 1570 439 3.
1596 399 1626 429 cl
1646 394 1710 439 4.),

139 445 275 493 Angeli
301 455 467 494 purgant,
493 455 528 482 et
554 446 771 490 illuminant,
798 455 832 482 et
858 446 1048 493 perficiunt
1074 455 1109 482 et
1135 446 1301 492 Angelos
1322 445 1522 488 inferiores,
1544 455 1579 481 et
1601 447 1710 482 etiam
1736 488 1743 493 ⁶

138 499 326 536 homines:
352 501 414 536 sed
443 500 628 536 rationalis
649 509 812 536 creatura
835 509 1018 548 purgatur,
1041 500 1276 543 illuminatur,
1298 508 1333 535 et
1353 499 1535 547 perficitur
1557 512 1619 548 per
1637 512 1713 546 gra-

139 552 250 597 tiam3
271 564 359 601 ergo
381 565 454 589 non
476 553 576 589 solus
598 555 697 589 Deus
721 562 775 590 est
797 566 904 589 causa
927 555 1075 601 gratiae.

211 606 288 643 SED
306 602 463 644 CONTRA
485 616 551 650 est,
572 608 671 655 quod
690 608 725 642 in
748 607 842 643 Psal.
865 608 921 653 83.
943 608 1090 643 dicitur:
1125 607 1296 651 Gratiam,
1318 613 1347 643 ct
1365 607 1509 654 gloriam
1532 607 1623 642 dabit
1644 608 1714 643 Do—

141 661 261 697 minus.

210 713 442 751 strouneo
463 715 670 758 dicendum,
696 715 794 762 quod
820 715 919 750 nulla
942 727 997 751 res
1019 724 1137 762 potest
1163 726 1271 761 agere
1293 715 1383 750 ultra
1406 726 1509 750 suam
1532 715 1711 762 speciem:

138 767 224 816 quia
242 778 387 815 semper
407 776 563 816 oportet,
589 769 688 816 quod
711 780 820 804 causa
847 769 968 816 potior
989 769 1033 804 sit
1055 768 1245 804 effectum:
1269 769 1406 803 donum
1430 777 1551 803 autem
1574 770 1711 815 gratiae

139 820 281 858 excedit
293 832 443 857 omnem
458 821 670 857 facultatem
679 830 828 858 naturae
844 830 1004 857 creatae:
1020 834 1103 857 cum
1119 822 1210 857 nihil
1225 822 1320 857 aliud
1336 823 1391 864 sit,
1407 834 1516 869 quam
1531 823 1711 870 quaedam

138 874 367 922 participatio
385 875 527 910 divinae
544 883 707 918 naturae,
729 887 821 922 quae
844 876 983 910 excedit
1001 887 1150 911 omnem
1171 876 1279 910 aliam
1299 884 1482 911 naturam:
1502 885 1538 911 et
1552 876 1634 911 ideo
1650 878 1714 911 im-

138 927 310 976 possibile
330 936 396 972 est,
417 929 514 976 quod
534 928 654 976 aliqua
672 937 835 964 creatura
855 929 1008 975 gratiam
1028 938 1162 964 causet.
1183 929 1242 964 Sic
1262 929 1359 964 enim
1378 940 1526 965 necesse
1545 939 1598 965 est
1615 929 1712 977 quod

137 980 239 1018 solus
255 981 358 1018 Deus
371 981 527 1026 deificet,
541 982 852 1018 communicando
871 982 1098 1018 consortium
1116 983 1260 1018 divinae
1275 991 1425 1018 naturae
1439 994 1502 1029 per
1515 983 1711 1030 quamdam

138 1034 385 1072 similitudinis
403 1035 739 1084 participationem:
766 1036 858 1072 sicut
883 1036 1109 1084 impossibile
1131 1045 1195 1079 est,
1223 1037 1320 1084 quod
1343 1036 1477 1084 aliquid
1499 1037 1624 1084 igniat,
1645 1037 1712 1071 nisi

138 1088 239 1126 solus
258 1089 365 1137 ignis.

84 1139 86 1141 ’
209 1142 271 1179 AD
294 1153 446 1180 nutum
471 1154 562 1190 ergo
587 1143 794 1186 dicendum,
816 1144 915 1191 quod
941 1144 1149 1180 humanitas
1176 1144 1312 1180 Christi
1335 1153 1389 1180 est
1408 1145 1503 1180 sicut
1523 1144 1709 1192 quoddam

137 1207 319 1244 organum
339 1196 536 1233 divinitatis
554 1198 643 1243 ejus,
658 1205 696 1232 ut
716 1197 889 1233 Damasc.
905 1197 991 1232 dicit
1006 1197 1040 1232 in
1064 1209 1092 1244 3.
1108 1197 1168 1233 lib.
1187 1198 1304 1243 (Orth.
1324 1198 1399 1235 Fid.
1413 1206 1487 1246 cap.
1508 1211 1551 1245 15·
1565 1210 1586 1233 a
1600 1199 1711 1243 med),

137 1249 419 1286 instrumentum
446 1257 568 1286 autem
593 1261 669 1285 non
695 1250 771 1297 agit
795 1250 980 1286 actionem
1007 1250 1146 1297 agentis
1180 1250 1386 1298 principalis
1412 1251 1558 1299 propria
1582 1251 1713 1287 virtute

137 1303 203 1340 sed
223 1303 356 1339 virtute
375 1303 586 1351 principalis
607 1303 767 1350 agentis;
789 1312 824 1338 et
841 1304 923 1338 ideo
942 1303 1150 1339 humanitas
1165 1303 1303 1340 Christi
1321 1316 1395 1339 non
1415 1313 1540 1340 causat
1557 1305 1711 1351 gratiam

138 1357 285 1405 propria
303 1357 448 1400 virtute,
468 1357 531 1393 sed
553 1357 684 1393 virtute
705 1357 900 1392 divinitatis
922 1357 1124 1404 adjunctae,
1143 1369 1186 1392 ex
1203 1369 1274 1405 qua
1293 1358 1454 1393 actiones
1476 1358 1712 1394 humanitatis

139 1410 279 1448 Christi
299 1418 383 1446 sunt
402 1409 590 1446 salutares.

209 1464 272 1501 AD
292 1474 501 1500 secuuntur
522 1463 730 1507 dicendum,
751 1464 848 1512 quod
871 1464 964 1499 sicut
989 1464 1024 1499 in
1051 1464 1128 1511 ipsa
1158 1476 1314 1512 persona
1342 1464 1479 1500 Christi
1504 1465 1712 1500 humanitas

138 1525 265 1554 causat
282 1517 439 1554 salutem
458 1526 622 1553 nostram
643 1529 707 1565 per
727 1518 881 1565 gratiam
899 1519 1029 1553 virtute
1051 1518 1172 1553 divina
1191 1519 1436 1566 principaliter
1454 1528 1643 1566 operante;
1663 1520 1711 1555 ita

138 1571 250 1608 etiam
266 1570 304 1607 in
321 1571 558 1607 sacramentis
575 1582 694 1606 novae
715 1571 818 1617 legis,
837 1583 930 1618 quae
949 1571 1156 1606 derivantur
1174 1583 1193 1606 a
1216 1572 1377 1614 Christo,
1397 1582 1564 1608 causatur
1585 1574 1712 1619 gratia,

139 1624 464 1661 instrumentaliter
483 1624 631 1672 quidem
653 1637 716 1672 per
737 1625 814 1672 ipsa
845 1633 1086 1667 sacramenta,
1108 1625 1170 1660 sed
1193 1626 1438 1673 principaliter
1458 1638 1521 1672 per
1542 1627 1711 1662 virtutem

140 1678 296 1726 Spiritus
316 1677 443 1714 Sancti
463 1678 500 1713 in
520 1679 758 1714 sacramentis
779 1678 975 1725 operantis,
1002 1679 1203 1713 secundum
1230 1679 1318 1714 illud
1339 1679 1444 1726 Joan.
1471 1691 1519 1726 3.:
1542 1681 1618 1716 Nisi
1638 1682 1711 1728 quis

139 1736 273 1769 renatus
283 1732 396 1779 suerit
414 1743 455 1768 ex
474 1743 575 1779 aqua,
597 1737 627 1767 et
647 1732 774 1779 Spiritu
797 1732 932 1774 Sancto,
955 1740 1022 1766 etc.

209 1785 271 1822 AD
281 1795 454 1822 TERTwM
469 1785 783 1832 dicendum,quod
796 1785 946 1831 angelus
961 1794 1102 1832 purgat,
1118 1785 1309 1829 illuminat,
1325 1795 1359 1821 et
1374 1786 1513 1833 perficit
1528 1787 1711 1833 angelum,

138 1838 199 1875 vel
225 1838 430 1882 hominem,
459 1850 524 1886 per
555 1838 708 1874 modum
738 1839 984 1874 instructionis
1015 1839 1215 1884 cujusdam,
1237 1851 1310 1874 non
1335 1849 1455 1875 autem
1483 1841 1711 1886 justificando

138 1903 204 1941 per
223 1892 402 1940 gratiam;
428 1891 524 1927 unde
545 1892 698 1940 Dionys.
720 1893 807 1927 dicit
829 1903 860 1939 7.
884 1904 961 1940 cap.
986 1892 1090 1927 Coel.
1115 1893 1226 1935 Hier„
1253 1894 1350 1940 quod
1378 1894 1556 1941 purgatio,
1578 1894 1711 1930 illumi-

137 1945 251 1990 natio,
271 1953 309 1982 et
326 1944 501 1994 perfectio
521 1945 611 1981 nihil
633 1954 687 1981 est
708 1945 818 1989 aliud,
836 1957 946 1993 quam
967 1946 1110 1981 divinae
1132 1947 1303 1982 scientiae
1326 1947 1536 1994 assumptio.

704 2093 1052 2139 ARTICULUS
1088 2094 1143 2138 II.
1644 2106 1709 2154 596

227 2211 383 2244 unum
408 2212 575 2250 ALIQUA
607 2213 920 2254 PRAEPARATlo,
955 2215 1011 2245 ET
1046 2214 1296 2245 DISPOSITIO
1324 2215 1382 2245 AD
1417 2215 1615 2246 GRATIAM

536 2278 593 2309 Ex
625 2280 764 2310 PARTE
799 2279 981 2310 HOMINIS
1015 2280 1309 2317 REQUIRATUR.

247 2378 352 2428 (Insr.
372 2391 404 2427 q.
425 2390 488 2428 113.
508 2384 574 2416 art.
593 2391 620 2427 3.
642 2385 671 2416 el
690 2391 761 2416 2-2.
781 2392 812 2427 q.
834 2391 890 2425 24·
911 2385 975 2415 art.
999 2393 1049 2416 10.
1071 2380 1114 2415 ad
1131 2393 1158 2428 3.
1181 2386 1210 2415 ct
1230 2392 1262 2425 4.
1286 2381 1372 2415 Dist.
1395 2392 1443 2427 17·
1465 2386 1530 2415 are.
1555 2393 1587 2416 2.

724 2439 753 2469 cl
775 2434 878 2469 Helrr.
901 2446 951 2470 12.
973 2434 1043 2470 lect.
1063 2436 1121 2481 3.).

209 2532 272 2571 ΑΒ
290 2542 500 2571 smmum!
526 2534 576 2569 sic
603 2534 820 2582 proceditur.
848 2534 1010 2578 Videtur,
1029 2535 1125 2582 quod
1148 2546 1221 2569 non
1245 2534 1444 2581 requiratur
1466 2534 1586 2581 aliqua
1608 2546 1708 2582 prae-

137 2586 292 2678 ffiratio,
308 2586 386 2624 sive
400 2586 592 2636 dispositio
610 2588 654 2623 ad
674 2588 827 2635 gratiam
842 2600 884 2624 ex
902 2597 1002 2635 parte
1023 2589 1202 2630 hominis;
1225 2588 1320 2634 quia,
1342 2597 1379 2622 ut
1403 2588 1602 2635 Apostolus
1623 2589 1710 2624 dicit

199 2651 248 2677 m.
267 2649 322 2685 4:
343 2641 390 2678 Εἰ
407 2642 466 2689 qm'
481 2647 650 2689 operatur,
670 2654 789 2677 merces
805 2654 870 2677 non
889 2644 1074 2689 imputatur
1091 2642 1264 2676 secundum
1287 2643 1442 2683 nulium,
1465 2642 1515 2676 scd
1535 2642 1710 2677 secundum

137 2692 307 2740 debitus:
326 2695 390 2731 sed
411 2695 639 2743 praeparatio
659 2695 821 2730 hominis
843 2707 906 2743 per
927 2695 1077 2731 liberum
1103 2695 1286 2730 arbitrium
1309 2706 1382 2729 non
1403 2703 1456 2730 cst
1477 2695 1544 2730 nisi
1567 2707 1630 2742 per
1651 2696 1712 2731 ali·

139 2756 252 2796 quam
271 2747 541 2796 operationem;
565 2759 653 2795 ergo
673 2747 862 2784 tolleretur
885 2749 974 2783 ratio
998 2749 1144 2794 gnidae.

209 2809 244 2838 2.
264 2799 502 2838 ΡιΑεἹἝΙιΕΑ.
525 2800 588 2837 llle
603 2801 663 2848 qui
679 2801 713 2836 in
729 2810 880 2849 peccato
896 2802 1134 2849 progreditur,
1150 2813 1222 2835 non
1239 2813 1275 2837 <e
1291 2810 1477 2849 praeparat
1494 2802 1535 2836 ad
1552 2803 1705 2847 gratiam

138 2842 364 2892 timendam:
391 2854 455 2891 sed
485 2853 662 2903 aliquibus
688 2854 723 2890 in
749 2863 900 2903 peccato
926 2848 1237 2903 rstogredicmibus
1265 2855 1345 2890 data
1373 2864 1425 2890 est
1460 2857 1590 2901 gratia:
1618 2856 1709 2892 sicut

139 2913 240 2956 patet
262 2905 310 2944 de
334 2906 463 2952 Paulo,
491 2909 551 2956 qui
582 2908 735 2956 gratiam
765 2918 983 2944 consecutus
1014 2918 1078 2951 est,
1100 2909 1185 2943 dum
1209 2917 1302 2944 esset
1324 2910 1455 2957 spirans
1474 2910 1657 2953 minarum,
1680 2916 1709 2946 ct
