1907 3198
561 176 786 212 QUAESTIO
822 175 861 204 L.
895 175 1145 204 AthcULus
1180 174 1207 203 1.
1586 174 1668 217 349

79 260 268 296 tionantur
282 258 571 306 operationibus,
594 259 689 294 unde
709 270 752 292 ex
775 257 953 292 similibus
974 257 1112 291 actibus
1134 255 1272 290 similes
1294 255 1439 290 habitus
1462 264 1670 296 causantur,

82 322 122 349 ut
147 313 277 349 dicitur
298 313 333 347 in
356 323 388 347 2.
412 312 573 347 Ethicor.
597 313 690 360 (cap.
717 325 744 348 1.
768 317 796 347 et
817 312 866 357 2.)
876 324 889 353 ;
919 319 954 345 et
975 311 1058 345 ideo
1082 306 1341 357 dispositiones
1365 310 1409 343 ad
1431 309 1522 344 tales
1546 320 1671 355 opera-

80 368 200 404 tiones
221 366 471 415 principaliter
492 375 575 401 sunt
589 367 624 401 in
645 369 785 409 anima3
808 366 844 400 in
868 376 1022 412 corpore
1045 375 1132 399 vero
1156 372 1309 410 possunt
1328 375 1406 398 esse
1430 363 1670 405 secundario;

81 422 299 469 inquantum
321 420 460 456 scilicet
479 432 610 467 corpus
633 421 848 467 disponitur,
864 427 898 454 et
916 418 1126 453 habilitatur
1142 418 1186 452 ad
1205 425 1374 465 prompte
1389 417 1670 452 deserviendum

81 475 356 523 operationibus
371 475 528 509 animae.
553 474 591 509 Si
613 486 700 509 vero
724 474 919 521 loquamur
933 473 976 508 de
993 473 1233 519 dispositione
1256 471 1409 517 subjecti
1433 471 1476 505 ad
1496 470 1670 513 formam,

81 530 133 565 sic
155 529 352 565 habitualis
366 529 556 575 dispositio
578 537 697 576 potest
715 540 794 563 esse
809 528 845 562 in
868 538 1036 574 corpore,
1058 527 1156 573 quod
1172 534 1408 572 comparatur
1431 525 1474 559 ad
1494 526 1671 567 animam,

81 584 176 619 sicut
189 583 394 630 subjectum
411 583 454 617 ad
471 582 648 617 formam:
666 592 701 617 et
722 583 794 617 hoc
809 582 922 616 modo
937 583 1083 623 sanitas,
1099 589 1133 615 et
1147 580 1393 627 pulchritudo,
1410 588 1444 614 et
1458 579 1670 625 hujusmodi

82 638 264 673 habituales
274 637 499 685 dispositiones
514 637 682 671 dicuntur
694 651 700 672 :
712 648 788 671 non
802 645 926 671 tamen
938 635 1096 682 perfecte
1112 635 1248 669 habent
1263 636 1443 668 rationem
1458 634 1671 676 habituum3

81 692 167 739 quia
189 703 320 726 causae
337 702 465 726 eorum
485 703 527 726 ex
546 703 610 726 sua
632 700 760 726 natura
776 691 819 726 de
834 690 932 725 facili
946 688 1224 725 transmutabile
1244 697 1337 723 sunt.
1355 688 1565 723 Alexander
1582 699 1671 722 vero

81 746 204 794 posuit
224 745 327 780 nullo
350 746 464 780 modo
482 746 661 787 habitum,
676 745 735 781 vel
754 745 1032 792 dispositionem
1048 745 1187 791 primae
1203 744 1339 791 speciei
1358 755 1436 778 esse
1452 744 1488 777 in
1505 755 1672 789 corpore,

82 809 121 836 ut
140 800 352 848 Simplicius
371 799 479 835 refert
493 801 529 834 in
545 812 681 834 comm.
702 801 865 835 Praedic.
883 800 933 845 (in
953 807 1024 847 cap.
1044 799 1080 834 de
1101 799 1235 845 Quill),
1256 799 1319 834 sed
1339 799 1493 841 dicebat,
1514 799 1672 845 primam

82 854 244 901 speciem
267 853 449 901 qualitatis
473 854 653 901 pertinere
668 863 810 889 tantum
835 854 878 888 ad
901 855 1083 888 animam:
1101 862 1135 888 et
1149 854 1247 900 quod
1267 852 1456 887 Aristotel.
1475 853 1616 887 inducit
1636 854 1672 887 in

82 908 394 943 Praedicamentis
417 908 459 943 de
482 909 648 951 sanitate,
671 917 706 943 et
732 909 972 955 aegritudine,
999 920 1075 943 non
1097 908 1248 950 inducit,
1271 908 1375 954 quasi
1397 907 1602 953 pertineant
1625 907 1668 942 ad

82 962 240 1010 primam
254 962 416 1009 speciem
431 962 613 1009 qualitatis
628 963 690 997 secl
712 974 775 1010 per
798 963 951 997 modum
974 962 1150 1009 exempli:
1172 970 1210 996 ut
1228 962 1273 996 sit
1294 973 1433 1004 sensus,
1456 961 1553 1008 quod
1577 961 1671 996 sicut

82 1016 286 1064 aegritudo,
309 1024 344 1051 et
365 1017 500 1052 sanitas
523 1025 674 1064 possunt
697 1028 774 1052 esse
794 1016 912 1059 facile,
934 1016 994 1052 vel
1015 1015 1162 1050 difficile
1185 1015 1358 1050 mobiles:
1381 1016 1430 1050 ita
1450 1016 1561 1050 etiam
1585 1027 1669 1062 qua-

82 1070 201 1106 litates
224 1071 364 1118 primae
387 1072 533 1118 speciei,
549 1083 642 1118 quae
666 1071 834 1106 dicuntur
856 1072 997 1114 habitus,
1022 1079 1057 1105 et
1075 1071 1245 1118 dispositio
1256 1083 1268 1111 ,·
1293 1070 1356 1105 sed
1378 1070 1450 1105 hoc
1474 1078 1573 1116 patet
1594 1081 1672 1105 esse

82 1133 212 1160 contra
233 1125 477 1160 intentionem
496 1125 724 1160 Aristotelis:
748 1134 826 1160 tum
849 1126 933 1172 quia
949 1125 1081 1160 eodem
1101 1125 1215 1159 modo
1230 1124 1405 1171 loquendi
1422 1125 1531 1158 utitur
1554 1136 1676 1159 exem-

82 1179 280 1227 plificando
295 1179 341 1213 da
355 1179 520 1223 sanitate,
544 1188 579 1214 et
601 1180 839 1226 aegritudine,
862 1188 896 1214 et
913 1180 956 1214 de
975 1179 1106 1214 virtute
1126 1188 1160 1214 et
1183 1179 1225 1213 de
1241 1179 1411 1213 scientia:
1435 1173 1513 1213 tun‘i
1537 1179 1620 1225 quia
1636 1179 1672 1212 in

82 1245 115 1280 7.
138 1234 249 1280 Phys.
279 1234 357 1278 (tex.
381 1234 448 1280 17.)
469 1234 573 1281 ponit
595 1245 762 1281 expresse
784 1236 878 1268 inter
896 1234 1040 1268 habitus
1063 1233 1387 1280 pulchritudinem,
1410 1241 1445 1267 et
1463 1233 1671 1267 sanitatem.

154 1288 216 1323 AD
230 1298 382 1323 PRIMUM
401 1299 488 1335 ergo
512 1288 720 1330 dicendum,
743 1288 842 1334 quod
865 1288 1024 1333 objectio
1047 1287 1109 1321 illa
1131 1287 1297 1334 procedit
1320 1288 1362 1321 de
1386 1287 1524 1329 habitu,
1547 1298 1673 1322 secun-

83 1342 171 1377 dum
193 1342 291 1389 quod
311 1349 364 1376 est
385 1342 577 1389 dispositio
601 1342 645 1376 ad
668 1342 942 1388 operationem3
966 1350 1001 1376 et
1022 1342 1065 1376 de
1094 1342 1233 1376 actibus
1257 1341 1434 1388 corporis,
1458 1342 1520 1388 qui
1542 1350 1626 1375 sunt
1654 1353 1673 1376 a

82 1403 222 1438 natura,
237 1407 311 1431 non
327 1404 448 1431 autem
471 1396 515 1430 de
530 1396 598 1439 his,
615 1396 676 1443 qui
690 1405 773 1430 sunt
788 1396 830 1430 ab
848 1396 982 1438 anima,
998 1407 1156 1442 quorum
1178 1396 1398 1442 principium
1414 1403 1468 1429 est
1489 1394 1671 1430 voluntas.

154 1450 216 1485 AD
235 1460 446 1486 SECUNDUM
467 1450 678 1493 dicendum,
701 1450 799 1497 quod
821 1450 1080 1497 dispositiones
1103 1449 1313 1497 corporales
1335 1461 1411 1484 non
1433 1457 1517 1484 sunt
1538 1449 1674 1496 simpli-

82 1504 172 1540 citer
193 1503 340 1539 difficile
358 1504 514 1540 mobiles
536 1512 684 1551 propter
706 1504 988 1539 mutabilitatem
1012 1504 1262 1551 corporalium
1285 1515 1499 1539 causarum:
1519 1512 1674 1550 possunt

81 1566 208 1593 tamen
226 1569 305 1593 esse
327 1557 474 1594 difficile
497 1559 652 1594 mobiles
673 1570 737 1606 per
759 1559 1079 1606 comparationem
1102 1559 1146 1592 ad
1165 1558 1237 1593 tale
1260 1558 1486 1604 subjectum3
1506 1558 1590 1605 quia
1609 1558 1675 1592 sci-

80 1611 167 1647 licet
187 1611 251 1648 tali
272 1613 436 1659 subjecto
459 1613 625 1656 durante,
649 1613 815 1648 amoveri
835 1624 910 1648 non
934 1621 1105 1660 possunt:
1128 1612 1189 1647 vel
1214 1613 1299 1659 quia
1322 1620 1405 1647 sunt
1427 1611 1575 1647 difficile
1597 1623 1673 1647 mo-

82 1666 174 1702 biles
196 1678 258 1714 per
280 1668 597 1715 comparationem
621 1668 665 1702 ad
688 1667 776 1702 alias
804 1668 1082 1715 dispositiones:
1106 1668 1169 1702 sed
1197 1667 1390 1714 qualitates
1418 1668 1562 1702 animae
1591 1675 1675 1702 sunt

82 1720 297 1768 simpliciter
311 1720 457 1757 difficile
473 1722 630 1757 mobiles
651 1730 799 1768 propter
820 1722 1119 1756 immobilitatem
1138 1722 1309 1768 subjecti:
1329 1730 1364 1756 et
1378 1722 1461 1756 ideo
1477 1733 1553 1756 non
1575 1721 1674 1763 dicit,

83 1775 181 1822 quod
204 1776 338 1811 sanitas
368 1775 515 1811 difficile
538 1775 686 1811 mobilis
707 1776 924 1823 simpliciter
954 1777 999 1811 sit
1028 1776 1184 1820 habitus,
1218 1776 1282 1811 sed
1305 1776 1403 1822 quod
1437 1784 1491 1811 est
1517 1782 1553 1811 ιιι
1584 1777 1676 1811 habi-

83 1835 145 1873 tus,
169 1832 262 1865 sicut
291 1831 328 1865 in
350 1842 485 1878 graeco
520 1831 690 1866 habetur:
724 1831 916 1878 qualitates
943 1839 1065 1866 autem
1094 1831 1238 1865 animae
1266 1831 1435 1865 dicuntur
1460 1830 1675 1878 simpliciter

83 1884 224 1920 habitus.

155 1939 216 1973 AD
233 1949 407 1974 TERTmM
422 1939 631 1981 dicendum,
647 1939 745 1986 quod
769 1939 1028 1986 dispositiones
1047 1939 1271 1986 corporales,
1291 1950 1383 1986 quae
1406 1941 1540 1974 suntin
1555 1939 1673 1986 prima

22 2033 27 2036 ¹
82 1992 205 2040 specie
227 1992 422 2040 qualitatis,
446 2001 485 2028 ut
506 1993 655 2041 quidam
678 2002 888 2041 posuerunt,
912 1993 1084 2028 differunt
1102 2005 1121 2028 a
1136 1993 1370 2039 qualitatibus
1389 1994 1516 2028 tertiae
1540 1993 1673 2040 speciei

83 2046 120 2082 in
130 2047 216 2090 hoc,
231 2047 329 2095 quod
340 2047 532 2095 qualitates
543 2048 669 2083 tertiae
682 2049 817 2095 speciei
832 2056 915 2083 sunt
929 2056 967 2082 ut
978 2049 1104 2094 infieri,
1117 2056 1153 2082 et
1163 2055 1201 2082 ut
1215 2047 1251 2081 in
1263 2056 1382 2082 motu:
1400 2047 1495 2082 unde
1507 2047 1676 2081 dicuntur

79 2102 258 2149 passiones,
273 2101 333 2137 vel
349 2102 522 2150 passibiles
537 2103 712 2149 qualitates
723 2115 734 2143 ,·
755 2102 902 2149 quando
920 2110 1042 2136 autem
1061 2103 1136 2148 jam
1151 2102 1383 2148 pervenerint
1399 2102 1443 2136 ad
1459 2101 1674 2148 perfectum,

83 2155 188 2202 quasi
210 2155 254 2190 ad
276 2156 450 2203 speciem,
471 2164 557 2191 tunc
572 2158 646 2203 jam
670 2165 752 2191 sunt
774 2157 810 2190 in
832 2156 948 2203 prima
965 2156 1086 2203 specie
1101 2155 1303 2202 qualitatis:
1324 2157 1387 2191 sed
1402 2157 1474 2190 hoc
1490 2157 1677 2203 improbat

84 2209 298 2257 Simplicius
328 2211 364 2245 in
387 2219 589 2246 comment.
612 2211 904 2245 Praedicament.
927 2211 1018 2257 (cap.
1049 2203 1085 2245 de
1109 2211 1232 2256 Quill.)
1264 2211 1349 2257 quia
1375 2211 1579 2245 secundum
1601 2210 1673 2244 hoc

85 2263 279 2300 calefactio
302 2272 397 2299 esset
417 2265 454 2299 in
475 2265 581 2300 tertia
609 2265 730 2312 specie
753 2264 957 2311 qualitatis;
981 2264 1082 2299 calor
1109 2273 1233 2299 autem
1256 2265 1292 2299 in
1319 2265 1456 2311 prima:
1486 2264 1675 2299 Aristotel.

85 2326 210 2354 autem
231 2318 336 2366 ponit
356 2317 521 2353 calorem
543 2319 578 2353 in
601 2319 722 2361 tertia3
750 2319 845 2353 unde
874 2319 1100 2366 Porphyrius
1126 2319 1214 2353 dicit
1241 2320 1352 2364 (sicut
1379 2319 1592 2366 Simplicius
1615 2319 1677 2353 ibi-

85 2371 171 2407 dem
193 2371 318 2417 refert)
341 2372 439 2419 quod
454 2375 578 2420 passio,
602 2372 661 2408 vel
674 2373 844 2420 passibilis
862 2373 1016 2420 (fatalitas,
1038 2380 1072 2407 et
1090 2373 1273 2420 dispositio,
1298 2381 1333 2408 et
1354 2373 1486 2408 habitus
1505 2372 1676 2408 differunt

85 2427 122 2462 in
144 2426 359 2474 corporibus
385 2427 587 2462 secundum
610 2427 868 2470 intensionem,
891 2436 926 2462 et
948 2427 1227 2463 remissionem:
1249 2428 1396 2474 quando
1420 2429 1519 2462 enim
1539 2427 1674 2474 aliquid

85 2480 214 2528 recipit
231 2480 454 2516 caliditatem
469 2481 672 2516 secundum
689 2481 847 2516 calefieri
864 2490 1018 2524 tantum,
1038 2494 1112 2516 non
1129 2490 1249 2517 autem
1271 2491 1309 2517 ut
1325 2482 1528 2517 calefacere
1549 2483 1674 2529 possit,

84 2541 172 2570 tunc
187 2543 242 2570 est
257 2537 382 2582 passio,
399 2535 430 2570 si
445 2535 489 2570 sit
504 2536 576 2570 cito
591 2535 781 2578 transiens,
800 2535 859 2570 vel
867 2536 1035 2583 passibilis
1057 2537 1212 2582 qualitas,
1236 2537 1266 2571 si
1279 2538 1322 2571 sit
1338 2548 1508 2571 manens:
1529 2537 1675 2583 quando

86 2596 211 2624 autem
231 2589 306 2635 jam
328 2589 372 2624 ad
395 2589 467 2624 hoc
483 2589 704 2636 perducitur,
720 2590 818 2636 quod
834 2598 951 2637 potest
967 2590 1077 2624 etiam
1102 2590 1256 2625 alterum
1281 2590 1495 2632 calefacere,
1517 2598 1603 2625 tunc
1623 2598 1677 2625 est

86 2642 278 2691 dispositio:
300 2643 330 2678 si
353 2651 476 2678 autem
498 2643 648 2678 ulterius
674 2643 856 2678 intantum
879 2643 1129 2686 confirmetur,
1153 2644 1251 2690 quod
1275 2645 1319 2679 sit
1341 2643 1488 2679 difficile
1516 2644 1675 2686 mobilis,

31 2735 36 2744 Ι
85 2703 172 2732 tunc
194 2697 262 2732 erit
282 2697 433 2733 habitus:
457 2706 496 2732 ut
509 2698 560 2732 sic
575 2697 744 2744 dispositio
759 2698 804 2732 sit
818 2698 999 2745 quaedam
1018 2699 1189 2740 intensio,
1209 2710 1271 2733 seu
1289 2698 1465 2745 perfectio
1485 2699 1676 2745 passionis,

40 2790 44 2794 .
86 2750 145 2786 vel
166 2751 345 2798 passibilis
368 2751 564 2799 qualitatis,
590 2752 722 2787 habitus
745 2760 866 2786 autem
894 2752 1162 2799 dispositionis;
1185 2753 1247 2787 sed
1270 2753 1342 2787 hoc
1375 2753 1558 2799 improbat
1585 2752 1679 2787 Sim-

36 2804 43 2814 '
87 2803 228 2851 plicius,
250 2806 334 2853 quia
355 2805 438 2840 talis
460 2806 629 2848 intensio,
652 2814 687 2840 et
713 2806 880 2841 remissio
912 2818 986 2841 non
1014 2808 1214 2853 important
1235 2807 1484 2841 diversitatem
1511 2818 1554 2840 ex
1576 2815 1676 2852 parte

47 2901 54 2908 ἡ
87 2857 199 2907 ipsius
220 2859 373 2904 formae,
396 2860 459 2895 sed
475 2871 517 2895 ex
540 2860 683 2895 diversa
705 2860 984 2907 participatione
1007 2861 1119 2907 ipsius
1141 2861 1312 2907 subject13
1337 2869 1371 2895 et
1393 2861 1441 2894 ita
1465 2871 1540 2895 non
1563 2861 1677 2896 diver-

43 2918 53 2953 1',
89 2912 315 2949 sificarentur
341 2925 405 2961 per
424 2914 498 2949 hoc
522 2915 661 2961 species
685 2914 879 2961 qualitatis.
