1907 3198
523 166 748 202 QUAESTIO
783 166 822 196 L.
856 165 1104 196 ARTICULUS
1137 165 1195 195 1v.
1567 166 1587 209 3
1597 167 1618 208 5
1627 166 1649 208 3

138 262 168 298 3.
190 250 432 286 PRAETEREA.
456 249 610 284 Habitus
632 258 687 284 est
713 249 916 297 dispositio,
938 249 1140 283 secundum
1168 260 1280 296 quarn
1308 248 1438 295 aliquis
1463 248 1568 290 bene,
1595 248 1655 283 vel

61 304 161 340 male
182 304 388 352 disponitur
402 304 446 338 ad
466 303 614 351 aliquid,
635 313 675 338 ut
688 303 819 338 dicitur
832 304 868 338 in
888 314 916 349 5.
936 303 1097 350 Metaph.
1115 303 1194 347 (tex.
1215 304 1302 350 25.).·
1322 303 1384 338 sed
1404 303 1502 349 quod
1523 303 1654 349 aliquis

60 359 171 402 bene,
190 358 251 394 vel
272 357 370 394 male
385 358 430 393 sit
451 358 647 405 dispositus
663 358 707 392 ad
723 366 844 392 actum
861 356 1080 399 intellectus,
1099 357 1269 404 provenit
1290 368 1332 392 ex
1348 356 1470 403 aliqua
1488 357 1656 404 corporis

62 413 322 461 dispositione:
346 412 442 447 unde
464 413 576 447 etiam
598 412 635 446 in
658 422 689 446 2.
713 413 756 446 de
779 411 916 446 Anima
939 411 1007 455 (tex
1033 413 1106 457 94.)
1136 411 1279 454 dicitur,
1302 411 1400 458 quod
1422 411 1534 446 molles
1556 423 1656 446 carne

62 468 141 504 bene
158 471 253 515 aptos
273 471 381 502 mente
400 466 575 507 videmu5;
595 477 685 513 ergo
700 466 845 500 habitus
861 465 1105 511 cognoscitivi
1126 476 1202 499 non
1225 473 1308 499 sunt
1322 465 1358 499 in
1373 464 1573 507 intellecm,
1594 465 1654 511 qui

61 528 117 556 est
137 528 337 568 separatus,
359 520 423 556 sed
445 521 482 555 in
504 519 624 567 aliqua
648 520 823 566 potentia,
853 530 946 566 quae
969 527 1023 553 est
1045 528 1147 554 actus
1170 519 1322 565 alicujus
1346 519 1456 566 partis
1476 519 1654 564 corporis.

135 574 212 610 SED
233 585 393 610 CONTRA
415 582 480 617 est,
502 574 601 621 quod
623 574 764 609 Philos.
787 574 823 608 in
846 572 878 608 6.
900 573 1064 607 Ethicor.
1088 574 1179 620 (cap.
1201 585 1230 608 2.
1246 586 1274 620 3.
1294 579 1325 608 et
1343 574 1411 618 10.)
1435 573 1539 620 ponit
1556 574 1659 607 scien-

61 630 156 672 tiam,
179 636 216 664 et
234 629 446 676 sapientiam,
467 636 503 663 et
525 629 735 670 intellectum,
763 627 825 675 qui
847 635 902 662 est
922 627 1069 662 habitus
1091 627 1368 674 principiorum,
1392 627 1428 661 in
1450 627 1529 673 ipsa
1550 626 1654 661 intel-

60 682 195 719 lectiva
215 690 318 730 parte
341 683 498 717 animae.

133 737 368 773 RESPONDEO
386 736 598 779 dicendum,
617 735 716 782 quod
736 737 834 770 circa
854 735 1000 770 habitus
1016 735 1295 782 cognoscitivos
1310 735 1557 769 diversimode
1573 742 1658 769 sunt

62 790 175 839 aliqui
196 791 346 838 opinati.
367 790 520 836 Quidam
542 790 642 824 enim
668 797 849 837 ponentes
876 789 1106 824 intellectum
1133 789 1347 836 possibilem
1376 800 1455 824 esse
1476 800 1591 823 unum
1619 788 1656 822 in

62 845 233 881 omnibus
253 845 478 887 hominibus,
501 844 623 879 coacti
644 851 728 878 sunt
749 854 900 891 ponere,
920 843 1019 890 quod
1041 843 1187 878 habitus
1211 843 1458 890 cognoscitivi
1478 854 1555 877 non
1574 851 1658 877 sunt

61 901 99 935 in
120 899 201 947 ipso
219 899 423 942 intellectu,
445 899 508 934 sed
527 899 565 933 in
585 898 722 933 viribus
744 898 978 945 interioribus
997 897 1191 932 sensitivis.
1210 897 1448 932 Manifestum
1471 905 1526 932 est
1547 898 1660 939 enim,

61 953 161 1002 quod
181 953 354 989 homines
375 953 412 988 in
433 953 617 988 habitibus
641 951 951 994 diversificantur3
966 951 1062 986 unde
1084 963 1159 986 non
1182 960 1336 999 possunt
1354 951 1499 986 habitus
1522 962 1660 997 cogno-

61 1007 181 1043 scitivi
203 1007 340 1043 directe
362 1007 451 1054 poni
464 1008 501 1042 in
516 1019 574 1050 eo,
590 1007 689 1054 quod
705 1019 819 1041 unurn
832 1017 988 1041 numero
1008 1006 1166 1041 existens
1185 1015 1239 1041 est
1258 1006 1429 1040 omnibus
1445 1006 1658 1040 hominibus

35 1086 38 1092 -
62 1073 284 1105 commune;
307 1062 415 1104 unde,
437 1062 467 1096 si
488 1061 695 1096 intellectus
717 1060 900 1108 possibilis
919 1061 964 1095 sit
985 1072 1078 1095 unus
1093 1072 1249 1095 numero
1269 1060 1660 1102 omniumhominum‚

60 1116 207 1151 habitus
229 1116 478 1159 scientiarum,
506 1116 711 1151 secundum
738 1127 830 1162 quos
851 1114 1025 1150 homines
1052 1114 1356 1157 diversificantur,
1382 1126 1458 1149 non
1485 1122 1661 1161 poterunt

62 1181 142 1206 esse
162 1170 200 1205 in
220 1169 409 1205 intellectu
428 1169 606 1217 possibili,
628 1169 723 1204 sicut
741 1170 777 1203 in
792 1169 977 1215 subject03
1000 1169 1064 1204 sed
1086 1178 1192 1203 erunt
1210 1169 1246 1203 in
1265 1169 1402 1203 viribus
1424 1168 1658 1203 interioribus

63 1224 257 1267 sensitivis,
277 1235 371 1271 quae
392 1232 478 1259 sunt
498 1224 666 1259 diversae
693 1223 730 1258 in
757 1224 920 1258 diversis.
945 1223 1018 1258 Sed
1039 1223 1109 1258 ista
1130 1224 1265 1270 positio
1287 1226 1405 1271 primo
1429 1225 1578 1270 quidem
1605 1231 1661 1258 est

24 1302 34 1308 -·
62 1287 192 1314 contra
217 1278 461 1314 intentionem
488 1277 709 1313 Aristotelis.
736 1277 975 1312 Manifestum
999 1286 1053 1312 est
1079 1280 1190 1320 enim,
1219 1279 1318 1324 quod
1340 1278 1435 1312 vires
1463 1278 1658 1312 sensitivae

23 1348 24 1353 ¹
60 1343 138 1368 non
159 1340 244 1368 sunt
262 1332 462 1368 rationales
482 1344 548 1380 per
570 1332 782 1375 essentiam,
804 1332 867 1366 sed
887 1331 1009 1366 solum
1028 1343 1092 1379 per
1109 1332 1444 1379 participationem,
1467 1341 1505 1366 ut
1527 1332 1660 1366 dicitur

59 1387 99 1422 in
124 1397 154 1422 1.
174 1386 292 1422 Ethic.
313 1386 402 1434 (cap.
423 1387 523 1431 ult.):
542 1386 682 1421 Philos.
711 1394 834 1420 autem
853 1386 958 1432 ponit
978 1385 1246 1421 intellectuales
1273 1387 1436 1429 virtutes,
1457 1398 1550 1433 quae
1571 1395 1654 1421 sunt

61 1440 252 1488 sapientia,
273 1441 439 1484 scientia,
461 1449 498 1476 et
514 1440 734 1483 intellectus,
749 1440 788 1474 in
803 1451 848 1475 eo
863 1440 962 1487 quod
978 1448 1033 1474 est
1050 1440 1230 1474 rationale
1250 1451 1314 1487 per
1328 1441 1538 1482 essentiam,
1560 1440 1658 1475 unde

47 1500 139 1530 'non
160 1501 244 1530 sunt
271 1494 309 1530 in
329 1495 466 1529 viribus
493 1495 688 1538 sensitivis,
715 1494 778 1529 sed
805 1494 842 1528 in
869 1494 950 1541 ipso
977 1494 1197 1529 intellectus.
1225 1494 1405 1542 Expresse
1432 1495 1544 1530 etiam
1571 1494 1660 1528 dicit

40 1549 101 1590 ‚in
125 1560 155 1596 3.
177 1548 223 1584 de
249 1549 386 1584 Anima
407 1550 486 1594 (tax.
509 1549 542 1586 8.
565 1554 594 1584 et
611 1549 679 1592 18.)
697 1548 797 1596 quod
819 1549 1002 1584 intellectus
1018 1549 1201 1595 possibilis,
1221 1561 1296 1584 cum
1309 1550 1378 1596 fiat
1398 1549 1543 1594 singula,
1566 1549 1661 1583 idest

63 1614 149 1638 cum
164 1602 360 1638 reducatur
372 1603 410 1638 in
429 1611 552 1638 actum
566 1602 795 1650 singulorum
810 1614 874 1650 per
895 1603 1036 1649 species
1055 1602 1316 1649 intelligibiles,
1335 1608 1412 1638 tunc
1427 1604 1466 1648 fit
1481 1603 1659 1638 secundum

30 1666 32 1677 ¹
61 1661 187 1700 actum,
211 1668 257 1692 eo
278 1657 394 1692 modo
415 1658 490 1704 quo
511 1657 632 1692 sciens
653 1657 785 1691 dicitur
811 1668 890 1691 esse
912 1657 948 1690 in
972 1665 1075 1699 actu3
1103 1657 1202 1703 quod
1225 1657 1374 1704 quidem
1402 1657 1545 1699 accidit,
1574 1669 1659 1692 curn

32 1714 49 1758 ΐ-
63 1710 194 1759 aliquis
212 1711 329 1758 possit
349 1709 413 1757 [al.
430 1711 552 1759 potest]
576 1711 720 1758 operari
742 1722 806 1758 per
827 1712 1001 1757 seipsum,
1027 1710 1168 1745 scilicet
1190 1711 1472 1746 considerando.
1496 1711 1559 1746 Est
1585 1711 1662 1758 qui·

33 1765 150 1812 {dem
172 1765 284 1812 igitur
312 1772 349 1800 et
373 1772 459 1800 tunc
486 1765 651 1812 potentia
679 1765 972 1811 quodammodo,
999 1776 1075 1799 non
1103 1773 1229 1800 tamen
1260 1765 1488 1812 simpliciter,
1521 1771 1558 1800 ut
1583 1770 1664 1800 ante

36 1818 243 1869 addiscere,
265 1824 327 1854 aut
346 1820 522 1860 invenire;
546 1819 622 1865 ipse
644 1830 734 1866 ergo
756 1818 964 1853 intellectus
986 1819 1170 1866 possibilis
1194 1828 1259 1861 est,
1282 1819 1318 1853 in
1341 1831 1415 1866 quo
1430 1828 1493 1854 -est
1513 1819 1662 1854 habitus

38 1873 252 1931 *scientiaea
273 1883 348 1920 quo
375 1881 498 1920 potest
519 1873 753 1908 considerare
777 1873 888 1907 etiam
912 1883 996 1906 cum
1027 1884 1102 1907 non
1131 1873 1350 1908 considerat.
1376 1873 1526 1908 Secundo
1549 1873 1660 1907 etiarn

38 1916 157 1966 ithaec
179 1927 314 1975 positio
337 1935 392 1962 est
414 1935 542 1962 contra
564 1927 617 1962 rei
637 1927 849 1962 veritatem:
874 1927 967 1962 sicut
989 1927 1087 1962 enim
1112 1928 1189 1973 ejus
1212 1936 1266 1962 est
1288 1928 1463 1974 potentia,
1482 1929 1584 1973 cujus
1607 1935 1662 1962 est

40 1970 252 2033 {operatioz
275 1982 324 2017 ita
345 1981 457 2016 etiam
479 1982 556 2042 ejous
578 1989 632 2016 est
652 1981 809 2023 habitus,
829 1982 932 2027 cujus
955 1989 1009 2016 est
1035 1982 1219 2028 operatio:
1239 1981 1444 2028 intelligere
1468 1990 1602 2024 autem,
1626 1989 1664 2016 et

59 2035 299 2071 considerare
319 2042 374 2070 est
394 2035 562 2083 proprius
584 2043 686 2070 actus
707 2034 934 2078 intellectu53
954 2046 1043 2082 ergo
1066 2044 1102 2070 et
1119 2036 1277 2078 habitus,
1299 2047 1373 2082 quo
1396 2036 1662 2078 consideratur,

42 2135 43 2139 Ἰ
87 2096 121 2125 st
139 2089 286 2137 proprie
307 2091 344 2124 in
364 2089 446 2137 ipso
467 2088 667 2124 intellectu.

79 2169 82 2171 >
136 2142 199 2179 AD
218 2153 372 2179 PRIMUM
392 2153 483 2190 ergo
501 2143 711 2186 dicendum,
733 2143 832 2190 quod
850 2143 989 2190 quidam
1003 2143 1182 2186 dixerunt,
1204 2151 1244 2178 ut
1266 2143 1479 2191 Simplicius
1497 2143 1608 2178 refert
1621 2145 1659 2178 in

87 2205 266 2233 omment.
287 2196 516 2232 Praedicam.
540 2197 629 2244 (cap.
651 2197 688 2232 de
716 2198 866 2243 Qualit.)
894 2197 992 2244 quod
1020 2199 1104 2244 quia
1131 2199 1240 2232 omnis
1265 2200 1416 2245 operatio
1443 2198 1588 2233 bominis
1613 2203 1658 2233 est

111 2250 308 2287 odammodo
330 2253 511 2298 conjuncti,
534 2260 573 2286 ut
593 2251 843 2298 Philosophus
867 2251 954 2286 dicit
974 2251 1011 2285 in
1038 2263 1066 2286 1.
1089 2251 1134 2286 de
1156 2252 1294 2286 Anima
1319 2253 1400 2297 (tex.
1423 2252 1480 2297 64.
1509 2257 1539 2287 et
1565 2253 1663 2298 seq),

103 2316 149 2341 eo
163 2304 284 2341 nullus
297 2305 442 2341 habitus
455 2313 510 2340 est
523 2306 668 2341 animae
684 2314 839 2348 tantum,
851 2306 913 2340 sed
928 2307 1133 2352 conjuncti:
1155 2314 1189 2341 et
1203 2317 1267 2353 per
1280 2306 1352 2342 hoc
1368 2307 1542 2353 sequitur,
1558 2306 1658 2353 quod

145 2371 188 2395 us
207 2359 353 2395 habitus
373 2361 420 2395 sit
440 2359 477 2395 in
498 2359 699 2402 intenectu‚
727 2371 812 2394 cum
834 2359 1041 2395 intellectus
1063 2360 1108 2395 sit
1129 2368 1329 2407 separatus,
1352 2369 1391 2395 ut
1412 2362 1505 2395 ratio
1527 2371 1663 2408 propo-

154 2413 387 2461 procedebat.

139 2467 212 2504 Sed
233 2468 303 2504 ista
322 2468 416 2503 ratio
437 2479 514 2504 non
540 2468 660 2515 cogit:
682 2468 827 2503 habitus
854 2469 953 2503 enim
980 2480 1056 2503 non
1079 2477 1133 2504 est
1154 2469 1346 2515 dispositio
1375 2469 1509 2514 objecti
1532 2468 1577 2502 ad
1599 2479 1666 2515 po-

129 2522 232 2566 tiam,
253 2521 318 2558 sed
344 2523 464 2570 magis
489 2523 682 2570 dispositio
704 2523 889 2569 potentiae
918 2523 961 2557 ad
986 2523 1192 2568 objectum3
1220 2523 1316 2557 unde
1342 2523 1487 2557 habitus
1514 2530 1661 2569 oportet

117 2576 168 2612 od
187 2576 234 2612 sit
252 2576 291 2611 in
311 2575 391 2624 ipsa
410 2577 586 2624 potentia,
607 2587 701 2623 quae
723 2584 778 2611 est
799 2576 1018 2623 principium
1042 2584 1155 2619 actus,
1177 2588 1252 2611 non
1276 2585 1399 2612 autem
1421 2577 1457 2610 in
1481 2588 1538 2618 eo,
1561 2577 1660 2623 quod
1696 2588 1698 2591 ’

115 2638 303 2678 mparatur
324 2630 370 2666 ad
391 2631 608 2678 potentiam,
630 2631 724 2665 sicut
745 2630 950 2677 objectum:
978 2631 1099 2678 ipsum
1128 2639 1251 2665 autem
1279 2631 1483 2677 intelligere
1511 2642 1586 2664 non
1610 2630 1663 2664 di—

143 2696 162 2720 r
181 2695 382 2720 commune
403 2695 483 2720 esse
505 2685 662 2727 animae,
684 2692 720 2719 et
741 2684 888 2731 corpori
909 2684 979 2719 nisi
1001 2685 1143 2719 ratione
1165 2685 1444 2731 phantasmatis,
1467 2693 1506 2719 ut
1527 2684 1660 2718 dicitur

105 2747 110 2751 ’
130 2749 160 2774 1.
181 2738 226 2774 de
247 2738 386 2774 Anima
412 2738 470 2783 (ex
494 2744 556 2775 tex.
584 2739 674 2784 66.).
697 2738 802 2773 Patet
829 2746 963 2780 autem,
986 2739 1084 2785 quod
1108 2739 1328 2785 phantasma
1356 2746 1592 2785 comparatur
1615 2738 1660 2772 ad

126 2791 296 2828 ‘llectum
316 2792 542 2840 possibilem,
560 2801 598 2828 ut
620 2792 818 2839 objectum,
840 2800 879 2827 ut
899 2792 1032 2827 dicitur
1054 2794 1089 2827 in
1113 2804 1141 2839 3.
1161 2793 1205 2827 de
1225 2793 1361 2827 Anima
1383 2793 1461 2837 (tex.
1478 2805 1506 2839 3.
1526 2798 1556 2827 ct
1573 2793 1662 2839 39.).·

145 2857 166 2882 e
190 2845 417 2894 relinquitur,
443 2846 543 2894 quod
568 2846 714 2882 habitus
736 2845 980 2881 intellectivus
1007 2846 1051 2881 sit
1079 2846 1329 2894 principaliter
1355 2857 1396 2881 ex
1423 2854 1524 2893 parte
1547 2846 1664 2892 ipsius

173 2910 376 2944 ectus,non
390 2908 514 2937 autem
535 2912 579 2936 ex
600 2908 701 2948 parte
723 2900 1000 2947 phantasmatis,
1022 2900 1121 2947 quod
1144 2906 1199 2935 est
1220 2911 1420 2935 commune
1445 2900 1603 2942 animae,
1627 2908 1665 2934 et
