1907 3182
271 164 361 220 488
692 174 912 210 QUAESTto
945 174 1062 203 inx.
1095 173 1339 203 ARTICULUS
1371 173 1428 203 1v.

348 270 376 304 3.
392 258 628 293 PRAETEREA.
647 257 688 291 In
705 256 983 291 beatitudinibus
997 255 1204 302 proceditur
1218 253 1459 297 ascendendo,
1474 254 1566 288 sicut
1578 254 1733 301 August.
1747 254 1834 289 dicit

275 311 349 356 (lib.
371 324 398 346 Ι.
422 311 457 346 de
478 312 581 346 Serm.
608 312 709 345 Dom.
737 312 771 344 in
797 322 883 344 mon.
908 316 977 355 cap.
1004 320 1037 353 4.
1065 310 1099 342 in
1119 308 1263 354 princ.).·
1293 308 1330 342 in
1359 308 1528 354 praemiis
1551 315 1672 342 autem
1692 307 1833 342 videtur

271 364 422 410 procedi
445 364 713 398 descendendo:
736 375 821 397 nam
844 363 1023 408 possessio
1047 369 1161 396 terrae
1184 369 1237 395 est
1257 361 1388 403 minus,
1411 373 1520 407 quam
1538 372 1692 407 regnum
1714 360 1833 395 coelo-

273 430 374 460 rum;
397 429 483 463 ergo
506 417 801 451 inconvenienter
822 415 1030 461 hujusmodi
1054 415 1216 461 praemia
1237 414 1474 460 assignantur.

344 471 418 506 SED
442 482 596 506 CONTRA
613 478 664 504 est
679 470 873 504 auctoritas
889 470 998 515 ipsius
1012 468 1164 502 Domini
1181 468 1342 513 praemia
1360 466 1570 513 hujusmodi
1583 467 1829 513 proponentis.

342 525 571 559 RESPONDEo
595 523 800 564 dicendum,
823 522 919 568 quod
946 521 1106 567 praemia
1132 521 1199 555 ista
1227 521 1568 555 convenientissime
1595 520 1834 566 assignantur,

273 578 498 612 considerata
521 576 728 611 conditione
754 575 1018 609 beatitudinum
1044 574 1245 608 secundum
1271 579 1332 608 tres
1356 573 1594 608 beatitudines
1620 584 1727 620 supra
1752 573 1836 607 assi-

271 640 397 677 gnatas
421 630 501 675 (art.
524 629 676 676 praem:
702 637 772 663 tres
797 629 891 662 enim
918 629 1051 674 primae
1067 627 1305 661 beatitudines
1324 627 1549 673 accipiuntur
1570 638 1633 672 per
1652 626 1837 661 retractio-

270 696 355 718 nem
377 683 418 717 ab
441 683 508 725 his,
530 683 565 716 in
589 682 716 728 quibus
739 682 933 728 voluptuosa
955 681 1139 715 beatitudo
1163 681 1337 723 consistit,
1365 692 1474 727 quam
1500 681 1614 715 homo
1641 680 1831 724 desiderat,

271 748 446 783 quaerens
471 736 506 770 id
529 736 624 782 quod
647 734 856 769 naturaliter
878 735 1110 776 desideratur,
1132 746 1206 768 non
1229 734 1288 768 ubi
1310 745 1480 780 quaerere
1503 735 1619 777 debet,
1641 733 1781 769 scilicet
1797 734 1834 768 in

269 791 364 832 Deo,
379 790 440 824 sed
462 789 497 823 in
520 789 623 823 rebus
638 788 911 835 temporalibus,
928 797 962 822 et
977 788 1144 830 caducis;
1168 795 1203 822 et
1223 788 1305 822 ideo
1327 788 1490 834 praemia
1511 789 1615 823 trium
1635 788 1835 834 primarum

270 843 531 878 beatitudinum
559 842 783 888 accipiuntur
817 842 1017 876 secundum
1044 852 1097 883 ea,
1126 852 1217 887 quae
1243 841 1279 874 in
1305 841 1526 876 beatitudine
1551 848 1695 875 terrena
1725 841 1835 887 aliqui

272 904 464 943 quaerunt:
493 904 668 942 quaerunt
690 896 787 929 enirn
808 895 977 929 homines
1005 895 1041 928 in
1068 895 1172 929 rebus
1200 894 1445 937 exterioribus,
1471 894 1610 929 scilicet
1635 894 1778 937 divitiis,
1801 902 1836 929 et

271 950 469 984 honoribus
491 949 743 983 excellentiam
770 948 979 995 quamdam,
1006 956 1041 982 et
1067 947 1346 990 abundantiam3
1373 959 1528 994 quorum
1555 955 1748 995 utrumque
1773 948 1837 982 im-

271 1012 389 1050 portat
410 1015 546 1049 regnum
569 1003 744 1044 coelorum,
772 1013 835 1048 per
861 1002 958 1048 quod
984 1002 1099 1036 homo
1128 1001 1361 1047 consequitur
1387 1001 1652 1044 excellentiam,
1674 1009 1709 1036 et
1729 1001 1837 1035 abun-

272 1057 432 1091 dantiam
453 1057 635 1090 bonorum
657 1056 693 1089 in
714 1056 815 1098 Deog
844 1063 879 1090 et
904 1055 986 1090 ideo
1014 1066 1167 1101 regnum
1195 1054 1385 1090 coelorum
1412 1055 1594 1089 Dominus
1619 1055 1836 1102 pauperibus

272 1110 396 1157 spiritu
419 1110 640 1156 repromisit:
663 1117 839 1155 quaerunt
860 1117 982 1143 autem
1005 1109 1173 1143 homines
1198 1109 1350 1151 feroces,
1378 1117 1412 1143 et
1437 1109 1597 1143 immites
1623 1120 1686 1156 per
1711 1108 1837 1155 litigia,

274 1173 307 1198 et
328 1163 422 1197 bella
444 1164 673 1197 securitatem
695 1163 761 1196 sibi
783 1164 980 1208 acquirere,
995 1162 1164 1196 inimicos
1182 1173 1267 1196 suos
1287 1162 1524 1204 destruend03
1546 1162 1641 1196 unde
1655 1162 1838 1197 Dominus

272 1217 478 1263 repromisit
500 1216 645 1250 mitibus
667 1227 844 1257 securam,
867 1224 902 1250 et
923 1216 1082 1262 quietam
1104 1215 1375 1262 possessionem
1401 1223 1517 1250 terrae
1537 1215 1751 1258 viventium,
1773 1227 1837 1262 per

275 1282 384 1317 quam
405 1269 630 1316 significatur
651 1269 813 1304 soliditas
837 1277 1068 1303 aeternorum
1090 1269 1283 1303 bonorum.
1308 1268 1500 1310 Quaerunt
1526 1277 1647 1304 autem
1668 1269 1836 1303 homines

276 1324 312 1358 in
332 1323 654 1370 concupiscentiis,
682 1331 717 1357 et
743 1322 1042 1357 delectationibus
1074 1323 1200 1356 mundi
1226 1323 1357 1357 habere
1385 1322 1678 1357 consolationem
1713 1330 1838 1356 contra

275 1377 472 1423 praesentis
498 1378 592 1411 vitae
623 1376 782 1410 labores:
815 1384 849 1410 et
879 1376 960 1410 ideo
991 1377 1172 1410 Dominus
1203 1375 1494 1410 consolationem
1520 1376 1614 1410 vitae
1635 1376 1839 1422 lugentibus

275 1430 501 1477 repromittit.
518 1429 621 1464 Aliae
636 1441 721 1463 vero
737 1429 818 1464 duat*
832 1429 1069 1463 beatitudines
1083 1429 1262 1476 pertinent
1276 1430 1319 1463 ad
1336 1440 1445 1476 opera
1459 1431 1586 1464 activae
1599 1429 1839 1471 beatitudinis,
1890 1436 1895 1438 “

278 1495 370 1530 quae
401 1491 483 1518 sunt
509 1494 618 1529 opera
644 1484 817 1517 virtutum
845 1483 1089 1517 ordinantium
1117 1483 1307 1517 hominem
1334 1483 1378 1516 ad
1404 1483 1630 1529 proximum3
1663 1494 1683 1517 a
1713 1483 1840 1529 quibus

278 1537 444 1583 operibus
475 1536 585 1582 aliqui
614 1537 843 1571 retrahuntur
877 1545 1023 1582 propter
1052 1536 1297 1570 inordinatum
1325 1547 1489 1571 amorem
1514 1537 1649 1583 proprii
1673 1536 1779 1578 boni;
1806 1543 1841 1570 et

277 1591 360 1625 ideo
383 1590 564 1624 Dominus
579 1590 738 1624 attribuit
759 1589 819 1623 illa
841 1590 1000 1636 praemia
1018 1590 1074 1624 his
1091 1589 1382 1632 beatitudinibus,
1396 1597 1542 1636 propter
1559 1601 1650 1636 quae
1671 1589 1840 1624 homines

277 1645 319 1679 ab
343 1644 392 1678 eis
411 1644 617 1678 discedunt:
645 1643 833 1678 discedunt
860 1643 956 1677 enim
984 1643 1093 1689 aliqui
1120 1644 1162 1676 ab
1191 1643 1358 1689 operibus
1379 1643 1535 1689 justitiae
1556 1655 1630 1678 non
1651 1643 1840 1677 reddentes

277 1698 448 1739 debitum,
475 1697 536 1731 sed
564 1699 681 1743 potius
712 1696 828 1731 aliena
855 1697 1046 1742 rapientes,
1073 1705 1111 1730 ut
1136 1697 1240 1730 bonis
1266 1696 1525 1743 temporalibus
1548 1696 1785 1743 impleantur;
1807 1704 1842 1731 et

276 1751 357 1785 ideo
378 1751 558 1785 Dominus
578 1751 814 1784 esurientibus
832 1750 1005 1795 justitiam
1028 1750 1252 1784 saturitatem
1271 1750 1486 1795 repromisit.
1510 1749 1711 1784 Discedunt
1731 1749 1840 1784 etiam

278 1804 388 1851 aliqui
411 1805 452 1838 ab
476 1804 643 1850 operibus
666 1803 949 1845 misericordiae,
972 1814 1016 1837 ne
1044 1814 1081 1837 se
1108 1804 1339 1838 immisceant
1359 1803 1512 1838 miseriis
1533 1803 1682 1846 alienis;
1704 1811 1740 1838 et
1759 1803 1841 1838 ideo

276 1858 458 1892 Dominus
481 1857 774 1891 misericordibus
797 1857 1013 1903 repromittit
1038 1857 1339 1899 misericordiam,
1360 1868 1424 1902 per
1446 1868 1555 1903 quam
1582 1857 1624 1891 ab
1653 1857 1755 1891 omni
1779 1856 1844 1890 mi-

277 1912 368 1946 seria
386 1911 589 1945 liberentur.
615 1911 720 1945 Aliae
743 1922 829 1945 vero
849 1911 930 1945 duae
952 1911 1101 1944 ultimae
1120 1911 1356 1945 beatitudines
1383 1911 1561 1957 pertinent
1583 1911 1627 1944 ad
1649 1911 1843 1957 contempla-

278 1967 383 2001 tivam
402 1965 623 2007 felicitatem,
646 1976 708 1999 seu
726 1965 1006 2006 beatitudinem3
1029 1973 1063 1998 et
1085 1964 1166 1998 ideo
1189 1965 1389 1998 secundum
1412 1964 1703 1998 convenientiam
1726 1964 1843 2010 dispo-

278 2019 461 2060 sitionum,
484 2030 574 2064 quae
604 2026 786 2064 ponuntur
807 2018 843 2051 in
865 2018 1007 2060 merito,
1026 2017 1420 2064 praemia'redduntur:
1442 2029 1528 2051 nam
1550 2017 1726 2052 munditia
1745 2017 1842 2052 oculi

279 2073 437 2118 disponit
458 2073 500 2106 ad
524 2071 618 2106 clare
640 2071 856 2113 videndum-3
880 2071 974 2106 unde
1001 2071 1144 2105 mundis
1168 2071 1276 2105 corde
1299 2071 1417 2105 divina
1444 2071 1535 2105 visio
1563 2071 1840 2117 repromittitur:

280 2126 496 2160 constituere
515 2137 601 2159 vero
617 2136 745 2171 pacem
759 2125 816 2159 vel
831 2125 866 2158 in
883 2125 1013 2171 seipso,
1032 2125 1090 2158 vel
1104 2125 1195 2159 inter
1215 2124 1316 2166 alios,
1335 2123 1541 2158 manifestat
1558 2124 1748 2159 hominem
1763 2135 1841 2159 esse

279 2179 348 2213 Dei
369 2179 600 2221 imitatorem,
619 2179 677 2224 qui
698 2187 751 2213 est
769 2179 867 2212 Deus
887 2179 1043 2220 unitatis,
1059 2186 1093 2212 et
1112 2179 1226 2224 pacis3
1254 2186 1288 2212 et
1315 2177 1395 2212 ideo
1415 2189 1478 2224 pro
1500 2177 1664 2224 praemio
1686 2177 1842 2212 redditur

281 2233 311 2266 ei
334 2232 449 2277 gloria
471 2232 612 2266 divinae
639 2231 831 2274 filiationis,
859 2243 950 2278 quae
969 2240 1022 2266 est
1048 2232 1082 2265 in
1102 2231 1258 2278 perfecta
1286 2231 1542 2277 conjunctione
1569 2231 1614 2265 ad
1634 2231 1756 2266 Deum
1777 2242 1840 2278 per

280 2286 492 2332 sapientiam
516 2294 820 2319 consummatam.

353 2340 411 2373 AD
439 2350 585 2373 PRiML'M
614 2350 699 2383 ergo
727 2339 931 2380 dicendum,
958 2338 1066 2385 quod,
1095 2339 1186 2373 sicut
1214 2337 1468 2384 Chrysostom.
1496 2338 1580 2372 dicit
1603 2337 1707 2382 (hom.
1732 2350 1775 2384 15.
1802 2339 1836 2372 in

284 2393 403 2427 Mum).
431 2398 503 2426 ‹mltt
531 2392 641 2436 med),
672 2393 793 2426 onmia
825 2393 985 2438 praemia
1013 2393 1077 2426 ista
1102 2404 1213 2426 unum
1240 2400 1322 2426 sunt
1350 2392 1385 2426 in
1415 2403 1464 2434 re,
1494 2391 1632 2426 scilicet
1659 2392 1842 2426 beatitudo

283 2455 437 2488 aeterna,
460 2457 568 2492 quam
591 2445 793 2480 intellectus
816 2447 996 2480 humanus
1019 2457 1092 2479 non
1111 2445 1216 2491 capit,
1239 2454 1273 2479 et
1295 2445 1376 2479 ideo
1400 2445 1570 2491 oportuit,
1592 2445 1689 2492 quod
1711 2457 1773 2491 per
1794 2445 1843 2479 di-

281 2511 383 2534 versa
405 2500 498 2533 bona
513 2499 616 2533 nobis
635 2507 720 2533 nota
736 2499 996 2533 describeretur
1015 2500 1204 2533 observata
1228 2499 1480 2533 convenientia
1495 2499 1538 2533 ad
1554 2498 1693 2541 merita,
1715 2498 1842 2545 quibus

284 2554 443 2600 praemia
468 2554 715 2587 attribuuntur.

354 2607 412 2641 An
429 2617 633 2641 SECUNDUM
654 2606 858 2647 dicendum,
874 2606 969 2652 quod
985 2608 1075 2640 sicut
1090 2615 1218 2640 octava
1232 2605 1416 2640 beatitudo
1432 2613 1485 2640 est
1499 2605 1648 2640 firmitas
1663 2605 1841 2652 quaedam

283 2662 446 2695 omnium
469 2660 745 2694 beatitudinum:
770 2659 815 2693 ita
840 2661 1012 2693 debentur
1033 2660 1097 2693 sibi
1121 2660 1285 2693 omnium
1314 2659 1575 2694 beatitudinum
1599 2659 1778 2705 praemia;
1808 2666 1843 2693 et

284 2714 363 2747 ideo
385 2714 473 2748 redit
491 2714 532 2747 ad
555 2722 671 2758 caput,
688 2721 723 2746 ut
743 2713 986 2756 intelligantur
1005 2714 1069 2746 sibi
1090 2721 1352 2759 consequenter
1367 2713 1489 2747 omnia
1509 2713 1670 2759 praemia
1688 2712 1842 2747 attribui.
1866 2706 1869 2707 ⁷

283 2767 351 2800 Vel
374 2767 571 2800 secundum
595 2766 830 2800 Ambrosium
856 2766 940 2812 (rap.
966 2767 1053 2800 illud.
1081 2767 1158 2801 Lac.
1178 2768 1231 2801 02.-
1252 2767 1530 2813 Bsutipaupcrcs)
1548 2766 1761 2812 pauperibus
1777 2765 1843 2812 spi—

285 2820 351 2854 ritu
376 2820 632 2866 repromittitur
654 2831 804 2864 regnum
825 2819 1012 2853 coelorum
1033 2829 1206 2866 quantum
1229 2821 1271 2854 ad
1295 2820 1449 2865 gloriam
1471 2819 1626 2862 animae,
1647 2820 1707 2854 sed
1730 2819 1842 2866 passis

285 2874 572 2921 persecutionem
597 2874 629 2907 in
654 2885 804 2920 corpore
827 2881 1000 2920 quantum
1024 2874 1066 2907 ad
1090 2873 1243 2919 gloriam
1267 2873 1439 2919 corporis.
