<?xml version="1.0" encoding="UTF-8"?>
<!DOCTYPE html PUBLIC "-//W3C//DTD XHTML 1.0 Transitional//EN"
    "http://www.w3.org/TR/xhtml1/DTD/xhtml1-transitional.dtd">
<html xmlns="http://www.w3.org/1999/xhtml" xml:lang="en" lang="en">
 <head>
  <title>
</title>
<meta http-equiv="Content-Type" content="text/html;charset=utf-8" />
  <meta name='ocr-system' content='tesseract 3.04.00' />
  <meta name='ocr-capabilities' content='ocr_page ocr_carea ocr_par ocr_line ocrx_word'/>
</head>
<body>
  <div class='ocr_page' id='page_1' title='image "./divithomaeaquina02thomuoft_0877.png"; bbox 0 0 1907 3198; ppageno 0'>
   <div class='ocr_carea' id='block_1_1' title="bbox 547 208 1697 265">
    <p class='ocr_par' dir='ltr' id='par_1_1' title="bbox 547 208 1697 265">
     <span class='ocr_line' id='line_1_1' title="bbox 547 208 1697 265; baseline -0.002 -11"><span class='ocrx_word' id='word_1_1' title='bbox 547 223 770 261; x_wconf 73' lang='lat' dir='ltr'><strong>QUAESTIO</strong></span> <span class='ocrx_word' id='word_1_2' title='bbox 805 223 925 253; x_wconf 79' lang='lat' dir='ltr'>exul.</span> <span class='ocrx_word' id='word_1_3' title='bbox 959 221 1206 253; x_wconf 78' lang='lat' dir='ltr'>ARTICULUS</span> <span class='ocrx_word' id='word_1_4' title='bbox 1239 221 1297 251; x_wconf 74' lang='lat' dir='ltr'>tx·</span> <span class='ocrx_word' id='word_1_5' title='bbox 1617 208 1697 265; x_wconf 79' lang='grc'>873</span> 
     </span>
    </p>
   </div>
   <div class='ocr_carea' id='block_1_2' title="bbox 124 301 1706 2444">
    <p class='ocr_par' dir='ltr' id='par_1_2' title="bbox 126 301 1699 410">
     <span class='ocr_line' id='line_1_2' title="bbox 126 301 1699 355; baseline -0.006 -10"><span class='ocrx_word' id='word_1_6' title='bbox 126 309 166 345; x_wconf 86' lang='lat' dir='ltr'>in</span> <span class='ocrx_word' id='word_1_7' title='bbox 188 308 342 344; x_wconf 86' lang='lat' dir='ltr'>1.Ethic.</span> <span class='ocrx_word' id='word_1_8' title='bbox 358 308 448 355; x_wconf 85' lang='lat' dir='ltr'>(cap.</span> <span class='ocrx_word' id='word_1_9' title='bbox 471 318 502 343; x_wconf 83' lang='lat'>2.</span> <span class='ocrx_word' id='word_1_10' title='bbox 518 308 551 342; x_wconf 81' lang='lat' dir='ltr'>in</span> <span class='ocrx_word' id='word_1_11' title='bbox 569 306 659 352; x_wconf 79' lang='lat' dir='ltr'>fin.).·</span> <span class='ocrx_word' id='word_1_12' title='bbox 675 316 764 352; x_wconf 88' lang='lat' dir='ltr'>crgo</span> <span class='ocrx_word' id='word_1_13' title='bbox 787 305 904 351; x_wconf 87' lang='lat' dir='ltr'>majus</span> <span class='ocrx_word' id='word_1_14' title='bbox 925 315 1016 350; x_wconf 90' lang='lat' dir='ltr'>opus</span> <span class='ocrx_word' id='word_1_15' title='bbox 1031 311 1085 339; x_wconf 93' lang='lat' dir='ltr'>est</span> <span class='ocrx_word' id='word_1_16' title='bbox 1106 302 1242 338; x_wconf 84' lang='lat' dir='ltr'>creatio</span> <span class='ocrx_word' id='word_1_17' title='bbox 1264 301 1371 344; x_wconf 85' lang='lat' dir='ltr'>coeli,</span> <span class='ocrx_word' id='word_1_18' title='bbox 1394 311 1428 337; x_wconf 88' lang='lat' dir='ltr'>ct</span> <span class='ocrx_word' id='word_1_19' title='bbox 1447 310 1575 344; x_wconf 83' lang='lat' dir='ltr'>terrae,</span> <span class='ocrx_word' id='word_1_20' title='bbox 1590 313 1699 349; x_wconf 91' lang='lat' dir='ltr'>quam</span> 
     </span>
     <span class='ocr_line' id='line_1_3' title="bbox 131 361 476 410; baseline -0.009 -12"><span class='ocrx_word' id='word_1_21' title='bbox 131 361 340 410; x_wconf 83' lang='lat' dir='ltr'>justificatio</span> <span class='ocrx_word' id='word_1_22' title='bbox 362 361 476 408; x_wconf 88' lang='lat' dir='ltr'>impii.</span> 
     </span>
    </p>

    <p class='ocr_par' dir='ltr' id='par_1_3' title="bbox 126 408 1703 784">
     <span class='ocr_line' id='line_1_4' title="bbox 206 408 1700 463; baseline -0.005 -12"><span class='ocrx_word' id='word_1_23' title='bbox 206 427 235 463; x_wconf 87' lang='lat'>3.</span> <span class='ocrx_word' id='word_1_24' title='bbox 251 415 490 451; x_wconf 46' lang='lat' dir='ltr'>palmeam.</span> <span class='ocrx_word' id='word_1_25' title='bbox 513 413 630 459; x_wconf 84' lang='lat' dir='ltr'>Majus</span> <span class='ocrx_word' id='word_1_26' title='bbox 653 421 706 448; x_wconf 88' lang='lat' dir='ltr'>est</span> <span class='ocrx_word' id='word_1_27' title='bbox 727 424 769 447; x_wconf 78' lang='lat' dir='ltr'>ex</span> <span class='ocrx_word' id='word_1_28' title='bbox 791 411 907 446; x_wconf 82' lang='lat' dir='ltr'>nihilo</span> <span class='ocrx_word' id='word_1_29' title='bbox 926 410 1060 458; x_wconf 86' lang='lat' dir='ltr'>aliquid</span> <span class='ocrx_word' id='word_1_30' title='bbox 1083 409 1213 452; x_wconf 82' lang='lat' dir='ltr'>facere,</span> <span class='ocrx_word' id='word_1_31' title='bbox 1236 417 1271 444; x_wconf 91' lang='lat' dir='ltr'>et</span> <span class='ocrx_word' id='word_1_32' title='bbox 1292 409 1351 443; x_wconf 86' lang='lat' dir='ltr'>ubi</span> <span class='ocrx_word' id='word_1_33' title='bbox 1369 408 1459 443; x_wconf 83' lang='lat' dir='ltr'>nihil</span> <span class='ocrx_word' id='word_1_34' title='bbox 1483 417 1700 455; x_wconf 84' lang='lat' dir='ltr'>cooperatur</span> 
     </span>
     <span class='ocr_line' id='line_1_5' title="bbox 128 462 1701 516; baseline -0.004 -11"><span class='ocrx_word' id='word_1_35' title='bbox 128 468 267 516; x_wconf 83' lang='lat' dir='ltr'>agenti,</span> <span class='ocrx_word' id='word_1_36' title='bbox 287 479 398 516; x_wconf 89' lang='lat' dir='ltr'>quam</span> <span class='ocrx_word' id='word_1_37' title='bbox 432 479 474 503; x_wconf 78' lang='lat' dir='ltr'>ex</span> <span class='ocrx_word' id='word_1_38' title='bbox 512 466 632 514; x_wconf 84' lang='lat' dir='ltr'>aliquo</span> <span class='ocrx_word' id='word_1_39' title='bbox 671 465 790 500; x_wconf 86' lang='lat' dir='ltr'>facere</span> <span class='ocrx_word' id='word_1_40' title='bbox 813 465 948 512; x_wconf 83' lang='lat' dir='ltr'>aliquid</span> <span class='ocrx_word' id='word_1_41' title='bbox 972 475 1055 499; x_wconf 90' lang='lat' dir='ltr'>cum</span> <span class='ocrx_word' id='word_1_42' title='bbox 1082 463 1202 510; x_wconf 87' lang='lat' dir='ltr'>aliqua</span> <span class='ocrx_word' id='word_1_43' title='bbox 1236 462 1496 509; x_wconf 84' lang='lat' dir='ltr'>cooperatione</span> <span class='ocrx_word' id='word_1_44' title='bbox 1518 463 1701 509; x_wconf 85' lang='lat' dir='ltr'>patientis:</span> 
     </span>
     <span class='ocr_line' id='line_1_6' title="bbox 126 515 1703 568; baseline -0.006 -10"><span class='ocrx_word' id='word_1_45' title='bbox 126 521 191 558; x_wconf 85' lang='lat' dir='ltr'>sed</span> <span class='ocrx_word' id='word_1_46' title='bbox 223 522 261 557; x_wconf 86' lang='lat' dir='ltr'>in</span> <span class='ocrx_word' id='word_1_47' title='bbox 292 532 402 568; x_wconf 88' lang='lat' dir='ltr'>opere</span> <span class='ocrx_word' id='word_1_48' title='bbox 424 520 618 556; x_wconf 84' lang='lat' dir='ltr'>creationis</span> <span class='ocrx_word' id='word_1_49' title='bbox 648 530 690 554; x_wconf 77' lang='lat' dir='ltr'>ex</span> <span class='ocrx_word' id='word_1_50' title='bbox 723 518 839 553; x_wconf 91' lang='lat' dir='ltr'>nihilo</span> <span class='ocrx_word' id='word_1_51' title='bbox 877 518 914 552; x_wconf 76' lang='lat' dir='ltr'>sit</span> <span class='ocrx_word' id='word_1_52' title='bbox 943 517 1096 565; x_wconf 88' lang='lat' dir='ltr'>aliquid;</span> <span class='ocrx_word' id='word_1_53' title='bbox 1119 516 1213 551; x_wconf 84' lang='lat' dir='ltr'>unde</span> <span class='ocrx_word' id='word_1_54' title='bbox 1241 515 1331 550; x_wconf 89' lang='lat' dir='ltr'>nihil</span> <span class='ocrx_word' id='word_1_55' title='bbox 1366 524 1486 562; x_wconf 84' lang='lat' dir='ltr'>potest</span> <span class='ocrx_word' id='word_1_56' title='bbox 1507 516 1703 562; x_wconf 86' lang='lat' dir='ltr'>cooperari</span> 
     </span>
     <span class='ocr_line' id='line_1_7' title="bbox 127 568 1702 623; baseline -0.006 -12"><span class='ocrx_word' id='word_1_57' title='bbox 127 575 267 623; x_wconf 83' lang='lat' dir='ltr'>agenti:</span> <span class='ocrx_word' id='word_1_58' title='bbox 290 575 352 611; x_wconf 90' lang='lat' dir='ltr'>sed</span> <span class='ocrx_word' id='word_1_59' title='bbox 374 575 411 610; x_wconf 91' lang='lat' dir='ltr'>in</span> <span class='ocrx_word' id='word_1_60' title='bbox 432 573 688 620; x_wconf 86' lang='lat' dir='ltr'>justificatione</span> <span class='ocrx_word' id='word_1_61' title='bbox 710 571 922 620; x_wconf 87' lang='lat' dir='ltr'>impiiDeus</span> <span class='ocrx_word' id='word_1_62' title='bbox 939 583 981 606; x_wconf 86' lang='lat' dir='ltr'>ex</span> <span class='ocrx_word' id='word_1_63' title='bbox 1004 570 1125 618; x_wconf 90' lang='lat' dir='ltr'>aliquo</span> <span class='ocrx_word' id='word_1_64' title='bbox 1145 569 1279 617; x_wconf 88' lang='lat' dir='ltr'>aliquid</span> <span class='ocrx_word' id='word_1_65' title='bbox 1302 568 1397 611; x_wconf 84' lang='lat' dir='ltr'>facit,</span> <span class='ocrx_word' id='word_1_66' title='bbox 1412 568 1506 604; x_wconf 86' lang='lat' dir='ltr'>idest</span> <span class='ocrx_word' id='word_1_67' title='bbox 1524 581 1566 604; x_wconf 81' lang='lat' dir='ltr'>ex</span> <span class='ocrx_word' id='word_1_68' title='bbox 1589 569 1702 615; x_wconf 88' lang='lat' dir='ltr'>impio</span> 
     </span>
     <span class='ocr_line' id='line_1_8' title="bbox 126 622 1703 676; baseline -0.005 -12"><span class='ocrx_word' id='word_1_69' title='bbox 126 629 279 676; x_wconf 76' lang='lat' dir='ltr'>justum3</span> <span class='ocrx_word' id='word_1_70' title='bbox 294 636 330 664; x_wconf 87' lang='lat' dir='ltr'>et</span> <span class='ocrx_word' id='word_1_71' title='bbox 342 636 396 663; x_wconf 86' lang='lat' dir='ltr'>est</span> <span class='ocrx_word' id='word_1_72' title='bbox 410 627 457 662; x_wconf 89' lang='lat' dir='ltr'>ibi</span> <span class='ocrx_word' id='word_1_73' title='bbox 473 626 591 674; x_wconf 88' lang='lat' dir='ltr'>aliqua</span> <span class='ocrx_word' id='word_1_74' title='bbox 606 625 818 673; x_wconf 88' lang='lat' dir='ltr'>cooperatio</span> <span class='ocrx_word' id='word_1_75' title='bbox 836 637 877 660; x_wconf 82' lang='lat' dir='ltr'>cx</span> <span class='ocrx_word' id='word_1_76' title='bbox 893 633 992 672; x_wconf 85' lang='lat' dir='ltr'>parte</span> <span class='ocrx_word' id='word_1_77' title='bbox 1015 624 1187 666; x_wconf 87' lang='lat' dir='ltr'>hominis,</span> <span class='ocrx_word' id='word_1_78' title='bbox 1209 623 1292 670; x_wconf 81' lang='lat' dir='ltr'>quia</span> <span class='ocrx_word' id='word_1_79' title='bbox 1307 630 1361 658; x_wconf 84' lang='lat' dir='ltr'>est</span> <span class='ocrx_word' id='word_1_80' title='bbox 1382 622 1427 657; x_wconf 86' lang='lat' dir='ltr'>ibi</span> <span class='ocrx_word' id='word_1_81' title='bbox 1451 631 1573 657; x_wconf 86' lang='lat' dir='ltr'>motus</span> <span class='ocrx_word' id='word_1_82' title='bbox 1595 622 1703 658; x_wconf 87' lang='lat' dir='ltr'>liberi</span> 
     </span>
     <span class='ocr_line' id='line_1_9' title="bbox 128 676 1700 726; baseline -0.006 -8"><span class='ocrx_word' id='word_1_83' title='bbox 128 682 275 725; x_wconf 85' lang='lat' dir='ltr'>arbitrii,</span> <span class='ocrx_word' id='word_1_84' title='bbox 286 689 323 717; x_wconf 90' lang='lat' dir='ltr'>ut</span> <span class='ocrx_word' id='word_1_85' title='bbox 344 681 481 716; x_wconf 87' lang='lat' dir='ltr'>dictum</span> <span class='ocrx_word' id='word_1_86' title='bbox 504 688 557 715; x_wconf 90' lang='lat' dir='ltr'>est</span> <span class='ocrx_word' id='word_1_87' title='bbox 579 679 660 725; x_wconf 82' lang='lat' dir='ltr'>(art.</span> <span class='ocrx_word' id='word_1_88' title='bbox 679 691 707 726; x_wconf 84' lang='lat'>3.</span> <span class='ocrx_word' id='word_1_89' title='bbox 723 679 871 725; x_wconf 78' lang='lat' dir='ltr'><em>lmj.q.)‚·</em></span> <span class='ocrx_word' id='word_1_90' title='bbox 892 689 980 725; x_wconf 89' lang='lat' dir='ltr'>ergo</span> <span class='ocrx_word' id='word_1_91' title='bbox 994 677 1199 724; x_wconf 85' lang='lat' dir='ltr'>justificatio</span> <span class='ocrx_word' id='word_1_92' title='bbox 1216 676 1319 722; x_wconf 88' lang='lat' dir='ltr'>impii</span> <span class='ocrx_word' id='word_1_93' title='bbox 1333 687 1407 711; x_wconf 91' lang='lat' dir='ltr'>non</span> <span class='ocrx_word' id='word_1_94' title='bbox 1421 684 1475 711; x_wconf 90' lang='lat' dir='ltr'>est</span> <span class='ocrx_word' id='word_1_95' title='bbox 1498 676 1700 710; x_wconf 76' lang='lat' dir='ltr'>maximum</span> 
     </span>
     <span class='ocr_line' id='line_1_10' title="bbox 128 735 323 784; baseline -0.005 -13"><span class='ocrx_word' id='word_1_96' title='bbox 128 746 222 784; x_wconf 89' lang='lat' dir='ltr'>opus</span> <span class='ocrx_word' id='word_1_97' title='bbox 241 735 323 770; x_wconf 87' lang='lat' dir='ltr'>Dei.</span> 
     </span>
    </p>

    <p class='ocr_par' dir='ltr' id='par_1_4' title="bbox 126 784 1704 1051">
     <span class='ocr_line' id='line_1_11' title="bbox 206 784 1704 834; baseline -0.005 -9"><span class='ocrx_word' id='word_1_98' title='bbox 206 789 282 825; x_wconf 69' lang='lat' dir='ltr'>SED</span> <span class='ocrx_word' id='word_1_99' title='bbox 304 798 461 824; x_wconf 74' lang='lat' dir='ltr'>CONTRA</span> <span class='ocrx_word' id='word_1_100' title='bbox 492 795 556 829; x_wconf 88' lang='lat' dir='ltr'>est,</span> <span class='ocrx_word' id='word_1_101' title='bbox 590 785 687 834; x_wconf 92' lang='lat' dir='ltr'>quod</span> <span class='ocrx_word' id='word_1_102' title='bbox 710 787 745 820; x_wconf 88' lang='lat' dir='ltr'>in</span> <span class='ocrx_word' id='word_1_103' title='bbox 772 785 830 820; x_wconf 90' lang='lat' dir='ltr'>Ps.</span> <span class='ocrx_word' id='word_1_104' title='bbox 857 795 932 828; x_wconf 82' lang='lat'>144.</span> <span class='ocrx_word' id='word_1_105' title='bbox 961 784 1108 819; x_wconf 90' lang='lat' dir='ltr'>dicitur:</span> <span class='ocrx_word' id='word_1_106' title='bbox 1133 784 1360 819; x_wconf 75' lang='lat' dir='ltr'>Miserationis</span> <span class='ocrx_word' id='word_1_107' title='bbox 1385 785 1454 829; x_wconf 75' lang='lat' dir='ltr'>ejus</span> <span class='ocrx_word' id='word_1_108' title='bbox 1473 790 1570 831; x_wconf 73' lang='lat' dir='ltr'>super</span> <span class='ocrx_word' id='word_1_109' title='bbox 1591 784 1704 818; x_wconf 84' lang='lat' dir='ltr'>omnia</span> 
     </span>
     <span class='ocr_line' id='line_1_12' title="bbox 130 837 1703 892; baseline -0.004 -13"><span class='ocrx_word' id='word_1_110' title='bbox 130 849 233 892; x_wconf 78' lang='lat' dir='ltr'>opera</span> <span class='ocrx_word' id='word_1_111' title='bbox 253 844 347 889; x_wconf 53' lang='lat' dir='ltr'>cium</span> <span class='ocrx_word' id='word_1_112' title='bbox 381 850 417 878; x_wconf 87' lang='lat' dir='ltr'>et</span> <span class='ocrx_word' id='word_1_113' title='bbox 449 841 485 876; x_wconf 92' lang='lat' dir='ltr'>in</span> <span class='ocrx_word' id='word_1_114' title='bbox 508 840 676 876; x_wconf 88' lang='lat' dir='ltr'>Collecta</span> <span class='ocrx_word' id='word_1_115' title='bbox 707 839 854 875; x_wconf 88' lang='lat' dir='ltr'>dicitur:</span> <span class='ocrx_word' id='word_1_116' title='bbox 891 840 993 882; x_wconf 66' lang='lat' dir='ltr'>Deus,</span> <span class='ocrx_word' id='word_1_117' title='bbox 1027 840 1085 886; x_wconf 84' lang='lat' dir='ltr'>qui</span> <span class='ocrx_word' id='word_1_118' title='bbox 1117 839 1393 886; x_wconf 71' lang='lat' dir='ltr'>omnipotentiam</span> <span class='ocrx_word' id='word_1_119' title='bbox 1420 843 1512 873; x_wconf 81' lang='lat' dir='ltr'>tuam</span> <span class='ocrx_word' id='word_1_120' title='bbox 1533 837 1703 885; x_wconf 81' lang='lat' dir='ltr'>parcendo</span> 
     </span>
     <span class='ocr_line' id='line_1_13' title="bbox 131 892 1703 939; baseline -0.004 -6"><span class='ocrx_word' id='word_1_121' title='bbox 131 897 289 939; x_wconf 78' lang='lat' dir='ltr'>maxime,</span> <span class='ocrx_word' id='word_1_122' title='bbox 309 901 339 932; x_wconf 76' lang='lat' dir='ltr'>ct</span> <span class='ocrx_word' id='word_1_123' title='bbox 354 894 540 931; x_wconf 61' lang='lat' dir='ltr'>miserando</span> <span class='ocrx_word' id='word_1_124' title='bbox 556 894 764 938; x_wconf 52' lang='lat' dir='ltr'>manifestam</span> <span class='ocrx_word' id='word_1_125' title='bbox 785 901 819 928; x_wconf 84' lang='lat' dir='ltr'>et</span> <span class='ocrx_word' id='word_1_126' title='bbox 842 893 1067 939; x_wconf 87' lang='lat' dir='ltr'>Augustinus</span> <span class='ocrx_word' id='word_1_127' title='bbox 1089 892 1174 927; x_wconf 87' lang='lat' dir='ltr'>dicit</span> <span class='ocrx_word' id='word_1_128' title='bbox 1195 892 1311 937; x_wconf 80' lang='lat' dir='ltr'>(tract.</span> <span class='ocrx_word' id='word_1_129' title='bbox 1330 903 1382 938; x_wconf 87' lang='lat'>72.</span> <span class='ocrx_word' id='word_1_130' title='bbox 1405 893 1440 925; x_wconf 85' lang='lat' dir='ltr'>in</span> <span class='ocrx_word' id='word_1_131' title='bbox 1457 892 1574 937; x_wconf 82' lang='lat' dir='ltr'>Joan.)</span> <span class='ocrx_word' id='word_1_132' title='bbox 1598 901 1703 938; x_wconf 86' lang='lat' dir='ltr'>expo-</span> 
     </span>
     <span class='ocr_line' id='line_1_14' title="bbox 126 944 1703 996; baseline -0.005 -10"><span class='ocrx_word' id='word_1_133' title='bbox 126 961 220 986; x_wconf 87' lang='lat' dir='ltr'>nens</span> <span class='ocrx_word' id='word_1_134' title='bbox 241 949 328 985; x_wconf 87' lang='lat' dir='ltr'>illud</span> <span class='ocrx_word' id='word_1_135' title='bbox 346 949 452 996; x_wconf 87' lang='lat' dir='ltr'>Joan.</span> <span class='ocrx_word' id='word_1_136' title='bbox 479 958 551 992; x_wconf 64' lang='lat'>14:</span> <span class='ocrx_word' id='word_1_137' title='bbox 575 949 714 994; x_wconf 78' lang='lat' dir='ltr'>Majora</span> <span class='ocrx_word' id='word_1_138' title='bbox 741 947 859 982; x_wconf 81' lang='lat' dir='ltr'>horum</span> <span class='ocrx_word' id='word_1_139' title='bbox 874 947 992 994; x_wconf 72' lang='lat' dir='ltr'>saciet,</span> <span class='ocrx_word' id='word_1_140' title='bbox 1013 945 1111 993; x_wconf 89' lang='lat' dir='ltr'>quod</span> <span class='ocrx_word' id='word_1_141' title='bbox 1126 946 1242 991; x_wconf 86' lang='lat' dir='ltr'>majus</span> <span class='ocrx_word' id='word_1_142' title='bbox 1263 956 1354 992; x_wconf 89' lang='lat' dir='ltr'>opus</span> <span class='ocrx_word' id='word_1_143' title='bbox 1381 953 1446 987; x_wconf 84' lang='lat' dir='ltr'>est,</span> <span class='ocrx_word' id='word_1_144' title='bbox 1469 953 1506 979; x_wconf 93' lang='lat' dir='ltr'>ut</span> <span class='ocrx_word' id='word_1_145' title='bbox 1524 956 1568 979; x_wconf 86' lang='lat' dir='ltr'>ex</span> <span class='ocrx_word' id='word_1_146' title='bbox 1589 944 1703 991; x_wconf 89' lang='lat' dir='ltr'>impio</span> 
     </span>
     <span class='ocr_line' id='line_1_15' title="bbox 127 1000 1002 1051; baseline -0.007 -11"><span class='ocrx_word' id='word_1_147' title='bbox 127 1004 243 1051; x_wconf 82' lang='lat' dir='ltr'>justus</span> <span class='ocrx_word' id='word_1_148' title='bbox 260 1003 334 1046; x_wconf 82' lang='lat' dir='ltr'>fiat,</span> <span class='ocrx_word' id='word_1_149' title='bbox 355 1013 466 1050; x_wconf 88' lang='lat' dir='ltr'>quam</span> <span class='ocrx_word' id='word_1_150' title='bbox 485 1012 608 1037; x_wconf 85' lang='lat' dir='ltr'>creare</span> <span class='ocrx_word' id='word_1_151' title='bbox 631 1000 777 1036; x_wconf 83' lang='lat' dir='ltr'>coelum</span> <span class='ocrx_word' id='word_1_152' title='bbox 801 1009 835 1035; x_wconf 90' lang='lat' dir='ltr'>et</span> <span class='ocrx_word' id='word_1_153' title='bbox 856 1009 1002 1035; x_wconf 86' lang='lat' dir='ltr'>terram.</span> 
     </span>
    </p>

    <p class='ocr_par' dir='ltr' id='par_1_5' title="bbox 124 1051 1706 2124">
     <span class='ocr_line' id='line_1_16' title="bbox 201 1051 1703 1101; baseline -0.005 -8"><span class='ocrx_word' id='word_1_154' title='bbox 201 1057 433 1093; x_wconf 69' lang='lat' dir='ltr'>RESPONm-:o</span> <span class='ocrx_word' id='word_1_155' title='bbox 459 1055 668 1097; x_wconf 87' lang='lat' dir='ltr'>dicendum,</span> <span class='ocrx_word' id='word_1_156' title='bbox 690 1054 786 1101; x_wconf 90' lang='lat' dir='ltr'>quod</span> <span class='ocrx_word' id='word_1_157' title='bbox 810 1065 900 1101; x_wconf 89' lang='lat' dir='ltr'>opus</span> <span class='ocrx_word' id='word_1_158' title='bbox 923 1053 1069 1100; x_wconf 86' lang='lat' dir='ltr'>aliquod</span> <span class='ocrx_word' id='word_1_159' title='bbox 1093 1060 1211 1100; x_wconf 85' lang='lat' dir='ltr'>potest</span> <span class='ocrx_word' id='word_1_160' title='bbox 1225 1053 1296 1087; x_wconf 90' lang='lat' dir='ltr'>dici</span> <span class='ocrx_word' id='word_1_161' title='bbox 1318 1063 1492 1099; x_wconf 85' lang='lat' dir='ltr'>magnum</span> <span class='ocrx_word' id='word_1_162' title='bbox 1515 1051 1703 1099; x_wconf 70' lang='lat' dir='ltr'>dupliciter.-</span> 
     </span>
     <span class='ocr_line' id='line_1_17' title="bbox 126 1105 1704 1157; baseline -0.003 -11"><span class='ocrx_word' id='word_1_163' title='bbox 126 1122 195 1146; x_wconf 74' lang='lat' dir='ltr'>smo</span> <span class='ocrx_word' id='word_1_164' title='bbox 215 1110 312 1146; x_wconf 87' lang='lat' dir='ltr'>modo</span> <span class='ocrx_word' id='word_1_165' title='bbox 333 1120 377 1145; x_wconf 87' lang='lat' dir='ltr'>ex</span> <span class='ocrx_word' id='word_1_166' title='bbox 398 1117 498 1157; x_wconf 84' lang='lat' dir='ltr'>parte</span> <span class='ocrx_word' id='word_1_167' title='bbox 520 1108 621 1143; x_wconf 89' lang='lat' dir='ltr'>modi</span> <span class='ocrx_word' id='word_1_168' title='bbox 649 1108 799 1155; x_wconf 80' lang='lat' dir='ltr'>agendi3</span> <span class='ocrx_word' id='word_1_169' title='bbox 829 1115 863 1142; x_wconf 87' lang='lat' dir='ltr'>et</span> <span class='ocrx_word' id='word_1_170' title='bbox 885 1107 935 1142; x_wconf 87' lang='lat' dir='ltr'>sic</span> <span class='ocrx_word' id='word_1_171' title='bbox 965 1107 1166 1141; x_wconf 81' lang='lat' dir='ltr'>maximum</span> <span class='ocrx_word' id='word_1_172' title='bbox 1197 1117 1288 1153; x_wconf 90' lang='lat' dir='ltr'>opus</span> <span class='ocrx_word' id='word_1_173' title='bbox 1310 1114 1363 1141; x_wconf 89' lang='lat' dir='ltr'>est</span> <span class='ocrx_word' id='word_1_174' title='bbox 1385 1116 1476 1153; x_wconf 91' lang='lat' dir='ltr'>opus</span> <span class='ocrx_word' id='word_1_175' title='bbox 1498 1105 1704 1148; x_wconf 88' lang='lat' dir='ltr'>creationis,</span> 
     </span>
     <span class='ocr_line' id='line_1_18' title="bbox 129 1160 1705 1211; baseline -0.004 -12"><span class='ocrx_word' id='word_1_176' title='bbox 129 1165 167 1200; x_wconf 87' lang='lat' dir='ltr'>in</span> <span class='ocrx_word' id='word_1_177' title='bbox 184 1175 258 1211; x_wconf 91' lang='lat' dir='ltr'>quo</span> <span class='ocrx_word' id='word_1_178' title='bbox 277 1175 320 1199; x_wconf 81' lang='lat' dir='ltr'>ex</span> <span class='ocrx_word' id='word_1_179' title='bbox 341 1162 458 1198; x_wconf 89' lang='lat' dir='ltr'>nihilo</span> <span class='ocrx_word' id='word_1_180' title='bbox 477 1162 516 1197; x_wconf 83' lang='lat' dir='ltr'>fit</span> <span class='ocrx_word' id='word_1_181' title='bbox 537 1161 693 1209; x_wconf 87' lang='lat' dir='ltr'>aliquid:</span> <span class='ocrx_word' id='word_1_182' title='bbox 716 1161 783 1196; x_wconf 79' lang='lat' dir='ltr'>alio</span> <span class='ocrx_word' id='word_1_183' title='bbox 805 1161 901 1195; x_wconf 81' lang='lat' dir='ltr'>modo</span> <span class='ocrx_word' id='word_1_184' title='bbox 920 1168 1037 1208; x_wconf 87' lang='lat' dir='ltr'>potest</span> <span class='ocrx_word' id='word_1_185' title='bbox 1060 1160 1131 1194; x_wconf 90' lang='lat' dir='ltr'>dici</span> <span class='ocrx_word' id='word_1_186' title='bbox 1154 1170 1245 1206; x_wconf 91' lang='lat' dir='ltr'>opus</span> <span class='ocrx_word' id='word_1_187' title='bbox 1267 1170 1443 1206; x_wconf 86' lang='lat' dir='ltr'>magnum</span> <span class='ocrx_word' id='word_1_188' title='bbox 1466 1168 1612 1206; x_wconf 90' lang='lat' dir='ltr'>propter</span> <span class='ocrx_word' id='word_1_189' title='bbox 1632 1170 1705 1194; x_wconf 88' lang='lat' dir='ltr'>ma-</span> 
     </span>
     <span class='ocr_line' id='line_1_19' title="bbox 131 1213 1704 1266; baseline -0.004 -13"><span class='ocrx_word' id='word_1_190' title='bbox 131 1218 359 1266; x_wconf 87' lang='lat' dir='ltr'>gnitudinem</span> <span class='ocrx_word' id='word_1_191' title='bbox 386 1218 463 1263; x_wconf 87' lang='lat' dir='ltr'>ejus</span> <span class='ocrx_word' id='word_1_192' title='bbox 484 1216 581 1264; x_wconf 92' lang='lat' dir='ltr'>quod</span> <span class='ocrx_word' id='word_1_193' title='bbox 604 1215 660 1250; x_wconf 84' lang='lat' dir='ltr'>fit:</span> <span class='ocrx_word' id='word_1_194' title='bbox 684 1224 718 1250; x_wconf 85' lang='lat' dir='ltr'>ct</span> <span class='ocrx_word' id='word_1_195' title='bbox 741 1215 940 1250; x_wconf 65' lang='lat' dir='ltr'>scmndum</span> <span class='ocrx_word' id='word_1_196' title='bbox 955 1214 1026 1249; x_wconf 89' lang='lat' dir='ltr'>hoc</span> <span class='ocrx_word' id='word_1_197' title='bbox 1047 1215 1163 1259; x_wconf 84' lang='lat' dir='ltr'>majus</span> <span class='ocrx_word' id='word_1_198' title='bbox 1191 1225 1279 1261; x_wconf 86' lang='lat' dir='ltr'>opus</span> <span class='ocrx_word' id='word_1_199' title='bbox 1299 1213 1568 1259; x_wconf 81' lang='lat' dir='ltr'>cstjustificatio</span> <span class='ocrx_word' id='word_1_200' title='bbox 1590 1213 1704 1260; x_wconf 83' lang='lat' dir='ltr'>impii,</span> 
     </span>
     <span class='ocr_line' id='line_1_20' title="bbox 132 1268 1704 1319; baseline -0.003 -12"><span class='ocrx_word' id='word_1_201' title='bbox 132 1282 225 1319; x_wconf 82' lang='lat' dir='ltr'>quae</span> <span class='ocrx_word' id='word_1_202' title='bbox 250 1271 466 1307; x_wconf 86' lang='lat' dir='ltr'>terminatur</span> <span class='ocrx_word' id='word_1_203' title='bbox 499 1271 543 1306; x_wconf 89' lang='lat' dir='ltr'>ad</span> <span class='ocrx_word' id='word_1_204' title='bbox 565 1271 703 1306; x_wconf 88' lang='lat' dir='ltr'>bonum</span> <span class='ocrx_word' id='word_1_205' title='bbox 727 1278 914 1306; x_wconf 86' lang='lat' dir='ltr'>aeternum</span> <span class='ocrx_word' id='word_1_206' title='bbox 945 1269 1087 1304; x_wconf 87' lang='lat' dir='ltr'>divinae</span> <span class='ocrx_word' id='word_1_207' title='bbox 1109 1268 1407 1316; x_wconf 79' lang='lat' dir='ltr'>participationis,</span> <span class='ocrx_word' id='word_1_208' title='bbox 1429 1279 1539 1315; x_wconf 86' lang='lat' dir='ltr'>quam</span> <span class='ocrx_word' id='word_1_209' title='bbox 1567 1268 1704 1303; x_wconf 87' lang='lat' dir='ltr'>creatio</span> 
     </span>
     <span class='ocr_line' id='line_1_21' title="bbox 131 1321 1706 1372; baseline -0.003 -11"><span class='ocrx_word' id='word_1_210' title='bbox 131 1325 240 1368; x_wconf 88' lang='lat' dir='ltr'>coeli,</span> <span class='ocrx_word' id='word_1_211' title='bbox 261 1333 297 1361; x_wconf 89' lang='lat' dir='ltr'>et</span> <span class='ocrx_word' id='word_1_212' title='bbox 317 1335 446 1368; x_wconf 87' lang='lat' dir='ltr'>terrae,</span> <span class='ocrx_word' id='word_1_213' title='bbox 468 1336 560 1372; x_wconf 88' lang='lat' dir='ltr'>quae</span> <span class='ocrx_word' id='word_1_214' title='bbox 581 1325 797 1359; x_wconf 86' lang='lat' dir='ltr'>terminatur</span> <span class='ocrx_word' id='word_1_215' title='bbox 830 1323 873 1357; x_wconf 88' lang='lat' dir='ltr'>ad</span> <span class='ocrx_word' id='word_1_216' title='bbox 896 1323 1034 1357; x_wconf 90' lang='lat' dir='ltr'>bonum</span> <span class='ocrx_word' id='word_1_217' title='bbox 1065 1330 1215 1357; x_wconf 84' lang='lat' dir='ltr'>naturae</span> <span class='ocrx_word' id='word_1_218' title='bbox 1237 1321 1440 1364; x_wconf 79' lang='lat' dir='ltr'>mutabili33</span> <span class='ocrx_word' id='word_1_219' title='bbox 1467 1330 1503 1356; x_wconf 89' lang='lat' dir='ltr'>ct</span> <span class='ocrx_word' id='word_1_220' title='bbox 1529 1322 1612 1357; x_wconf 88' lang='lat' dir='ltr'>ideo</span> <span class='ocrx_word' id='word_1_221' title='bbox 1634 1322 1706 1356; x_wconf 86' lang='lat' dir='ltr'>Au-</span> 
     </span>
     <span class='ocr_line' id='line_1_22' title="bbox 128 1375 1704 1427; baseline -0.004 -12"><span class='ocrx_word' id='word_1_222' title='bbox 128 1378 296 1427; x_wconf 88' lang='lat' dir='ltr'>gustinus</span> <span class='ocrx_word' id='word_1_223' title='bbox 330 1390 415 1414; x_wconf 87' lang='lat' dir='ltr'>curn</span> <span class='ocrx_word' id='word_1_224' title='bbox 448 1378 606 1420; x_wconf 87' lang='lat' dir='ltr'>dixisset,</span> <span class='ocrx_word' id='word_1_225' title='bbox 643 1377 740 1425; x_wconf 91' lang='lat' dir='ltr'>quod</span> <span class='ocrx_word' id='word_1_226' title='bbox 769 1378 886 1422; x_wconf 81' lang='lat' dir='ltr'>majus</span> <span class='ocrx_word' id='word_1_227' title='bbox 919 1384 984 1418; x_wconf 87' lang='lat' dir='ltr'>est,</span> <span class='ocrx_word' id='word_1_228' title='bbox 1018 1376 1115 1423; x_wconf 92' lang='lat' dir='ltr'>quod</span> <span class='ocrx_word' id='word_1_229' title='bbox 1142 1387 1185 1410; x_wconf 82' lang='lat' dir='ltr'>ex</span> <span class='ocrx_word' id='word_1_230' title='bbox 1211 1375 1325 1422; x_wconf 87' lang='lat' dir='ltr'>impio</span> <span class='ocrx_word' id='word_1_231' title='bbox 1360 1375 1421 1409; x_wconf 84' lang='lat' dir='ltr'>fiat</span> <span class='ocrx_word' id='word_1_232' title='bbox 1447 1375 1572 1421; x_wconf 87' lang='lat' dir='ltr'>justus,</span> <span class='ocrx_word' id='word_1_233' title='bbox 1593 1386 1704 1422; x_wconf 89' lang='lat' dir='ltr'>quam</span> 
     </span>
     <span class='ocr_line' id='line_1_23' title="bbox 129 1428 1704 1477; baseline -0.003 -9"><span class='ocrx_word' id='word_1_234' title='bbox 129 1443 255 1468; x_wconf 83' lang='lat' dir='ltr'>creare</span> <span class='ocrx_word' id='word_1_235' title='bbox 277 1431 436 1474; x_wconf 83' lang='lat' dir='ltr'>coelum,</span> <span class='ocrx_word' id='word_1_236' title='bbox 459 1439 495 1467; x_wconf 89' lang='lat' dir='ltr'>et</span> <span class='ocrx_word' id='word_1_237' title='bbox 515 1439 661 1473; x_wconf 87' lang='lat' dir='ltr'>terram,</span> <span class='ocrx_word' id='word_1_238' title='bbox 684 1430 885 1477; x_wconf 86' lang='lat' dir='ltr'>subjungit:</span> <span class='ocrx_word' id='word_1_239' title='bbox 903 1429 1038 1464; x_wconf 74' lang='lat' dir='ltr'>Coclum</span> <span class='ocrx_word' id='word_1_240' title='bbox 1060 1431 1147 1464; x_wconf 69' lang='lat' dir='ltr'>anim</span> <span class='ocrx_word' id='word_1_241' title='bbox 1169 1434 1197 1464; x_wconf 75' lang='lat' dir='ltr'>et</span> <span class='ocrx_word' id='word_1_242' title='bbox 1219 1435 1309 1464; x_wconf 66' lang='lat' dir='ltr'>tarra</span> <span class='ocrx_word' id='word_1_243' title='bbox 1331 1430 1508 1464; x_wconf 70' lang='lat' dir='ltr'>transibit:</span> <span class='ocrx_word' id='word_1_244' title='bbox 1524 1428 1704 1476; x_wconf 62' lang='lat' dir='ltr'>praedesti-</span> 
     </span>
     <span class='ocr_line' id='line_1_24' title="bbox 127 1482 1704 1531; baseline -0.003 -10"><span class='ocrx_word' id='word_1_245' title='bbox 127 1491 289 1521; x_wconf 75' lang='lat' dir='ltr'>natorum</span> <span class='ocrx_word' id='word_1_246' title='bbox 314 1490 426 1521; x_wconf 78' lang='lat' dir='ltr'>autem</span> <span class='ocrx_word' id='word_1_247' title='bbox 450 1485 548 1527; x_wconf 82' lang='lat' dir='ltr'>salus,</span> <span class='ocrx_word' id='word_1_248' title='bbox 571 1490 600 1520; x_wconf 78' lang='lat' dir='ltr'>ee</span> <span class='ocrx_word' id='word_1_249' title='bbox 616 1485 812 1531; x_wconf 79' lang='lat' dir='ltr'>justificatio</span> <span class='ocrx_word' id='word_1_250' title='bbox 827 1484 1046 1531; x_wconf 72' lang='lat' dir='ltr'>permanebit.</span> <span class='ocrx_word' id='word_1_251' title='bbox 1066 1482 1138 1517; x_wconf 87' lang='lat' dir='ltr'>Sed</span> <span class='ocrx_word' id='word_1_252' title='bbox 1160 1482 1347 1517; x_wconf 86' lang='lat' dir='ltr'>sciendum</span> <span class='ocrx_word' id='word_1_253' title='bbox 1370 1491 1434 1525; x_wconf 84' lang='lat' dir='ltr'>est,</span> <span class='ocrx_word' id='word_1_254' title='bbox 1450 1482 1547 1529; x_wconf 90' lang='lat' dir='ltr'>quod</span> <span class='ocrx_word' id='word_1_255' title='bbox 1570 1482 1704 1529; x_wconf 85' lang='lat' dir='ltr'>aliquid</span> 
     </span>
     <span class='ocr_line' id='line_1_25' title="bbox 131 1535 1704 1586; baseline -0.003 -11"><span class='ocrx_word' id='word_1_256' title='bbox 131 1550 309 1586; x_wconf 85' lang='lat' dir='ltr'>magnum</span> <span class='ocrx_word' id='word_1_257' title='bbox 331 1539 462 1574; x_wconf 89' lang='lat' dir='ltr'>dicitur</span> <span class='ocrx_word' id='word_1_258' title='bbox 486 1538 684 1586; x_wconf 71' lang='lat' dir='ltr'>dupliciter:</span> <span class='ocrx_word' id='word_1_259' title='bbox 711 1549 776 1573; x_wconf 84' lang='lat' dir='ltr'>uno</span> <span class='ocrx_word' id='word_1_260' title='bbox 804 1537 900 1572; x_wconf 77' lang='lat' dir='ltr'>modo</span> <span class='ocrx_word' id='word_1_261' title='bbox 927 1536 1127 1572; x_wconf 88' lang='lat' dir='ltr'>secundum</span> <span class='ocrx_word' id='word_1_262' title='bbox 1154 1536 1392 1583; x_wconf 79' lang='lat' dir='ltr'>quantitatem</span> <span class='ocrx_word' id='word_1_263' title='bbox 1421 1535 1647 1578; x_wconf 81' lang='lat' dir='ltr'>absolutam3</span> <span class='ocrx_word' id='word_1_264' title='bbox 1669 1543 1704 1571; x_wconf 90' lang='lat' dir='ltr'>et</span> 
     </span>
     <span class='ocr_line' id='line_1_26' title="bbox 129 1589 1706 1639; baseline -0.004 -10"><span class='ocrx_word' id='word_1_265' title='bbox 129 1593 203 1629; x_wconf 88' lang='lat' dir='ltr'>hoc</span> <span class='ocrx_word' id='word_1_266' title='bbox 225 1592 339 1628; x_wconf 87' lang='lat' dir='ltr'>modo</span> <span class='ocrx_word' id='word_1_267' title='bbox 361 1592 500 1628; x_wconf 91' lang='lat' dir='ltr'>donum</span> <span class='ocrx_word' id='word_1_268' title='bbox 522 1592 662 1639; x_wconf 91' lang='lat' dir='ltr'>gloriae</span> <span class='ocrx_word' id='word_1_269' title='bbox 684 1599 737 1627; x_wconf 88' lang='lat' dir='ltr'>est</span> <span class='ocrx_word' id='word_1_270' title='bbox 770 1592 900 1637; x_wconf 83' lang='lat' dir='ltr'>majus,</span> <span class='ocrx_word' id='word_1_271' title='bbox 927 1602 1037 1638; x_wconf 89' lang='lat' dir='ltr'>quam</span> <span class='ocrx_word' id='word_1_272' title='bbox 1068 1590 1206 1625; x_wconf 83' lang='lat' dir='ltr'>donum</span> <span class='ocrx_word' id='word_1_273' title='bbox 1228 1590 1364 1636; x_wconf 85' lang='lat' dir='ltr'>gratiae</span> <span class='ocrx_word' id='word_1_274' title='bbox 1391 1589 1616 1636; x_wconf 86' lang='lat' dir='ltr'>justificantis</span> <span class='ocrx_word' id='word_1_275' title='bbox 1642 1590 1706 1624; x_wconf 89' lang='lat' dir='ltr'>im·</span> 
     </span>
     <span class='ocr_line' id='line_1_27' title="bbox 129 1643 1705 1695; baseline -0.003 -13"><span class='ocrx_word' id='word_1_276' title='bbox 129 1647 254 1695; x_wconf 85' lang='lat' dir='ltr'>pium:</span> <span class='ocrx_word' id='word_1_277' title='bbox 275 1654 310 1682; x_wconf 86' lang='lat' dir='ltr'>et</span> <span class='ocrx_word' id='word_1_278' title='bbox 332 1646 533 1682; x_wconf 89' lang='lat' dir='ltr'>secundum</span> <span class='ocrx_word' id='word_1_279' title='bbox 555 1646 627 1680; x_wconf 91' lang='lat' dir='ltr'>hoc</span> <span class='ocrx_word' id='word_1_280' title='bbox 650 1645 868 1692; x_wconf 85' lang='lat' dir='ltr'>glorificatio</span> <span class='ocrx_word' id='word_1_281' title='bbox 903 1645 1079 1690; x_wconf 83' lang='lat' dir='ltr'>justorum</span> <span class='ocrx_word' id='word_1_282' title='bbox 1100 1653 1154 1679; x_wconf 86' lang='lat' dir='ltr'>est</span> <span class='ocrx_word' id='word_1_283' title='bbox 1174 1645 1291 1689; x_wconf 85' lang='lat' dir='ltr'>majus</span> <span class='ocrx_word' id='word_1_284' title='bbox 1318 1655 1420 1690; x_wconf 89' lang='lat' dir='ltr'>opus,</span> <span class='ocrx_word' id='word_1_285' title='bbox 1443 1655 1552 1690; x_wconf 84' lang='lat' dir='ltr'>quarn</span> <span class='ocrx_word' id='word_1_286' title='bbox 1584 1643 1705 1690; x_wconf 81' lang='lat' dir='ltr'>justifi-</span> 
     </span>
     <span class='ocr_line' id='line_1_28' title="bbox 131 1698 1706 1748; baseline -0.003 -11"><span class='ocrx_word' id='word_1_287' title='bbox 131 1701 228 1737; x_wconf 83' lang='lat' dir='ltr'>catio</span> <span class='ocrx_word' id='word_1_288' title='bbox 248 1700 370 1748; x_wconf 81' lang='lat' dir='ltr'>impii:</span> <span class='ocrx_word' id='word_1_289' title='bbox 392 1700 459 1735; x_wconf 79' lang='lat' dir='ltr'>alio</span> <span class='ocrx_word' id='word_1_290' title='bbox 478 1699 573 1734; x_wconf 82' lang='lat' dir='ltr'>modo</span> <span class='ocrx_word' id='word_1_291' title='bbox 595 1699 724 1734; x_wconf 86' lang='lat' dir='ltr'>dicitur</span> <span class='ocrx_word' id='word_1_292' title='bbox 747 1698 881 1745; x_wconf 87' lang='lat' dir='ltr'>aliquid</span> <span class='ocrx_word' id='word_1_293' title='bbox 905 1709 1079 1743; x_wconf 86' lang='lat' dir='ltr'>magnum</span> <span class='ocrx_word' id='word_1_294' title='bbox 1103 1698 1301 1744; x_wconf 85' lang='lat' dir='ltr'>quantitate</span> <span class='ocrx_word' id='word_1_295' title='bbox 1324 1698 1590 1744; x_wconf 88' lang='lat' dir='ltr'>proportionis;</span> <span class='ocrx_word' id='word_1_296' title='bbox 1613 1698 1706 1733; x_wconf 89' lang='lat' dir='ltr'>sicut</span> 
     </span>
     <span class='ocr_line' id='line_1_29' title="bbox 128 1751 1706 1800; baseline -0.003 -10"><span class='ocrx_word' id='word_1_297' title='bbox 128 1754 262 1790; x_wconf 86' lang='lat' dir='ltr'>dicitur</span> <span class='ocrx_word' id='word_1_298' title='bbox 278 1764 385 1788; x_wconf 88' lang='lat' dir='ltr'>mons</span> <span class='ocrx_word' id='word_1_299' title='bbox 406 1764 548 1800; x_wconf 86' lang='lat' dir='ltr'>parvus,</span> <span class='ocrx_word' id='word_1_300' title='bbox 570 1761 605 1788; x_wconf 91' lang='lat' dir='ltr'>et</span> <span class='ocrx_word' id='word_1_301' title='bbox 627 1753 769 1787; x_wconf 84' lang='lat' dir='ltr'>milium</span> <span class='ocrx_word' id='word_1_302' title='bbox 792 1763 986 1798; x_wconf 80' lang='lat' dir='ltr'>magnum3</span> <span class='ocrx_word' id='word_1_303' title='bbox 1018 1759 1053 1786; x_wconf 87' lang='lat' dir='ltr'>et</span> <span class='ocrx_word' id='word_1_304' title='bbox 1079 1751 1150 1786; x_wconf 89' lang='lat' dir='ltr'>hoc</span> <span class='ocrx_word' id='word_1_305' title='bbox 1174 1751 1286 1785; x_wconf 88' lang='lat' dir='ltr'>modo</span> <span class='ocrx_word' id='word_1_306' title='bbox 1314 1751 1451 1786; x_wconf 87' lang='lat' dir='ltr'>donum</span> <span class='ocrx_word' id='word_1_307' title='bbox 1478 1751 1615 1796; x_wconf 82' lang='lat' dir='ltr'>gratiae</span> <span class='ocrx_word' id='word_1_308' title='bbox 1642 1751 1706 1786; x_wconf 90' lang='lat' dir='ltr'>im-</span> 
     </span>
     <span class='ocr_line' id='line_1_30' title="bbox 130 1803 1704 1856; baseline -0.003 -13"><span class='ocrx_word' id='word_1_309' title='bbox 130 1807 231 1856; x_wconf 89' lang='lat' dir='ltr'>pium</span> <span class='ocrx_word' id='word_1_310' title='bbox 252 1806 478 1854; x_wconf 81' lang='lat' dir='ltr'>justificantis</span> <span class='ocrx_word' id='word_1_311' title='bbox 500 1814 553 1842; x_wconf 88' lang='lat' dir='ltr'>est</span> <span class='ocrx_word' id='word_1_312' title='bbox 575 1807 702 1851; x_wconf 81' lang='lat' dir='ltr'>majus,</span> <span class='ocrx_word' id='word_1_313' title='bbox 722 1817 832 1853; x_wconf 85' lang='lat' dir='ltr'>quam</span> <span class='ocrx_word' id='word_1_314' title='bbox 856 1805 994 1840; x_wconf 83' lang='lat' dir='ltr'>donum</span> <span class='ocrx_word' id='word_1_315' title='bbox 1019 1804 1156 1851; x_wconf 86' lang='lat' dir='ltr'>gloriae</span> <span class='ocrx_word' id='word_1_316' title='bbox 1178 1803 1416 1840; x_wconf 79' lang='lat' dir='ltr'>beatificantis</span> <span class='ocrx_word' id='word_1_317' title='bbox 1437 1805 1570 1850; x_wconf 86' lang='lat' dir='ltr'>justum</span> <span class='ocrx_word' id='word_1_318' title='bbox 1588 1816 1595 1839; x_wconf 90' lang='lat'>:</span> <span class='ocrx_word' id='word_1_319' title='bbox 1619 1805 1704 1851; x_wconf 87' lang='lat' dir='ltr'>quia</span> 
     </span>
     <span class='ocr_line' id='line_1_31' title="bbox 129 1858 1705 1910; baseline -0.003 -13"><span class='ocrx_word' id='word_1_320' title='bbox 129 1860 211 1910; x_wconf 86' lang='lat' dir='ltr'>plus</span> <span class='ocrx_word' id='word_1_321' title='bbox 231 1860 371 1896; x_wconf 84' lang='lat' dir='ltr'>excedit</span> <span class='ocrx_word' id='word_1_322' title='bbox 391 1860 531 1895; x_wconf 89' lang='lat' dir='ltr'>donum</span> <span class='ocrx_word' id='word_1_323' title='bbox 558 1860 694 1907; x_wconf 82' lang='lat' dir='ltr'>gratiae</span> <span class='ocrx_word' id='word_1_324' title='bbox 718 1859 933 1905; x_wconf 83' lang='lat' dir='ltr'>dignitatem</span> <span class='ocrx_word' id='word_1_325' title='bbox 959 1858 1072 1904; x_wconf 86' lang='lat' dir='ltr'>impii,</span> <span class='ocrx_word' id='word_1_326' title='bbox 1094 1858 1154 1905; x_wconf 91' lang='lat' dir='ltr'>qui</span> <span class='ocrx_word' id='word_1_327' title='bbox 1181 1866 1257 1893; x_wconf 81' lang='lat' dir='ltr'>erat</span> <span class='ocrx_word' id='word_1_328' title='bbox 1282 1858 1411 1904; x_wconf 89' lang='lat' dir='ltr'>dignus</span> <span class='ocrx_word' id='word_1_329' title='bbox 1438 1869 1567 1905; x_wconf 84' lang='lat' dir='ltr'>poena,</span> <span class='ocrx_word' id='word_1_330' title='bbox 1594 1869 1705 1905; x_wconf 85' lang='lat' dir='ltr'>quam</span> 
     </span>
     <span class='ocr_line' id='line_1_32' title="bbox 129 1911 1706 1961; baseline -0.003 -11"><span class='ocrx_word' id='word_1_331' title='bbox 129 1915 269 1951; x_wconf 89' lang='lat' dir='ltr'>donum</span> <span class='ocrx_word' id='word_1_332' title='bbox 291 1913 429 1961; x_wconf 86' lang='lat' dir='ltr'>gloriae</span> <span class='ocrx_word' id='word_1_333' title='bbox 455 1914 670 1960; x_wconf 86' lang='lat' dir='ltr'>dignitatem</span> <span class='ocrx_word' id='word_1_334' title='bbox 693 1913 787 1958; x_wconf 86' lang='lat' dir='ltr'>justi,</span> <span class='ocrx_word' id='word_1_335' title='bbox 816 1912 876 1960; x_wconf 89' lang='lat' dir='ltr'>qui</span> <span class='ocrx_word' id='word_1_336' title='bbox 895 1923 936 1946; x_wconf 79' lang='lat' dir='ltr'>ex</span> <span class='ocrx_word' id='word_1_337' title='bbox 964 1912 1035 1947; x_wconf 92' lang='lat' dir='ltr'>hoc</span> <span class='ocrx_word' id='word_1_338' title='bbox 1059 1913 1136 1959; x_wconf 92' lang='lat' dir='ltr'>ipso</span> <span class='ocrx_word' id='word_1_339' title='bbox 1151 1911 1248 1958; x_wconf 90' lang='lat' dir='ltr'>quod</span> <span class='ocrx_word' id='word_1_340' title='bbox 1271 1920 1324 1946; x_wconf 89' lang='lat' dir='ltr'>cst</span> <span class='ocrx_word' id='word_1_341' title='bbox 1349 1911 1637 1958; x_wconf 80' lang='lat' dir='ltr'>justificatus‚est</span> <span class='ocrx_word' id='word_1_342' title='bbox 1657 1911 1706 1946; x_wconf 90' lang='lat' dir='ltr'>di·</span> 
     </span>
     <span class='ocr_line' id='line_1_33' title="bbox 131 1965 1705 2016; baseline -0.002 -12"><span class='ocrx_word' id='word_1_343' title='bbox 131 1979 224 2016; x_wconf 83' lang='lat' dir='ltr'>gnus</span> <span class='ocrx_word' id='word_1_344' title='bbox 244 1967 380 2016; x_wconf 60' lang='lat' dir='ltr'>glorian</span> <span class='ocrx_word' id='word_1_345' title='bbox 401 1975 437 2003; x_wconf 86' lang='lat' dir='ltr'>et</span> <span class='ocrx_word' id='word_1_346' title='bbox 463 1967 545 2003; x_wconf 87' lang='lat' dir='ltr'>ideo</span> <span class='ocrx_word' id='word_1_347' title='bbox 573 1966 800 2013; x_wconf 83' lang='lat' dir='ltr'>Augustinus</span> <span class='ocrx_word' id='word_1_348' title='bbox 823 1966 910 2001; x_wconf 87' lang='lat' dir='ltr'>dicit</span> <span class='ocrx_word' id='word_1_349' title='bbox 926 1966 1081 2001; x_wconf 88' lang='lat' dir='ltr'>ibidem:</span> <span class='ocrx_word' id='word_1_350' title='bbox 1098 1965 1239 2010; x_wconf 55' lang='lat' dir='ltr'>ludit-el,</span> <span class='ocrx_word' id='word_1_351' title='bbox 1255 1967 1437 2012; x_wconf 58' lang='lat' dir='ltr'>quipotest,</span> <span class='ocrx_word' id='word_1_352' title='bbox 1460 1970 1573 2000; x_wconf 81' lang='lat' dir='ltr'>utrum</span> <span class='ocrx_word' id='word_1_353' title='bbox 1596 1967 1705 2012; x_wconf 81' lang='lat' dir='ltr'>majus</span> 
     </span>
     <span class='ocr_line' id='line_1_34' title="bbox 129 2018 1704 2069; baseline -0.003 -11"><span class='ocrx_word' id='word_1_354' title='bbox 129 2024 173 2059; x_wconf 77' lang='lat' dir='ltr'>sie</span> <span class='ocrx_word' id='word_1_355' title='bbox 188 2024 291 2069; x_wconf 74' lang='lat' dir='ltr'>justos</span> <span class='ocrx_word' id='word_1_356' title='bbox 316 2021 446 2069; x_wconf 70' lang='lat' dir='ltr'>angelos</span> <span class='ocrx_word' id='word_1_357' title='bbox 467 2033 592 2064; x_wconf 69' lang='lat' dir='ltr'>creare,</span> <span class='ocrx_word' id='word_1_358' title='bbox 619 2032 719 2067; x_wconf 85' lang='lat' dir='ltr'>quam</span> <span class='ocrx_word' id='word_1_359' title='bbox 747 2021 863 2067; x_wconf 79' lang='lat' dir='ltr'>impios</span> <span class='ocrx_word' id='word_1_360' title='bbox 881 2019 1078 2066; x_wconf 69' lang='lat' dir='ltr'>justificare.</span> <span class='ocrx_word' id='word_1_361' title='bbox 1107 2018 1201 2054; x_wconf 71' lang='lat' dir='ltr'>Certe</span> <span class='ocrx_word' id='word_1_362' title='bbox 1225 2020 1253 2054; x_wconf 81' lang='lat' dir='ltr'>si</span> <span class='ocrx_word' id='word_1_363' title='bbox 1285 2019 1432 2066; x_wconf 69' lang='lat' dir='ltr'>aequalis</span> <span class='ocrx_word' id='word_1_364' title='bbox 1458 2024 1500 2054; x_wconf 75' lang='lat' dir='ltr'>es!</span> <span class='ocrx_word' id='word_1_365' title='bbox 1525 2024 1704 2066; x_wconf 75' lang='lat' dir='ltr'>utrumque</span> 
     </span>
     <span class='ocr_line' id='line_1_35' title="bbox 124 2072 884 2124; baseline -0.008 -12"><span class='ocrx_word' id='word_1_366' title='bbox 124 2077 305 2124; x_wconf 71' lang='lat' dir='ltr'>potentiae,</span> <span class='ocrx_word' id='word_1_367' title='bbox 327 2075 385 2111; x_wconf 84' lang='lat' dir='ltr'>boc</span> <span class='ocrx_word' id='word_1_368' title='bbox 404 2075 545 2121; x_wconf 77' lang='lat' dir='ltr'>majoris</span> <span class='ocrx_word' id='word_1_369' title='bbox 569 2078 612 2109; x_wconf 81' lang='lat' dir='ltr'>est</span> <span class='ocrx_word' id='word_1_370' title='bbox 630 2072 884 2109; x_wconf 74' lang='lat' dir='ltr'>vttisericordiae.</span> 
     </span>
    </p>

    <p class='ocr_par' dir='ltr' id='par_1_6' title="bbox 202 2127 977 2177">
     <span class='ocr_line' id='line_1_36' title="bbox 202 2127 977 2177; baseline -0.005 -12"><span class='ocrx_word' id='word_1_371' title='bbox 202 2129 247 2165; x_wconf 86' lang='lat' dir='ltr'>Et</span> <span class='ocrx_word' id='word_1_372' title='bbox 266 2140 329 2177; x_wconf 86' lang='lat' dir='ltr'>per</span> <span class='ocrx_word' id='word_1_373' title='bbox 348 2128 420 2164; x_wconf 89' lang='lat' dir='ltr'>hoc</span> <span class='ocrx_word' id='word_1_374' title='bbox 443 2136 540 2176; x_wconf 86' lang='lat' dir='ltr'>patet</span> <span class='ocrx_word' id='word_1_375' title='bbox 561 2127 724 2174; x_wconf 83' lang='lat' dir='ltr'>resposio</span> <span class='ocrx_word' id='word_1_376' title='bbox 747 2137 797 2162; x_wconf 73' lang='lat' dir='ltr'>Ao</span> <span class='ocrx_word' id='word_1_377' title='bbox 815 2136 977 2162; x_wconf 64' lang='lat' dir='ltr'>Panium.</span> 
     </span>
    </p>

    <p class='ocr_par' dir='ltr' id='par_1_7' title="bbox 130 2178 1705 2335">
     <span class='ocr_line' id='line_1_37' title="bbox 204 2178 1704 2227; baseline -0.004 -8"><span class='ocrx_word' id='word_1_378' title='bbox 204 2183 264 2219; x_wconf 82' lang='lat' dir='ltr'>An</span> <span class='ocrx_word' id='word_1_379' title='bbox 286 2192 494 2219; x_wconf 72' lang='lat' dir='ltr'>SECUNDUM</span> <span class='ocrx_word' id='word_1_380' title='bbox 515 2181 723 2222; x_wconf 82' lang='lat' dir='ltr'>dicendum,</span> <span class='ocrx_word' id='word_1_381' title='bbox 749 2180 846 2227; x_wconf 90' lang='lat' dir='ltr'>quod</span> <span class='ocrx_word' id='word_1_382' title='bbox 869 2180 1005 2214; x_wconf 86' lang='lat' dir='ltr'>bonurn</span> <span class='ocrx_word' id='word_1_383' title='bbox 1033 2179 1191 2214; x_wconf 82' lang='lat' dir='ltr'>universi</span> <span class='ocrx_word' id='word_1_384' title='bbox 1210 2187 1263 2215; x_wconf 87' lang='lat' dir='ltr'>est</span> <span class='ocrx_word' id='word_1_385' title='bbox 1284 2180 1412 2226; x_wconf 77' lang='lat' dir='ltr'>majus,</span> <span class='ocrx_word' id='word_1_386' title='bbox 1435 2190 1543 2226; x_wconf 86' lang='lat' dir='ltr'>quam</span> <span class='ocrx_word' id='word_1_387' title='bbox 1566 2178 1704 2213; x_wconf 89' lang='lat' dir='ltr'>bonum</span> 
     </span>
     <span class='ocr_line' id='line_1_38' title="bbox 131 2232 1705 2284; baseline -0.004 -12"><span class='ocrx_word' id='word_1_388' title='bbox 131 2236 347 2284; x_wconf 82' lang='lat' dir='ltr'>particulare</span> <span class='ocrx_word' id='word_1_389' title='bbox 365 2236 482 2278; x_wconf 86' lang='lat' dir='ltr'>unius,</span> <span class='ocrx_word' id='word_1_390' title='bbox 504 2235 534 2270; x_wconf 88' lang='lat' dir='ltr'>si</span> <span class='ocrx_word' id='word_1_391' title='bbox 555 2234 753 2281; x_wconf 83' lang='lat' dir='ltr'>accipiatur</span> <span class='ocrx_word' id='word_1_392' title='bbox 781 2242 972 2280; x_wconf 84' lang='lat' dir='ltr'>utrumque</span> <span class='ocrx_word' id='word_1_393' title='bbox 996 2233 1029 2267; x_wconf 89' lang='lat' dir='ltr'>in</span> <span class='ocrx_word' id='word_1_394' title='bbox 1052 2232 1183 2267; x_wconf 84' lang='lat' dir='ltr'>eodem</span> <span class='ocrx_word' id='word_1_395' title='bbox 1211 2244 1360 2278; x_wconf 83' lang='lat' dir='ltr'>genere:</span> <span class='ocrx_word' id='word_1_396' title='bbox 1384 2233 1446 2267; x_wconf 83' lang='lat' dir='ltr'>scd</span> <span class='ocrx_word' id='word_1_397' title='bbox 1469 2232 1606 2266; x_wconf 85' lang='lat' dir='ltr'>bonum</span> <span class='ocrx_word' id='word_1_398' title='bbox 1629 2243 1705 2279; x_wconf 87' lang='lat' dir='ltr'>gra·</span> 
     </span>
     <span class='ocr_line' id='line_1_39' title="bbox 130 2286 1346 2335; baseline -0.004 -10"><span class='ocrx_word' id='word_1_399' title='bbox 130 2289 203 2325; x_wconf 81' lang='lat' dir='ltr'>tiae</span> <span class='ocrx_word' id='word_1_400' title='bbox 223 2289 329 2325; x_wconf 87' lang='lat' dir='ltr'>unius</span> <span class='ocrx_word' id='word_1_401' title='bbox 351 2290 469 2334; x_wconf 81' lang='lat' dir='ltr'>majus</span> <span class='ocrx_word' id='word_1_402' title='bbox 489 2295 554 2330; x_wconf 87' lang='lat' dir='ltr'>est,</span> <span class='ocrx_word' id='word_1_403' title='bbox 576 2299 687 2335; x_wconf 83' lang='lat' dir='ltr'>quarn</span> <span class='ocrx_word' id='word_1_404' title='bbox 708 2287 847 2321; x_wconf 87' lang='lat' dir='ltr'>bonum</span> <span class='ocrx_word' id='word_1_405' title='bbox 870 2295 1019 2321; x_wconf 87' lang='lat' dir='ltr'>naturae</span> <span class='ocrx_word' id='word_1_406' title='bbox 1045 2286 1155 2321; x_wconf 85' lang='lat' dir='ltr'>totius</span> <span class='ocrx_word' id='word_1_407' title='bbox 1177 2287 1346 2321; x_wconf 83' lang='lat' dir='ltr'>universi.</span> 
     </span>
    </p>

    <p class='ocr_par' dir='ltr' id='par_1_8' title="bbox 132 2337 1704 2444">
     <span class='ocr_line' id='line_1_40' title="bbox 204 2337 1704 2387; baseline -0.004 -7"><span class='ocrx_word' id='word_1_408' title='bbox 204 2343 265 2379; x_wconf 82' lang='lat' dir='ltr'>An</span> <span class='ocrx_word' id='word_1_409' title='bbox 286 2353 459 2379; x_wconf 76' lang='lat' dir='ltr'>TERTch</span> <span class='ocrx_word' id='word_1_410' title='bbox 485 2341 693 2382; x_wconf 84' lang='lat' dir='ltr'>dicendum,</span> <span class='ocrx_word' id='word_1_411' title='bbox 723 2340 820 2387; x_wconf 91' lang='lat' dir='ltr'>quod</span> <span class='ocrx_word' id='word_1_412' title='bbox 859 2340 949 2374; x_wconf 87' lang='lat' dir='ltr'>ratio</span> <span class='ocrx_word' id='word_1_413' title='bbox 972 2339 1032 2374; x_wconf 88' lang='lat' dir='ltr'>illa</span> <span class='ocrx_word' id='word_1_414' title='bbox 1055 2340 1218 2387; x_wconf 84' lang='lat' dir='ltr'>procedit</span> <span class='ocrx_word' id='word_1_415' title='bbox 1244 2352 1285 2374; x_wconf 80' lang='lat' dir='ltr'>cx</span> <span class='ocrx_word' id='word_1_416' title='bbox 1312 2347 1411 2387; x_wconf 81' lang='lat' dir='ltr'>parte</span> <span class='ocrx_word' id='word_1_417' title='bbox 1433 2339 1533 2374; x_wconf 81' lang='lat' dir='ltr'>modi</span> <span class='ocrx_word' id='word_1_418' title='bbox 1561 2337 1704 2385; x_wconf 82' lang='lat' dir='ltr'>agendi,</span> 
     </span>
     <span class='ocr_line' id='line_1_41' title="bbox 132 2388 1679 2444; baseline -0.005 -11"><span class='ocrx_word' id='word_1_419' title='bbox 132 2396 333 2433; x_wconf 83' lang='lat' dir='ltr'>secundum</span> <span class='ocrx_word' id='word_1_420' title='bbox 353 2407 464 2444; x_wconf 84' lang='lat' dir='ltr'>quem</span> <span class='ocrx_word' id='word_1_421' title='bbox 486 2394 622 2430; x_wconf 79' lang='lat' dir='ltr'>creatio</span> <span class='ocrx_word' id='word_1_422' title='bbox 650 2402 702 2430; x_wconf 82' lang='lat' dir='ltr'>est</span> <span class='ocrx_word' id='word_1_423' title='bbox 725 2394 925 2428; x_wconf 82' lang='lat' dir='ltr'>maximum</span> <span class='ocrx_word' id='word_1_424' title='bbox 947 2404 1038 2441; x_wconf 86' lang='lat' dir='ltr'>opus</span> <span class='ocrx_word' id='word_1_425' title='bbox 1060 2393 1141 2428; x_wconf 88' lang='lat' dir='ltr'>Dei.</span> <span class='ocrx_word' id='word_1_426' title='bbox 1671 2388 1679 2394; x_wconf 83' lang='lat'>&#39;</span> 
     </span>
    </p>
   </div>
   <div class='ocr_carea' id='block_1_3' title="bbox 323 2535 1704 2690">
    <p class='ocr_par' dir='ltr' id='par_1_9' title="bbox 323 2535 1704 2690">
     <span class='ocr_line' id='line_1_42' title="bbox 703 2535 1704 2595; baseline 0 -15"><span class='ocrx_word' id='word_1_427' title='bbox 703 2535 1050 2582; x_wconf 58' lang='lat' dir='ltr'>sumemus</span> <span class='ocrx_word' id='word_1_428' title='bbox 1077 2536 1131 2580; x_wconf 86' lang='lat' dir='ltr'>X.</span> <span class='ocrx_word' id='word_1_429' title='bbox 1635 2545 1704 2595; x_wconf 73' lang='lat'>⁶09</span> 
     </span>
     <span class='ocr_line' id='line_1_43' title="bbox 323 2643 1523 2690; baseline -0.006 -11"><span class='ocrx_word' id='word_1_430' title='bbox 323 2648 476 2680; x_wconf 77' lang='lat' dir='ltr'>UTRUM</span> <span class='ocrx_word' id='word_1_431' title='bbox 494 2646 799 2690; x_wconf 71' lang='lat' dir='ltr'><strong>JUSTIFICATIO</strong></span> <span class='ocrx_word' id='word_1_432' title='bbox 827 2645 933 2676; x_wconf 62' lang='lat' dir='ltr'>mvn</span> <span class='ocrx_word' id='word_1_433' title='bbox 957 2645 1025 2675; x_wconf 83' lang='lat' dir='ltr'>SIT</span> <span class='ocrx_word' id='word_1_434' title='bbox 1052 2644 1163 2675; x_wconf 82' lang='lat' dir='ltr'><strong>OPUS</strong></span> <span class='ocrx_word' id='word_1_435' title='bbox 1193 2643 1523 2674; x_wconf 72' lang='lat' dir='ltr'>MIRACULOSUM.</span> 
     </span>
    </p>
   </div>
   <div class='ocr_carea' id='block_1_4' title="bbox 133 2732 1703 2836">
    <p class='ocr_par' dir='ltr' id='par_1_10' title="bbox 133 2732 1703 2836">
     <span class='ocr_line' id='line_1_44' title="bbox 133 2732 1703 2784; baseline -0.004 -11"><span class='ocrx_word' id='word_1_436' title='bbox 133 2736 240 2784; x_wconf 77' lang='lat' dir='ltr'>(Injr.</span> <span class='ocrx_word' id='word_1_437' title='bbox 260 2747 293 2784; x_wconf 80' lang='lat' dir='ltr'>q.</span> <span class='ocrx_word' id='word_1_438' title='bbox 313 2747 382 2784; x_wconf 85' lang='lat'><em>105.</em></span> <span class='ocrx_word' id='word_1_439' title='bbox 403 2740 467 2773; x_wconf 74' lang='lat' dir='ltr'>art.</span> <span class='ocrx_word' id='word_1_440' title='bbox 490 2746 520 2782; x_wconf 89' lang='lat'>7.</span> <span class='ocrx_word' id='word_1_441' title='bbox 540 2734 624 2771; x_wconf 77' lang='lat' dir='ltr'>adr.</span> <span class='ocrx_word' id='word_1_442' title='bbox 638 2738 772 2781; x_wconf 77' lang='lat' dir='ltr'>etparl.</span> <span class='ocrx_word' id='word_1_443' title='bbox 787 2745 815 2780; x_wconf 82' lang='lat'>3.</span> <span class='ocrx_word' id='word_1_444' title='bbox 830 2746 860 2781; x_wconf 88' lang='lat' dir='ltr'>q.</span> <span class='ocrx_word' id='word_1_445' title='bbox 876 2745 933 2778; x_wconf 76' lang='lat'>44.</span> <span class='ocrx_word' id='word_1_446' title='bbox 955 2739 1021 2768; x_wconf 80' lang='lat' dir='ltr'>art.</span> <span class='ocrx_word' id='word_1_447' title='bbox 1040 2745 1068 2780; x_wconf 86' lang='lat'>3.</span> <span class='ocrx_word' id='word_1_448' title='bbox 1089 2732 1132 2768; x_wconf 75' lang='lat' dir='ltr'>ad</span> <span class='ocrx_word' id='word_1_449' title='bbox 1154 2745 1180 2769; x_wconf 89' lang='lat'>1.</span> <span class='ocrx_word' id='word_1_450' title='bbox 1199 2738 1227 2769; x_wconf 74' lang='lat' dir='ltr'>ce</span> <span class='ocrx_word' id='word_1_451' title='bbox 1249 2744 1281 2778; x_wconf 72' lang='lat'>4.</span> <span class='ocrx_word' id='word_1_452' title='bbox 1305 2733 1392 2768; x_wconf 78' lang='lat' dir='ltr'>Dise.</span> <span class='ocrx_word' id='word_1_453' title='bbox 1419 2742 1470 2779; x_wconf 82' lang='lat'>¹7·</span> <span class='ocrx_word' id='word_1_454' title='bbox 1489 2744 1519 2779; x_wconf 83' lang='lat' dir='ltr'>q.</span> <span class='ocrx_word' id='word_1_455' title='bbox 1546 2741 1575 2766; x_wconf 84' lang='lat'>1.</span> <span class='ocrx_word' id='word_1_456' title='bbox 1597 2736 1663 2767; x_wconf 76' lang='lat' dir='ltr'>art.</span> <span class='ocrx_word' id='word_1_457' title='bbox 1674 2743 1703 2779; x_wconf 87' lang='lat'>5.</span> 
     </span>
     <span class='ocr_line' id='line_1_45' title="bbox 660 2787 1180 2836; baseline -0.004 -12"><span class='ocrx_word' id='word_1_458' title='bbox 660 2794 690 2824; x_wconf 82' lang='lat' dir='ltr'>et</span> <span class='ocrx_word' id='word_1_459' title='bbox 713 2788 783 2824; x_wconf 75' lang='lat' dir='ltr'><strong><em>Poc.</em></strong></span> <span class='ocrx_word' id='word_1_460' title='bbox 805 2800 837 2836; x_wconf 84' lang='lat' dir='ltr'>q.</span> <span class='ocrx_word' id='word_1_461' title='bbox 859 2788 892 2824; x_wconf 91' lang='lat'>6.</span> <span class='ocrx_word' id='word_1_462' title='bbox 914 2793 985 2831; x_wconf 56' lang='lat' dir='ltr'>art.¹</span> <span class='ocrx_word' id='word_1_463' title='bbox 997 2799 1031 2825; x_wconf 81' lang='lat'>2.</span> <span class='ocrx_word' id='word_1_464' title='bbox 1053 2787 1096 2823; x_wconf 80' lang='lat' dir='ltr'>ad</span> <span class='ocrx_word' id='word_1_465' title='bbox 1117 2787 1180 2832; x_wconf 86' lang='grc'><strong><em>6.).</em></strong></span> 
     </span>
    </p>
   </div>
   <div class='ocr_carea' id='block_1_5' title="bbox 136 2874 1706 2979">
    <p class='ocr_par' dir='ltr' id='par_1_11' title="bbox 136 2874 1706 2979">
     <span class='ocr_line' id='line_1_46' title="bbox 207 2874 1706 2925; baseline -0.004 -10"><span class='ocrx_word' id='word_1_466' title='bbox 207 2878 269 2914; x_wconf 77' lang='lat' dir='ltr'>At&gt;</span> <span class='ocrx_word' id='word_1_467' title='bbox 291 2887 466 2915; x_wconf 62' lang='lat' dir='ltr'>nselmum</span> <span class='ocrx_word' id='word_1_468' title='bbox 489 2877 539 2913; x_wconf 87' lang='lat' dir='ltr'>sic</span> <span class='ocrx_word' id='word_1_469' title='bbox 562 2877 779 2925; x_wconf 84' lang='lat' dir='ltr'>proceditur.</span> <span class='ocrx_word' id='word_1_470' title='bbox 802 2876 964 2919; x_wconf 86' lang='lat' dir='ltr'>Videtur,</span> <span class='ocrx_word' id='word_1_471' title='bbox 986 2877 1084 2924; x_wconf 88' lang='lat' dir='ltr'>quod</span> <span class='ocrx_word' id='word_1_472' title='bbox 1107 2875 1313 2922; x_wconf 79' lang='lat' dir='ltr'>justificatio</span> <span class='ocrx_word' id='word_1_473' title='bbox 1336 2875 1436 2923; x_wconf 85' lang='lat' dir='ltr'>impii</span> <span class='ocrx_word' id='word_1_474' title='bbox 1459 2875 1503 2910; x_wconf 85' lang='lat' dir='ltr'>sit</span> <span class='ocrx_word' id='word_1_475' title='bbox 1525 2886 1616 2923; x_wconf 88' lang='lat' dir='ltr'>opus</span> <span class='ocrx_word' id='word_1_476' title='bbox 1643 2874 1706 2910; x_wconf 92' lang='lat' dir='ltr'>mi·</span> 
     </span>
     <span class='ocr_line' id='line_1_47' title="bbox 136 2928 1705 2979; baseline -0.003 -12"><span class='ocrx_word' id='word_1_477' title='bbox 136 2930 364 2967; x_wconf 80' lang='lat' dir='ltr'>raculosum:</span> <span class='ocrx_word' id='word_1_478' title='bbox 384 2942 495 2979; x_wconf 82' lang='lat' dir='ltr'>opera</span> <span class='ocrx_word' id='word_1_479' title='bbox 517 2931 614 2966; x_wconf 80' lang='lat' dir='ltr'>enim</span> <span class='ocrx_word' id='word_1_480' title='bbox 637 2929 856 2965; x_wconf 82' lang='lat' dir='ltr'>miraculosa</span> <span class='ocrx_word' id='word_1_481' title='bbox 883 2938 965 2966; x_wconf 84' lang='lat' dir='ltr'>sunt</span> <span class='ocrx_word' id='word_1_482' title='bbox 991 2931 1131 2976; x_wconf 79' lang='lat' dir='ltr'>majora</span> <span class='ocrx_word' id='word_1_483' title='bbox 1154 2941 1226 2965; x_wconf 89' lang='lat' dir='ltr'>non</span> <span class='ocrx_word' id='word_1_484' title='bbox 1250 2928 1496 2964; x_wconf 77' lang='lat' dir='ltr'>miraculosis:</span> <span class='ocrx_word' id='word_1_485' title='bbox 1521 2929 1581 2964; x_wconf 79' lang='lat' dir='ltr'>sed</span> <span class='ocrx_word' id='word_1_486' title='bbox 1609 2928 1705 2975; x_wconf 83' lang='lat' dir='ltr'>justi-</span> 
     </span>
    </p>
   </div>
  </div>
 </body>
</html>
