1907 3198
473 189 698 225 QUAESTIO
731 191 881 221 LXVIII.
915 191 1164 223 ARTICULUS
1196 193 1287 224 VIII.
1575 185 1656 240 481

85 270 244 318 praebet,
265 270 498 318 praecipitet3
520 283 565 306 ne
588 272 751 315 scientia,
774 273 861 308 dum
883 274 997 317 novit,
1020 282 1054 309 et
1075 286 1150 309 non
1172 275 1309 322 de1=git,
1330 276 1448 320 inflet3
1470 289 1514 312 ne
1537 278 1663 325 pietas,

86 324 173 359 dum
202 335 241 360 se
268 323 359 359 infra
392 325 647 360 rectitudinem
674 326 837 370 inclinat,
873 328 1098 375 intorqueat3
1125 341 1170 364 ne
1196 329 1319 372 timor,
1346 330 1433 365 dum
1461 331 1541 378 plus
1567 333 1663 378 justo

83 378 250 425 trepidat,
271 378 308 412 in
330 378 593 426 desperationis
615 379 762 415 foveam
784 390 946 428 mergat;
969 393 1056 429 ergo
1078 383 1228 418 virtutes
1250 393 1335 419 sunt
1351 385 1536 431 digniores
1558 386 1663 422 donis

86 430 242 478 Spiritus
264 431 400 466 Sancti.

0 524 7 535 ,
157 484 233 520 SED
252 495 410 521 CONTRA
425 494 489 528 est,
504 487 601 533 quod
617 487 713 522 dona
732 488 861 523 dantur
875 489 911 523 in
926 490 1147 535 adjutorium
1157 491 1331 526 virtutum
1348 499 1474 527 contra
1489 493 1663 536 defectus,

0 529 17 579 Γῖ
85 546 126 574 ut
144 546 244 586 patet
263 539 300 574 in
323 540 538 575 auctoritate
559 541 707 576 inducta
729 542 818 588 (arg.
841 544 914 588 2.):
935 551 970 578 et
991 544 1041 578 sic
1064 544 1215 587 videtur,
1239 546 1336 592 quod
1354 546 1543 593 perficiant
1562 547 1663 590 illud,

0 590 2 593 ’
84 593 182 640 quod
203 592 354 628 virtutes
376 593 549 640 perficere
571 605 645 629 non
668 604 839 642 possunt;
862 606 946 632 sunt
967 609 1056 644 ergo
1078 598 1175 632 dona
1198 599 1343 645 potiora
1365 600 1566 636 virtutibus.

154 645 387 682 Rsssrounzo
409 647 618 691 dicendum,
641 649 752 695 quod,
774 650 867 684 sicut
888 661 930 685 ex
952 652 1167 698 supradictis
1189 661 1288 699 patet
1311 653 1356 700 (q.
1375 665 1426 700 57.
1446 656 1498 700 58.
1513 660 1545 690 et
1562 656 1637 700 62.)
1648 668 1660 696 ,·

81 701 232 736 virtutes
251 701 289 736 in
303 703 370 736 tria
389 712 523 748 genera
542 702 829 749 distinguuntur:
845 713 929 739 sunt
941 705 1039 740 enim
1062 706 1224 752 quaedam
1243 707 1393 742 virtutes
1411 708 1658 755 theologicae,

82 755 243 802 quaedam
264 754 541 798 intellectuales,
555 757 716 803 quaedam
732 757 909 792 morales:
932 759 1082 794 virtutes
1102 760 1249 806 quidem
1265 761 1461 807 theologicae
1476 771 1569 805 sunt,
1589 763 1664 810 qui-

81 809 148 845 bus
169 821 273 845 mens
293 809 456 844 humana
476 810 559 845 Deo
582 812 833 858 conjungitur:
850 813 1000 848 virtutes
1020 822 1143 849 autem
1165 815 1397 851 intellzctualas
1418 825 1511 859 sunt,
1534 817 1662 864 quibus

83 863 176 899 ratio
207 863 287 911 ipsa
311 863 515 911 perficitur:
541 865 692 900 virtutes
720 875 843 901 autem
877 868 1019 903 morales
1045 877 1139 911 sunt,
1166 869 1296 916 quibus
1322 870 1417 905 vires
1445 871 1662 918 appetitivae

82 917 318 965 perficiuntur
340 918 384 953 ad
406 918 653 954 obediendum
668 920 818 955 rationi:
835 922 932 956 dona
953 930 1077 957 autem
1093 922 1247 970 Spiritus
1272 923 1398 959 Sancti
1420 933 1513 967 sunt,
1533 925 1662 972 quibus

85 983 215 1007 omnes
235 971 329 1007 vires
353 972 497 1007 animae
524 973 766 1020 disponuntur
792 975 836 1009 ad
863 975 948 1019 hoc,
974 977 1072 1023 quod
1099 977 1298 1012 subdantur
1323 979 1480 1013 motioni
1506 980 1661 1014 divinae.

84 1025 146 1061 Sic
168 1036 257 1073 ergo
279 1026 410 1061 eadem
431 1026 574 1061 videtur
599 1038 677 1062 esse
705 1029 934 1076 comparatio
962 1030 1144 1076 donorum
1172 1032 1216 1066 ad
1242 1032 1393 1067 virtutes
1419 1032 1662 1080 theologicas,

82 1091 148 1127 per
167 1090 257 1127 quas
277 1079 394 1114 homo
416 1080 537 1115 unitur
560 1080 709 1127 Spiritui
733 1081 869 1117 Sancto
892 1084 1068 1127 moventi,
1091 1085 1184 1120 sicut
1205 1086 1379 1120 virtutum
1402 1087 1599 1121 moralium
1618 1089 1661 1122 ad

82 1134 233 1169 virtutes
254 1133 530 1176 intellectuales,
553 1146 616 1181 per
637 1147 726 1182 quas
749 1136 931 1183 perficitur
953 1139 1058 1180 ratio,
1080 1150 1172 1185 quae
1192 1147 1245 1174 est
1267 1140 1441 1174 virtutum
1464 1141 1660 1176 moralium

84 1188 241 1224 motiva:
263 1188 359 1222 unde
379 1187 472 1222 sicut
492 1188 642 1223 virtutes
665 1190 930 1226 intellectuales
952 1191 1204 1238 praeferuntur
1231 1194 1421 1229 virtutibus
1449 1195 1662 1237 moralibus,

85 1249 120 1277 et
140 1241 306 1289 regulant
327 1252 407 1277 eas:
429 1241 478 1276 ita
500 1243 649 1277 virtutes
671 1243 904 1291 theologicae
931 1245 1183 1292 praeferuntur
1209 1248 1314 1282 donis
1343 1248 1498 1295 Spiritus
1525 1249 1662 1291 Sancti,

86 1304 122 1331 et
141 1294 308 1343 regulant
328 1305 389 1330 ea:
411 1295 507 1330 unde
530 1295 684 1343 Gregor.
708 1298 795 1332 dicit
816 1298 851 1332 in
878 1309 906 1332 1.
928 1299 1059 1333 Moral.
1084 1301 1175 1348 (cap.
1197 1313 1247 1336 12.
1271 1303 1305 1335 in
1324 1303 1398 1348 fin.)
1423 1303 1521 1349 quod
1543 1315 1662 1350 neque

85 1350 130 1384 ad
145 1349 281 1385 denarii
294 1347 557 1396 perfectionem
572 1358 712 1397 septem
727 1351 801 1393 filii,
817 1352 909 1386 idest
922 1358 1073 1400 semptem
1088 1353 1186 1396 dona,
1204 1356 1430 1401 perveniunt,
1446 1357 1514 1391 nisi
1529 1357 1564 1391 in
1581 1357 1661 1399 fide,

84 1413 158 1449 spe,
180 1410 216 1438 et
240 1402 415 1437 charitate
443 1402 506 1437 fiat
531 1414 655 1446 omne,
683 1405 780 1451 quod
809 1414 932 1452 agunt.
956 1406 1028 1441 Sed
1056 1407 1086 1442 si
1107 1419 1366 1455 comparemus
1388 1410 1484 1445 dona
1507 1411 1550 1445 ad
1573 1410 1661 1446 alias

82 1456 233 1491 virtutes
253 1455 529 1499 intellectuales,
550 1457 610 1492 vel
632 1458 804 1501 morales,
827 1460 924 1494 dona
945 1460 1197 1507 praeferuntur
1219 1463 1429 1506 virtutibus;
1451 1466 1536 1511 quia
1563 1466 1660 1500 dona

82 1509 274 1558 perficiunt
293 1510 387 1546 vires
413 1511 559 1546 animae
584 1511 621 1546 in
643 1514 920 1560 comparatione
947 1515 991 1549 ad
1020 1515 1195 1562 Spiritum
1224 1517 1402 1552 Sanctum
1425 1528 1659 1554 moventem:

81 1564 231 1600 virtutes
259 1572 382 1599 autem
409 1564 602 1612 perficiunt
627 1565 687 1601 vel
715 1567 832 1614 ipsam
854 1569 1047 1613 rationem,
1069 1570 1128 1604 vel
1151 1570 1240 1606 alias
1266 1572 1362 1608 vires
1392 1573 1428 1607 in
1459 1574 1585 1608 ordine
1616 1575 1659 1608 ad

81 1618 278 1654 rationem:
300 1618 535 1654 manifestum
557 1628 611 1655 est
625 1628 760 1664 autem,
782 1623 880 1669 quod
903 1623 947 1658 ad
966 1623 1135 1659 altiorem
1159 1634 1344 1661 motorem
1363 1636 1508 1674 oportet
1530 1629 1662 1675 majori

11 1679 28 1712 ,·
81 1671 304 1720 perfectione
325 1673 462 1709 mobile
484 1685 563 1710 esse
585 1675 820 1722 dispositum;
843 1678 937 1712 unde
960 1678 1177 1725 perfectiora
1199 1689 1283 1715 sunt
1304 1682 1400 1716 dona
1421 1682 1624 1718 virtutibus.

19 1754 34 1779 ,Ι
152 1726 213 1762 AD
230 1737 382 1762 PRLMUM
403 1738 492 1774 ergo
514 1728 725 1772 dicendum,
747 1731 844 1776 quod
867 1731 1025 1767 charitas
1049 1741 1103 1768 est
1128 1734 1241 1769 virtus
1267 1735 1491 1784 theologica,
1518 1738 1562 1772 de
1590 1749 1661 1785 qua

15 1780 27 1829 ί,
82 1780 319 1816 concedimus
341 1782 439 1828 quod
461 1781 507 1816 sit
527 1782 647 1828 potior
669 1783 785 1819 donis.

11 1828 28 1906 ’ἐι
150 1834 213 1870 An
234 1845 443 1870 SECUNDUM
458 1835 666 1879 dicendum,
681 1838 780 1884 quod
795 1837 930 1885 aliquid
945 1848 999 1874 est
1013 1840 1110 1887 prius
1134 1841 1248 1877 altero
1268 1843 1469 1890 dupliciter:
1484 1857 1550 1880 uno
1564 1846 1661 1881 modo

31 1902 41 1914 ·-
81 1888 208 1924 ordine
229 1888 475 1936 perfectionis,
498 1898 534 1925 et
554 1890 759 1937 dignitatis;
782 1894 875 1927 sicut
896 1893 1044 1929 dilectio
1065 1895 1136 1930 Dei
1158 1905 1213 1931 est
1235 1897 1334 1944 prior
1360 1898 1557 1934 dilectione
1583 1911 1663 1947 pro-

14 1910 38 1997 ι
79 1942 187 1978 ximi:
210 1951 246 1978 et
266 1943 339 1978 hoc
358 1943 472 1979 modo
488 1944 586 1979 dona
604 1954 688 1980 sunt
705 1946 826 1992 priora
841 1947 1031 1983 virtutibus
1050 1949 1369 1994 intellectualibus,
1388 1960 1423 1987 et
1444 1953 1662 1997 moralibus;

81 1998 283 2044 posteriora
304 2008 392 2033 vero
415 1998 606 2034 virtutibus
627 1999 866 2047 theologicis:
888 2002 954 2036 alio
976 2003 1073 2038 modo
1096 2004 1222 2039 ordine
1244 2006 1506 2050 generationis,
1528 2019 1592 2042 seu
1614 2008 1663 2042 di-

20 2047 49 2098 i,
80 2051 311 2099 spositionis;
340 2052 435 2088 sicut
459 2051 608 2088 dilectio
635 2055 794 2100 proximi
830 2057 1015 2102 praecedit
1049 2057 1285 2094 dilectionem
1311 2060 1384 2095 Dei
1411 2069 1588 2107 quantum
1616 2062 1660 2096 ad

11 2102 50 2151 4-
82 2112 220 2140 actum:
242 2113 279 2140 et
298 2106 350 2141 sic
371 2106 521 2142 virtutes
543 2107 715 2150 morales,
743 2117 778 2143 et
804 2109 1070 2146 intellectuales
1096 2113 1320 2158 praecedunt
1345 2114 1458 2149 dona:
1487 2116 1572 2162 quia
1597 2128 1661 2162 per

10 2159 18 2165 “
39 2176 42 2179 Δ
67 2158 154 2205 ἡΙιοιι
173 2159 273 2207 quod
293 2159 410 2195 homo
431 2160 524 2196 bene
542 2172 580 2196 se
602 2161 712 2197 habet
733 2163 829 2198 circa
855 2164 1037 2200 rationem
1058 2168 1257 2213 propriam,
1285 2168 1489 2215 disponitur
1517 2170 1561 2204 ad
1587 2170 1658 2204 hoc

79 2213 178 2260 quod
199 2223 239 2249 se
258 2213 350 2248 bene
371 2213 505 2250 habeat
524 2214 562 2249 in
583 2215 710 2250 ordine
733 2217 776 2251 ad
798 2217 932 2252 Deum.

151 2266 212 2303 AD
239 2277 412 2304 TERTuJM
438 2268 646 2312 dicendum,
668 2271 766 2317 quod
788 2272 974 2318 sapientia,
997 2281 1033 2308 et
1053 2273 1272 2318 intellectus,
1293 2284 1329 2311 et
1351 2276 1420 2311 alia
1442 2277 1659 2323 hujusmodi

81 2328 165 2361 sunt
183 2320 281 2357 dona
301 2321 456 2369 Spiritus
475 2322 612 2366 Sancti,
630 2325 832 2359 secundum
854 2326 952 2372 quod
974 2338 1037 2374 per
1056 2328 1272 2364 charitatem
1294 2329 1548 2374 informantur,
1565 2344 1657 2379 quae

81 2386 148 2415 m
167 2376 239 2422 agit
252 2381 446 2424 perperam,
469 2385 508 2411 ut
527 2377 659 2412 dicitur
683 2388 711 2412 1.
735 2379 779 2413 ad
801 2378 888 2414 Cor.
916 2391 987 2426 13.;
1010 2389 1046 2416 et
1063 2381 1148 2417 ideo
1169 2383 1360 2430 sapientia,
1383 2394 1417 2420 et
1438 2385 1656 2428 intellectus,

61 2435 119 2474 ¹et
142 2427 221 2465 aliis
249 2429 462 2476 hujusmodi
490 2430 612 2466 nullus
639 2431 736 2466 male
763 2433 883 2476 utitur,
915 2436 1117 2470 secundum
1143 2437 1241 2483 quod
1269 2446 1353 2473 sunt
1378 2439 1474 2474 dona
1503 2438 1658 2486 Spiritus

82 2481 225 2518 Sancti:
246 2483 310 2519 sed
333 2483 377 2518 ad
397 2483 470 2519 hoc
492 2485 590 2532 quod
613 2497 633 2520 a
655 2485 839 2522 charitatis
861 2487 1084 2534 perfectione
1106 2502 1181 2525 non
1203 2492 1386 2535 recedant,
1408 2505 1522 2528 unum
1545 2494 1588 2528 ab
1612 2494 1659 2528 al-

63 2543 160 2581 ‘mo
179 2537 388 2584 adjuvatur:
409 2546 446 2574 et
465 2538 537 2574 hoc
561 2547 626 2582 est,
647 2540 746 2586 quod
769 2540 971 2588 Gregorius
994 2544 1146 2579 intendit
1166 2545 1297 2581 dicere.
