1907 3198
510 172 734 208 QUAESTIO
768 172 888 202 XXVI.
921 172 1170 203 ARTICULUS
1204 173 1249 204 ΙΙ.
1588 174 1674 218 207

653 361 1002 408 ARTICULUS
1039 362 1095 405 Π.
1612 385 1673 420 ¹51

519 483 701 514 UTRUM
738 483 880 513 AMOR
917 483 997 513 SIT
1035 483 1244 514 PASSIO.

419 583 521 630 (Insr.
545 589 611 620 art.
630 596 658 631 3.
681 583 724 619 ad
741 596 770 631 3.
794 589 821 620 et
842 596 875 629 4.
898 589 929 620 et
949 596 979 631 q.
1003 585 1056 620 28.
1080 590 1146 620 art.
1170 585 1203 620 6.
1226 584 1270 619 ad
1291 586 1349 631 1.).

156 683 218 718 AD
241 693 450 718 SECUNDUM
472 684 523 718 sic
546 684 765 731 proceditur.
793 683 958 727 Videtur,
987 685 1085 731 quod
1108 696 1214 719 amor
1240 696 1316 719 non
1339 685 1384 720 sit
1405 685 1548 732 passio:
1576 685 1677 720 nulla

85 737 184 772 enim
205 737 319 772 virtus
341 737 462 784 passio
486 745 558 772 est:
582 739 645 773 sed
673 738 793 773 omnis
822 749 926 773 amor
948 747 1002 773 est
1022 740 1130 774 virtus
1151 739 1326 785 quaedam,
1351 747 1390 774 ut
1411 739 1498 774 dicit
1518 739 1676 787 Dionys.

59 823 63 827 .
83 801 117 835 4.
142 803 220 838 cap.
244 791 288 826 de
310 791 394 826 Div.
416 791 528 826 Nom.
553 792 658 839 (part.
678 805 709 828 2.
733 793 802 828 lect.
826 793 877 840 9.)
887 805 900 834 ;
925 804 1014 839 ergo
1035 804 1140 828 amor
1161 804 1237 827 non
1260 801 1314 827 est
1335 794 1469 840 passio.

157 855 188 880 2.
216 845 457 881 PRAETEREA.
480 846 600 881 Amor
623 855 675 881 est
698 848 778 881 unio
799 846 975 893 quamam,
1002 847 1056 882 vel
1080 859 1194 890 nexus,
1223 847 1426 882 secundum
1455 848 1611 894 August.
1640 848 1677 882 in

82 899 142 934 lib.
166 899 198 935 8.
221 899 267 935 de
291 898 393 934 Trin.
418 899 507 947 (cap.
528 900 600 945 10.)
615 913 625 935 .·
649 900 712 935 sed
735 901 836 944 unio,
858 900 917 935 vel
938 911 1052 936 nexus
1074 912 1149 936 non
1172 909 1226 936 est
1247 901 1381 948 passio,
1400 902 1463 936 sed
1486 902 1604 949 magis
1627 914 1679 937 re-

83 953 193 998 lati03
216 965 306 1000 ergo
329 965 434 989 amor
456 966 531 989 non
555 963 609 989 est
630 955 765 1002 passio.

159 1020 188 1055 3.
208 1008 449 1044 PRAETEREA.
464 1009 721 1044 Damascenus
741 1009 828 1044 dicit
846 1010 882 1044 in
897 1009 957 1044 lib.
974 1020 1005 1044 2.
1023 1010 1139 1055 (Orth.
1154 1009 1230 1045 Fid.
1250 1016 1320 1057 cap.
1338 1011 1423 1056 22),
1440 1010 1538 1057 quod
1554 1011 1676 1058 passio

84 1070 139 1098 est
159 1067 269 1098 motus
289 1063 426 1109 quidam
441 1076 451 1098 .·
475 1074 581 1097 amor
603 1071 726 1098 autem
748 1075 824 1098 non
846 1064 1022 1111 importat
1043 1072 1189 1098 motum
1213 1064 1405 1111 appetitUS‚
1428 1065 1489 1111 qui
1513 1073 1568 1100 est
1589 1065 1679 1100 desi-

83 1116 237 1159 derium,
259 1116 322 1152 sed
342 1117 561 1164 principium
580 1117 794 1164 hujusmodi
816 1126 958 1161 motus;
982 1129 1070 1164 ergo
1095 1129 1201 1152 amor
1222 1129 1297 1153 non
1321 1126 1375 1153 est
1397 1119 1530 1165 passio.

156 1170 232 1206 SED
256 1180 414 1206 CONTRA
433 1179 498 1214 est,
521 1172 619 1218 quod
646 1171 785 1207 Philos.
810 1172 897 1206 dicit
923 1172 959 1206 in
982 1172 1014 1206 8.
1039 1172 1156 1207 Ethic.
1186 1172 1277 1219 (cap.
1296 1183 1325 1219 5.
1349 1174 1410 1208 cir.
1433 1173 1549 1219 med),
1578 1174 1677 1220 quod

83 1235 182 1261 amor
201 1230 246 1260 est
261 1226 385 1272 passio.

153 1279 386 1315 RESPONDEO
408 1279 618 1322 dicendum,
638 1280 735 1326 quod
754 1280 876 1327 passio
897 1288 951 1314 est
971 1279 1123 1315 effectus
1146 1280 1286 1327 agentis
1309 1281 1345 1314 in
1368 1281 1546 1328 patiente:
1564 1293 1677 1329 agens

83 1341 207 1369 autem
228 1334 394 1368 naturale
417 1333 581 1381 duplicem
604 1333 776 1369 effectum
798 1334 939 1368 inducit
960 1335 996 1368 in
1019 1334 1177 1381 patiens:
1200 1346 1288 1368 nam
1305 1336 1420 1382 primo
1443 1336 1594 1382 quidem
1617 1336 1678 1371 dat

82 1387 254 1431 formam,
275 1387 414 1423 secundo
437 1388 498 1423 dat
519 1396 664 1423 motum
687 1396 974 1435 consequentem
998 1388 1176 1423 formam:
1201 1389 1295 1423 sicut
1314 1401 1494 1435 generans
1517 1390 1578 1424 dat
1600 1402 1678 1425 cor-

80 1442 161 1490 pori
176 1442 404 1488 gravitatem,
418 1450 454 1477 et
467 1450 613 1477 motum
628 1451 917 1489 consequentem
932 1443 1063 1489 ipsam3
1079 1450 1114 1477 et
1125 1443 1203 1489 ipsa
1218 1443 1390 1489 gravitas,
1403 1455 1497 1490 quae
1514 1451 1566 1478 est
1581 1444 1678 1491 prin-

83 1496 220 1544 cipium
238 1504 361 1531 motus
384 1496 428 1530 ad
449 1496 577 1531 locum
600 1496 891 1539 connaturalem,
915 1504 1065 1543 propter
1084 1497 1432 1532 connaturalitatem
1458 1497 1519 1543 [al.
1537 1504 1677 1545 propter

80 1549 304 1597 gravitatem]
319 1558 439 1597 potest
452 1550 732 1597 quodammodo
749 1550 821 1584 dici
835 1562 934 1585 amor
949 1551 1126 1586 naturalis.
1141 1551 1202 1586 Sic
1219 1551 1331 1586 etiam
1342 1552 1463 1599 ipsum
1481 1552 1675 1599 appetibile

83 1604 144 1640 dat
158 1604 331 1652 appetitui
345 1604 466 1652 primo
482 1605 631 1652 quidem
653 1605 854 1652 quamdam
877 1605 1152 1652 coaptationem
1168 1605 1212 1639 ad
1231 1606 1364 1652 ipsum,
1385 1618 1478 1653 quae
1498 1615 1553 1641 est
1571 1619 1679 1654 quae-

83 1659 170 1694 dam
185 1658 456 1706 complacentia
471 1658 687 1706 appetibilis,
703 1671 746 1694 ex
761 1670 832 1705 qua
846 1659 1011 1706 sequitur
1025 1667 1149 1694 motus
1165 1659 1209 1693 ad
1221 1660 1427 1707 appetibile.
1442 1661 1539 1695 Nam
1555 1663 1677 1708 appeti-

83 1714 173 1749 tivus
185 1718 293 1748 motus
306 1713 432 1749 circulo
454 1715 578 1760 agitur,
602 1721 642 1747 ut
663 1713 794 1748 dicitur
814 1713 851 1747 in
874 1725 902 1760 3.
926 1714 970 1748 de
993 1714 1130 1748 Anima
1151 1713 1231 1758 (tex.
1250 1716 1312 1760 55.)
1327 1728 1337 1749 .·
1361 1714 1555 1762 appetibile
1579 1715 1677 1750 enim

82 1774 210 1802 movet
224 1767 439 1814 appetitum,
450 1766 588 1801 faciens
605 1778 643 1802 se
654 1767 978 1813 quodammodoin
995 1768 1071 1813 ejus
1087 1768 1290 1803 intentione
1303 1767 1506 1815 [aLfacims
1520 1769 1679 1816 quodam-

82 1821 180 1856 modo
194 1822 230 1856 in
250 1833 286 1856 eo
308 1823 377 1868 ejus
397 1821 691 1867 inclinationam];
715 1829 749 1855 et
771 1821 950 1868 appetitus
972 1821 1088 1856 tendit
1109 1821 1146 1855 in
1163 1821 1357 1868 appetibile
1380 1822 1527 1857 realiter
1551 1834 1678 1858 conse-

83 1875 281 1923 quendum,
303 1883 342 1910 ut
363 1875 408 1910 sit
430 1875 479 1910 ibi
499 1875 581 1910 finis
608 1883 742 1918 motus,
766 1876 826 1909 ubi
847 1875 913 1910 fuit
935 1875 1167 1922 principium.
1195 1876 1321 1910 Prima
1348 1888 1437 1923 ergo
1466 1877 1676 1912 immutatio

57 1934 59 1936 '
84 1930 262 1978 appetitus
285 1930 328 1964 ab
356 1930 543 1977 appetibili
565 1937 718 1964 vocatur
740 1941 848 1972 arnor,
873 1930 935 1976 qui
956 1929 1048 1964 nihil
1071 1938 1125 1964 est
1148 1929 1257 1973 aliud,
1278 1942 1388 1977 quam
1405 1931 1677 1978 complacentia

84 1983 305 2031 appetibilis:
328 1991 363 2019 et
385 1995 428 2019 ex
449 1983 519 2018 hac
543 1983 814 2031 complacentia
836 1985 998 2031 sequitur
1021 1992 1144 2018 motus
1166 1984 1202 2018 in
1227 1984 1433 2031 appetibile,
1458 1986 1519 2032 qui
1543 1993 1596 2020 est
1618 1986 1677 2020 de-

83 2037 276 2073 siderium:
299 2045 335 2073 et
355 2037 487 2072 ultimo
510 2038 624 2084 quies,
647 2049 739 2085 quae
764 2046 817 2072 est
840 2038 1026 2084 gaudium.
1050 2038 1110 2072 Sic
1139 2049 1228 2085 ergo
1257 2050 1342 2072 cum
1370 2050 1475 2073 amor
1502 2040 1679 2075 consistat

83 2093 119 2127 in
140 2093 300 2139 quadam
322 2092 582 2127 immutatione
605 2092 785 2139 appetitus
809 2092 851 2126 ab
876 2091 1073 2139 appetibili,
1097 2092 1332 2127 manifestum
1358 2102 1423 2136 est,
1447 2094 1545 2140 quod
1572 2105 1678 2129 amor

84 2153 138 2182 est
157 2147 292 2193 passio,
313 2146 459 2194 proprie
482 2146 631 2193 quidem
650 2146 854 2181 secundum
877 2147 974 2193 quod
998 2154 1051 2181 est
1070 2146 1107 2180 in
1123 2147 1413 2194 concupiscibili,
1430 2149 1678 2183 communiter

85 2207 219 2243 autem,
242 2207 277 2235 et
299 2207 450 2235 extenso
471 2200 635 2243 nomine,
658 2200 861 2235 secundum
885 2201 983 2247 quod
1008 2209 1061 2235 est
1082 2201 1119 2235 in
1141 2200 1343 2236 voluntate.

154 2254 215 2289 AD
236 2264 388 2290 PR1MUM
410 2265 498 2301 ergo
522 2254 730 2296 dicendum,
746 2254 844 2301 quod
859 2255 943 2301 quia
958 2256 1071 2289 virtus
1090 2255 1271 2301 significat
1292 2255 1512 2302 principium
1535 2265 1670 2300 motus,

84 2307 142 2343 vel
164 2308 328 2352 actionis,
351 2308 436 2343 ideo
464 2319 580 2351 amor,
607 2308 825 2355 inquantum
853 2317 906 2344 est
926 2308 1146 2356 principium
1174 2310 1362 2356 appetitivi
1385 2319 1519 2353 motus,
1548 2323 1568 2345 a
1589 2311 1677 2346 Dio-

84 2363 189 2410 nysio
211 2370 365 2398 vocatur
381 2364 503 2398 virtus.
695 2389 697 2391 ·
1152 2402 1155 2403 ⁷

156 2417 217 2452 AD
238 2427 449 2452 SECUNDUM
472 2416 680 2460 dicendum,
703 2417 801 2463 quod
820 2417 906 2451 unio
929 2418 1085 2464 pertinet
1106 2417 1151 2452 ad
1173 2429 1352 2461 amorem,
1375 2419 1594 2465 inquantum
1613 2430 1677 2466 per

85 2470 393 2518 complacentiam
415 2471 596 2518 appetitus
619 2481 746 2505 amans
761 2482 801 2505 se
820 2471 930 2505 habet
945 2471 989 2506 ad
1012 2471 1046 2505 id
1067 2471 1165 2518 quod
1189 2480 1299 2514 amat,
1321 2472 1415 2507 sicut
1437 2473 1480 2507 ad
1503 2474 1676 2519 seipsum,

84 2524 142 2559 vel
157 2523 291 2572 aliquid
312 2526 379 2560 sui.
401 2524 446 2559 Et
469 2526 520 2559 sic
542 2532 651 2571 patet,
674 2525 772 2571 quod
787 2536 892 2559 amor
910 2536 985 2559 non
1008 2533 1063 2560 est
1084 2525 1162 2572 ipsa
1184 2526 1312 2561 relatio
1334 2528 1490 2568 unionis,
1505 2527 1568 2561 sed
1588 2527 1676 2562 unio

85 2586 139 2613 est
160 2589 390 2625 consequens
414 2589 593 2613 amorem.
618 2578 724 2613 Unde
748 2586 782 2613 et
804 2579 959 2625 Dionys.
983 2579 1070 2614 dicit
1092 2580 1184 2627 (cap.
1206 2591 1239 2625 4.
1263 2580 1300 2615 de
1323 2581 1408 2615 Div.
1425 2582 1526 2616 Nom.
1536 2586 1628 2628 part.
1644 2593 1675 2616 2.

85 2631 156 2668 lect.
179 2632 244 2679 9.)‚
260 2633 359 2679 quod
378 2643 477 2667 amor
491 2637 535 2667 est
547 2633 659 2667 virtus
673 2633 817 2668 unitiva.
833 2632 878 2667 Et
891 2632 1030 2668 Philos.
1048 2633 1133 2668 dicit
1155 2635 1191 2668 in
1211 2644 1242 2669 2.
1258 2634 1367 2669 Polit.
1383 2635 1475 2682 (cap.
1492 2647 1522 2670 2.
1539 2647 1559 2670 ιι
1575 2635 1674 2682 med.)

85 2685 182 2733 quod
203 2687 282 2721 unio
304 2691 350 2721 est
371 2692 450 2733 opus
471 2687 608 2720 amoris.

159 2740 219 2775 AD
250 2750 425 2775 TERTIUM
448 2740 656 2783 dicendum,
679 2741 777 2787 quod
800 2752 916 2783 amor,
940 2742 1005 2776 etsi
1027 2753 1102 2776 non
1129 2743 1297 2777 nominat
1325 2751 1469 2778 motum
1497 2744 1676 2791 appetitus

85 2793 296 2829 tendentem
318 2795 354 2829 in
377 2794 584 2841 appetibile,
606 2795 773 2829 nominat
791 2804 916 2830 tamen
939 2804 1084 2831 motum
1100 2797 1293 2844 appetitus,
1309 2809 1382 2844 quo
1399 2799 1613 2833 immutatur
1632 2799 1674 2834 ab

88 2848 283 2896 appetibili,
305 2856 344 2883 ut
365 2849 398 2884 ei
422 2847 616 2895 appetibile
639 2848 880 2896 complaceat.
