1907 3198
457 204 680 239 QUAESTIO
715 205 893 236 LXXVIII.
928 208 1177 246 ARTICULUS
1211 210 1268 240 IV.
1563 215 1642 258 571

72 288 109 317 et
127 281 179 317 sic
201 283 278 329 ejus
299 282 460 319 defectus
483 293 537 320 est
551 286 802 332 periculosior,
824 299 935 335 quam
951 290 1038 335 ejus,
1057 290 1118 337 qui
1137 302 1180 326 ex
1199 292 1369 339 passione
1388 303 1528 340 peccat,
1543 297 1646 342 cujus

46 343 49 348 ·
71 336 300 383 propositum
320 337 436 372 tendit
467 338 502 373 in
525 339 664 374 bonum
686 340 815 385 finem;
836 342 922 378 licet
944 343 1015 378 hoc
1038 345 1268 391 propositum
1294 346 1578 395 interrumpatur
1600 351 1644 385 ad

39 385 41 390 ’
68 387 202 424 horam
222 398 371 438 propter
396 392 626 438 passionem:
654 406 799 442 semper
825 404 948 431 autem
975 397 1136 433 defectus
1170 399 1337 447 principii
1367 409 1421 436 est
1446 403 1645 448 pessimus;

68 442 165 478 unde
185 443 419 480 manifestum
442 454 507 488 est,
529 448 627 494 quod
650 449 794 495 gravius
816 458 870 486 est
891 459 1097 498 peccatum,
1112 452 1209 499 quod
1225 461 1278 488 est
1296 465 1339 489 ex
1362 454 1513 499 malitia,
1534 468 1646 504 quam

69 496 167 543 quod
189 505 243 532 est
263 508 307 533 ex
328 499 510 545 passione.

140 550 202 586 AD
222 561 372 588 lewu
399 564 488 600 ergo
509 554 717 599 dicendum,
739 557 836 604 quod
858 557 1064 604 ignorantia
1086 559 1287 603 electionis,
1315 561 1359 596 de
1393 574 1463 610 qua
1497 564 1642 610 objecto

68 604 242 649 procedit,
262 616 380 652 neque
398 617 556 650 excusat,
578 620 696 656 neque
718 610 886 646 diminuit
907 621 1111 658 peccatum,
1132 622 1168 648 ut
1182 625 1289 661 supra
1304 615 1442 651 dictum
1457 625 1511 652 est
1523 618 1571 665 (q.
1587 620 1643 666 76.

67 661 131 692 art.
151 658 220 704 4.),·
239 658 335 694 unde
354 670 473 707 neque
494 662 613 707 major
632 663 838 710 ignorantia
859 665 940 700 talis
961 665 1048 701 facit
1069 678 1148 702 esse
1170 668 1290 703 minus
1317 665 1522 716 peccatum]

137 711 200 748 AD
219 722 428 750 SECUNDUM
450 714 656 759 dicendum,
678 718 776 764 quod
798 718 982 765 impulsio,
1005 731 1097 767 quae
1119 730 1173 756 est
1194 733 1236 757 ex
1258 723 1438 770 passione,
1461 732 1515 759 est
1539 726 1642 773 quasi

65 775 109 800 ex
129 766 299 802 exteriori
315 776 480 815 respectu
498 769 714 806 voluntatis:
734 772 796 807 sed
814 783 878 819 per
894 773 1059 808 habitum
1078 774 1272 810 inclinatur
1289 776 1458 813 voluntas
1476 779 1579 826 quasi
1598 780 1640 814 ab

64 817 246 864 interiori;
267 821 362 856 unde
382 832 457 857 non
479 830 534 858 est
553 823 681 859 similis
703 826 806 860 ratio.

135 872 197 909 An
218 883 391 910 TERTmu
423 876 630 920 dicendum,
653 879 750 925 quod
773 879 869 914 aliud
891 888 944 916 est
964 892 1118 928 peccare
1153 883 1362 930 eligentem,
1385 893 1420 920 et
1441 885 1538 920 aliud
1561 898 1641 934 pec-

63 936 146 962 care
166 937 210 962 ex
231 927 427 964 electione:
450 929 510 966 ille
532 931 630 966 enim
651 933 713 979 qui
734 941 862 980 peccat
882 945 925 969 ex
947 935 1127 982 passione,
1149 946 1278 984 peccat
1308 939 1456 986 quidem
1487 940 1639 987 eligenS,

61 990 138 1015 non
157 988 281 1016 tamen
303 993 346 1017 ex
359 981 549 1019 electione:
565 985 649 1032 quia
663 985 794 1022 electio
809 998 883 1022 non
898 996 952 1023 est
965 989 1001 1023 in
1017 1001 1062 1024 eo
1078 990 1236 1037 primurn
1251 993 1394 1039 peccati
1407 993 1638 1041 principium,

61 1033 124 1069 sed
143 1033 326 1070 inducitur
346 1046 389 1071 ex
409 1038 579 1084 passione
600 1039 644 1074 ad
667 1039 877 1086 eligendum
906 1042 954 1085 id,
983 1043 1082 1090 quod
1113 1052 1212 1079 extra
1241 1046 1451 1092 passionem
1481 1048 1638 1084 existens

59 1097 135 1122 non
157 1086 319 1135 eligeret:
344 1090 406 1125 sed
427 1090 488 1126 ille
509 1092 571 1139 qui
591 1101 720 1140 peccat
739 1105 782 1129 ex
800 1103 899 1130 certa
917 1096 1068 1140 malitia,
1087 1099 1290 1134 secundum
1308 1112 1346 1136 se
1365 1100 1467 1148 eligit
1484 1102 1636 1146 malum,

59 1151 106 1176 eo
126 1141 240 1177 modo
260 1154 334 1190 quo
355 1143 494 1180 dictum
515 1154 570 1181 est
589 1147 671 1192 (art.
684 1159 716 1183 2.
729 1153 758 1182 et
771 1160 800 1195 3.
819 1149 888 1196 huj.
906 1150 970 1196 q.),·
990 1160 1026 1186 et
1042 1151 1126 1187 ideo
1145 1152 1288 1197 electio,
1306 1166 1399 1201 quae
1417 1164 1471 1191 est
1488 1156 1524 1191 in
1543 1158 1635 1203 ipso,

59 1201 114 1230 est
133 1195 351 1244 principium
371 1199 531 1245 peccati:
553 1207 588 1235 et
608 1209 756 1248 propter
776 1202 848 1238 hoc
871 1203 1003 1239 dicitur
1023 1216 1066 1240 ex
1089 1205 1270 1243 electione
1291 1220 1455 1255 peccare.

747 1364 942 1371 ——

521 1513 880 1576 QUAESTIO
921 1519 1159 1568 LXXIX.

298 1635 369 1669 DE
409 1636 612 1672 CAUSIS
650 1640 1075 1677 EXTERIORIBUS
1117 1645 1380 1688 PECCATI,

439 1709 492 1741 IN
517 1709 747 1751 QUATUOR
773 1713 1039 1748 ARTICULOS
1065 1717 1242 1750 DIVISA.

119 1839 262 1877 Deinde
283 1843 588 1880 considerandum
609 1854 662 1882 est
676 1847 720 1882 de
735 1848 853 1883 causis
868 1851 1103 1886 exterioribus
1117 1853 1274 1899 peccati:
1291 1862 1326 1889 et
1334 1856 1448 1901 primo
1462 1867 1504 1891 ex
1523 1865 1624 1903 parte

45 1892 134 1930 Dei:
153 1895 294 1932 secundo
321 1907 363 1932 ex
384 1906 485 1945 parte
505 1899 660 1935 diaboli:
683 1903 779 1937 tertio
801 1913 843 1937 ex
864 1912 965 1950 parte
986 1905 1159 1941 hominis.

488 1988 593 2025 Circa
612 1991 765 2038 primum
792 1999 997 2039 quaeruntur
1021 2001 1178 2042 quatuor.

117 2055 255 2093 Primo.
277 2057 410 2095 Utrum
431 2060 533 2096 Deus
554 2062 600 2098 sit
621 2074 730 2098 causa
752 2067 904 2111 peccati.

51 2119 53 2122 ’
117 2109 300 2147 Secundo.
322 2112 455 2149 Utrum
477 2123 578 2151 actus
599 2118 741 2164 peccati
762 2119 807 2154 sit
828 2131 847 2154 a
869 2120 962 2155 Deo.

116 2163 257 2201 Tertio.
279 2165 412 2203 Utrum
433 2167 534 2205 Deus
555 2170 600 2205 sit
621 2182 730 2207 causa
752 2175 1031 2218 excaecationis,
1053 2183 1088 2211 et
1109 2177 1370 2215 obdurationis.

116 2217 272 2260 Quarto.
295 2220 427 2257 Utrum
449 2222 539 2259 haec
561 2224 774 2261 ordinentur
794 2227 838 2261 ad
860 2227 1015 2264 salutern
1037 2241 1178 2273 eorum,
1200 2233 1260 2279 qui
1283 2244 1534 2279 excaecantur,
1560 2237 1618 2272 vel

42 2269 279 2309 obdurantur.

624 2423 972 2472 ARTICULUS
1008 2428 1040 2472 1.
1544 2457 1612 2494 427

411 2527 566 2560 UTRUM
599 2531 711 2562 DEUS
745 2533 814 2565 SIT
848 2534 990 2566 CAUSA
1023 2537 1226 2569 PECCATI.

366 2615 471 2664 (Insr.
492 2629 523 2664 q.
545 2619 601 2654 80.
622 2625 689 2655 art.
711 2633 739 2656 ι.
761 2630 851 2670 corp.
873 2629 903 2659 et
926 2625 1009 2660 Mal.
1032 2638 1063 2673 q.
1083 2638 1111 2673 3.
1134 2633 1201 2663 art.
1223 2629 1280 2674 1.)-

108 2700 170 2737 ΑΒ
190 2711 340 2739 PRIMUM
361 2705 413 2740 sic
434 2708 652 2753 proceditur.
674 2709 838 2754 Videtur,
860 2713 957 2760 quod
980 2714 1080 2750 Deus
1111 2716 1155 2751 sit
1187 2728 1295 2752 causa
1331 2721 1489 2766 peccati:
1525 2722 1612 2758 dicit

157 2755 357 2803 Apostolus
379 2758 487 2795 Rom.
514 2771 541 2796 1.
564 2761 608 2797 de
630 2763 866 2809 quibusdam:
889 2767 1043 2803 Tradidit
1056 2781 1106 2804 eos
1126 2771 1216 2806 Deus
1231 2773 1264 2805 in
1280 2774 1456 2819 reprobum
1470 2786 1609 2819 sensum,

56 2860 57 2863 Ἴ
90 2806 221 2870 [ςσίαηί
239 2822 289 2854 ea,
311 2823 394 2859 quae
414 2825 479 2848 non
501 2818 724 2852 conveniunt:
739 2826 774 2853 et
793 2818 914 2855 Gloss.
937 2821 1096 2868 (August.
1118 2823 1174 2858 Iib.
1193 2824 1229 2859 dc
1251 2825 1350 2861 Grat.
1369 2833 1398 2862 el
1418 2828 1528 2863 Liber.
1546 2831 1611 2865 Ar-

159 2868 235 2911 cap.
255 2875 306 2900 21.
327 2866 390 2902 cir.
410 2867 484 2912 fin.)
507 2867 640 2904 ibidem
662 2870 760 2913 dicit,
782 2873 879 2919 quod
904 2875 995 2910 Deus
1016 2883 1173 2923 operatur
1195 2879 1228 2912 in
1251 2880 1403 2915 cordibus
1423 2882 1607 2927 homimem,

59 2952 67 2965 ,-
91 2913 227 2952 limando
250 2918 434 2956 voluntates
449 2932 564 2957 eorum
586 2924 620 2958 in
641 2924 868 2973 quodcumque
880 2928 1036 2972 voluerit,
1051 2931 1120 2966 sive
1135 2933 1168 2965 in
1184 2933 1317 2975 bonum,
1333 2936 1400 2969 sive
1414 2936 1448 2969 in
1464 2937 1604 2973 malum.-
