1907 3198
0 1131 4 1151 ἡ
0 1021 16 1109 -fwx
3 949 14 978 -a

546 187 768 227 QUAESTIO
803 187 876 218 cn.
909 185 1156 218 ARTICULUS
1188 185 1229 215 V.
1583 173 1663 226 761

99 284 172 322 qua
190 272 321 309 dicitur
345 271 455 307 Num.
482 281 553 319 19.:
586 271 662 314 Vas,
684 270 772 318 quod
788 282 853 306 non
876 270 1030 305 babuerit
1050 266 1294 316 cooperculum,
1317 271 1346 301 et
1367 265 1548 311 ligaturam
1579 265 1669 299 desu-

94 333 170 377 per,
189 325 400 362 immundum
420 326 502 361 crit:
524 325 626 372 cujus
646 323 899 360 immunditiae
923 334 1032 358 causa
1059 330 1124 364 est,
1145 321 1229 368 quia
1247 320 1283 354 in
1304 318 1391 354 talia
1407 329 1493 353 vasa
1514 318 1558 353 de
1572 317 1669 352 facili

98 387 243 429 poterat
254 379 387 427 aliquid
403 378 633 413 immundum
656 378 798 419 cadere,
812 377 907 412 unde
929 383 1095 423 poterant
1117 373 1353 410 immundari:
1377 381 1452 407 erat
1474 372 1583 406 ctiam
1597 371 1667 406 hoc

98 440 332 482 praeceptum
353 432 397 467 ad
423 432 678 467 declinandam
705 430 972 466 idololatriam:
995 429 1190 464 credebant
1211 428 1308 462 enim
1330 425 1555 469 idololatrae,
1572 425 1669 471 quod

98 486 129 523 si
150 497 285 530 mures,
309 493 372 521 aut
392 485 561 528 lacertae,
582 485 639 520 vel
661 484 780 531 aliqua
802 483 1025 529 hujusmodi,
1047 493 1139 529 quae
1162 480 1405 516 immolabant
1426 478 1544 520 idolis,
1565 478 1670 513 cade-

98 548 180 576 rent
198 540 236 576 in
256 551 354 582 vasa,
374 539 432 574 vel
454 539 490 574 in
513 550 636 586 aquas,
658 546 778 574 essent
799 537 865 571 diis
887 537 1058 583 gratiora,
1081 535 1199 570 adhuc
1227 535 1336 569 etiam
1359 532 1501 580 aliquae
1528 531 1671 566 mulier-

99 593 204 630 culae
223 605 312 629 vasa
333 593 518 629 dimittunt
539 593 768 639 discooperta
791 591 826 625 in
845 591 1061 637 obsequium
1075 597 1339 624 nocturnorum
1354 587 1558 628 numinum,
1577 597 1669 632 quae

94 647 200 694 Jonas
211 655 356 683 vocant.
373 646 512 682 Harum
527 654 649 681 autem
664 644 978 680 immunditiarum
994 644 1085 678 ratio
1101 652 1154 678 est
1168 641 1339 689 figuralis,
1357 640 1439 688 quia
1454 652 1517 687 per
1530 639 1669 686 lepram

99 700 233 737 domus
245 699 469 748 significatur
490 698 701 734 immunditia
719 699 981 745 congregationis
1002 698 1242 732 haereticorum
1257 709 1267 731 :
1289 706 1352 743 per
1369 694 1509 741 lepram
1526 704 1615 728 vero
1633 693 1668 727 in

98 761 199 790 ναῖε
218 753 316 790 linea
335 752 559 801 significatur
579 753 781 799 perversitas
806 763 937 786 morum
960 763 999 786 ex
1019 749 1243 785 amaritudine
1274 749 1409 783 mentis.-
1440 759 1502 794 per
1529 746 1668 793 lepram

98 817 188 843 vero
207 806 318 843 vestis
337 805 465 842 laneae
494 805 719 853 significatur
732 806 933 853 periuratus
950 804 1185 839 adulatorum:
1207 814 1271 850 per
1292 801 1430 849 lepram
1457 801 1492 835 in
1514 799 1668 836 stamine

98 859 349 910 significantur
371 861 459 896 vitia
475 861 632 895 animas:
655 870 719 907 per
738 858 877 906 lepram
898 869 987 894 vero
1008 858 1045 893 in
1072 856 1300 903 subtegmine
1326 854 1575 901 significantur
1595 860 1671 901 pec-

99 919 179 952 cata
192 914 367 951 carnalia.-
388 913 482 950 sicut
502 913 600 949 enim
621 921 765 948 stamen
786 920 840 948 est
859 912 894 947 in
913 911 1153 958 subtegmine,
1168 911 1216 946 ita
1231 910 1352 944 anima
1368 911 1403 944 in
1419 919 1590 956 corpore:
1606 918 1669 954 per

99 979 165 1005 vas
183 975 320 1011 autem,
339 967 439 1016 quod
459 977 534 1003 non
555 966 666 1003 habet
687 965 961 1014 cooperculum,
983 976 1049 1001 nec
1072 964 1279 1012 ligaturam,
1300 961 1523 1010 significatur
1540 961 1668 1002 homo,

99 1021 162 1070 qui
180 1032 258 1058 non
276 1021 387 1057 habet
407 1020 554 1069 aliquod
575 1020 744 1056 velamen
764 1019 1028 1061 taciturnitatis,
1051 1027 1086 1054 et
1099 1019 1159 1066 qui
1173 1029 1247 1053 non
1270 1015 1528 1063 constringitur
1549 1014 1667 1062 aliqua

99 1086 253 1112 censura
271 1074 494 1124 disciplinae.

170 1129 233 1166 An
252 1139 435 1170 Qumwu
462 1127 670 1170 dicendum,
693 1127 803 1176 quod,
832 1127 925 1162 sicut
950 1137 1057 1173 supra
1087 1126 1223 1161 dictum
1253 1132 1306 1160 est
1335 1124 1386 1168 (in
1407 1123 1501 1158 solut.
1518 1119 1667 1170 praec),

99 1182 220 1232 duplex
239 1191 317 1219 erat
336 1181 566 1218 immunditia
581 1181 617 1217 in
631 1181 731 1229 lege:
754 1193 820 1216 una
834 1181 981 1228 quidem
995 1192 1058 1228 per
1074 1179 1232 1227 aliquam
1249 1177 1521 1224 corruptionem
1536 1175 1668 1211 mentis

99 1235 160 1273 vel
179 1236 362 1285 corporis:
383 1243 420 1272 et
437 1235 529 1271 haec
551 1236 660 1271 etiam
687 1234 918 1270 immunditia
944 1235 1063 1280 major
1084 1241 1175 1268 erat:
1203 1232 1271 1267 alia
1297 1242 1384 1266 vero
1411 1239 1488 1267 erat
1514 1230 1669 1264 immun·

100 1289 188 1326 ditia
207 1301 252 1326 ex
271 1289 354 1326 solo
379 1297 551 1325 contactu
575 1289 627 1324 rei
652 1288 882 1324 immundae:
917 1296 952 1323 et
977 1288 1068 1322 haec
1096 1287 1217 1321 minor
1242 1293 1329 1327 erat,
1356 1293 1391 1320 ct
1416 1283 1571 1319 faciliori
1597 1283 1666 1319 ritu

101 1343 325 1392 expiabatur:
345 1354 433 1379 nam
453 1342 684 1378 immunditia
698 1343 814 1389 prima
828 1342 1037 1389 expiabatur
1049 1353 1112 1388 per
1126 1340 1302 1376 sacrificia
1317 1350 1381 1387 pro
1397 1347 1549 1386 peccato
1561 1351 1569 1381 ;
1583 1337 1667 1385 quia

100 1396 222 1433 omnis
241 1396 427 1445 corruptio
455 1395 621 1444 procedit
649 1407 691 1431 ex
717 1404 881 1443 peccato,
907 1403 943 1430 et
969 1403 1160 1442 peccatum
1190 1393 1386 1441 significat:
1417 1393 1480 1427 sed
1508 1391 1666 1427 secunda

71 1476 80 1487 .
99 1449 331 1486 immunditia
351 1449 562 1498 expiabatur
582 1460 645 1497 per
661 1449 780 1485 solam
802 1449 1050 1497 aspersionem
1073 1459 1188 1496 aquae
1211 1447 1420 1493 cujusdam:
1443 1446 1487 1481 de
1506 1457 1576 1492 qua
1595 1445 1668 1492 qui-

99 1503 186 1540 dem
217 1514 312 1552 aqua
337 1503 552 1551 expiationis
580 1503 734 1538 habetur
761 1502 912 1538 Numer.
940 1513 1010 1550 19.:
1034 1502 1226 1538 mandatur
1255 1500 1352 1536 enim
1379 1500 1427 1535 ibi
1449 1511 1468 1534 a
1490 1500 1666 1541 Domino,

99 1557 199 1606 quod
219 1557 400 1605 accipiant
418 1568 571 1592 vaccam
591 1556 710 1592 msam
731 1557 767 1592 in
796 1557 1016 1592 memoriam
1038 1556 1190 1604 peccati,
1216 1555 1313 1603 quod
1341 1555 1604 1590 commiserunt
1630 1554 1666 1589 in

99 1610 313 1647 adoratione
332 1610 437 1646 vituli
457 1619 493 1646 et
513 1610 643 1646 dicitur
663 1622 775 1646 vacca
797 1611 926 1658 magis,
948 1622 1058 1658 quam
1079 1610 1223 1652 vitulus,
1239 1610 1322 1657 quia
1344 1609 1394 1644 sic
1416 1609 1599 1643 Dominus
1613 1620 1667 1655 sy-

98 1675 286 1713 nagogam
305 1675 440 1700 vocare
461 1664 661 1708 consuevit,
682 1664 883 1700 secundum
905 1664 992 1700 illud
1021 1665 1143 1700 Oseae
1173 1675 1221 1709 5.:
1246 1664 1341 1699 Sicut
1365 1675 1469 1698 vacca
1495 1663 1667 1697 lasciviens

97 1718 282 1756 declinavit
299 1718 413 1755 lsrael.
435 1717 480 1754 Et
499 1718 572 1754 hoc
593 1717 685 1754 forte
707 1719 802 1762 ideo,
823 1719 907 1766 quia
924 1730 1054 1754 vaccas
1072 1719 1107 1753 in
1127 1729 1269 1753 morem
1292 1716 1451 1764 Aegypti
1465 1716 1666 1758 coluerunt,

98 1771 301 1810 secundum
325 1771 416 1808 illud
450 1771 572 1808 Oscae
605 1782 676 1808 10.:
708 1773 831 1808 Vaccus
856 1773 1021 1808 Bcthavcn
1047 1772 1238 1808 coluerunt:
1266 1779 1301 1807 et
1326 1770 1362 1806 in
1389 1770 1666 1806 detestationem

98 1825 242 1875 peccati
257 1824 490 1862 idololatriae
510 1825 770 1862 immolabatur
783 1835 882 1862 extra
897 1834 1029 1862 castra:
1045 1835 1080 1861 et
1094 1826 1313 1872 ubicumque
1328 1823 1546 1859 sacrificium
1561 1823 1668 1859 fiebat
1726 1849 1731 1851 >

98 1890 166 1929 pro
185 1879 392 1928 expiatione
412 1879 653 1915 multitudinis
678 1889 927 1928 peccatorum,
954 1880 1183 1916 cremabatur
1208 1889 1307 1915 extra
1330 1887 1447 1914 castra
1467 1887 1604 1914 totum:
1632 1887 1667 1914 et

98 1941 140 1970 ut
156 1932 421 1982 significaretur
440 1945 504 1982 per
523 1933 597 1969 hoc
618 1933 837 1970 sacrificium
864 1934 1053 1970 emundari
1081 1933 1236 1982 populus
1259 1934 1301 1968 ab
1324 1933 1556 1969 universitate
1586 1944 1666 1980 pec-

98 1995 278 2031 catorum,
294 1988 478 2035 intingebat
497 1987 646 2024 sacerdos
663 1987 803 2035 digitum
830 1990 864 2023 in
890 1989 1049 2036 sanguine
1074 1990 1155 2035 ejus,
1177 1993 1206 2024 et
1231 1988 1420 2035 aspergebat
1441 1992 1556 2022 contra
1574 1987 1667 2034 sores

97 2042 285 2079 mensarii
302 2046 419 2090 septem
443 2042 594 2077 vicibus:
613 2041 697 2089 quia
723 2042 946 2089 septenarius
973 2053 1145 2077 numerus
1172 2041 1443 2076 universitatem
1470 2039 1664 2088 significat:

97 2103 135 2132 et
153 2095 232 2144 ipsa
251 2094 362 2131 etiam
380 2096 541 2143 aspersio
561 2094 750 2142 sanguinis
771 2095 972 2143 pertinebat
993 2095 1037 2131 ad
1060 2095 1339 2131 detestationem
1361 2093 1602 2137 idololatriae,
1628 2094 1664 2129 in

98 2159 171 2197 qua
189 2148 339 2197 sanguis
350 2148 605 2185 immolatitius
619 2160 693 2184 non
713 2148 974 2192 effundebatur,
988 2149 1050 2185 sed
1066 2149 1367 2196 congregabatur,
1383 2156 1417 2183 et
1435 2148 1530 2183 circa
1545 2148 1664 2196 ipsum

98 2201 270 2239 homines
289 2202 533 2239 comedebant
553 2202 589 2238 in
611 2202 791 2238 honorem
814 2202 1013 2239 idolorum:
1036 2204 1292 2239 comburebatur
1311 2207 1421 2238 autem
1444 2203 1476 2237 in
1499 2203 1585 2248 igne,
1605 2202 1663 2237 vel

98 2256 183 2306 quia
202 2256 305 2294 Deus
319 2256 445 2305 Moysi
462 2256 500 2292 in
520 2257 605 2304 igne
626 2257 802 2305 apparuit,
823 2265 858 2293 et
879 2257 914 2292 in
937 2257 1021 2304 igne
1042 2258 1124 2293 data
1147 2265 1200 2292 est
1220 2256 1296 2292 lex:
1319 2255 1377 2292 vel
1398 2256 1481 2303 quia
1505 2267 1566 2303 per
1591 2256 1662 2291 hoc

98 2309 381 2359 significabatur,
405 2310 503 2359 quod
528 2310 736 2346 idololatria
762 2310 921 2347 totaliter
947 2319 1022 2346 erat
1049 2310 1270 2358 extirpanda,
1297 2317 1331 2345 et
1357 2320 1468 2344 omne
1494 2310 1591 2356 quod
1619 2309 1663 2344 ad

98 2363 346 2401 idololatriam
365 2364 586 2413 pertinebat;
607 2364 700 2400 sicut
712 2375 824 2400 vacca
837 2366 1049 2401 cremabatur
1063 2377 1136 2401 cum
1147 2364 1241 2412 pelle,
1263 2370 1292 2400 ct
1310 2365 1478 2406 carnibus,
1493 2365 1664 2408 sanguine,

97 2422 129 2455 et
142 2418 226 2466 fimo
237 2417 400 2466 fimmae
421 2418 576 2455 traditis.-
594 2417 855 2465 adjungebatur
868 2418 979 2455 etiam
1000 2419 1036 2454 in
1051 2418 1305 2454 combustione
1332 2417 1457 2463 lignum
1480 2417 1663 2459 cedrinum,

98 2470 262 2520 hyssopus,
281 2483 456 2520 coccusque
476 2473 523 2508 bis
543 2473 675 2516 tinctus,
695 2471 740 2507 ad
761 2471 1052 2519 significandum,
1074 2472 1171 2520 quod
1193 2472 1286 2507 sicut
1306 2470 1403 2517 ligna
1423 2470 1568 2506 cedrina
1589 2482 1663 2506 non

97 2524 145 2562 de
163 2523 262 2562 facili
281 2533 503 2573 putrescunt,
524 2533 560 2561 et
577 2536 711 2561 coccus
732 2525 785 2561 bis
811 2526 943 2562 tinctus
964 2537 1038 2562 non
1065 2526 1196 2562 amittit
1223 2525 1400 2567 colorem,
1427 2533 1462 2559 et
1483 2524 1664 2572 hyssopus

97 2578 228 2615 retinet
247 2578 357 2615 etiam
378 2579 545 2622 odorem,
563 2588 758 2627 postquam
778 2578 884 2615 suerit
903 2580 1126 2621 desiccatus3
1149 2579 1197 2615 ita
1220 2579 1330 2615 etiam
1352 2578 1422 2613 hoc
1446 2577 1663 2614 sacrificium

98 2639 177 2669 erat
194 2631 233 2668 in
252 2632 572 2669 conservationem
588 2633 698 2680 ipsius
713 2633 849 2681 populi,
864 2641 899 2669 et
912 2633 1125 2675 honestatis,
1145 2642 1179 2669 et
1190 2632 1396 2668 devotionis
1419 2632 1549 2679 ipsius;
1567 2633 1661 2667 unde

97 2684 230 2723 dicim
249 2685 294 2722 de
312 2685 492 2722 cineribus
509 2697 663 2723 vaccae:
684 2687 729 2723 Ut
743 2688 808 2723 siut
822 2687 1028 2723 multitudini
1037 2688 1191 2735 filiorum
1210 2686 1312 2722 lirail
1327 2687 1360 2720 in
1376 2685 1555 2721 custodiam
1569 2699 1578 2720 :
1594 2685 1664 2728 vel,

97 2738 300 2776 „cundum
315 2738 517 2788 Iosephum
541 2740 618 2787 (lib.
636 2752 666 2788 3.
687 2741 854 2788 Antiquit.
875 2748 947 2789 cap.
974 2742 1006 2777 3.
1028 2752 1061 2788 9.
1083 2747 1111 2777 et
1133 2741 1215 2786 ιιι),
1239 2749 1394 2787 quatuor
1420 2739 1601 2775 elementa
1622 2740 1665 2775 si·

99 2791 271 2841 unificata
289 2800 385 2829 sunt.
405 2791 485 2840 Igni
505 2793 603 2829 enim
625 2793 873 2841 apponebatur
898 2794 1025 2837 cedrus,
1052 2793 1260 2841 significans
1281 2801 1414 2829 terram
1437 2801 1585 2840 propter
1609 2793 1663 2828 sui

42 2893 45 2899 Ι
98 2844 411 2882 mntem:
433 2846 584 2895 hyssopus
604 2846 814 2895 significans
832 2851 953 2884 aetem
974 2856 1122 2896 propter
1142 2847 1314 2883 odorem:
1337 2858 1450 2883 corcus
1472 2847 1519 2882 bis
1545 2847 1664 2882 tinctus

99 2897 310 2947 significans
331 2910 476 2948 aquam,
497 2901 624 2937 eadem
647 2901 787 2937 ratione
808 2912 878 2949 qua
900 2901 1008 2938 etiam
1028 2909 1182 2950 purpura
1205 2909 1350 2949 propter
1371 2900 1555 2943 tincturas,
1571 2911 1663 2947 quae
