1907 3198
507 174 733 210 QUAEsrto
767 174 855 204 Lm.
889 172 1139 203 Alimentus
1172 172 1200 202 1.
1568 161 1653 216 369

0 226 4 242 Ι

67 256 179 304 igitur
197 255 308 292 fuerit
327 256 458 304 aliquis
479 256 636 299 habitus,
658 258 760 303 cujus
782 257 986 303 subJectum
1009 264 1062 291 est
1084 255 1331 302 corruptibile,
1355 264 1391 290 et
1414 257 1518 302 cujus
1545 267 1657 290 causa

0 296 3 318 ³
67 310 179 346 habet
198 310 437 353 contrarium,
458 319 613 358 utroque
636 311 750 346 modo
773 311 959 357 corrumpi
980 310 1132 357 poterit:
1155 310 1248 344 sicut
1275 318 1373 357 patet
1400 310 1444 344 de
1471 310 1656 344 habitibus

0 349 4 420 ι
68 363 331 412 corporalibus,
354 363 494 399 scilicet
515 365 680 407 sanitate,
703 373 739 400 et
761 364 1004 411 aegritudine:
1026 363 1080 398 illi
1094 375 1182 398 vero
1197 364 1355 406 habitus,
1370 375 1528 410 quorum
1543 364 1658 409 subje-

0 421 5 463 ξ
67 425 168 453 ctum
190 425 244 453 est
263 417 550 465 incorruptibile,
571 430 646 453 non
668 427 821 466 possunt
842 418 1028 464 corrumpi
1051 429 1115 464 per
1134 417 1314 452 accidens.
1336 417 1429 452 Sunt
1449 426 1575 452 tamen
1596 417 1658 452 ha-

0 464 8 534 ξ
65 471 162 506 bitus
183 471 345 518 quidam,
367 472 428 518 qui
447 472 514 506 etsi
535 472 782 519 principaliter
803 472 874 507 sint
895 472 932 506 in
954 472 1120 518 subjecto
1139 471 1415 518 incorruptibili,
1436 471 1654 506 secundario

65 531 191 560 tamen
209 533 293 560 sunt
313 525 350 560 in
372 526 535 572 subjecto
558 526 803 573 corruptibili:
826 527 919 561 sicut
939 525 1084 560 habitus
1103 526 1290 567 scientiae,
1319 525 1380 572 qui
1408 524 1658 572 principaliter

0 540 10 632 i
66 578 216 627 quidem
238 586 293 614 est
312 579 349 614 in
370 579 558 615 intellectu
581 580 757 627 possibili,
776 580 994 615 secundario
1019 588 1141 614 autem
1164 580 1200 613 in
1222 579 1358 617 viribus
1382 579 1658 626 apprehensivis

0 650 6 680 ρ
66 632 260 675 sensitivis,
281 639 321 667 ut
341 644 451 680 supra
473 633 612 668 dictum
634 644 688 669 est
711 634 757 681 (q.
776 646 830 680 50.
851 639 917 668 art.
943 646 972 680 3.
1003 633 1047 668 ad
1070 635 1140 680 3.)‚·
1173 641 1209 668 et
1237 633 1323 668 ideo
1351 645 1394 668 ex
1425 641 1526 680 parte
1555 632 1658 667 intel-

0 705 3 721 ι
65 685 183 721 lectus
202 686 384 733 possibilis
406 687 551 722 habitus
566 688 739 722 scientiae
753 699 828 722 non
842 696 964 734 potest
977 687 1164 734 corrumpi
1178 698 1243 734 per
1258 687 1439 729 accidens,
1454 687 1517 721 sed
1533 686 1656 721 solum

0 775 2 780 ,
66 750 111 775 ex
130 746 231 787 parte
252 739 469 776 inferiorum
489 741 623 776 virium
645 742 916 776 sensitivamm.
939 741 1004 776 Est
1029 741 1139 788 igitur
1167 741 1489 783 considerandum,
1521 741 1551 775 si
1576 751 1659 787 pos-

0 824 6 842 ,
65 802 151 830 sunt
170 793 385 840 hujusmodi
404 794 550 830 habitus
572 806 636 842 per
658 806 696 830 se
718 796 920 842 corrumpi:
944 795 974 830 si
995 795 1104 841 igitur
1125 794 1233 829 fuerit
1253 794 1383 841 aliquis
1410 794 1567 837 habitus,
1594 794 1657 840 qui

0 863 9 867 ·
65 847 201 883 habeat
220 847 370 895 aliquod
391 849 630 892 contrarium,
651 848 711 884 vel
733 861 776 884 ex
797 857 898 896 parte
917 860 994 891 sua,
1008 848 1126 884 velex
1141 857 1243 895 parte
1257 859 1345 883 suae
1361 859 1504 890 causae,
1522 848 1658 895 poterit

66 912 130 949 per
151 912 190 936 se
208 902 412 949 corrumpi:
435 903 464 937 si
485 913 574 937 vero
593 914 668 937 non
690 903 801 938 habet
823 903 1061 945 contrarium,
1080 913 1155 937 non
1170 902 1304 948 poterit
1318 913 1383 949 per
1397 913 1435 937 se
1450 902 1655 948 corrumpi:

66 954 303 991 manifestum
324 963 379 991 est
391 963 526 998 autern,
540 957 640 1003 quod
654 957 796 1003 species
810 956 1049 1003 intelligibilis
1066 957 1104 990 in
1118 955 1305 991 intellectu
1320 956 1484 1002 possibili
1499 956 1655 991 existens

65 1019 141 1044 non
163 1009 274 1044 habet
295 1009 430 1056 aliquid
452 1010 698 1045 contrarium:
720 1021 839 1057 neque
862 1011 995 1045 iterum
1017 1009 1221 1045 intellectui
1243 1010 1379 1056 agenti,
1394 1010 1457 1056 qui
1474 1018 1528 1044 est
1546 1021 1658 1044 causa

66 1063 157 1109 ejus,
177 1071 300 1110 potest
318 1063 455 1110 aliquid
477 1074 555 1098 esse
577 1064 823 1107 contrarium;
846 1065 954 1106 unde,
976 1064 1006 1099 si
1028 1063 1158 1110 aliquis
1179 1063 1326 1098 habitus
1347 1064 1394 1098 sit
1416 1064 1452 1098 in
1467 1063 1657 1099 intellectu

0 1141 17 1164 ,χ
66 1117 232 1164 possibili
251 1117 465 1153 immediate
486 1117 530 1152 ab
549 1117 737 1153 intellectu
760 1126 891 1164 agente
914 1126 1096 1160 causatus,
1117 1117 1199 1152 talis
1217 1118 1363 1152 habitus
1377 1126 1431 1153 est
1444 1118 1659 1165 incorrupti

0 1174 9 1219 ᾗ
66 1169 149 1206 bilis
169 1179 206 1206 et
225 1182 290 1218 per
310 1182 361 1214 se,
388 1179 425 1207 et
452 1183 517 1218 per
547 1172 735 1207 accidens:
764 1172 979 1218 hujusmodi
1009 1180 1133 1207 autern
1165 1181 1249 1207 sunt
1278 1173 1422 1208 habitus
1452 1174 1658 1219 primorum

0 1260 6 1268 ,
65 1224 330 1272 principiorum
350 1234 428 1261 tam
449 1225 741 1272 speculabihum,
759 1237 871 1273 quam
890 1226 1150 1273 practicorum,
1173 1226 1235 1273 qui
1256 1226 1357 1261 nulla
1379 1226 1579 1269 oblivione,
1597 1226 1658 1261 vel

66 1277 285 1326 deceptione
305 1279 493 1327 corrumpi
513 1288 688 1327 possunt;
709 1281 804 1315 sicut
822 1280 963 1315 Philos.
987 1280 1074 1315 dicit
1095 1281 1133 1315 in
1154 1279 1187 1315 6.
1207 1280 1328 1315 Ethic.
1351 1282 1442 1328 (cap.
1462 1293 1490 1327 5.
1518 1283 1554 1316 in
1577 1280 1657 1325 fin.)

19 1325 33 1332 ”
66 1331 112 1369 de
132 1332 337 1380 prudentia,
358 1333 457 1380 quod
473 1345 542 1368 non
557 1333 718 1382 perditur
733 1340 798 1382 per
828 1334 1042 1370 oblivionem.
1073 1333 1219 1381 Aliquis
1246 1345 1334 1369 vero
1362 1335 1507 1369 habitus
1539 1342 1594 1369 est
1619 1334 1657 1368 in

7 1399 10 1402 ⁴
66 1385 255 1422 intellectu
272 1386 438 1435 possibili
457 1398 499 1422 ex
521 1388 663 1423 ratione
686 1396 868 1430 causatus,
892 1388 1032 1423 scilicet
1052 1388 1198 1422 habitus
1221 1388 1519 1431 conclusionum,
1533 1388 1596 1435 qui
1609 1388 1660 1422 di·

67 1441 160 1476 citur
180 1440 352 1476 scientia:
382 1442 486 1488 cujus
516 1453 649 1477 causae
676 1442 856 1490 dupliciter
885 1450 1006 1489 potest
1034 1442 1170 1488 aliquid
1200 1443 1426 1478 contrarium
1457 1454 1550 1478 esse.
1583 1443 1658 1478 Uno

67 1493 165 1530 modo
185 1505 230 1530 ex
249 1503 352 1542 parte
373 1495 537 1541 ipsarum
550 1496 860 1543 propositionum,
875 1507 919 1531 ex
937 1496 1068 1543 quibus
1082 1496 1175 1531 ratio
1191 1497 1375 1543 procedit:
1395 1497 1532 1532 etenim
1548 1508 1658 1532 enun-

67 1548 224 1592 tiationi,
245 1560 340 1596 quae
362 1557 436 1585 est:
458 1551 580 1585 bonum
601 1556 648 1586 est
668 1551 790 1585 bonum
801 1563 814 1591 ;
837 1551 1021 1585 contraria
1043 1559 1098 1585 est
1119 1562 1173 1592 ea,
1196 1562 1290 1597 quae
1313 1559 1378 1594 est,
1398 1553 1520 1586 bonum
1534 1563 1602 1586 non
1616 1555 1660 1586 est

67 1603 205 1646 bonum,
227 1603 433 1638 secundum
453 1603 593 1639 Philos.
616 1614 648 1639 2.
671 1604 873 1639 Periherm.
897 1605 990 1652 (cap.
1014 1604 1072 1639 ult.
1095 1616 1115 1639 a
1136 1604 1250 1649 med).
1273 1604 1353 1640 Alio
1368 1604 1463 1639 modo
1479 1612 1655 1651 quantum

68 1655 112 1691 ad
132 1656 255 1704 ipsum
275 1667 491 1704 processum
512 1658 676 1700 rationis,
699 1667 807 1705 prout
828 1658 1068 1705 syllogismus
1086 1658 1308 1705 sophisticus
1331 1659 1530 1706 opponitur
1551 1658 1660 1705 syllo-

67 1710 190 1758 gismo
203 1710 411 1754 dialectico,
424 1711 484 1747 vel
499 1712 809 1755 demonstrativo;
826 1713 876 1747 sic
892 1713 1002 1759 igitur
1015 1720 1126 1759 patet,
1141 1712 1239 1759 quod
1254 1724 1318 1759 per
1331 1712 1462 1748 falsam
1477 1713 1659 1747 rationem

66 1772 188 1812 potest
208 1765 395 1813 corrumpi
416 1765 562 1800 habitus
587 1777 696 1801 verae
726 1767 923 1812 opinionis,
957 1774 1019 1801 aut
1045 1767 1157 1800 etiarn
1185 1767 1380 1809 scientiae3
1410 1767 1506 1801 unde
1536 1766 1660 1801 Philo-

67 1819 204 1866 sophus
227 1819 326 1862 dicit,
348 1820 447 1866 quod
469 1820 637 1867 deceptio
661 1828 714 1855 est
745 1821 932 1867 corruptio
964 1820 1151 1863 scientiae,
1181 1821 1275 1855 sicut
1304 1832 1412 1867 supra
1439 1820 1579 1855 dictum
1605 1828 1660 1855 est

67 1873 123 1920 (in
141 1879 328 1921 argument.
349 1873 404 1909 sed
423 1874 552 1920 cont.).·
573 1874 750 1909 virtutum
771 1885 860 1908 vero
882 1874 1046 1921 quaedam
1071 1882 1154 1908 sunt
1172 1873 1449 1916 intellectuales,
1465 1885 1559 1921 quae
1573 1882 1660 1909 sunt

67 1926 105 1962 in
124 1926 205 1975 ipsa
225 1927 380 1970 ratione,
402 1936 442 1963 ut
461 1927 594 1963 dicitur
614 1928 652 1962 in
673 1926 706 1963 6.
726 1927 888 1962 Ethicor.
903 1929 993 1975 (cap.
1010 1928 1056 1973 1.)
1071 1927 1116 1962 de
1130 1928 1260 1975 quibus
1273 1934 1319 1963 est
1332 1928 1442 1963 eadem
1458 1929 1560 1971 ratio,
1575 1940 1659 1975 quae

67 1985 112 2017 est
130 1980 170 2017 de
187 1982 338 2025 scientia,
359 1981 414 2017 vel
431 1983 599 2030 opinione.
617 1981 793 2027 Quaedam
808 1993 896 2016 vero
912 1990 996 2016 sunt
1010 1981 1045 2016 in
1060 1990 1162 2028 parte
1180 1982 1325 2016 animae
1341 1982 1550 2028 appetitiva,
1564 1993 1659 2029 quae

68 2041 153 2070 sunt
169 2034 321 2070 virtutes
342 2035 522 2071 morales:
546 2044 582 2071 et
601 2035 712 2071 eadem
732 2037 817 2070 ratio
839 2041 884 2071 est
905 2035 943 2070 de
965 2037 1058 2070 vitiis
1080 2037 1256 2083 oppositis:
1279 2036 1424 2070 habitus
1447 2044 1569 2070 autem
1597 2047 1659 2082 ap-

40 2120 46 2126 .
67 2088 239 2136 petitivae
258 2089 370 2136 partis
392 2097 589 2125 causantur
610 2101 675 2137 per
695 2089 788 2124 hoc:
811 2090 909 2137 quod
931 2090 1025 2124 ratio
1051 2098 1138 2124 nata
1168 2098 1223 2125 est
1250 2091 1487 2137 appetitivam
1515 2099 1658 2137 partem

15 2151 18 2156 '
69 2153 240 2187 movere3
253 2143 350 2178 unde
362 2154 429 2191 per
439 2144 617 2190 judicium
630 2144 782 2179 rationis
797 2144 834 2178 in
849 2145 1075 2178 contrarium
1089 2145 1275 2180 moventis
1286 2155 1520 2192 quocumque
1531 2144 1658 2187 modo,

10 2200 13 2202 ’
68 2195 210 2233 scilicet
228 2197 305 2232 sive
327 2208 371 2232 ex
390 2197 610 2245 ignorantia,
632 2198 707 2233 sive
731 2209 774 2232 ex
795 2198 978 2245 passione,
999 2197 1059 2233 vel
1080 2198 1193 2233 etiarn
1215 2210 1257 2233 ex
1280 2198 1477 2241 electione,
1498 2209 1660 2233 corrum-

13 2253 26 2294 ,'
69 2251 166 2298 pitur
182 2250 330 2286 habitus
349 2251 503 2295 virtutis,
523 2251 585 2287 vel
605 2251 693 2286 vitii.

35 2308 42 2321 '
138 2304 203 2340 AD
222 2314 374 2340 PRIMUM
395 2315 485 2353 ergo
507 2305 718 2348 dicendum,
741 2305 851 2352 quod,
874 2305 967 2340 sicut
984 2306 1146 2341 dicitur'
1138 2318 1175 2341 m
1197 2317 1229 2352 7.
1252 2306 1371 2341 Ethic.
1395 2307 1486 2353 (cap.
1515 2318 1566 2342 10.
1589 2318 1657 2341 non

16 2353 162 2406 'longe
182 2369 203 2393 a
214 2358 268 2406 fin
272 2358 310 2403 .),
332 2358 478 2394 habitus
499 2358 779 2394 similitudinem
800 2359 910 2394 habet
927 2368 1098 2402 naturae;
1125 2360 1248 2395 deficit
1273 2368 1399 2395 tamen
1427 2360 1470 2394 ab
1496 2359 1595 2406 ipsa;
1622 2366 1660 2394 et

8 2385 52 2478 :g
69 2409 166 2455 ideo,
192 2422 281 2446 cum
302 2417 434 2447 natura
459 2412 514 2447 rei
536 2411 641 2448 nullo
669 2413 783 2448 modo
809 2422 1043 2448 removeatur
1069 2388 1112 2448 ab
1138 2414 1229 2461 ipsa,
1251 2414 1396 2448 habitus
1418 2413 1549 2448 saltem
1572 2411 1660 2448 diffi-

20 2493 49 2532 a
71 2463 143 2502 nile
164 2473 388 2501 removetur.

13 2525 33 2547 θ
140 2518 204 2555 Al>
221 2529 432 2556 SECUNDUM
447 2519 658 2562 dicendum,
671 2520 770 2567 quod
785 2521 852 2556 etsi
865 2521 1055 2568 speciebus
1069 2520 1358 2568 intelligibilibus
1371 2532 1448 2555 non
1463 2521 1509 2555 sit
1522 2519 1659 2567 aliquid

13 2561 48 2621 l,
71 2573 315 2617 contrarium3
336 2573 648 2609 enuntiationibus
669 2581 807 2616 tamen,
829 2582 864 2609 et
884 2575 1075 2621 processui
1096 2575 1248 2610 rationis
1266 2583 1389 2622 potest
1414 2574 1551 2622 aliquid
1578 2585 1659 2609 esse

0 2609 21 2644 i·
43 2630 50 2664 ἶ
71 2626 309 2670 contrarium,
328 2634 368 2662 ut
388 2627 529 2662 dictum
551 2635 606 2662 est
627 2627 678 2672 (in
699 2634 791 2675 corp.
814 2630 911 2674 art).

141 2680 206 2716 AD
227 2690 403 2717 TERTIUM
423 2681 635 2724 dicendum,
655 2681 755 2729 quod
777 2682 929 2717 scientia
949 2693 1027 2717 non
1048 2690 1261 2717 removetur
1280 2693 1345 2729 per
1365 2690 1511 2716 motum
1531 2692 1661 2728 corpo-

39 2740 56 2765 a‘
70 2732 200 2777 talem,
220 2743 397 2782 quantum
419 2734 464 2770 ad
485 2735 604 2782 ipsam
626 2735 788 2770 radicem
809 2735 966 2778 habitus,
992 2736 1056 2771 sed
1084 2736 1206 2771 solum
1232 2745 1409 2783 quantum
1438 2736 1480 2770 ad
1508 2735 1661 2782 impedi-

72 2795 239 2824 mentum
259 2796 381 2831 acms;
400 2788 618 2836 inquantum
639 2788 845 2824 intellectus
865 2790 1006 2837 indiget
1026 2790 1063 2824 in
1093 2801 1162 2825 suo
1192 2798 1275 2824 actu
1304 2790 1440 2824 viribus
1467 2789 1660 2832 sensitivis,

11 2862 15 2866 -
73 2840 208 2889 quibus
220 2841 528 2889 impedimentum
549 2841 699 2878 affertur
719 2854 783 2890 per
804 2843 1037 2890 corporalem
1056 2844 1423 2878 transmutationem:
1446 2843 1508 2878 sed
1524 2854 1588 2890 per
1609 2843 1658 2878 in-

69 2893 301 2943 telligibilem
321 2904 467 2932 motum
484 2896 636 2932 rationis
654 2905 775 2944 potest
788 2900 975 2945 corrumpi
989 2897 1138 2933 habitus
1150 2898 1339 2940 scientiae,
1354 2898 1466 2933 etiam
1480 2905 1659 2944 quantum
