1907 3198
547 181 771 218 QUAESTIO
805 181 846 212 C.
879 180 1126 211 ARTICULUS
1158 180 1250 210 vm.
1602 181 1685 224 725

112 265 214 302 modi
234 272 514 313 praeceptorum
537 264 573 298 in
595 263 775 311 aliquibus
789 263 932 298 casibus
954 274 1028 298 non
1050 262 1152 298 fieret
1165 263 1429 310 praejudicium
1449 264 1574 311 primis
1593 275 1691 311 prae-

112 319 238 366 ceptis,
259 329 352 366 quae
382 317 571 352 continent
596 317 836 352 intentionem
863 316 1103 363 legislatoris:
1130 326 1215 362 puta
1241 317 1271 351 si
1298 317 1342 351 ad
1370 319 1689 352 conservationem

111 371 331 420 reipublicae
352 378 568 406 statueretur
589 371 624 405 in
648 370 767 417 aliqua
789 370 946 412 civitate,
972 370 1070 417 quod
1091 370 1136 405 de
1155 370 1308 415 singulis
1329 371 1419 406 vicis
1439 370 1549 418 aliqui
1567 372 1692 417 vigila-

111 434 192 462 rent
212 425 257 461 ad
283 425 487 460 custodiam
511 424 664 459 civitatis
686 424 867 466 obsessae,
889 432 1013 470 posset
1027 435 1111 458 cum
1130 424 1309 471 aliquibus
1323 423 1522 471 dispensari
1544 434 1691 472 propter

112 478 274 527 aliquam
307 478 487 524 majorem
522 477 725 512 utilitatem.
753 477 952 524 Praecepta
986 486 1108 512 autem
1142 476 1311 523 decalogi
1346 478 1537 513 continent
1573 479 1688 525 ipsam

112 533 353 570 intentionem
383 531 613 579 legislatoris,
635 531 774 567 scilicet
794 532 876 574 Dei,
902 543 989 566 narn
1023 541 1216 579 praecepta
1240 533 1379 579 primae
1414 533 1571 576 tabulae,
1598 545 1690 580 quac

111 587 282 623 ordinant
303 586 347 621 ad
368 585 504 628 Deum,
526 586 714 620 continent
735 587 853 632 ipsum
875 586 1042 620 ordinem
1065 585 1109 620 ad
1130 586 1269 620 bonurn
1292 597 1503 630 commune,
1522 596 1557 622 et
1572 587 1691 630 finale,

110 641 210 689 quod
230 640 331 676 Deus
352 648 424 675 est:
447 648 640 687 praecepta
659 647 781 674 autern
796 639 977 675 secundae
991 639 1136 674 tabulae
1151 640 1340 675 continent
1353 641 1520 675 ordinem
1536 642 1691 686 justitiae

104 695 206 730 -inter
226 693 397 730 homines
419 693 688 736 observandae3
721 702 759 728 ut
785 693 925 728 scilicet
944 693 1034 727 nulli
1056 693 1118 728 fiat
1147 693 1359 736 indebitum,
1381 703 1417 729 et
1439 694 1586 729 cuilibet
1616 696 1691 730 red-

111 748 216 784 datur
237 748 417 783 debitum:
451 747 654 782 secundum
676 747 771 782 hanc
793 747 891 782 enim
914 747 1095 782 rationem
1117 756 1201 782 sunt
1230 747 1467 793 intelligenda
1499 757 1691 796 praecepta

111 800 299 848 decalogi;
320 809 356 836 et
375 800 460 836 ideo
482 809 676 848 praecepta
698 800 866 846 decalogi
887 808 971 835 sunt
991 801 1145 835 omnino
1167 801 1474 847 indispensabilia.

183 855 244 891 AD
265 866 416 891 anuu
439 866 528 901 ergo
554 855 763 897 dicendum,
784 855 882 902 quod
904 854 1154 902 Philosophus
1174 866 1249 890 non
1272 855 1433 903 loquitur
1454 856 1498 891 de
1517 857 1614 902 justo
1633 868 1694 892 na-

110 908 230 952 turali,
252 909 351 956 quod
385 908 548 944 continet
567 909 688 956 ipsum
710 908 877 943 ordinem
906 909 1076 955 justitiae,
1097 908 1169 943 hoc
1192 909 1291 943 enim
1314 920 1516 956 numquam
1552 910 1691 953 deficit3

111 962 253 999 scilicet
271 963 447 1010 justitiam
468 973 547 998 esse
570 962 806 998 servandam:
826 962 888 997 sed
906 962 1067 1009 loquitur
1088 971 1265 1009 quantum
1280 963 1323 998 ad
1340 963 1602 999 determinatos
1617 975 1694 999 mo-

110 1017 178 1053 dos
199 1016 464 1052 observationis
485 1016 654 1062 justitiae,
676 1016 738 1063 qui
763 1016 800 1050 in
821 1015 1001 1062 aliquibus
1024 1015 1165 1067 fallunt.

183 1070 246 1106 An
267 1080 477 1106 secuuntur
499 1070 707 1114 dicendum,
727 1069 838 1117 quod,
860 1070 954 1104 sicut
974 1070 1102 1117 Apost.
1125 1070 1211 1105 dicit
1233 1080 1264 1105 2.
1288 1071 1331 1105 ad
1348 1070 1503 1106 Timoth
1524 1082 1577 1106 2.:
1601 1073 1693 1107 Deus

110 1123 214 1167 fidelis
228 1128 421 1172 pemanet,
437 1135 556 1170 negare
575 1125 714 1172 seipsum
733 1135 799 1158 non
815 1129 942 1171 potest:
964 1131 1116 1169 negaret
1137 1132 1258 1159 autern
1280 1124 1452 1171 seipsum,
1471 1125 1501 1159 si
1523 1126 1691 1161 ordinem

111 1188 201 1213 suae
219 1177 377 1224 justitiae
399 1176 566 1220 auferret,
589 1189 672 1212 curn
694 1177 770 1224 ipse
791 1177 838 1212 sit
859 1189 923 1212 sua
944 1177 1098 1224 justitia;
1121 1186 1156 1212 et
1176 1178 1259 1213 ideo
1282 1178 1318 1212 in
1340 1179 1411 1213 hoc
1434 1178 1535 1214 Deus
1553 1179 1694 1226 dispen-

112 1242 193 1267 sare
218 1242 295 1266 non
315 1238 446 1278 potest,
466 1238 504 1266 ut
523 1231 668 1265 homini
694 1230 802 1265 liceat
820 1242 894 1266 non
912 1231 1078 1266 ordinate
1100 1242 1138 1266 se
1159 1231 1294 1266 habere
1317 1232 1360 1266 ad
1383 1232 1517 1274 Deum,
1541 1233 1600 1268 vel
1618 1245 1692 1268 non

112 1285 217 1321 subdi
238 1284 358 1320 ordini
377 1285 533 1331 justitiae
555 1285 644 1330 ejus,
666 1284 777 1319 etiam
802 1284 838 1318 in
860 1284 928 1327 his,
951 1285 1151 1319 secundum
1171 1296 1264 1331 quae
1280 1285 1452 1321 homines
1473 1288 1518 1321 ad
1535 1287 1692 1322 invicem

113 1338 338 1374 ordinantur.

183 1391 246 1427 An
275 1401 448 1427 ‘rt-:nrum
481 1390 690 1433 dicendum,
716 1391 814 1438 quod
844 1392 982 1427 occisio
1010 1392 1172 1428 hominis
1194 1393 1407 1439 prohibetur
1433 1394 1470 1428 in
1498 1394 1691 1442 decalogo,

112 1445 316 1481 secundum
329 1445 427 1492 quod
441 1444 551 1479 habet
568 1445 748 1480 rationem
763 1445 933 1481 indebiti:
952 1446 1003 1481 sic
1022 1447 1120 1481 enim
1138 1455 1374 1493 praeceptum
1396 1448 1559 1483 continet
1576 1449 1692 1495 ipsam

113 1498 292 1534 rationem
309 1498 483 1545 justitiae:
503 1497 563 1533 lex
580 1507 702 1533 autem
722 1499 883 1533 humana
909 1500 981 1535 hoc
1004 1500 1208 1535 concedere
1229 1512 1304 1535 non
1327 1509 1457 1548 potest,
1480 1503 1578 1548 quod
1597 1502 1694 1538 licite

111 1552 228 1588 homo
254 1551 414 1587 indebite
440 1551 647 1587 occidatur:
674 1553 737 1587 sed
764 1552 1019 1589 malefactores
1046 1554 1189 1596 occidi„
1212 1554 1271 1589 vel
1300 1555 1426 1590 hostes
1461 1556 1694 1603 reipublicae,

113 1606 185 1642 hoc
204 1616 282 1641 non
303 1613 358 1641 est
377 1605 601 1641 indebitum:
623 1606 719 1641 unde
745 1606 817 1641 hoc
841 1618 914 1642 non
937 1609 1178 1642 contrariatur
1199 1617 1394 1656 praecepto
1417 1609 1605 1655 decalogi:
1627 1622 1694 1645 nec

110 1659 194 1695 mlis
215 1659 354 1695 occisio
372 1667 427 1694 est
446 1659 702 1702 homicidium,
720 1661 818 1706 quod
838 1669 1033 1708 praecepto
1051 1661 1220 1708 decalogi
1240 1663 1463 1709 prohibetur,
1483 1672 1521 1698 ut
1539 1664 1694 1710 August.

112 1713 201 1749 dicit
227 1713 266 1748 in
296 1723 324 1748 1.
351 1712 396 1748 de
423 1712 500 1748 Lib.
527 1713 616 1748 Arb.
645 1713 733 1761 (cap.
759 1725 793 1759 4.
820 1720 895 1750 ante
920 1715 1053 1761 med.).⁴
1072 1724 1107 1751 et
1133 1716 1300 1751 similiter
1326 1717 1354 1751 si
1385 1716 1446 1762 [al.
1470 1718 1561 1763 cum]
1587 1717 1694 1752 alicui

114 1765 297 1805 auferatur
317 1765 383 1813 [al.
404 1766 578 1813 aufertur]
601 1768 698 1814 quod
721 1779 827 1802 suum
855 1777 942 1811 erat,
969 1769 998 1803 si
1020 1769 1180 1804 debitum
1208 1778 1261 1804 est
1283 1771 1379 1816 quod
1403 1771 1521 1816 ipsum
1543 1772 1696 1814 amittat,

113 1820 186 1856 hoc
207 1831 283 1855 non
303 1828 356 1855 est
377 1818 525 1862 furtum,
543 1820 602 1855 vel
621 1821 757 1868 rapina,
776 1833 868 1868 quae
883 1831 1078 1869 praecepto
1097 1823 1265 1870 decalogi
1284 1824 1540 1870 prohibentur:
1559 1833 1594 1860 et
1612 1825 1696 1861 ideo

113 1873 261 1922 quando
282 1872 347 1908 filii
372 1873 483 1908 Israel
504 1882 699 1921 praecepto
721 1875 791 1910 Dei
812 1875 972 1910 tulerunt
1000 1877 1104 1923 Aegy
1132 1877 1266 1911 tiorum
1291 1877 1418 1924 spolia,
1441 1890 1515 1913 non
1538 1878 1604 1914 fuit
1625 1878 1696 1914 sur—

112 1935 216 1970 tum;
241 1927 326 1974 quia
353 1926 424 1961 hoc
452 1927 504 1962 eis
530 1927 729 1963 debebatur
754 1940 796 1963 ex
824 1930 1001 1964 sententia
1027 1930 1108 1965 Dei.
1137 1930 1313 1966 Similiter
1339 1939 1373 1966 ct
1400 1932 1588 1967 Abraham
1611 1945 1696 1968 cum

114 1980 301 2016 consensit
313 1980 482 2016 occidere
493 1980 620 2024 filium,
635 1993 709 2016 non
722 1983 906 2018 consensit
917 1985 951 2018 in
966 1984 1227 2027 homicidium3
1243 1985 1327 2031 quia
1342 1985 1504 2020 debitum
1521 1997 1597 2021 erat
1612 1998 1695 2022 eum

113 2033 237 2070 occidi
255 2045 320 2082 per
340 2034 555 2069 mandatum
575 2035 656 2079 Dei,
674 2036 736 2083 qui
754 2045 808 2071 est
825 2036 996 2073 dominus
1010 2038 1116 2081 vitae,
1131 2047 1166 2073 et
1183 2039 1329 2074 mortis:
1347 2039 1423 2086 ipse
1439 2040 1538 2074 enim
1555 2049 1619 2082 est,
1634 2041 1695 2088 qui

114 2098 274 2135 poenam
297 2087 425 2123 mortis
447 2087 577 2135 infligit
594 2090 765 2124 omnibus
779 2090 989 2126 hominibus
1002 2092 1115 2138 justis,
1131 2100 1165 2127 et
1180 2093 1320 2138 injustis
1335 2104 1400 2140 pro
1415 2102 1572 2140 peccato
1588 2094 1695 2141 primi

115 2141 293 2189 parentis:
313 2142 414 2188 cujus
434 2144 636 2177 sententiae
655 2143 683 2177 si
702 2143 818 2178 homo
832 2144 877 2179 sit
891 2153 1064 2180 executor
1077 2146 1293 2181 auctoritate
1309 2147 1443 2189 divina,
1462 2158 1536 2181 non
1553 2147 1619 2182 erit
1634 2147 1699 2182 ho-

119 2195 265 2238 micida,
275 2195 369 2230 sicut
376 2206 444 2230 nec
453 2191 615 2238 Deusffet
625 2196 790 2232 similiter
804 2199 913 2232 ctiam
929 2198 1030 2234 Osea
1040 2199 1218 2235 accedens
1230 2200 1274 2235 ad
1286 2212 1437 2235 uxorem
1448 2200 1696 2243 fornicariam,

114 2248 175 2285 vel
195 2248 389 2285 mulierem
408 2248 624 2292 adulteram,
642 2262 717 2286 non
735 2260 789 2286 est
807 2252 1034 2295 moechatus,
1053 2264 1120 2288 nec
1139 2253 1355 2296 fornicatus;
1375 2254 1458 2301 quia
1478 2255 1632 2290 accessit
1653 2255 1697 2289 ad

117 2313 214 2346 mm,
227 2313 322 2350 quae
335 2301 403 2338 sua
418 2311 496 2338 erat
513 2304 715 2339 secundum
740 2306 951 2340 mandatum
970 2306 1146 2350 divinum,
1164 2308 1225 2354 qui
1244 2316 1298 2342 est
1316 2317 1444 2343 auctor
1463 2308 1698 2344 institutionis

115 2356 361 2399 matrimonii;
382 2356 434 2392 sic
455 2357 565 2404 igitur
584 2367 778 2406 praecepta
793 2359 870 2406 ipsa
892 2360 1062 2406 decalogi
1079 2370 1255 2408 quantum
1271 2362 1314 2396 ad
1332 2362 1510 2397 rationem
1528 2363 1698 2408 justitiae,

113 2421 226 2458 quam
239 2409 440 2453 continent,
457 2410 699 2447 immutabilia
718 2422 817 2448 sunt:
836 2413 898 2448 sed
917 2423 1094 2461 quantum
1108 2415 1153 2450 ad
1169 2415 1329 2462 aliquam
1349 2416 1693 2451 determinationem

116 2475 182 2512 per
195 2462 480 2512 applicationem
493 2465 538 2500 ad
551 2466 754 2513 singulares
768 2476 869 2502 actus
883 2469 938 2512 (ut
952 2468 1093 2503 scilicet
1106 2469 1191 2511 hoc,
1205 2469 1262 2504 vel
1279 2469 1365 2504 illud
1383 2470 1427 2505 sit
1442 2470 1698 2513 homicidium,

114 2516 264 2561 sumam,
277 2517 339 2554 vel
351 2517 581 2562 adulterium,
599 2528 661 2555 aut
677 2523 769 2565 non)
785 2521 856 2556 hoc
875 2522 1024 2569 quidem
1043 2531 1096 2558 est
1114 2523 1306 2566 mutabile;
1325 2523 1523 2570 quandoque
1542 2523 1620 2558 sola
1640 2535 1699 2558 au-

117 2571 286 2608 ctoritate
294 2571 429 2615 divina,
438 2572 475 2607 in
485 2572 541 2608 his
552 2573 701 2616 scilicet,
712 2585 805 2621 quae
815 2587 835 2609 a
846 2574 927 2610 solo
938 2575 1019 2611 Deo
1029 2585 1111 2612 sunt
1119 2577 1292 2620 instituta,
1301 2578 1392 2612 sicut
1402 2578 1436 2611 in
1448 2578 1698 2620 matrimonio,

117 2633 153 2661 et
172 2625 211 2661 in
231 2624 312 2660 aliis
332 2624 561 2672 hujusmodi;
582 2627 777 2674 quandoque
799 2628 908 2664 etiam
927 2631 1142 2665 auctoritate
1161 2631 1334 2673 humana,
1353 2631 1445 2665 sicut
1465 2631 1498 2665 in
1518 2631 1586 2673 his,
1605 2642 1699 2678 quae

116 2686 202 2715 sunt
213 2678 414 2715 commissa
433 2679 628 2715 hominum
650 2681 908 2726 jurisdictioni:
930 2692 1106 2731 quantum
1126 2684 1222 2719 enim
1238 2686 1282 2719 ad
1299 2685 1370 2719 hoc
1386 2685 1555 2720 homines
1570 2694 1700 2732 gerunt

117 2731 240 2768 vicem
259 2731 345 2775 Dei,
365 2743 441 2768 non
459 2741 582 2769 autem
603 2743 780 2781 quantum
803 2736 848 2771 ad
869 2737 1005 2772 omnia.

191 2785 254 2821 AD
267 2795 456 2826 QDAR'ruu
468 2786 676 2830 dicendum,
690 2789 788 2835 quod
803 2789 863 2825 illa
878 2791 1100 2837 excogitatio
1115 2792 1232 2837 magis
1251 2791 1316 2827 fuit
1335 2792 1584 2838 interpretatio
1601 2804 1700 2840 prae-

118 2839 227 2887 cepti,
234 2849 347 2886 quam
360 2839 603 2887 dispensatio:
614 2852 688 2877 non
699 2842 798 2877 enim
813 2843 1023 2890 intelligitur
1032 2845 1170 2882 violare
1182 2846 1394 2888 Sabbatum,
1414 2846 1475 2892 qui
1491 2845 1577 2881 facit
1591 2857 1698 2893 opus,

119 2891 220 2940 quod
232 2900 289 2929 est
299 2893 548 2929 necessarium
562 2895 608 2930 ad
622 2895 778 2931 salutem
796 2896 1018 2941 humanam;
1036 2899 1128 2934 sicut
1147 2899 1331 2934 Dominus
1349 2900 1479 2946 probat
1494 2899 1622 2935 Matth.
1647 2910 1698 2935 12.

271 2975 302 3008 S,
320 2975 444 3004 Tuom
464 2976 570 3004 snam
595 2977 756 3014 chologica.
778 2978 844 3008 vol.
867 2979 904 3008 u.
1522 2992 1554 3018 47
