1875 3198
241 226 325 268 720
701 224 921 261 QUAESTIO
957 226 996 254 C.
1031 224 1274 254 ARTICULUS
1307 225 1347 254 V.

239 308 411 354 seipsum,
434 316 469 343 et
494 319 569 343 non
597 308 641 342 ad
668 307 792 350 alium,
813 308 885 342 hoc
912 319 987 342 non
1013 307 1061 342 ita
1088 307 1124 341 in
1151 314 1320 353 promptu
1348 314 1512 353 apparet:
1539 305 1680 341 videtur
1706 306 1804 342 enim

239 362 356 408 primo
379 371 537 408 aspectu,
560 362 656 408 quod
679 362 829 407 quilibet
849 362 895 396 sit
915 361 1003 396 liber
1018 362 1054 395 in
1069 361 1136 403 his,
1152 372 1244 407 quae
1260 360 1437 407 adipsum
1455 360 1651 406 pertinent3
1671 367 1704 394 et
1722 360 1804 394 ideo

238 424 438 463 praecepta,
461 416 589 462 quibus
612 416 848 462 prohibentur
863 415 1150 450 inordinationes
1169 414 1329 449 hominis
1345 414 1388 448 ad
1403 414 1574 460 seipsum,
1593 413 1806 459 perveniunt

238 470 281 503 ad
309 469 484 516 populum
511 469 692 504 mediante
719 469 956 503 instructione
984 469 1209 515 sapientum3
1242 468 1337 502 unde
1367 479 1442 502 non
1475 468 1655 514 pertinent
1676 468 1719 502 ad
1750 467 1806 502 de-

239 523 424 569 calogum.

311 577 370 611 AD
394 588 601 612 SECUNDUM
625 576 831 618 dicendum,
855 577 951 622 quod
975 588 1103 611 omnes
1127 575 1375 610 solemnitates
1399 575 1490 622 legis
1511 575 1642 610 veteris
1658 582 1740 610 sunt
1757 575 1807 609 in-

239 631 382 665 stitutae
406 632 440 665 in
465 631 861 665 commemorationem
885 630 1035 676 alicujus
1063 630 1174 664 divini
1205 629 1383 671 beneficii,
1409 628 1468 663 vel
1498 629 1680 675 praeteriti
1710 641 1808 663 com-

240 685 444 726 memorati,
467 684 526 719 vel
552 684 660 718 futuri
687 683 937 730 praefigurati;
966 692 1000 718 et
1026 683 1190 718 similiter
1216 691 1360 730 propter
1386 683 1458 717 hoc
1485 683 1609 717 omnia
1631 682 1806 717 sacrificia

239 738 502 781 offerebantur3
524 739 616 772 inter
639 740 761 772 omnia
785 746 907 772 autem
930 737 1106 772 beneficia
1132 737 1202 771 Dei
1230 736 1557 771 commemoranda
1580 736 1749 782 primum,
1772 744 1807 770 et

239 792 474 838 praecipuum
497 800 573 826 erat
593 791 812 826 beneficium
840 791 1055 833 creationis;
1082 791 1179 837 quod
1207 798 1522 825 commemoratur
1548 790 1584 824 in
1611 790 1808 825 sanctifica-

236 846 334 879 tione
351 846 516 888 Sabbati3
539 846 633 880 unde
655 845 767 880 Exod.
791 855 845 880 20.
868 857 933 892 pro
956 845 1094 880 ratione
1117 845 1223 891 hujus
1245 844 1428 890 praecepti
1449 844 1612 891 ponitur:
1635 845 1698 879 Sex
1719 845 1805 880 enim

238 899 347 934 (liebus
361 900 444 946 fecit
466 901 556 934 Dans
582 900 717 942 coelum,
741 903 768 934 et
790 905 928 941 terram,
953 907 1041 934 etc.:
1063 899 1156 933 inter
1178 898 1301 933 omnia
1324 905 1445 932 autem
1473 897 1591 932 futura
1618 898 1805 942 beneficia,

238 965 330 998 quae
353 961 454 988 erant
475 953 762 1000 praefiguranda,
784 953 1031 999 praecipuum,
1055 961 1089 987 et
1109 951 1216 986 finale
1240 959 1316 986 erat
1329 951 1429 998 quies
1444 952 1575 986 mentis
1589 952 1626 986 in
1640 952 1734 994 Deo,
1748 951 1806 986 vel

237 1008 270 1040 in
294 1007 473 1053 praesenti
494 1019 557 1054 per
579 1007 744 1053 gratiam,
766 1006 824 1041 vel
844 1007 881 1040 in
902 1006 1021 1040 futuro
1044 1018 1107 1052 per
1129 1005 1305 1052 gloriam3
1329 1017 1420 1052 quae
1443 1005 1553 1040 etiam
1585 1005 1806 1051 figurabatur

237 1072 299 1107 per
320 1061 588 1095 observantiam
611 1061 777 1103 Sabbati3
800 1060 894 1095 unde
917 1060 1046 1094 dicitur
1067 1060 1134 1094 Isa.
1162 1059 1231 1104 58.:
1256 1059 1292 1094 Si
1313 1060 1473 1094 averteris
1491 1070 1511 1094 a
1533 1059 1677 1094 sabbato
1691 1059 1806 1106 pedem

237 1120 342 1158 tinam,
359 1116 473 1161 facere
494 1115 696 1150 volzmtatwn
719 1120 810 1150 tuam
834 1116 867 1148 in
889 1114 939 1149 dle
958 1119 1070 1149 sancto
1094 1125 1175 1156 meo,
1192 1119 1222 1149 et
1233 1115 1409 1148 vocaveris
1419 1114 1603 1148 Sabbatum
1617 1113 1805 1157 delicatum,

235 1173 263 1203 et
283 1174 432 1203 sanctum
454 1170 598 1203 Domini
617 1169 808 1215 gloriosmn.
831 1168 930 1202 Haec
954 1168 1052 1202 enim
1073 1167 1249 1202 beneficia
1269 1167 1400 1214 primo,
1420 1175 1454 1202 et
1467 1166 1712 1214 principaliter
1725 1175 1807 1202 sunt

235 1223 271 1256 in
294 1231 414 1257 mente
435 1223 642 1265 hominum,
664 1223 822 1257 maxime
845 1222 1017 1257 fidelium.
1040 1222 1145 1256 Aliae
1179 1233 1266 1256 vero
1300 1221 1548 1256 solemnitates
1582 1221 1807 1256 celebrantur

235 1285 380 1323 propter
394 1276 513 1323 aliqua
531 1277 761 1324 particularia
779 1276 954 1311 beneficia
973 1275 1223 1322 temporaliter
1241 1275 1481 1318 transeuntia3
1499 1275 1593 1310 sicut
1611 1275 1806 1310 celebratio

235 1330 352 1365 Phase
374 1339 520 1377 propter
541 1330 757 1365 beneficium
781 1330 995 1376 praeteritae
1022 1329 1244 1364 liberationis
1268 1341 1311 1364 ex
1332 1329 1514 1376 Aegypto,
1537 1337 1572 1364 et
1592 1337 1737 1376 propter
1758 1329 1807 1363 fu-

234 1391 353 1417 turam
376 1385 583 1431 passionem
604 1384 750 1426 Christi,
766 1395 857 1431 quae
872 1383 1122 1430 temporaliter
1136 1383 1311 1426 transivit,
1325 1383 1500 1418 inducens
1514 1394 1582 1417 nos
1595 1383 1632 1417 in
1647 1383 1806 1430 quietem

235 1438 370 1472 sabbati
393 1438 605 1484 spiritualis3
629 1447 663 1473 et
684 1438 778 1479 ideo,
801 1437 1064 1484 praetermissis
1086 1438 1255 1472 omnibus
1277 1436 1356 1471 aliis
1377 1436 1680 1480 solemnitatibus,
1703 1445 1738 1472 et
1755 1449 1808 1472 sa-

235 1491 389 1534 crificiis,
412 1492 455 1526 de
477 1492 556 1526 solo
580 1493 739 1527 Sabbato
758 1492 865 1526 fiebat
887 1492 1024 1526 mentio
1046 1492 1137 1526 inter
1158 1499 1348 1538 praecepta
1372 1490 1550 1537 decalogi.

305 1545 365 1580 AD
389 1556 560 1581 TERTIUM
582 1546 789 1588 dicendum,
812 1545 920 1592 quod,
943 1545 1035 1580 sicut
1064 1544 1264 1592 Apostolus
1298 1544 1385 1579 dicit
1406 1545 1450 1579 ad
1472 1545 1581 1579 Hebr.
1601 1543 1645 1587 6.,
1661 1546 1806 1581 homines

231 1605 294 1646 per
316 1602 479 1646 771aj0rcm
504 1613 534 1636 se
552 1603 694 1646 juram,-
718 1605 747 1635 εἰ
767 1601 872 1635 omnis
899 1601 1143 1635 controversiae
1164 1611 1278 1634 eorum
1291 1599 1373 1645 finis
1394 1598 1437 1633 ad
1458 1600 1742 1646 confirmationem
1762 1605 1806 1635 est

229 1655 483 1699 jai-antefatum,-
513 1662 547 1689 et
567 1654 662 1696 ideo,
685 1654 768 1700 quia
788 1655 1035 1700 juramentum
1058 1661 1110 1688 est
1131 1653 1301 1688 omnibus
1324 1664 1532 1695 commune,
1554 1661 1701 1700 propter
1733 1654 1804 1689 hoc

232 1707 453 1743 inordinatio
477 1708 572 1742 circa
590 1709 834 1754 juramentum
853 1707 1059 1754 specialiter
1076 1715 1271 1754 praecepto
1292 1706 1461 1753 decalogi
1477 1707 1706 1753 prohibetur:
1726 1719 1807 1754 pec-

234 1770 356 1796 catum
377 1774 465 1797 vero
487 1762 598 1796 falsae
622 1762 808 1797 doctrinae
830 1773 905 1796 non
927 1762 1080 1808 pertinet
1100 1761 1169 1796 nisi
1188 1761 1232 1795 ad
1246 1772 1383 1808 paucos
1396 1773 1403 1803 ;
1417 1760 1512 1796 unde
1526 1772 1601 1795 non
1616 1761 1807 1808 oportebat

233 1823 272 1849 ut
293 1816 336 1850 de
358 1816 430 1850 hoe
453 1816 554 1851 fieret
575 1816 712 1850 mentio
727 1816 820 1850 inter
834 1824 1027 1862 praecepta
1047 1815 1232 1861 decalogi:
1253 1815 1418 1862 quamvis
1438 1810 1553 1849 etiam
1566 1823 1742 1862 quantum
1761 1815 1804 1850 ad

233 1869 391 1915 aliquem
413 1869 639 1904 intellectum
662 1870 697 1904 in
719 1870 790 1904 hoc
807 1869 904 1916 quod
921 1870 1067 1905 dicitur:
1087 1870 1164 1904 Non
1184 1881 1323 1904 assumes
1342 1881 1458 1904 nomen
1471 1870 1539 1904 Dei
1553 1871 1600 1904 tui
1614 1871 1648 1904 in
1666 1881 1805 1912 vanum,

233 1923 485 1969 prohiberetur
505 1923 641 1958 falsitas
668 1924 871 1958 doctrinae:
896 1935 967 1958 una
989 1924 1087 1958 enim
1119 1923 1252 1958 Glossa
1287 1922 1345 1968 (sc.
1367 1923 1496 1968 interl.)
1530 1923 1695 1971 exponit:
1729 1924 1806 1959 Non

233 1976 317 2012 dices
340 1977 510 2012 Christum
533 1990 592 2012 esse
615 1983 815 2013 creaturam.

305 2031 365 2065 AD
388 2042 577 2071 QUARTUM
600 2031 806 2074 dicendum,
829 2032 925 2078 quod
948 2032 1068 2066 statim
1092 2031 1183 2066 ratio
1205 2030 1378 2066 naturalis
1400 2030 1544 2065 homini
1565 2031 1686 2074 dictat,
1708 2031 1805 2078 quod

232 2084 323 2118 nulli
345 2085 513 2131 injuriam
534 2085 660 2128 faciat3
684 2093 718 2120 et
737 2085 819 2120 ideo
834 2093 1026 2132 praecepta
1043 2084 1211 2132 decalogi
1224 2085 1453 2131 prohibentia
1467 2094 1733 2120 nocumentum
1751 2098 1807 2121 ex-

232 2138 384 2173 tendunt
405 2151 442 2173 se
465 2139 509 2173 ad
532 2150 678 2174 omnes:
703 2140 764 2174 sed
786 2140 878 2174 ratio
901 2139 1073 2174 naturalis
1095 2151 1169 2173 non
1192 2139 1313 2173 statim
1336 2139 1456 2182 dictat,
1479 2139 1576 2186 quod
1607 2139 1740 2186 aliquid
1761 2140 1806 2175 sit

233 2204 298 2238 pro
321 2192 392 2227 alio
414 2192 634 2235 faciendum,
655 2193 725 2227 nisi
747 2193 804 2228 cui
826 2194 942 2228 horno
966 2193 1100 2240 aliquid
1122 2193 1242 2228 debet:
1266 2193 1427 2228 debitum
1450 2201 1572 2228 autem
1592 2193 1656 2229 filii
1682 2194 1726 2228 ad
1748 2206 1807 2241 pa-

231 2254 324 2280 trem
347 2247 437 2281 adeo
461 2254 513 2281 est
534 2246 780 2289 manifestum,
803 2247 899 2293 quod
921 2246 1021 2281 nulla
1035 2246 1334 2292 tergiversatione
1349 2254 1469 2294 potest
1482 2247 1628 2294 negari;
1643 2259 1688 2282 eo
1707 2247 1805 2294 quod

234 2308 334 2345 pater
356 2307 408 2333 est
429 2300 647 2346 principium
667 2301 923 2347 generationis,
939 2308 973 2335 et
988 2312 1075 2342 esse,
1093 2308 1126 2335 et
1140 2300 1284 2347 insuper
1300 2300 1536 2343 educationis,
1551 2309 1587 2336 et
1601 2301 1804 2345 doctrinae3

233 2361 268 2387 et
290 2353 372 2387 ideo
394 2364 468 2387 non
491 2354 636 2400 ponitur
659 2354 721 2388 sub
746 2362 939 2401 praecepto
963 2354 1144 2401 decalogi,
1166 2362 1204 2388 ut
1226 2354 1372 2401 aliquod
1393 2354 1612 2389 beneficium
1629 2354 1688 2390 vel
1707 2355 1806 2390 obse-

233 2408 356 2452 quium
380 2406 487 2441 alicui
508 2408 747 2454 impendatur,
770 2408 838 2442 nisi
860 2408 1077 2454 parentibus,
1100 2416 1266 2455 parentes
1290 2415 1411 2442 autem
1432 2419 1507 2443 non
1528 2409 1695 2444 videntur
1728 2420 1805 2444 esse

233 2460 411 2495 debitores
434 2460 514 2495 filiis
537 2469 684 2508 propter
706 2461 825 2507 aliqua
847 2462 1023 2496 beneficia
1045 2470 1223 2508 suscepta,
1246 2462 1307 2496 sed
1326 2462 1446 2508 potius
1461 2473 1479 2497 e
1495 2474 1691 2497 converso:
1711 2462 1804 2498 filius

232 2514 341 2548 etiam
365 2522 416 2549 est
438 2515 572 2561 aliquid
594 2515 713 2562 patris,
738 2523 772 2550 et
794 2524 911 2561 patres
935 2524 1058 2550 amant
1080 2516 1173 2550 filios
1195 2523 1233 2550 ut
1255 2515 1389 2563 aliquid
1411 2516 1586 2563 ipsorum,
1608 2517 1700 2552 sicut
1721 2516 1805 2552 dicit

232 2568 478 2614 Philosophus
500 2569 536 2602 in
563 2569 613 2603 18.
637 2569 753 2603 Ethic.
777 2570 867 2616 (cup.
892 2582 940 2604 12.
964 2570 1204 2616 circ.pr1‘ns.),·
1229 2570 1323 2604 unde
1346 2570 1483 2604 eisdem
1510 2570 1709 2605 rationibus
1730 2582 1804 2605 non
1829 2564 1846 2587 ’-

232 2633 415 2668 ponuntur
437 2621 555 2668 aliqua
578 2630 769 2669 praecepta
792 2623 959 2669 decalogi
988 2623 1202 2670 pertinentia
1233 2623 1276 2657 ad
1310 2634 1476 2658 amorem
1509 2623 1680 2667 filiorum,
1714 2624 1805 2659 sicut

231 2687 348 2722 neque
372 2676 481 2710 etiam
505 2676 624 2723 aliqua
647 2677 849 2711 ordinantia
872 2677 1063 2712 hominem
1087 2678 1130 2712 ad
1153 2678 1322 2724 seipsum.

304 2729 362 2763 AD
385 2740 565 2769 QU1NTUM
589 2731 795 2772 dicendum,
818 2731 914 2777 quod
938 2730 1131 2765 delectatio
1155 2731 1331 2773 adulterii,
1366 2739 1401 2766 et
1433 2731 1566 2766 utilitas
1600 2732 1803 2766 divitiarum

232 2791 313 2817 sunt
334 2791 481 2829 propter
502 2783 618 2830 seipsa
641 2783 857 2831 appetibilia,
880 2785 1094 2830 inquantum
1116 2785 1252 2819 habent
1270 2784 1448 2819 rationem
1467 2785 1554 2820 boni
1571 2784 1803 2827 delectabilis,
1849 2805 1852 2814 ·

232 2836 289 2870 vel
311 2836 426 2879 utilis,
449 2844 481 2871 et
505 2845 651 2883 propter
672 2838 743 2872 hoc
768 2838 927 2883 oportuit
950 2838 984 2871 in
1001 2838 1051 2872 eis
1067 2838 1249 2884 prohiberi
1273 2850 1346 2873 non
1361 2838 1481 2874 solum
1497 2850 1599 2886 opus,
1613 2839 1675 2874 sed
1693 2839 1802 2874 etiarn
1849 2864 1853 2890 ,⁴

233 2889 589 2935 concupiscentiam:
613 2891 674 2925 sed
696 2891 950 2933 homicidium,
974 2900 1008 2926 et
1029 2891 1164 2927 falsitas
1194 2899 1277 2927 sunt
1309 2892 1510 2927 secundum
1542 2893 1659 2939 seipsa
1692 2891 1804 2927 horri-

232 2942 336 2985 bilia;
359 2943 441 2989 quia
464 2944 662 2990 proximus,
685 2953 719 2978 ct
740 2945 872 2980 veritas
894 2945 1106 2980 naturaliter
1128 2954 1306 2988 amantur,
1325 2954 1360 2981 et
1377 2957 1451 2980 non
1471 2945 1717 2982 desiderantur
1734 2944 1803 2980 nisi
