1875 3198
193 167 277 211 808
625 179 846 216 QUAESTIO
881 179 966 209 CVI.
999 178 1244 209 ARTICULUS
1277 178 1337 208 ΙΙΙ.

262 262 323 296 AD
353 272 503 296 PRIMUM
534 272 621 308 ergo
650 261 856 302 dicendum,
893 260 990 306 quod
1018 260 1224 293 humanum
1250 269 1363 304 genus
1390 265 1538 305 propter
1562 266 1755 305 peccatum

191 315 298 361 primi
319 315 474 362 parentis
502 315 633 349 meruit
653 315 784 361 privari
806 313 939 348 auxilio
963 313 1117 359 gratiae3
1140 320 1175 346 et
1194 312 1277 346 ideo
1296 304 1584 358 quibuscumque
1601 323 1678 346 non
1699 312 1757 346 da-

191 378 258 410 tur,
280 369 352 403 hoc
375 377 428 403 est
442 380 484 403 ex
505 368 651 414 justitia,
673 368 959 414 quibuscumque
982 374 1104 400 autern
1126 365 1241 407 datur,
1262 365 1334 399 hoc
1357 373 1411 399 est
1425 377 1468 399 ex
1481 365 1607 412 gratia,
1628 373 1668 400 ut
1684 365 1756 400 Au-

192 423 354 468 gustinus
377 422 463 456 dicit
476 422 512 455 in
526 422 586 456 lib.
602 421 645 456 de
659 420 888 455 Perfectione
906 419 1068 465 Justitiae
1088 419 1192 466 (epist.
1213 429 1286 465 107.
1309 429 1330 452 a
1350 418 1472 464 med.);
1487 418 1582 454 unde
1601 429 1676 453 non
1703 426 1757 453 est

192 476 356 522 acceptio
376 487 614 522 personarum
648 474 741 520 apud
775 474 897 507 Deum
931 484 974 507 ex
1006 473 1091 514 hoc,
1123 472 1220 518 quod
1241 483 1316 506 non
1343 472 1511 506 omnibus
1533 483 1553 506 a
1578 472 1756 518 principio

193 530 319 564 mundi
333 529 453 576 legem
468 529 602 575 gratiae
618 527 816 575 proposuit,
832 538 924 573 quae
941 534 1016 560 erat
1031 526 1150 560 debito
1165 526 1290 560 ordine
1305 525 1554 572 proponenda,
1567 533 1607 560 ut
1619 525 1757 560 dictum

195 591 249 618 est
271 583 322 628 (in
345 590 435 630 corp.
459 584 551 628 art).

265 637 324 671 AD
353 646 560 671 SECUNDUM
587 634 792 676 dicendum,
816 633 913 680 quod
935 633 1121 667 diversitas
1142 632 1311 667 locorum
1332 634 1407 666 n'on
1432 631 1548 666 variat
1573 632 1757 667 diversum

192 698 325 725 statum
339 690 492 724 humani
506 689 659 734 generis,
674 688 734 734 qui
749 687 906 721 variatur
919 699 982 733 per
996 686 1172 732 temporis
1190 685 1479 728 successionem
1494 693 1530 720 et
1543 685 1626 720 ideo
1642 686 1757 720 omni-

193 744 257 778 bus
279 743 369 778 locis
391 743 605 788 proponitur
625 742 682 776 lex
702 752 810 783 nova,
831 752 906 775 non
934 748 1056 774 autem
1083 740 1252 774 omnibus
1278 739 1521 785 temporibus;
1542 739 1629 773 licet
1654 740 1756 774 omni

192 806 356 842 tempore
378 796 510 830 fuerint
532 795 641 841 aliqui
663 795 706 828 ad
728 805 867 829 novum
888 801 1148 828 testamentum
1169 793 1399 839 pertinentes,
1425 800 1464 827 ut
1484 804 1591 839 supra
1619 793 1757 828 dictum

195 858 248 885 est
269 852 347 895 (art.
367 863 394 884 Ι.
413 850 482 895 lmj.
505 861 534 895 q.
558 849 599 883 ad
612 849 670 895 3.).

264 905 324 938 AD
352 914 523 938 TERTIUM
546 902 751 944 dicendum,
779 901 876 947 quod
899 912 941 935 ea
960 912 1051 947 quae
1073 900 1252 947 pertinent
1275 900 1319 934 ad
1340 899 1494 934 salutem
1518 898 1758 945 corporalem,

195 957 400 992 deserviunt
421 957 563 990 homini
582 964 757 1002 quantum
773 955 816 989 ad
831 963 1009 997 naturam,
1021 966 1113 1000 quae
1128 965 1203 988 non
1224 953 1363 988 tollitur
1379 965 1443 1000 per
1461 960 1671 999 peccatum:
1694 953 1756 987 sed

193 1023 235 1046 ea
257 1023 348 1057 quae
370 1011 549 1057 pertinent
571 1010 614 1044 ad
636 1009 859 1056 spiritualem
880 1008 1047 1050 salutem,
1070 1007 1281 1042 ordinantur
1299 1006 1343 1041 ad
1365 1006 1531 1053 gratiam,
1542 1017 1634 1053 quae
1656 1006 1760 1041 amit-

194 1066 277 1100 titur
298 1077 361 1111 per
383 1072 593 1110 peccatum3
616 1071 650 1098 et
670 1063 752 1097 ideo
775 1074 850 1096 non
877 1069 929 1096 est
951 1061 1078 1096 similis
1105 1061 1197 1095 ratio
1219 1060 1262 1095 de
1282 1060 1452 1107 utrisque.

749 1188 1094 1233 ARTICULUS
1129 1188 1204 1231 IV.
1696 1196 1761 1244 567

272 1298 425 1328 UTRUM
458 1298 542 1327 LEX
573 1297 695 1328 NOVA
727 1297 794 1326 SIT
827 1296 1067 1327 DURATURA
1098 1296 1245 1331 USQUE
1277 1295 1336 1324 AD
1370 1295 1504 1326 FINEM
1535 1294 1691 1324 MUNDI.

267 1385 328 1420 AD
350 1395 539 1424 QUARTUM
569 1385 619 1419 sic
650 1384 866 1431 proceditur.
899 1383 1062 1426 Videtur,
1093 1383 1190 1430 quod
1221 1382 1279 1418 lex
1303 1394 1400 1417 nova
1426 1394 1502 1417 non
1522 1382 1568 1417 sit
1593 1382 1764 1416 duratura

197 1450 309 1485 usque
332 1439 376 1473 ad
406 1439 516 1473 finem
537 1438 681 1472 mundi:
705 1438 799 1484 quia,
826 1445 864 1472 ut
893 1438 1021 1483 Apost.
1041 1437 1127 1471 dicit
1148 1448 1176 1471 1.
1200 1437 1243 1471 ad
1266 1436 1406 1471 Corint.
1431 1448 1506 1482 13.:
1535 1436 1621 1471 Cum
1638 1437 1765 1470 venerit

196 1492 283 1539 quod
298 1493 479 1539 perfectum
501 1498 556 1534 est,
579 1493 799 1526 evacuabitur
829 1491 915 1537 quod
935 1503 974 1526 ex
996 1497 1094 1538 parte
1127 1496 1192 1526 est:
1220 1490 1283 1525 sed
1304 1489 1361 1524 lex
1383 1501 1479 1524 nova
1501 1500 1543 1524 ex
1564 1497 1664 1536 parte
1686 1496 1762 1524 est:

197 1546 282 1580 dicit
304 1546 402 1580 enim
429 1546 556 1592 Apost.
578 1546 661 1579 ibid.
680 1558 686 1580 :
713 1546 766 1580 Ex
783 1550 881 1592 parta
912 1546 1146 1591 cognoscimus,
1169 1549 1199 1579 et
1219 1556 1257 1579 ex
1274 1549 1374 1591 parte
1389 1543 1625 1591 prophetamus
1633 1555 1646 1584 ;
1675 1553 1763 1588 ergo

196 1599 252 1634 lex
274 1611 369 1634 nova
389 1599 598 1634 evacuanda
620 1608 683 1641 est,
707 1599 778 1633 alio
804 1598 1011 1645 perfectiori
1032 1606 1130 1642 ,statu
1157 1598 1384 1633 succedente.

267 1664 298 1688 2.
321 1654 557 1688 PRAETEREA.
592 1653 785 1694 Dominus,
815 1653 919 1698 Joan.
950 1651 1014 1695 16„
1036 1652 1204 1698 promisit
1236 1650 1421 1698 discipulis
1443 1650 1516 1685 suis
1536 1649 1574 1684 in
1607 1649 1763 1684 adventu

197 1707 349 1753 Spiritus
372 1707 497 1741 Sancti
530 1706 700 1740 Paracliti
722 1707 971 1751 cognitionem
1010 1706 1130 1740 omnis
1151 1704 1330 1740 veritatis:
1365 1703 1427 1739 sed
1458 1703 1622 1738 nondum
1643 1703 1765 1738 Eccle-

195 1761 246 1794 sia
269 1772 418 1795 omnem
440 1762 630 1794 veritatem
653 1760 842 1805 cognoscit
865 1761 898 1793 in
922 1767 1015 1794 statu
1037 1759 1125 1793 novi
1150 1758 1380 1800 testamenti;
1408 1768 1495 1804 ergo
1522 1756 1765 1804 expectandus

196 1822 249 1849 est
271 1814 360 1848 alius
382 1822 506 1856 status,
528 1815 564 1848 in
587 1825 658 1860 quo
681 1825 744 1860 per
766 1813 941 1859 Spiritum
964 1813 1140 1847 Sanctum
1162 1812 1282 1846 omnis
1303 1811 1434 1845 veritas
1456 1810 1717 1845 manifestetur.

269 1880 297 1914 3.
320 1868 556 1903 PRAETEREA.
581 1868 682 1902 Sicut
703 1867 810 1901 Pater
833 1874 885 1901 est
907 1866 996 1901 alius
1020 1879 1039 1901 a
1060 1866 1164 1908 Filio,
1180 1874 1215 1900 et
1228 1865 1339 1900 Filius
1361 1876 1380 1899 a
1402 1864 1521 1906 Patre,
1542 1864 1591 1898 ita
1613 1864 1766 1910 Spiritus

196 1922 350 1956 Sanctus
374 1934 393 1955 a
414 1923 531 1964 Patre,
546 1930 581 1956 et
595 1921 705 1955 Filio:
729 1921 791 1955 sed
813 1920 878 1955 fuit
900 1921 1047 1967 quidam
1069 1928 1181 1954 status
1203 1919 1425 1953 conveniens
1441 1929 1617 1965 personae
1637 1917 1766 1960 Patris,

196 1975 333 2010 scilicet
359 1983 470 2010 status
491 1975 621 2010 veteris
646 1974 747 2019 legis,
769 1974 806 2008 in
833 1985 905 2021 quo
933 1974 1102 2008 homines
1137 1972 1363 2019 generationi
1395 1971 1650 2006 intendebant:
1672 1971 1768 2005 simi-

196 2028 276 2063 liter
298 2029 407 2063 etiarn
430 2037 483 2063 est
516 2028 605 2062 alius
633 2036 745 2062 stitus
780 2028 1001 2062 conveniens
1027 2038 1205 2074 personae
1231 2026 1323 2068 Filii,
1345 2025 1484 2061 scilicet
1516 2033 1628 2059 status
1648 2035 1767 2059 novae

198 2082 300 2128 legis,
322 2082 358 2116 in
382 2093 453 2128 quo
477 2082 612 2116 Clerici
634 2082 859 2116 intendentes
890 2082 1100 2127 sapientiae,
1123 2092 1215 2127 quae
1238 2080 1489 2127 appropriatur
1510 2078 1615 2120 Filio,
1638 2077 1767 2125 princi-

199 2144 352 2182 pantur3
375 2148 461 2182 ergo
497 2136 564 2170 erit
590 2143 701 2170 status
723 2136 847 2170 tertius
876 2135 1028 2182 Spiritus
1052 2134 1188 2176 Sancti,
1210 2134 1248 2169 in
1271 2144 1343 2180 quo
1365 2131 1569 2180 spirituales
1589 2132 1658 2166 viri
1677 2131 1769 2178 prin-

200 2190 422 2236 cipabuntur.

269 2254 302 2286 4.
314 2243 551 2278 PRAETEREA.
574 2243 755 2277 Dominus
771 2243 857 2277 dicit
870 2242 998 2278 Matth.
1010 2252 1065 2285 24.
1075 2254 1083 2276 :
1094 2241 1352 2277 Praedicabitur
1365 2241 1424 2276 hoc
1438 2239 1662 2286 Evangelium
1675 2240 1769 2285 regni

200 2299 234 2332 in
253 2299 405 2332 universo
425 2298 512 2339 orbe,
535 2302 564 2331 ct
585 2302 660 2331 tunc
690 2298 795 2331 veniet
817 2298 1083 2331 consummatio.-
1114 2295 1176 2330 sed
1198 2294 1439 2340 Evangelium
1467 2293 1606 2328 Christi
1630 2292 1768 2338 jamdiu

202 2359 255 2385 est
276 2350 523 2397 praedicatum
544 2350 581 2384 in
604 2350 771 2384 universo
807 2350 905 2392 orbe,
939 2362 1006 2384 nec
1043 2358 1166 2384 tamen
1201 2348 1318 2382 adhuc
1339 2347 1437 2382 venit
1474 2346 1769 2388 consummatio;

200 2415 287 2450 ergo
309 2404 548 2449 Evangelium
570 2403 707 2438 Christi
739 2415 813 2438 non
837 2412 890 2437 est
911 2403 1152 2449 Evangelium
1182 2402 1296 2448 regni,
1318 2401 1381 2436 sed
1409 2399 1571 2435 futurum
1597 2406 1651 2435 est
1671 2399 1768 2434 aliud

202 2458 442 2503 Evangelium
465 2458 617 2504 Spiritus
639 2457 774 2499 Sancti,
797 2458 898 2503 quasi
921 2457 991 2491 alia
1013 2457 1080 2491 lex.

273 2512 348 2546 SED
376 2522 531 2547 CONTRA
553 2520 617 2553 est,
640 2511 737 2557 quod
759 2511 942 2545 Dominus
967 2511 1054 2546 dicit
1074 2510 1203 2545 Matth.
1234 2520 1314 2553 24:
1344 2509 1433 2544 Dico
1458 2509 1564 2550 vobis,
1600 2508 1680 2554 quia
1704 2519 1770 2542 non

200 2567 399 2613 praeteribit
410 2567 576 2612 generatio
599 2566 689 2607 haec,
709 2564 807 2599 donec
829 2567 942 2599 omniu
963 2566 1056 2607 fiunt,
1077 2564 1174 2610 quod
1197 2563 1387 2610 Chrysost.
1400 2562 1505 2606 (hom.
1515 2562 1568 2608 78.
1580 2562 1614 2595 in
1631 2560 1770 2606 Matth.)

204 2621 351 2665 exponit
372 2619 414 2654 de
437 2619 671 2665 generatione
698 2618 858 2652 fidelium
882 2618 1038 2661 Cli1⁴isti3
1062 2629 1149 2664 ergo
1177 2625 1288 2652 status
1310 2616 1471 2651 fidelium
1493 2614 1631 2650 Christi
1651 2625 1773 2648 mane-

206 2674 256 2707 bit
278 2685 389 2719 usque
413 2673 456 2706 ad
480 2672 837 2706 consummationem
865 2671 987 2705 seculi.

275 2726 504 2761 Rispoxmao
527 2726 733 2767 dicendum,
761 2725 857 2771 quod
885 2734 996 2759 status
1031 2725 1156 2759 mundi
1189 2724 1319 2759 variari
1348 2730 1468 2771 potest
1487 2722 1671 2769 dupliciter.
1699 2721 1771 2756 Uno

206 2780 298 2814 modo
321 2781 520 2814 secundum
543 2780 787 2814 diversitatem
803 2779 910 2824 legis:
935 2788 968 2813 et
987 2779 1036 2813 sic
1060 2780 1142 2813 huic
1167 2779 1274 2813 statui
1288 2789 1405 2813 novae
1427 2777 1519 2822 legis
1540 2775 1660 2810 nullus
1682 2774 1772 2810 alius

205 2842 316 2868 status
338 2834 518 2868 succedet.
542 2833 724 2868 Successit
746 2832 843 2867 enim
874 2841 985 2867 status
1009 2844 1125 2866 novae
1161 2832 1250 2877 legis
1283 2833 1390 2866 statui
1411 2830 1541 2865 veteris
1562 2828 1664 2875 legis,
1684 2836 1773 2862 tam-

206 2898 314 2934 quam
336 2886 528 2934 perfectior
550 2886 825 2933 imperfectiori:
848 2886 968 2920 nullus
1003 2894 1124 2920 autem
1153 2894 1265 2920 status
1304 2884 1501 2932 praesentis
1526 2882 1622 2918 vitae
1654 2888 1775 2929 potest
