1875 3198
215 192 300 246 836
614 203 833 239 QUAESTIO
867 186 953 233 cut.
988 202 1233 232 ARTICULUS
1265 203 1339 232 vn.

284 285 516 320 RESPONDEo
544 284 751 327 dicendum,
774 285 871 330 quod
892 285 1008 318 homo
1031 283 1132 318 nullo
1160 284 1271 318 modo
1298 292 1418 330 potest
1443 296 1630 332 resurgere
1657 298 1677 320 a
1703 297 1783 332 pec-

215 347 296 374 cato
318 350 381 386 per
402 339 561 384 seipsum
589 339 665 373 sine
694 338 828 373 auxilio
857 338 1009 383 gratiae:
1041 349 1125 371 cum
1155 338 1252 372 enim
1274 346 1467 384 peccatum
1494 339 1672 373 transiens
1699 347 1781 374 actu

214 400 400 428 remaneat
422 401 533 434 reatu,
556 400 594 426 ut
615 404 722 438 supra
749 392 887 426 dictum
910 399 962 425 est
986 391 1031 437 (q.
1054 392 1107 438 87.
1128 396 1191 426 art.
1216 391 1280 436 6.),
1303 403 1378 426 non
1401 400 1455 426 est
1474 392 1572 426 idem
1595 404 1782 439 resurgere

214 458 233 481 a
256 454 420 493 peccato,
442 446 539 492 quod
563 457 702 480 cessare
726 446 767 479 ab
792 453 874 478 actu
896 446 1059 491 peccati:
1083 445 1144 479 sed
1167 456 1354 491 resurgere
1378 457 1398 479 a
1419 454 1584 492 peccato,
1611 454 1665 481 est
1685 457 1783 493 repa-

213 500 284 534 rari
304 501 494 534 hominem
519 499 562 533 ad
586 511 639 541 ea,
660 510 752 545 quae
771 499 957 545 peccando
982 498 1124 532 amisit:
1146 499 1297 532 incurrit
1319 506 1441 533 autem
1458 500 1574 534 homo
1590 500 1710 547 triplex
1727 500 1785 534 de-

213 554 425 588 trimentum
448 553 647 599 peccando,
670 560 709 586 ut
731 564 773 586 ex
796 552 1010 598 supradictis
1033 560 1131 598 patet
1151 554 1232 596 (art.
1247 564 1275 587 I.
1295 564 1324 598 q.
1341 553 1389 598 85.
1407 553 1464 588 86.
1480 559 1510 588 et
1521 554 1607 600 87),
1629 553 1783 588 scilicet:

214 608 392 649 maculam,
413 608 659 653 corruptionmn
683 606 849 640 naturalis
872 607 960 647 boni,
988 610 1017 640 et
1039 611 1168 640 reatum
1185 613 1312 653 poenae
1322 618 1334 647 ,·
1358 607 1544 641 maculam
1568 607 1715 654 quidem
1737 608 1787 641 in-

215 662 335 703 currit,
357 662 573 706 inquantum
596 660 756 706 privatur
775 659 907 693 decore
931 659 1068 705 gratiae
1088 670 1130 693 ex
1145 659 1375 694 deformitate
1396 661 1554 706 peccati:
1576 661 1715 695 bonurn
1728 672 1785 695 au-

213 724 289 750 tem
310 724 460 749 naturae
484 714 738 760 corrumpitur,
762 714 977 759 inquantum
999 720 1127 747 natura
1149 713 1310 747 hominis
1333 713 1577 756 deordinatur,
1598 714 1785 748 voluntate

213 770 374 804 hominis
396 769 478 803 Deo
501 779 574 802 non
597 768 777 813 subjecta,
801 768 871 801 hoc
896 768 993 801 enim
1017 766 1321 809 ordine‘sublato,
1345 778 1573 814 consequens
1596 777 1648 803 est
1658 776 1696 803 ut
1709 776 1785 803 tota

214 832 342 858 natura
352 823 512 858 hominis
522 822 705 868 peccantis
717 821 921 856 inordinata
930 830 1128 855 remaneat:
1144 829 1263 855 reatus
1272 832 1359 855 vero
1371 833 1511 868 poenae
1531 830 1667 868 est,per
1675 833 1784 869 quem

214 879 329 912 homo
352 876 540 924 peccando
567 875 770 910 mortaliter
796 883 954 910 meretur
970 875 1246 909 damnationem
1269 883 1465 909 aeternam.
1484 875 1717 910 Manifestum
1733 884 1786 910 est

216 940 337 966 autern
348 932 390 965 de
405 930 556 976 singulis
567 931 701 964 horum
717 930 838 972 trium,
849 930 946 976 quod
961 941 1035 963 non
1051 937 1202 975 possunt
1216 929 1385 975 reparari,
1399 929 1469 964 nisi
1482 930 1785 976 perDeum:cum

215 986 312 1020 enirn
334 986 444 1019 decor
466 985 601 1030 gratiae
623 984 813 1030 proveniat
834 995 876 1018 ex
894 983 1134 1017 illustratione
1156 983 1268 1016 divini
1286 982 1446 1026 luminis,
1465 994 1540 1018 non
1565 991 1685 1029 potest
1703 983 1785 1018 talis

215 1041 324 1074 decor
351 1039 387 1073 in
411 1039 532 1072 anima
560 1038 729 1084 reparari,
756 1037 826 1072 nisi
852 1037 934 1071 Deo
963 1037 1083 1071 denuo
1111 1036 1329 1079 illustrante3
1358 1038 1452 1071 unde
1474 1037 1664 1083 requiritur
1689 1038 1787 1072 habi-

212 1093 308 1128 tuale
331 1093 480 1134 donum,
504 1093 600 1138 quod
623 1100 676 1126 est
702 1092 837 1138 gratiae
864 1091 1007 1126 lumen:
1036 1091 1201 1126 similiter
1228 1091 1318 1125 ordo
1345 1099 1496 1126 naturae
1522 1092 1683 1138 reparari
1706 1103 1782 1126 non

213 1155 342 1194 potest,
365 1154 403 1181 ut
423 1146 563 1181 scilicet
583 1145 751 1180 voluntas
770 1146 931 1180 hominis
949 1146 1030 1180 Deo
1054 1145 1274 1191 subjiciatur,
1291 1145 1361 1179 nisi
1379 1145 1460 1179 Deo
1475 1144 1704 1180 voluntatem
1721 1146 1785 1180 hos

214 1201 322 1235 minis
345 1201 387 1234 ad
410 1212 447 1234 se
469 1200 647 1242 trahente,
675 1200 767 1234 sicut
794 1200 932 1234 dictum
960 1207 1013 1234 est
1044 1200 1122 1244 (art.
1146 1200 1302 1246 praec.):
1333 1198 1498 1233 similiter
1527 1200 1637 1234 etiam
1667 1208 1786 1235 reatus

213 1267 353 1302 poenae
376 1263 542 1289 aeternae
564 1254 699 1288 remitti
713 1265 785 1288 non
810 1261 930 1300 potest
948 1254 1017 1288 nisi
1032 1265 1051 1287 a
1065 1254 1159 1296 Deo,
1174 1254 1210 1287 in
1226 1264 1335 1299 quem
1351 1261 1404 1288 est
1419 1253 1557 1288 offensa
1573 1254 1783 1297 commissa,

215 1318 250 1344 et
271 1309 332 1355 qui
354 1316 407 1343 est
428 1308 622 1342 hominum
644 1308 770 1353 judex3
794 1316 829 1342 et
849 1308 932 1342 ideo
955 1307 1148 1354 requiritur
1170 1307 1343 1342 auxilium
1365 1307 1502 1353 gratiae
1525 1307 1568 1341 ad
1589 1308 1674 1350 hoc,
1689 1309 1787 1354 quod

215 1364 330 1397 homo
354 1374 373 1396 a
399 1370 551 1409 peccato
574 1370 748 1408 resurgat,
772 1370 805 1396 et
827 1370 1003 1408 quantum
1030 1361 1074 1396 ad
1101 1360 1285 1396 habituale
1312 1360 1462 1405 donum,
1485 1369 1520 1396 et
1540 1369 1716 1408 quantum
1743 1362 1787 1396 ad

215 1417 425 1452 interiorem
447 1416 517 1450 Dei
539 1416 754 1450 motionem.

287 1471 346 1505 AD
369 1480 519 1505 PRIMUM
539 1481 625 1515 ergo
646 1468 853 1511 dicendum,
876 1468 973 1515 quod
991 1468 1082 1502 illud
1099 1468 1270 1503 indicitur
1283 1468 1438 1515 homini,
1457 1469 1554 1515 quod
1575 1469 1730 1515 pertinet
1743 1470 1787 1504 ad

218 1533 340 1559 actum
361 1523 463 1558 liberi
486 1523 638 1565 arbitrii3
662 1523 722 1569 qui
744 1522 935 1568 requiritur
957 1522 993 1555 in
1015 1522 1099 1564 hoc,
1122 1523 1219 1568 quod
1241 1523 1357 1557 homo
1385 1534 1405 1556 a
1430 1531 1581 1569 peccato
1604 1532 1787 1569 resurgat;

219 1587 253 1613 et
272 1578 366 1620 ideo,
390 1589 473 1611 cum
497 1577 642 1611 dicitur:
665 1577 811 1621 Exurge,
835 1581 864 1610 et
881 1576 1087 1611 illmninabii
1108 1581 1136 1611 te
1158 1575 1320 1618 Christus,
1337 1587 1411 1610 non
1430 1584 1483 1610 est
1496 1576 1786 1623 intelligendum,

217 1632 314 1678 quod
335 1640 412 1666 tota
431 1631 650 1665 exsurrectio
674 1642 693 1664 a
716 1638 867 1676 peccato
890 1629 1083 1675 praecedat
1104 1629 1413 1664 illuminationem
1433 1630 1590 1676 gratiae3
1612 1630 1675 1665 sed
1691 1631 1786 1677 quia,

219 1698 301 1721 cum
323 1686 438 1720 homo
461 1696 523 1731 per
544 1684 698 1718 liberum
722 1684 908 1718 arbitrium
934 1695 952 1717 a
973 1684 1055 1718 Deo
1079 1691 1222 1718 motum
1244 1695 1391 1730 surgere
1415 1691 1567 1719 conatur
1586 1695 1606 1718 a
1623 1693 1786 1731 peccato:

218 1740 344 1786 recipit
366 1739 489 1773 lumen
513 1739 648 1785 gratiae
671 1737 910 1784 justificantis.

289 1795 349 1828 AD
372 1803 580 1828 SECUNDUM
603 1792 810 1834 dicendum,
833 1791 930 1838 quod
957 1791 1131 1826 naturalis
1157 1791 1249 1826 ratio
1276 1803 1352 1827 non
1379 1800 1433 1827 est
1458 1791 1641 1827 sufficiens
1662 1792 1790 1839 princi-

218 1848 318 1895 pium
340 1848 446 1893 hujus
469 1847 642 1889 sanitatis,
666 1858 758 1892 quae
777 1853 830 1880 est
844 1846 880 1879 in
898 1846 1049 1880 homine
1064 1858 1128 1892 per
1143 1847 1297 1891 gratiam
1311 1845 1587 1892 justificantem:
1605 1846 1668 1881 sed
1681 1846 1788 1892 hujus

217 1901 433 1948 principium
457 1909 509 1935 est
531 1900 656 1946 gratia,
679 1911 771 1946 quae
793 1899 932 1934 tollitur
950 1911 1013 1946 per
1039 1908 1252 1946 peccatum3
1276 1908 1310 1934 et
1331 1900 1414 1934 ideo
1436 1911 1512 1934 non
1533 1908 1653 1947 potest
1672 1900 1788 1934 homo
1813 1898 1818 1903 ’

218 1967 282 2001 per
303 1957 461 2001 seipsum
484 1954 658 2000 reparari3
683 1954 744 1988 sed
764 1954 902 1999 indiget
919 1962 958 1988 ut
976 1954 1095 1988 denuo
1115 1954 1147 1988 ei
1161 1954 1285 1988 lumen
1300 1955 1437 2001 gratiae
1455 1954 1683 1998 infundatur3
1697 1955 1790 1989 sicut

219 2010 249 2044 si
272 2009 416 2055 corpori
438 2016 584 2042 mortuo
608 2008 857 2042 resuscitando
880 2007 1000 2042 denuo
1023 2007 1272 2042 infunderetur
1295 2008 1427 2043 anima.

292 2063 352 2096 AD
369 2073 540 2097 TERTIUM
556 2061 762 2103 dicendum,
774 2061 871 2107 quod
887 2062 1032 2108 quando
1047 2070 1175 2096 natura
1195 2070 1247 2096 est
1256 2062 1408 2109 integra,
1420 2074 1483 2109 per
1499 2062 1658 2109 seipsam
1672 2071 1789 2110 potest

219 2116 378 2162 reparari
400 2116 444 2150 ad
466 2116 513 2158 id,
535 2116 631 2162 quod
652 2123 705 2149 est
722 2115 788 2149 sibi
808 2116 1041 2158 conveniens,
1061 2124 1095 2150 et
1116 2116 1453 2162 proportionatum:
1476 2116 1539 2151 sed
1562 2117 1606 2151 ad
1624 2116 1670 2160 id,
1690 2118 1786 2163 quod

220 2170 467 2216 superexcedit
489 2181 593 2203 suam
615 2169 903 2215 proportionem,
925 2170 1083 2216 reparari
1105 2181 1180 2204 non
1201 2178 1321 2216 potest
1342 2170 1418 2204 sine
1441 2170 1611 2205 exteriori
1632 2171 1787 2213 auxilio,

220 2224 271 2258 sic
293 2224 400 2270 igitur
418 2224 580 2257 humana
598 2231 724 2257 natura
745 2223 905 2258 defluens
924 2235 986 2270 per
1002 2231 1122 2257 actum
1143 2224 1294 2269 peccati,
1311 2224 1394 2271 quia
1408 2235 1483 2259 non
1498 2232 1622 2259 manet
1635 2224 1788 2271 integra,

221 2278 282 2312 sed
306 2278 558 2324 corrumpitur,
581 2286 619 2311 ut
640 2288 746 2323 supra
769 2277 906 2312 dictum
929 2286 981 2312 est
1002 2278 1050 2323 (q.
1073 2278 1151 2323 85),
1174 2289 1248 2312 non
1271 2286 1391 2324 potest
1411 2289 1474 2324 per
1495 2289 1534 2313 se
1554 2279 1671 2325 ipsam
1692 2289 1791 2325 repa-

221 2332 302 2374 rari,
322 2344 440 2378 neque
463 2332 572 2366 etiam
595 2331 638 2365 ad
660 2332 798 2365 bonum
821 2332 887 2366 sibi
910 2331 1158 2374 connaturale,
1181 2340 1216 2367 et
1237 2332 1354 2367 multo
1376 2333 1495 2368 minus
1515 2333 1559 2367 ad
1579 2333 1718 2367 bonum
1736 2343 1791 2368 su-

220 2385 447 2432 pernaturale
468 2385 636 2431 justitiae.

752 2527 1098 2572 ARTICULUS
1133 2527 1256 2571 vm.
1725 2540 1787 2585 583

428 2637 577 2666 UTRUu
608 2637 735 2665 HOMO
765 2637 859 2666 SINE
885 2637 1046 2667 GRATIA
1074 2637 1226 2666 POSSIT
1256 2637 1349 2667 NON
1376 2636 1586 2666 PECCARE.

226 2726 284 2769 (Su
300 2739 338 2760 η’.
359 2738 387 2771 1]-
412 2726 459 2771 63.
483 2730 545 2760 art.
570 2737 599 2760 2.
623 2725 664 2759 ‹th
686 2737 715 2760 2.
738 2730 767 2760 ct
789 2725 844 2759 lib.
860 2737 887 2771 3.
914 2725 1030 2759 Conlr.
1053 2737 1081 2769 ς.
1106 2731 1178 2772 cap.
1202 2727 1277 2760 160.
1300 2731 1330 2760 ct
1358 2725 1444 2760 Veri.
1464 2737 1494 2771 q.
1513 2736 1566 2760 22.
1582 2730 1647 2760 art.
1658 2736 1687 2772 5.
1703 2725 1746 2760 ad
1759 2736 1788 2772 7.

670 2784 698 2813 cl
721 2792 745 2813 l.
771 2778 850 2813 Cor.
873 2791 922 2813 12.
946 2785 974 2813 «Ι
995 2780 1099 2813 Hem.
1123 2792 1173 2814 ιο.
1196 2779 1266 2814 lest.
1290 2779 1345 2824 1.).

297 2869 356 2903 AD
376 2879 565 2903 OCTAYUM
587 2868 635 2903 sic
661 2868 876 2914 proceditur.
901 2867 1064 2909 Videtur,
1087 2868 1184 2914 quod
1206 2868 1322 2902 homo
1344 2868 1421 2902 sine
1444 2867 1558 2914 gratia
1581 2867 1694 2914 possit
1715 2879 1788 2902 non

227 2933 391 2968 peccare:
417 2923 536 2957 Nullus
562 2924 647 2958 enim
697 2928 787 2957 accat
809 2924 840 2956 in
865 2934 912 2965 co,
935 2922 1020 2968 quod
1045 2923 1153 2956 *vilaro
1179 2934 1243 2956 non
1265 2927 1383 2969 potest,
1407 2930 1444 2956 ut
1467 2922 1620 2968 August.
1642 2922 1729 2956 dicit
1753 2922 1788 2956 in

1849 2123 1875 2144 ιζ
