1875 3198
200 136 284 180 620
572 150 791 185 QUAESTIO
824 151 1015 180 LXXXVII.
1050 151 1294 182 ARTICULUS
1327 151 1388 181 ΠΙ.

198 233 265 267 erit
284 232 517 275 inordinatio,
540 240 715 278 quantum
738 241 791 268 est
817 233 860 267 de
883 245 932 274 se,
954 233 1207 278 irreparabilis,
1231 233 1297 267 etsi
1318 233 1477 279 reparari
1503 233 1618 280 possit
1633 233 1764 268 virtute

198 286 339 321 divina:
360 286 579 332 principium
602 295 722 320 autern
744 287 851 331 hujus
875 286 1010 320 ordinis
1032 293 1084 320 est
1105 285 1252 320 ultimus
1274 286 1365 328 finis,
1388 286 1446 320 cui
1465 287 1580 321 homo
1602 287 1766 321 inhaeret

198 351 261 386 per
283 340 518 382 charitatem3
541 348 575 374 et
596 340 678 374 ideo
701 351 953 386 quaecumque
969 348 1118 386 peccata
1140 348 1305 374 avertunt
1326 352 1346 373 a
1362 341 1456 382 Deo,
1476 341 1690 375 charitatem
1709 351 1768 374 au-

198 393 360 435 ferentia,
383 402 558 440 quantum
581 402 634 427 est
655 394 698 427 de
721 405 770 435 se,
793 394 969 427 inducunt
991 401 1131 427 reatum
1155 401 1322 427 aeternae
1343 405 1496 440 poenae.

271 447 330 481 AD
346 458 493 482 PRIMUM
510 458 596 492 ergo
614 447 820 488 dicendum,
837 447 933 492 quod
956 458 1074 492 poena
1096 455 1247 492 peccato
1259 448 1553 494 proportionatur
1566 447 1767 482 secundum

201 501 434 534 acerbitatem
455 509 530 534 tam
553 501 589 534 in
612 500 747 545 judicio
771 500 906 541 divinO,
929 511 1039 545 quam
1060 501 1096 533 in
1118 501 1304 534 humano:
1326 501 1399 544 sed,
1422 502 1514 535 sicut
1542 501 1766 547 Augustinus

200 555 287 589 dicit
314 565 368 588 21.
396 555 439 588 de
468 555 547 588 Civ.
576 555 645 588 Dei
672 557 758 600 (rap.
787 556 865 595 rin),
894 554 930 588 in
958 554 1058 587 nullo
1086 555 1220 599 judicio
1244 555 1446 600 requiritur,
1468 562 1507 588 ut
1526 566 1645 601 poena
1667 554 1770 589 adae-

200 617 328 654 quetur
350 608 476 653 culpae
499 608 700 642 secundum
723 608 971 641 durationem:
994 619 1068 641 non
1092 608 1189 641 enim
1212 609 1295 654 quia
1319 607 1549 650 adulterium,
1571 608 1631 642 vel
1652 608 1770 642 homi-

201 662 336 695 cidium
357 662 393 695 in
421 669 610 695 momento
634 661 886 703 committitur,
914 669 1060 707 propter
1080 661 1152 695 hoc
1181 670 1441 695 momentanea
1467 672 1586 708 poena
1607 661 1770 708 punitur,

201 717 262 750 sed
286 715 502 762 quandoque
525 715 672 761 quidem
694 723 868 761 perpetuo
886 726 1041 756 carcere,
1056 714 1115 749 vel
1134 715 1253 756 exilio,
1269 715 1487 761 quandoque
1507 715 1616 749 etiam
1631 722 1770 756 morte;

200 770 237 803 in
260 780 328 815 qua
351 780 425 802 non
448 768 697 802 consideratur
720 769 915 803 occisionis
939 780 1054 809 mora,
1077 768 1139 802 sed
1161 769 1281 814 potius
1304 769 1401 814 quod
1424 769 1459 802 in
1481 777 1696 815 perpetuum
1714 779 1772 802 au-

200 823 335 857 feratur
358 835 376 857 a
404 823 578 857 societate
604 823 824 856 viventium:
854 831 888 857 et
917 823 967 857 sic
1003 830 1249 869 repraesentat
1277 834 1342 856 suo
1378 822 1489 856 modo
1520 822 1771 856 aeternitatem

200 888 339 923 poenae
361 876 518 910 inflictae
541 876 729 910 divinitus:
753 878 888 922 justum
909 884 1032 911 tamen
1054 883 1107 910 est
1128 876 1330 910 secundum
1353 876 1507 922 Gregor.
1532 876 1605 920 (lib.
1623 888 1656 921 4.
1676 876 1770 911 Dial.

201 937 271 977 cap.
293 930 380 975 44),
404 927 500 976 quod
523 930 582 976 qui
604 930 641 964 in
663 941 729 964 suo
754 938 900 964 aeterno
923 930 1088 976 peccavit
1110 938 1236 964 contra
1250 930 1384 972 Deum,
1406 930 1443 964 in
1462 937 1609 964 aeterno
1624 929 1695 964 Dei
1712 941 1774 976 pu-

201 985 336 1018 niatur:
360 984 489 1018 dicitur
511 991 633 1018 autem
657 983 786 1030 aliquis
809 984 844 1017 in
867 995 933 1018 suo
957 992 1104 1018 aeterno
1127 995 1311 1030 peccasse,
1332 995 1408 1018 non
1430 983 1551 1018 solum
1572 983 1773 1018 secundum

202 1038 515 1072 continuationem
538 1046 638 1072 actus
660 1038 695 1071 in
717 1046 794 1072 tota
812 1038 972 1071 hominis
987 1039 1060 1072 vita
1075 1038 1247 1079 durantis,
1263 1037 1324 1072 sed
1339 1039 1423 1083 quia
1438 1049 1480 1072 ex
1493 1037 1565 1072 hoc
1581 1037 1660 1084 ipso
1675 1036 1773 1083 quod

203 1092 313 1125 finem
335 1092 371 1125 in
397 1099 548 1137 peccato
573 1092 769 1133 constituit,
791 1092 1019 1125 voluntatem
1045 1091 1155 1125 habet
1181 1091 1217 1125 in
1245 1099 1431 1126 aeternum
1459 1091 1652 1138 peccandi;
1679 1090 1774 1125 unde

203 1145 291 1179 dicit
313 1145 466 1191 Gregor.
486 1155 518 1187 4.
546 1145 676 1179 Moral.
701 1145 774 1189 (nbi
799 1157 863 1179 non
890 1147 1047 1187 occurrit,
1070 1145 1122 1180 sud
1148 1145 1223 1179 luch.
1255 1146 1314 1180 loc.
1341 1151 1410 1191 sup.
1433 1145 1518 1190 cit),
1541 1144 1638 1191 quod
1660 1144 1775 1190 iniqui

203 1199 405 1233 voluissent
427 1199 502 1233 sine
524 1198 595 1233 fine
617 1199 751 1241 vivere,
771 1207 809 1233 ut
827 1199 903 1233 sine
926 1199 995 1233 fine
1016 1200 1216 1245 potuissent
1231 1199 1267 1232 in
1282 1199 1528 1245 iniquitatibus
1550 1209 1774 1244 permanere.

274 1253 333 1286 AD
356 1263 563 1287 SECUNDUM
586 1252 792 1294 dicendum,
815 1253 913 1299 quod
946 1264 1075 1298 poena,
1111 1264 1202 1299 quae
1236 1254 1347 1286 etiam
1368 1252 1569 1286 secundum
1590 1251 1690 1298 leges
1710 1252 1775 1285 hu-

203 1318 330 1341 manas
351 1307 534 1352 infligitur,
555 1318 630 1341 non
653 1318 795 1353 semper
818 1315 871 1341 est
892 1306 1118 1340 medicinalis
1140 1308 1184 1348 ei,
1203 1306 1263 1352 qui
1282 1306 1438 1352 punitur,
1458 1305 1520 1340 sed
1539 1305 1659 1340 solum
1678 1305 1773 1339 aliis:

203 1361 295 1394 sicut
318 1372 401 1394 cum
423 1360 515 1394 latro
538 1361 776 1407 suspenditur,
799 1372 873 1394 non
896 1368 933 1394 ut
960 1352 1035 1406 ipse
1070 1360 1293 1401 emendetur,
1328 1360 1389 1393 sed
1423 1367 1570 1405 propter
1603 1358 1705 1401 alios,
1739 1366 1777 1393 ut

203 1414 333 1448 saltem
355 1422 453 1448 metu
476 1425 616 1460 poenae
638 1425 790 1460 peccare
813 1414 996 1456 desistant,
1019 1413 1221 1448 secundum
1250 1413 1339 1447 illud
1366 1413 1538 1447 Proverb.
1574 1424 1645 1460 19.:
1681 1414 1779 1447 Pasti-

204 1468 284 1502 ltzntt·
305 1468 480 1511 flagellato,
503 1468 617 1503 stultas
637 1469 818 1514 sczpiitntior
839 1469 923 1507 crst;
940 1468 989 1501 sic
1013 1468 1120 1513 igitur
1139 1475 1173 1501 et
1192 1475 1360 1502 aeternae
1379 1478 1519 1513 poenae
1538 1467 1778 1513 reproborum

204 1533 224 1555 a
244 1521 325 1555 Deo
349 1521 504 1555 inflictae
527 1529 609 1555 sunt
635 1520 869 1555 medicinales
892 1521 958 1563 his,
982 1521 1042 1567 qui
1066 1521 1357 1555 consideratione
1379 1532 1581 1567 poenarum
1600 1520 1779 1555 abstinent

205 1586 224 1608 a
247 1575 416 1620 peccatis,
438 1575 639 1608 secundum
662 1574 750 1608 illud
772 1574 866 1609 Psal.
894 1585 964 1618 5o.:
990 1575 1119 1610 Dedisti
1146 1576 1364 1609 vmtzamtizms
1386 1579 1414 1609 te
1434 1575 1720 1621 significationem,
1743 1578 1780 1608 ut

196 1629 337 1674 fugitant
363 1629 488 1674 zzsacie
515 1641 624 1671 arcus,
652 1634 686 1662 ut
713 1629 893 1663 liberentur
919 1628 1028 1663 dilecti
1051 1630 1110 1663 ίιιῐ.

277 1682 336 1716 ΑΙ)
359 1692 530 1716 TERTIUM
553 1682 760 1723 dicendum,
783 1682 879 1727 quod
902 1682 1001 1716 Deus
1017 1693 1091 1716 non
1107 1682 1305 1716 delectatur
1320 1682 1356 1715 in
1370 1682 1497 1728 poenis
1511 1689 1658 1728 propter
1672 1680 1779 1728 ipsas,

205 1736 266 1770 sed
288 1735 487 1770 delectatur
507 1736 543 1769 in
567 1735 692 1770 ordine
715 1747 800 1770 suae
822 1735 989 1781 justitiae,
1012 1747 1104 1782 quae
1126 1736 1198 1770 hoc
1220 1735 1379 1782 requirit.

276 1790 336 1824 AD
359 1800 548 1829 QUARTUM
570 1789 777 1831 dicendum,
800 1789 897 1835 quod
920 1801 1038 1835 poena
1062 1790 1128 1824 etsi
1149 1801 1212 1836 per
1246 1789 1414 1823 accidens
1449 1789 1634 1823 ordinetur
1656 1788 1700 1822 ad
1721 1799 1782 1822 na-

204 1852 335 1885 turam,
357 1855 420 1890 per
441 1855 478 1877 se
500 1852 623 1878 tamen
647 1843 834 1877 ordinatur
856 1843 899 1877 ad
922 1843 1165 1889 privationem
1195 1842 1246 1888 [al
1266 1843 1529 1890 reparali01mn]
1565 1842 1712 1884 ordinis,
1747 1849 1782 1876 et

207 1897 250 1931 ad
271 1897 341 1932 Dei
362 1897 547 1943 justitiam,
570 1905 604 1932 et
625 1897 707 1931 ideo
730 1897 880 1931 durante
902 1897 1183 1939 inordinatione,
1206 1908 1350 1943 semper
1371 1896 1475 1931 durat
1495 1907 1625 1943 poena.

770 2049 1117 2095 ARTICULUS
1153 2051 1228 2094 IV.
1714 2063 1780 2108 463

472 2159 623 2188 UTRUM
650 2158 854 2188 PECCATO
885 2159 1118 2189 DEBEATUR
1143 2158 1290 2189 POENA
1316 2158 1513 2190 INFINITA

692 2225 932 2254 SECUNDUM
966 2224 1304 2260 QUANTITATEM.

280 2317 339 2352 AD
362 2327 550 2356 QUARTUM
573 2317 623 2351 sic
646 2317 863 2363 proceditur.
886 2317 1050 2359 Videtur,
1073 2317 1170 2363 quod
1193 2325 1344 2364 peccato
1379 2317 1552 2352 debeatur
1585 2329 1704 2364 poena
1734 2318 1785 2352 in-

210 2371 308 2405 finita
322 2372 522 2406 secundum
538 2371 793 2417 quantitatem:
810 2372 939 2405 dicitur
954 2372 1051 2405 enim
1068 2371 1275 2406 Hieremiae
1296 2382 1367 2406 1o.:
1386 2371 1526 2417 Corripe
1541 2383 1602 2414 rme,
1619 2372 1777 2413 Domina,

208 2432 434 2461 vartmnlzmwn
456 2428 487 2460 in
507 2426 646 2471 judicio,
671 2431 698 2460 ct
721 2438 785 2459 non
809 2427 842 2459 in
862 2427 976 2467 surore
998 2432 1064 2467 tau,
1089 2439 1126 2459 [ια
1141 2426 1230 2471 forta
1258 2425 1298 2460 ιιιί
1320 2425 1459 2459 nihilum
1483 2425 1610 2469 redigas
1631 2437 1703 2460 ms:
1732 2426 1784 2459 ira

209 2489 329 2515 autem
353 2481 432 2522 Dei,
455 2480 513 2514 vel
533 2480 633 2514 furor
648 2480 897 2525 metaphorice
914 2480 1093 2525 significat
1107 2480 1307 2514 vindictam
1323 2479 1466 2513 divinae
1481 2479 1654 2524 justitiae:
1672 2479 1786 2526 redigi

209 2544 330 2568 autem
352 2535 387 2568 in
410 2534 577 2575 nihilum,
600 2542 651 2568 est
674 2545 791 2579 poena
814 2533 971 2575 intinita3
1003 2534 1095 2567 sicut
1116 2542 1151 2567 et
1173 2546 1214 2567 ex
1236 2532 1364 2574 nihilo,
1399 2531 1533 2578 aliquid
1567 2531 1698 2574 facere,
1733 2541 1786 2567 est

209 2589 346 2622 virtutis
369 2587 545 2629 infinitam
569 2599 657 2633 ergo
680 2587 881 2621 secundum
901 2587 1098 2621 vindictam
1118 2587 1278 2621 divinam
1297 2594 1489 2633 peccatum
1507 2585 1653 2632 punitur
1666 2597 1785 2632 poena

210 2641 348 2675 infinita
370 2642 571 2675 secundum
593 2641 842 2686 quantitatem.

282 2705 312 2729 2.
341 2696 577 2730 PRAETEREA.
603 2694 807 2735 Quantitati
830 2694 957 2739 culpae
980 2695 1173 2739 respon-„let
1196 2695 1376 2740 quantitas
1399 2704 1550 2739 poenae,
1585 2693 1785 2727 secundum

210 2748 298 2782 illud
321 2749 468 2783 Deuter.
492 2759 567 2793 25.:
592 2749 657 2783 Pro
682 2759 835 2782 ηιιτιιςιιιίι
854 2749 981 2793 pet-cali
1009 2750 1071 2781 cri!
1089 2753 1116 2782 cl
1134 2749 1312 2793 plagarum
1335 2746 1470 2781 modus:
1498 2746 1560 2781 sed
1582 2754 1786 2792 peccatum,

211 2802 307 2848 quod
331 2810 457 2836 contra
479 2803 601 2836 Deum
624 2801 874 2843 committitur,
898 2810 950 2835 est
972 2801 1171 2835 inlinitum:
1206 2808 1308 2835 tanto
1343 2800 1441 2834 enim
1464 2800 1610 2845 gravius
1633 2808 1687 2834 est
1707 2811 1787 2846 pec-

211 2864 345 2898 catum,
368 2864 504 2902 quanto
528 2857 645 2901 major
666 2864 719 2890 est
741 2866 908 2901 persona,
931 2863 1058 2889 contra
1081 2866 1189 2900 quam
1213 2862 1404 2900 peccatur:
1428 2853 1521 2888 sicut
1543 2853 1688 2899 gravius
1709 2863 1788 2899 pec-

1855 495 1864 567 ‚uffa——
