1907 3182
264 175 351 217 420
700 176 920 211 QUAESTIO
954 176 1023 205 LX.
1057 177 1303 206 ARTICULUS
1336 178 1377 206 V.

263 255 394 300 ingerit
416 255 674 298 difficultatem,
698 268 789 302 quae
810 256 957 302 requirit
977 256 1159 298 virtutem,
1179 257 1288 290 etiam
1307 257 1336 291 si
1354 269 1427 291 non
1447 258 1491 292 sit
1509 258 1689 294 excellens
1709 259 1746 293 in
1765 271 1823 306 ge-

262 319 348 342 nere
369 308 450 342 talis
471 309 667 355 passionis3
691 318 724 343 et
745 309 827 343 ideo
844 310 937 342 circa
958 309 1270 354 concupiscentias
1291 319 1475 355 ponuntur
1496 311 1658 346 diversae
1673 312 1821 348 virtutes

263 361 431 404 morales,
454 370 492 396 ut
513 362 648 396 dictum
671 370 722 396 est
744 363 798 407 (in
820 362 939 408 corp).

781 626 1136 687 QUAESTIO
1186 627 1314 674 LXI.

260 751 323 782 DE
349 751 629 782 VIRTUTIBUS
658 751 1019 791 CARDINALIBUS,
1046 752 1096 782 IN
1116 751 1334 792 QUINQUE
1356 752 1617 785 ARTICULOS
1641 753 1816 786 DIVISA.

329 890 470 924 Deinde
494 890 797 925 considerandum
820 899 871 925 est
894 891 936 926 de
958 892 1146 926 virtutibus
1170 892 1421 927 cardinalibus.

724 981 767 1014 Et
788 981 878 1014 circa
900 981 958 1015 hoc
980 985 1186 1026 quaeruntur
1207 982 1359 1026 quinque.

273 1076 277 1083 ,
329 1050 464 1084 Primo.
488 1050 620 1084 Utrum
642 1051 788 1084 virtutes
811 1051 970 1085 morales
992 1051 1144 1085 debeant
1166 1051 1236 1085 dici
1258 1051 1469 1094 cardinales,
1489 1051 1548 1086 vel
1568 1052 1795 1098 principales.

330 1103 510 1137 Secundo.
534 1103 591 1137 De
613 1115 766 1138 numero
790 1115 927 1138 earum.

330 1155 467 1190 Tertio.
493 1157 598 1197 Quae
621 1157 700 1191 sint.

331 1209 484 1250 Quarto.
508 1210 639 1244 Utrum
667 1209 833 1245 differant
855 1211 896 1244 ab
920 1210 1090 1245 invicem.

331 1263 481 1304 Quinto.
517 1263 645 1298 Utrum
676 1264 880 1298 dividantur
909 1264 1167 1298 convenienter
1194 1263 1229 1297 in
1257 1265 1406 1298 virtutes
1434 1263 1613 1310 politicas,
1640 1272 1675 1299 et
1695 1277 1821 1312 purga-

257 1317 378 1359 torias,
402 1325 435 1351 et
460 1317 601 1364 purgati
623 1317 746 1359 animi,
769 1325 803 1351 et
825 1316 1060 1363 exemplares.

830 1445 1174 1490 ARTICULUS
1210 1446 1243 1489 Ι.
1754 1468 1817 1505 322

408 1554 561 1583 UTRUM
582 1554 796 1583 VIRTUTES
821 1553 1020 1583 MORALES
1042 1554 1244 1584 DEBEANT
1268 1553 1361 1583 DICI
1385 1553 1671 1593 CARDINALES,

838 1619 919 1647 VEL
942 1619 1235 1648 PRINCIPALES.

327 1706 427 1752 (Insr.
451 1718 480 1751 q.
501 1706 556 1740 66.
579 1710 643 1740 art.
666 1717 698 1749 4.
721 1711 809 1751 corp.
832 1711 859 1739 et
876 1717 904 1751 3.
927 1706 1015 1740 Dist.
1034 1717 1078 1751 33.
1100 1717 1130 1750 q.
1152 1717 1182 1740 2.
1206 1710 1233 1739 et
1261 1706 1347 1740 Vari.
1371 1718 1400 1751 q.
1422 1718 1450 1740 ι.
1473 1710 1536 1740 art.
1556 1717 1606 1740 12.
1629 1705 1671 1740 ad
1691 1717 1746 1751 24.

749 1764 776 1793 et
797 1771 826 1805 q.
845 1771 873 1804 5.
895 1764 959 1794 art.
982 1771 1008 1793 I.
1031 1758 1073 1793 ad
1095 1770 1125 1793 2.
1148 1770 1180 1803 4.
1203 1764 1233 1793 et
1253 1759 1328 1803 η).

326 1849 385 1882 AD
407 1858 556 1882 PR1MUM
579 1847 628 1881 sic
651 1847 866 1893 proceditur.
889 1847 1051 1889 Videtur,
1079 1847 1176 1893 quod
1201 1847 1351 1882 virtutes
1378 1845 1536 1881 morales
1562 1857 1636 1881 non
1664 1847 1818 1881 debeant

256 1902 324 1935 dici
348 1901 558 1942 cardinales,
589 1912 650 1935 seu
679 1901 913 1947 principales:
941 1913 1022 1947 quae
1043 1901 1141 1934 enim
1162 1913 1201 1935 ex
1223 1903 1368 1948 opposito
1398 1900 1606 1943 dividuntur,
1627 1905 1702 1935 sunt
1721 1901 1819 1935 simul

256 1960 390 1997 natura,
414 1963 451 1988 ut
473 1955 602 1988 dicitur
623 1955 659 1988 in
681 1954 988 1988 Praedicamentis
1012 1954 1099 2000 (cap.
1123 1954 1158 1988 de
1179 1954 1316 1999 Simul.)
1339 1962 1373 1988 et
1394 1954 1444 1988 sic
1467 1965 1581 1988 unum
1602 1964 1678 1988 non
1699 1961 1752 1988 est
1773 1953 1819 1988 al-

254 2017 330 2043 tero
353 2008 599 2055 principalium
631 2008 691 2042 sed
723 2019 850 2042 omnes
877 2008 1026 2042 virtutes
1057 2019 1099 2042 ex
1129 2008 1296 2054 opposito
1327 2007 1490 2041 dividunt
1519 2018 1632 2053 genus
1657 2007 1817 2050 virtutis;

256 2075 342 2109 ergo
365 2062 484 2096 nullae
508 2074 631 2096 earum
655 2062 806 2096 debeant
829 2061 899 2095 dici
920 2061 1147 2108 principales.

327 2127 356 2150 2.
381 2117 616 2150 PRAETEREA.
639 2115 735 2149 Finis
757 2114 989 2161 principalior
1007 2123 1059 2149 est
1077 2114 1145 2156 his,
1165 2125 1256 2160 quae
1275 2122 1357 2148 sunt
1376 2114 1418 2148 ad
1438 2113 1566 2148 finem:
1589 2113 1651 2148 sed
1669 2113 1817 2148 virtutes

254 2169 485 2215 theologicae
509 2177 589 2202 sunt
612 2169 705 2202 circa
729 2168 849 2211 finem,
868 2170 1015 2202 virtutes
1038 2176 1160 2202 autem
1179 2167 1335 2202 morales
1351 2175 1432 2201 sunt
1451 2168 1545 2201 circa
1561 2178 1614 2209 ea,
1630 2178 1721 2213 quae
1735 2175 1818 2201 sunt

255 2223 298 2256 ad
321 2223 448 2264 linem3
472 2233 558 2267 ergo
582 2222 728 2255 virtutes
751 2221 907 2256 morales
930 2233 1002 2255 non
1025 2221 1157 2255 debent
1179 2221 1249 2254 dici
1272 2220 1499 2267 principales,
1518 2231 1581 2255 seu
1604 2219 1816 2262 cardinales,

254 2276 315 2310 sed
338 2276 453 2321 magis
475 2274 717 2319 theologicae.

329 2341 356 2374 3.
378 2330 612 2363 PRAETEREA.
642 2328 879 2374 principalius
903 2336 965 2370 est,
988 2328 1083 2374 quod
1112 2336 1164 2362 est
1189 2338 1251 2374 per
1278 2327 1482 2369 essentiam,
1509 2338 1619 2373 quam
1640 2326 1738 2373 quod
1764 2334 1817 2361 est

254 2394 314 2429 per
336 2381 670 2428 participationem:
693 2382 754 2415 sed
773 2382 921 2416 virtutes
941 2380 1202 2416 intellectuales
1224 2381 1403 2428 pertinent
1425 2381 1467 2414 ad
1490 2380 1665 2415 rationale
1685 2391 1747 2427 per
1765 2391 1817 2415 es·

253 2437 418 2478 sentiam,
440 2437 587 2469 virtutes
610 2443 731 2468 autem
759 2435 917 2469 morales
944 2435 1121 2481 pertinent
1143 2435 1186 2468 ad
1209 2434 1384 2468 rationale
1406 2445 1468 2480 per
1489 2434 1815 2480 participationem,

254 2498 290 2523 ut
317 2501 422 2535 supra
450 2489 586 2522 dictum
610 2496 661 2522 est
683 2489 730 2533 (q.
749 2490 799 2534 58.
822 2494 886 2522 urs.
909 2490 979 2532 2.),·
1009 2500 1094 2534 ergo
1122 2489 1270 2523 virtutes
1297 2487 1454 2522 morales
1481 2498 1555 2521 non
1582 2495 1664 2522 sunt
1689 2487 1816 2534 princi-

255 2543 364 2589 pales,
387 2542 448 2577 sed
473 2542 588 2587 magis
610 2542 757 2575 virtutes
781 2541 1053 2576 intellectuales.

325 2596 400 2630 Suo
423 2606 577 2630 con-*rim
606 2602 668 2636 est,
691 2595 786 2640 quod
812 2595 935 2628 Ambr.
960 2596 1045 2629 dicit
1066 2607 1172 2641 super
1200 2595 1349 2635 Lucam,
1376 2605 1559 2641 exponens
1586 2592 1691 2627 illud:
1722 2594 1815 2628 Beati

248 2656 408 2697 pauperes
427 2650 546 2695 spiritu
570 2648 655 2695 (cup.
679 2650 746 2693 6.).·
769 2648 907 2690 Scimus,
927 2650 1062 2683 virlutas
1080 2660 1138 2683 essa
1157 2653 1299 2694 quatuor
1318 2647 1511 2689 cardinales,
1530 2647 1649 2682 scillcct
1663 2659 1673 2681 .·
1699 2651 1816 2693 tempe-

255 2705 414 2744 mutiam,
435 2703 612 2748 julethm
631 2701 731 2748 prud
733 2701 1069 2747 11t1i1111‚lotlt!udit1
1066 2714 1123 2736 111.
1122 2715 1127 2720 ·
1147 2702 1215 2736 liae
1236 2710 1357 2736 autem
1373 2709 1455 2735 sunt
1468 2701 1617 2735 virtutes
1636 2698 1813 2741 morales;

254 2768 340 2801 ergo
363 2757 510 2790 virtutes
533 2767 612 2789 mor
616 2755 689 2789 iles
711 2763 792 2788 sunt
815 2766 840 2788 c
836 2754 1023 2788 .11’ιί1111103.

324 2810 376 2843 Ri
381 2820 524 2843 smum:
528 2820 552 2842 o
574 2808 779 2849 dicendum,
801 2808 896 2853 quod
921 2819 1002 2841 cum
1026 2808 1235 2853 simpliciter
1257 2808 1300 2842 dc
1323 2790 1452 2842 xirtute
1474 2807 1668 2853 loquimur,
1688 2804 1813 2839 intelli-

255 2876 275 2890 υ
280 2863 372 2896 imur
394 2862 491 2908 loqui
515 2862 557 2896 de
579 2862 706 2896 virtute
729 2862 905 2894 humani:
930 2861 1039 2894 xistus
1063 2870 1180 2895 intem
1206 2861 1376 2902 humana,
1405 2869 1441 2895 ut
1467 2871 1571 2906 supr1
1599 2859 1736 2893 dictum
1759 2865 1812 2892 cst
