1907 3182
218 173 305 227 406
633 183 853 218 QUAESTIO
887 182 1004 212 LVIII.
1038 181 1282 211 ARTICULUS
1315 183 1356 211 V.

220 264 360 311 aliquos
381 264 536 306 habitus,
558 263 758 298 secundum
780 275 870 309 quos
894 263 954 297 fiat
975 263 1248 309 quodammodo
1271 263 1413 297 homini
1432 263 1667 298 connaturale
1687 271 1784 298 recte

217 318 377 363 judicare
397 318 439 351 de
454 317 540 352 fine:
557 324 591 351 et
605 317 676 350 hoc
691 316 729 350 fit
743 327 804 362 per
818 316 988 350 virtutem
1003 315 1180 349 moralem
1194 329 1200 350 :
1216 316 1395 350 virtuosus
1418 317 1515 350 enim
1536 325 1632 351 recte
1650 316 1786 362 judicat

219 370 262 405 de
289 370 359 404 fine
386 371 543 405 virtutis:
566 370 649 416 quia
671 369 785 415 qualis
808 370 1052 414 unusquisque
1076 376 1139 411 est,
1161 369 1241 403 talis
1264 369 1342 404 finis
1365 369 1505 404 videtur
1531 369 1574 412 ei,
1597 378 1635 404 ut
1656 370 1785 404 dicitur

218 423 255 457 in
281 435 308 470 3.
332 423 447 457 Ethic.
473 423 560 469 (cap.
576 435 604 469 5.
624 434 644 457 α
665 422 778 463 med.),·
800 429 834 455 et
855 421 937 456 ideo
958 422 1000 455 ad
1020 430 1157 456 rectam
1179 423 1358 457 rationem
1386 422 1585 469 agibilium‚
1612 434 1703 469 quae
1731 431 1785 458 est

218 476 418 523 prudentia,
440 476 631 522 requiritur
652 475 748 521 quod
771 475 885 509 homo
908 475 1040 509 habeat
1060 475 1230 509 virtutem
1252 476 1442 510 moralem.

290 530 350 564 AD
371 540 521 564 PRIMUM
544 539 630 574 ergo
655 528 860 569 dicendum,
879 527 976 574 quod
996 528 1099 570 ratio,
1119 528 1319 562 secundum
1339 529 1434 575 quod
1453 537 1506 563 est
1525 529 1784 575 apprehensiva

217 582 309 625 finis,
331 582 514 628 praecedit
536 581 734 627 appetitum
756 580 854 614 finis:
878 581 939 614 sed
961 582 1137 627 appetitus
1164 581 1244 615 finis
1270 582 1453 627 praecedit
1474 583 1654 617 rationem
1680 582 1785 616 ratio-

218 636 401 670 cinantem
418 635 460 669 ad
477 635 684 680 eligendum
703 645 745 668 ea
765 645 856 680 quae
874 642 956 668 sunt
978 634 1020 667 ad
1043 634 1165 676 finem,
1187 634 1284 680 quod
1302 635 1457 681 pertinet
1477 636 1520 670 ad
1537 635 1782 682 prudentiam:

217 691 310 725 sicut
336 691 445 725 etiarn
472 690 507 723 in
534 688 767 734 speculativis
789 687 992 722 intellectus
1022 688 1282 733 principiorum
1313 696 1366 722 est
1391 689 1608 734 principium
1636 688 1785 723 rationis

217 743 476 790 syllogizantis.

290 797 349 831 AD
372 805 578 830 SECUNDUM
602 794 807 835 dicendum,
830 794 926 840 quod
948 793 1123 839 principia
1142 793 1383 828 artificialium
1404 805 1479 828 non
1505 794 1746 841 dijudicantur
1765 805 1784 828 a

217 850 321 885 nobis
342 850 445 891 bene,
468 848 526 883 vel
557 848 651 882 male
680 847 879 882 secundum
908 847 1183 894 dispositionem
1212 847 1387 894 appetitus
1413 847 1538 890 nostri,
1565 847 1658 882 sicut
1682 847 1784 889 fines,

217 904 382 950 quisunt
412 901 606 936 moralium
637 901 832 947 principia;
863 901 925 935 sed
955 900 1076 935 solum
1104 911 1166 946 per
1197 900 1526 935 considerationem
1555 901 1722 943 rationis;
1750 908 1785 934 et

217 958 299 991 ideo
316 968 372 990 ars
386 967 460 990 non
479 955 627 1001 requirit
643 955 814 988 virtutem
829 954 1075 1000 perficientem
1091 954 1301 1000 appetitum,
1317 954 1409 988 sicut
1422 954 1571 1000 requirit
1582 953 1782 1000 prudentia.

289 1010 348 1044 AD
372 1019 543 1044 TERTIUM
565 1008 771 1049 dicendum,
794 1008 889 1054 quod
913 1008 1101 1053 prudentia
1123 1018 1197 1041 non
1219 1006 1340 1041 solum
1363 1015 1416 1041 est
1435 1007 1526 1041 bene
1546 1006 1783 1049 consiliativa,

217 1064 278 1098 sed
301 1065 410 1097 etiam
431 1063 521 1096 bene
551 1061 758 1107 judicativa,
783 1069 818 1094 et
842 1061 933 1094 bene
960 1060 1211 1107 praeceptiva:
1239 1060 1336 1106 quod
1359 1071 1437 1095 esse
1463 1072 1537 1095 non
1558 1068 1689 1107 potest,
1715 1060 1784 1094 nisi

217 1124 446 1151 removeatur
458 1115 757 1160 impedimentum
768 1114 977 1159 passionum
989 1114 1298 1160 corrumpentium
1312 1113 1498 1160 judicium,
1507 1122 1542 1148 et
1551 1121 1782 1160 praeceptum

217 1170 444 1217 prudentiae:
467 1177 502 1203 et
522 1169 593 1203 hoc
613 1179 675 1214 per
696 1168 866 1202 virtutem
889 1167 1079 1202 moraiem.

737 1417 1093 1478 QUAESTIO
1136 1416 1264 1463 LIX.

516 1542 578 1572 DE
606 1541 912 1572 DISTINTIONE
940 1541 1187 1572 VIRTUTUM
1214 1539 1471 1571 MORALIUM

417 1612 720 1645 SECUNDUM
759 1612 1116 1643 RELATmNEM
1155 1611 1228 1642 AD
1266 1610 1580 1649 PASSIONES‚

605 1684 656 1714 IN
684 1683 902 1723 QUINQUE
935 1682 1195 1714 ARTICULOS
1221 1682 1397 1713 DIVISA.

287 1806 429 1841 Deinde
453 1806 755 1840 considerandum
781 1813 833 1839 est
848 1805 890 1839 de
905 1805 1135 1839 distinctione
1151 1803 1346 1838 moralium
1360 1803 1532 1838 virtutum
1549 1803 1592 1838 ad
1611 1803 1779 1838 invicem.

216 1859 260 1894 Et
280 1859 364 1905 quia
385 1860 533 1894 virtutes
555 1858 723 1901 morales,
746 1870 837 1905 quae
860 1866 941 1892 sunt
964 1859 1057 1892 circa
1077 1858 1274 1904 passiones,
1297 1857 1563 1904 distinguuntur
1579 1857 1780 1892 secundum

215 1913 459 1947 diversitatem
481 1913 704 1959 passionum,
728 1920 870 1958 oportet
886 1914 1001 1958 primo
1024 1911 1253 1945 considerare
1276 1912 1311 1945 in
1334 1911 1523 1945 communi
1542 1911 1782 1957 comparatio-

215 1977 301 2000 nem
316 1966 454 2001 virtutis
471 1966 514 2000 ad
525 1966 744 2012 passionem,
754 1965 891 2000 secundo
907 1965 1175 1999 distinctionem
1190 1964 1385 1999 moralium
1395 1964 1568 1999 virtutum
1578 1964 1778 1999 secundum

215 2019 414 2065 passiones.

663 2065 765 2101 Circa
783 2067 932 2113 primmn
956 2070 1161 2112 quaeruntur
1181 2066 1332 2111 quinque.

288 2126 423 2160 Primo.
452 2126 581 2160 Utrum
605 2126 716 2160 virtus
738 2125 885 2160 moralis
908 2126 952 2159 sit
973 2125 1104 2172 passio.

287 2179 468 2213 Secundo.
497 2179 627 2213 Utrum
650 2179 759 2213 virtus
782 2178 930 2213 moralis
952 2179 1063 2225 possit
1085 2189 1161 2213 esse
1184 2189 1268 2212 cum
1290 2178 1468 2225 passione.

287 2230 425 2267 Tertio.
454 2232 585 2266 Utrum
607 2233 720 2278 possit
741 2243 818 2266 esse
841 2244 922 2266 cum
944 2232 1096 2266 tristitia.

289 2285 442 2326 Quarto.
471 2286 603 2320 Utrum
626 2286 744 2319 omnis
766 2286 876 2320 virtus
898 2285 1047 2320 moralis
1069 2285 1113 2319 sit
1135 2285 1230 2319 circa
1251 2285 1450 2332 passiones.

288 2339 440 2380 Quinto.
469 2339 601 2373 Utrum
623 2338 741 2385 aliqua
763 2339 874 2373 virtus
896 2338 1044 2373 moralis
1066 2340 1178 2385 possit
1201 2349 1278 2373 esse
1301 2338 1377 2373 sine
1399 2337 1581 2385 passione.

792 2480 1136 2524 ARTICULUS
1173 2480 1206 2524 Ι.
1712 2500 1776 2538 312

581 2588 732 2617 UTRUM
759 2588 914 2617 VIRTUS
943 2589 1126 2618 MORALIS
1155 2589 1223 2618 SIT
1251 2588 1414 2618 PASSIO.

700 2674 740 2720 (3.
764 2675 850 2708 Dist.
873 2686 921 2721 23.
942 2687 971 2720 q.
995 2688 1020 2710 1.
1044 2681 1108 2710 art.
1128 2688 1156 2722 3.
1178 2688 1206 2722 q.
1231 2675 1294 2720 2.)-

287 2763 347 2798 An
375 2774 521 2798 PRIMUM
546 2764 593 2797 sic
619 2763 832 2809 proceditur.
856 2763 1016 2805 Videtur,
1049 2765 1144 2810 quod
1167 2765 1278 2799 virtus
1300 2764 1449 2799 moralis
1471 2765 1514 2799 sit
1532 2764 1676 2812 passio:
1704 2775 1776 2798 me-

215 2818 313 2851 dium
338 2817 434 2851 enim
455 2826 507 2851 cst
529 2817 689 2862 ejusdcm
713 2817 853 2862 generis
869 2828 950 2850 cum
968 2818 1152 2852 extremis:
1176 2819 1237 2852 sed
1253 2818 1364 2853 virtus
1380 2818 1527 2853 moralis
1542 2826 1595 2853 est
1613 2817 1772 2852 medium

215 2871 306 2904 inter
328 2871 532 2916 passiones3
555 2881 641 2916 ergo
664 2870 773 2904 virtus
798 2869 945 2903 moralis
969 2878 1020 2904 cst
1041 2871 1172 2916 passio.
