1907 3182
260 172 348 225 466
677 183 897 218 QUAESTIO
931 182 1062 211 van.
1095 182 1339 212 ARTICULUS
1372 182 1428 211 1v.

260 263 327 305 his,
350 274 440 309 quae
462 275 568 309 supra
590 263 632 297 de
654 264 822 310 passione
843 263 918 309 spei
941 263 1094 297 diximus
1118 263 1231 308 (‹].40.
1248 268 1311 297 art.
1327 275 1354 297 1.
1369 268 1399 297 et
1412 264 1483 308 2.)‚·
1507 270 1542 296 et
1561 262 1657 304 ideo,
1673 263 1818 309 quando

259 316 411 350 habetur
431 317 476 359 id,
499 317 596 362 quod
618 325 789 362 speratur,
812 316 950 350 scilicet
971 316 1091 349 divina
1112 315 1246 357 fruitio,
1273 317 1344 361 jam
1368 327 1449 362 spes
1471 327 1548 350 esse
1574 327 1649 349 non
1674 315 1816 362 poterit.

329 369 389 403 AD
407 380 557 404 PRIMUM
579 381 666 415 ergo
689 369 894 410 dicendum,
917 369 1014 414 quod
1041 380 1121 414 spes
1144 376 1196 402 est
1216 368 1374 402 nobilior
1394 368 1582 403 virtutibus
1608 368 1818 411 moralibus,

258 430 432 468 quantum
459 423 503 456 ad
530 423 723 468 objectum,
754 422 850 468 quod
878 429 931 455 est
955 421 1078 455 Deus:
1106 421 1168 455 sed
1195 431 1295 456 actus
1321 422 1494 456 virtutum
1524 421 1718 455 moralium
1743 432 1818 456 non

257 484 459 521 repugnant
475 475 686 522 perfectioni
704 475 944 516 beatitudinis,
963 474 1055 508 sicut
1070 483 1170 508 actus
1184 474 1273 520 spei,
1286 475 1355 508 nisi
1368 474 1459 509 forte
1474 474 1613 508 ratione
1631 474 1816 516 materiae,

257 529 457 563 secundum
483 541 591 575 quarn
616 540 690 562 non
717 536 882 561 manent:
910 539 984 562 non
1010 527 1107 561 enim
1133 529 1244 562 virtus
1271 527 1419 562 moralis
1445 527 1584 574 perficit
1617 528 1815 573 appetitum

256 581 377 616 solum
398 582 433 615 in
455 581 502 623 id,
525 581 620 628 quod
641 582 805 615 nondum
826 581 988 622 habetur,
1007 581 1068 614 sed
1088 581 1197 615 etiam
1225 581 1319 614 circa
1340 580 1388 623 id,
1409 581 1506 627 quod
1532 580 1818 627 praesentialiter

257 635 418 669 habetur.

327 689 387 722 AD
415 699 621 722 SECUNDUM
649 688 854 729 dicendum,
882 687 978 733 quod
1006 688 1123 734 duplsx
1150 695 1203 721 est
1227 687 1360 721 timor:
1392 688 1533 730 servilis,
1561 695 1595 721 et
1617 687 1747 733 filialis,
1779 695 1818 722 ut

256 741 347 775 infra
375 741 503 775 dicitur
531 741 609 786 (2-2.
630 753 658 786 q.
678 753 729 787 19.
749 746 812 775 art.
839 741 889 785 2.)
902 754 912 775 .·
938 741 1066 775 servilis
1093 740 1239 786 quidem
1266 748 1319 774 est
1344 741 1454 774 timor
1479 751 1630 786 poenae,
1657 740 1718 786 qui
1742 751 1816 774 non

256 795 388 841 poterit
410 806 486 829 esse
508 795 542 828 in
565 794 692 840 gloria,
714 794 812 828 nulla
834 794 1068 840 possibilitate
1092 794 1135 827 ad
1157 805 1315 840 poenam
1342 802 1571 828 remanente:
1599 793 1709 827 timor
1728 804 1815 827 vero

252 848 366 893 filialis
386 848 494 881 habet
514 848 592 882 duos
614 856 731 882 actus:
755 847 892 881 scilicet
914 848 1059 882 revereri
1080 847 1222 888 Deum3
1245 854 1280 880 et
1301 854 1476 892 quantum
1503 846 1546 880 ad
1572 846 1669 880 hunc
1695 854 1815 880 actum

256 909 397 943 manet;
417 909 450 935 et
467 901 594 934 timere
608 903 847 947 separationem
862 900 904 934 ab
921 900 998 946 ipso
1011 913 1018 942 ;
1039 909 1073 934 et
1087 908 1262 946 quantum
1277 899 1321 933 ad
1334 900 1431 934 hunc
1448 908 1570 934 actum
1583 910 1659 934 non
1674 908 1815 935 manet:

255 955 411 1001 separari
437 954 533 988 enim
556 965 576 987 a
597 954 678 988 Deo
700 954 809 988 habet
835 954 1013 988 rationem
1036 953 1140 987 mali:
1164 952 1305 986 nullum
1332 961 1453 986 autem
1480 952 1618 986 malum
1644 952 1692 986 ibi
1716 953 1818 987 time-

255 1008 359 1049 bitur,
382 1007 580 1041 secundum
595 1007 682 1041 illud
699 1007 805 1041 Prov.
826 1018 872 1040 1.:
892 1007 1110 1041 Abundantia
1122 1007 1331 1052 perfruetur,
1350 1005 1516 1040 malorum
1536 1007 1653 1041 timore
1666 1007 1792 1041 sublato
1805 1019 1814 1040 .-

254 1060 365 1094 timor
386 1068 506 1094 autem
529 1060 723 1106 opponitur
744 1060 820 1106 spei
841 1071 904 1106 per
925 1060 1193 1105 oppositionem
1212 1059 1309 1101 boni,
1329 1067 1364 1093 et
1381 1059 1479 1101 mali,
1497 1068 1536 1094 ut
1553 1071 1662 1105 supra
1679 1059 1815 1093 dictum

254 1121 308 1147 est
330 1113 374 1159 (q.
397 1125 453 1157 40.
476 1118 539 1147 art.
558 1114 625 1158 r.)‚·
650 1121 684 1147 et
701 1113 783 1147 ideo
807 1113 929 1154 timor,
952 1113 1012 1158 qui
1033 1120 1197 1146 remanet
1215 1113 1251 1146 in
1270 1111 1398 1158 gloria,
1416 1123 1490 1146 non
1509 1111 1703 1158 opponitur
1720 1112 1815 1158 spei:

254 1166 290 1199 in
304 1166 483 1200 damnatis
495 1174 615 1200 autem
627 1167 743 1212 magis
757 1175 875 1212 potest
890 1177 966 1200 esse
977 1166 1087 1200 timor
1101 1176 1252 1212 poenae,
1263 1177 1372 1211 quarn
1387 1165 1424 1199 in
1438 1165 1551 1200 beatis
1565 1176 1645 1211 spes
1660 1164 1814 1211 gloriae:

253 1220 337 1265 quia
363 1220 398 1253 in
421 1220 598 1254 damnatis
625 1220 691 1254 erit
716 1220 898 1254 successio
926 1230 1146 1266 poenarum:
1175 1227 1209 1253 et
1235 1219 1285 1252 sic
1313 1226 1478 1252 remanet
1502 1218 1551 1252 ibi
1576 1219 1668 1253 ratio
1694 1218 1814 1261 futuri,

254 1274 350 1319 quod
372 1282 424 1308 est
446 1274 627 1319 objectum
649 1273 812 1307 timoris:
836 1273 896 1307 sed
919 1273 1034 1319 gloria
1057 1281 1264 1306 sanctorum
1289 1280 1342 1306 est
1363 1272 1496 1318 absque
1515 1272 1746 1307 successione
1764 1283 1816 1306 se-

254 1327 412 1360 cundum
435 1327 630 1373 quamdam
653 1327 870 1360 aeternitatis
896 1326 1222 1372 participationem,
1245 1325 1280 1359 in
1303 1337 1373 1371 qua
1398 1336 1473 1359 non
1495 1333 1548 1360 est
1568 1325 1813 1371 praeteritum,

253 1387 288 1413 et
308 1379 478 1422 futurum,
493 1380 555 1414 sed
577 1379 697 1414 solum
718 1391 897 1426 praesens.
921 1379 964 1413 Et
985 1388 1107 1413 tamen
1125 1390 1190 1413 nec
1211 1379 1320 1413 etiam
1342 1379 1378 1412 in
1400 1379 1579 1414 damnatis
1599 1387 1652 1413 est
1670 1379 1813 1425 proprie

252 1433 378 1466 timor:
404 1444 501 1474 nam,
523 1433 615 1467 sicut
635 1444 742 1479 supra
764 1433 900 1466 dictum
923 1441 976 1467 est
999 1432 1042 1478 (q.
1065 1444 1120 1476 42.
1142 1437 1207 1466 art.
1230 1432 1293 1476 2.)‚
1312 1432 1422 1466 timor
1441 1443 1642 1478 numquam
1664 1440 1717 1466 est
1737 1432 1813 1466 sine

253 1485 372 1531 aliqua
399 1497 459 1532 spe
481 1486 672 1528 evasionis,
695 1497 785 1531 quae
812 1486 962 1520 omnino
989 1487 1024 1519 in
1053 1486 1230 1520 damnatis
1258 1497 1332 1519 non
1359 1486 1448 1528 erit;
1475 1486 1569 1520 unde
1595 1497 1663 1520 nec
1690 1487 1813 1528 timor,

252 1539 322 1573 nisi
343 1541 584 1574 communiter
605 1539 801 1585 loquendo,
823 1539 1022 1573 secundum
1045 1539 1141 1585 quod
1164 1538 1344 1585 quaelibet
1370 1539 1571 1586 expectatio
1595 1539 1683 1573 mali
1704 1538 1813 1573 futuri

252 1593 381 1626 dicitur
402 1593 521 1627 timor.

325 1647 384 1681 AD
405 1657 574 1681 TERTIUM
597 1645 802 1687 dicendum,
817 1646 913 1691 quod
929 1654 1103 1691 quantum
1120 1645 1163 1679 ad
1180 1645 1335 1691 gloriam
1351 1645 1494 1680 animae
1512 1657 1586 1679 non
1605 1653 1723 1692 potest
1737 1656 1814 1680 esse

251 1700 287 1733 in
308 1700 421 1734 beatis
444 1699 672 1741 desiderium,
695 1699 894 1733 secundum
916 1699 1012 1745 quod
1034 1699 1178 1745 respicit
1200 1698 1371 1741 futurum,
1393 1699 1532 1733 ratione
1550 1700 1625 1745 jam
1646 1699 1742 1734 dicta
1759 1701 1809 1744 (in

251 1760 341 1800 corp.
363 1758 391 1787 et
411 1765 440 1798 q.
459 1765 502 1799 33.
526 1758 590 1787 art.
613 1754 683 1798 2.):
704 1753 832 1786 dicitur
855 1760 975 1786 autem
997 1752 1046 1786 ibi
1068 1764 1145 1786 esse
1164 1754 1310 1794 esuries,
1325 1761 1359 1786 et
1385 1753 1459 1787 sitis
1478 1764 1540 1799 per
1563 1753 1807 1788 remotionem

250 1806 399 1840 fastidii:
423 1815 457 1840 et
479 1806 607 1840 eadem
629 1806 767 1840 ratione
790 1806 918 1840 dicitur
941 1817 1018 1840 esse
1034 1806 1252 1840 desiderium
1270 1806 1306 1839 in
1326 1805 1474 1851 angelis.
1492 1805 1672 1852 Respectu
1689 1814 1810 1841 autem

251 1860 388 1906 gloriae
411 1861 572 1907 corporis
593 1861 629 1894 in
652 1860 839 1893 animabus
859 1868 1205 1906 sanctorumrpotest
1224 1859 1370 1905 quidem
1392 1870 1469 1894 esse
1491 1859 1722 1902 desiderium,
1735 1871 1810 1894 non

249 1922 372 1949 tamen
395 1926 486 1960 spes,
509 1914 651 1960 proprie
673 1913 875 1960 loquendo;
896 1925 1013 1959 neque
1035 1912 1235 1947 secundum
1257 1913 1353 1959 quod
1372 1924 1452 1958 spes
1471 1920 1524 1947 est
1537 1912 1648 1948 virtus
1667 1913 1808 1948 theolo-

251 1969 331 2014 gica
354 1968 419 2013 (sic
443 1968 540 2001 enim
563 1969 638 2013 ejus
661 1968 843 2013 objectum
860 1975 911 2001 est
925 1967 1035 2009 Deus,
1055 1978 1129 2001 non
1157 1975 1277 2009 autem
1293 1966 1438 2013 aliquod
1452 1967 1591 2000 bonum
1609 1968 1807 2012 creatum):

249 2033 366 2067 neque
382 2022 581 2055 secundum
601 2022 696 2067 quod
712 2021 954 2055 communiter
972 2021 1144 2062 sumitur3
1163 2020 1246 2066 quia
1268 2020 1452 2066 obJectum
1473 2020 1550 2066 spei
1571 2028 1624 2055 est
1641 2020 1806 2062 arduum,

251 2083 289 2109 ut
310 2086 415 2121 supra
438 2075 574 2109 dictum
596 2083 648 2109 est
672 2074 716 2120 (q.
739 2086 795 2119 40.
823 2079 885 2109 art.
914 2073 982 2118 1.):
1010 2074 1147 2107 bonum
1175 2081 1308 2115 autem,
1337 2074 1437 2118 cujus
1464 2074 1536 2118 jam
1563 2073 1810 2108 inevitabilem

251 2140 398 2162 causam
420 2129 607 2170 habemus,
623 2140 696 2162 non
719 2136 949 2174 comparatur
971 2128 1014 2161 ad
1032 2138 1099 2161 nos
1114 2127 1150 2160 in
1169 2127 1307 2160 ratione
1326 2126 1444 2161 ardui:
1466 2127 1560 2160 unde
1574 2137 1649 2161 non
1666 2120 1809 2173 proprie

250 2182 379 2216 dicitur
394 2182 532 2228 aliquis,
548 2182 607 2228 qui
622 2182 730 2216 habet
745 2189 947 2227 argentum,
963 2191 1105 2226 sperare
1121 2191 1158 2214 sc
1180 2180 1385 2214 habiturum
1406 2179 1552 2226 aliquid,
1570 2180 1667 2226 quod
1688 2180 1808 2214 statim

251 2235 287 2269 in
314 2243 489 2281 potestate
517 2236 593 2280 ejus
620 2243 673 2268 est
700 2243 737 2268 ut
765 2243 876 2269 emat:
905 2242 939 2268 et
965 2234 1129 2268 similiter
1155 2232 1218 2274 illi,
1241 2233 1301 2279 qui
1322 2232 1455 2267 habent
1477 2232 1632 2279 gloriam
1654 2233 1808 2275 animae,

249 2299 323 2323 non
345 2288 486 2334 proprie
509 2288 674 2321 dicuntur
697 2299 838 2334 sperare
861 2287 1017 2333 gloriam
1040 2287 1213 2333 corporis,
1236 2286 1298 2320 sed
1319 2286 1438 2320 solum
1461 2286 1675 2321 desiderare.

821 2428 1165 2473 ARTICULUS
1199 2429 1253 2471 V.
1743 2451 1808 2486 354

387 2538 538 2568 urium
566 2537 748 2573 ALtQum
778 2538 906 2574 FIDEI,
935 2538 1015 2566 VEL
1045 2538 1134 2566 smzt
1162 2537 1395 2567 REMANEAT
1424 2537 1467 2566 m
1495 2536 1670 2566 GLORIA.

425 2627 465 2671 (3.
486 2625 573 2659 Dist.
594 2637 638 2670 31·
662 2636 691 2669 q.
715 2635 744 2658 2.
768 2629 831 2658 ‹it-l.
857 2636 882 2658 1.
903 2624 944 2658 ad
967 2637 992 2659 r.
1015 2630 1043 2658 ct
1061 2636 1088 2670 3.
1111 2630 1140 2659 et
1169 2624 1254 2658 scri.
1277 2635 1306 2669 q.
1326 2635 1377 2670 34.
1399 2628 1464 2658 art.
1483 2635 1510 2670 5.
1533 2623 1575 2658 ad
1596 2623 1630 2658 6.

746 2682 772 2712 c!
801 2677 883 2711 l'm.
907 2689 935 2722 q.
955 2689 983 2722 )'·
1005 2683 1070 2711 art.
1093 2690 1142 2721 14.
1165 2677 1207 2711 αιΙ
1233 2678 1313 2722 10.).

322 2768 381 2802 AD
404 2777 584 2806 (zmyrum
608 2767 656 2800 sic
673 2766 888 2812 proceditur.
905 2765 1066 2806 Videtur,
1082 2766 1178 2812 quod
1196 2765 1328 2812 aliquid
1344 2764 1438 2807 fidei,
1450 2764 1509 2799 vel
1527 2764 1602 2811 spei
1621 2772 1805 2799 remaneat

250 2821 285 2855 in
309 2821 438 2865 gloria:
463 2829 604 2854 remoto
627 2820 736 2861 cuim,
752 2819 846 2865 quod
867 2828 918 2853 cst
934 2820 1128 2864 proprium,
1152 2829 1314 2853 remanet
1329 2819 1375 2860 id,
1397 2818 1493 2864 quod
1513 2826 1566 2852 est
1587 2828 1802 2852 commune:

250 2875 343 2908 si4ut
370 2874 497 2908 dicitur
519 2874 552 2907 in
576 2873 634 2907 lib.
658 2874 700 2907 de
723 2873 852 2907 Causis
876 2872 1020 2918 (μορυς.
1045 2885 1070 2906 1.
1099 2874 1192 2906 intur.
1224 2872 1286 2918 Op.
1310 2871 1448 2916 Arist),
1471 2870 1567 2918 quod
1590 2878 1732 2906 remoto
1755 2881 1806 2905 ra-
