1907 3198
507 194 730 231 QUAESTIO
764 193 852 224 XXI.
886 192 1133 223 ARTICULUS
1166 192 1223 222 IV.
1577 179 1654 235 185

152 278 214 314 AD
235 287 444 313 SECUNDUM
459 276 667 319 dicendum,
681 275 780 323 quod
794 276 911 310 homo
926 275 976 311 sic
993 282 1164 309 movetur
1179 285 1198 308 a
1212 273 1295 308 Deo
1311 281 1349 308 ut
1363 273 1657 316 instrumentum,

81 331 178 380 quod
198 339 323 366 tamen
343 342 418 365 non
441 330 610 373 excludit,
629 330 715 378 quin
733 337 882 364 moveat
903 329 1062 376 seipsum
1086 339 1150 375 per
1170 327 1325 362 liberum
1345 327 1544 370 arbitrium,
1559 335 1598 362 ut
1617 338 1658 362 ex

80 385 292 433 supradictis
313 393 412 432 patet
435 385 480 432 (q.
503 397 554 421 Io.
573 389 638 420 art.
660 385 733 431 4.),·
757 392 793 419 et
813 383 896 418 ideo
918 394 983 430 per
1005 394 1111 418 suum
1131 390 1252 416 actum
1275 389 1445 424 meretur,
1463 380 1522 416 vel
1541 381 1660 416 derne-

79 447 176 475 retur
197 439 291 486 apud
312 439 445 473 Deum.

149 493 211 529 AD
230 503 402 528 TERTIUM
425 492 632 535 dicendum,
651 492 749 539 quod
768 492 884 526 homo
907 502 981 525 non
1001 490 1189 525 ordinatur
1207 489 1251 524 ad
1271 489 1576 524 communitatem
1598 499 1659 536 po-

78 546 217 582 liticam
243 546 445 582 secundum
473 558 510 582 se
537 555 668 589 totum,
696 554 731 580 et
757 545 958 580 secundum
981 544 1106 578 omnia
1136 555 1216 578 sua:
1240 551 1275 577 et
1297 543 1379 578 ideo
1404 554 1477 577 non
1503 551 1658 590 oportet,

77 601 175 648 quod
196 600 347 648 quilibet
368 609 469 636 actus
491 602 567 647 ejus
585 601 630 636 sit
648 600 867 641 meritorius,
883 599 943 634 vel
958 599 1212 634 demeritorius
1234 609 1297 645 per
1319 598 1486 632 ordinem
1502 598 1545 632 ad
1561 609 1659 631 com-

12 2052 39 2153 Ξ

17 2166 38 2212 Ξ

27 2237 40 2267 δ

15 2271 43 2342 ’a

77 655 295 690 munitatem
320 654 529 702 politicam:
557 654 620 690 sed
645 662 765 689 totum
792 653 890 700 quod
917 653 1034 687 homo
1057 661 1121 695 est,
1144 661 1179 687 et
1200 652 1297 699 quod
1325 660 1455 699 potest,
1478 660 1513 686 et
1534 652 1656 694 habet,

76 708 320 744 ordinandum
347 716 401 743 est
427 709 470 743 ad
497 709 640 751 Deum;
668 716 703 743 et
729 708 812 742 ideo
839 707 960 742 omnis
987 715 1088 741 actus
1115 706 1277 740 hominis
1303 706 1433 747 bonus,
1455 705 1512 741 vel
1539 705 1657 741 malus

75 762 187 798 habet
213 762 395 797 rationem
423 762 556 805 meriti,
585 762 643 797 vel
673 761 839 796 demeriti
870 761 964 808 apud
994 761 1128 803 Deum,
1156 768 1333 807 quantum
1363 768 1416 795 est
1438 771 1479 794 ex
1502 760 1578 806 ipsa
1606 771 1658 794 ra-

75 816 176 852 tione
198 823 310 851 actus.

584 1075 944 1139 QUAEsTlo
987 1074 1149 1123 XXII.

347 1203 419 1236 DE
456 1201 734 1245 SUBJECTO
772 1201 1094 1235 PASSIONUM
1134 1200 1375 1239 ANIMAE,

515 1266 568 1307 'IN
592 1274 711 1307 TREs
736 1273 1002 1306 ARTICULOS
1027 1273 1204 1306 DIVISA.

140 1409 231 1446 Post
240 1410 315 1445 hoc
330 1408 639 1445 considerandum
654 1416 707 1445 est
725 1408 770 1444 de
791 1407 1022 1456 passionibus
1044 1407 1202 1442 animae.
1221 1407 1266 1442 Et
1278 1408 1394 1454 primo
1413 1407 1449 1441 in
1469 1405 1650 1454 generali:

69 1465 208 1502 secundo
229 1464 266 1499 in
287 1463 448 1512 speciali.
469 1463 512 1498 In
533 1463 696 1511 generali
723 1471 846 1498 autem
873 1468 1018 1510 quatuor
1047 1470 1244 1497 occurrunt
1272 1461 1368 1496 circa
1397 1472 1458 1496 eas
1489 1453 1653 1495 cotiside-

69 1519 199 1555 tanda:
215 1520 331 1567 primo
353 1518 502 1565 quidem
523 1518 568 1553 de
589 1518 753 1565 subjecto
776 1529 920 1552 earum:
943 1516 1081 1552 secundo
1104 1516 1148 1551 de
1168 1515 1371 1551 differentia
1391 1527 1535 1550 earum:
1556 1516 1651 1550 tthio

71 1573 117 1609 de
137 1573 414 1622 comparatione
435 1584 563 1608 earum
585 1572 629 1607 ad
655 1572 831 1607 invicem:
853 1576 972 1618 quarto
995 1571 1040 1606 de
1062 1570 1214 1613 malitia,
1238 1579 1274 1606 et
1293 1570 1456 1605 bonitate
1478 1570 1652 1617 ipsarum.

559 1664 663 1700 Circa
677 1665 831 1711 primum
852 1668 1063 1710 quaeruntur
1084 1664 1163 1698 tria.

141 1735 282 1772 Primo.
304 1735 439 1772 Utrum
460 1735 581 1783 aliqua
602 1735 724 1783 passio
746 1735 792 1770 sit
811 1735 847 1769 in
870 1735 1004 1770 anima.

141 1790 326 1826 Secundo.
348 1790 482 1826 Utrum
505 1790 623 1837 magis
644 1790 679 1824 in
703 1797 804 1837 parte
827 1789 1035 1836 appetitiva,
1057 1800 1167 1835 quam
1190 1789 1226 1823 in
1249 1788 1523 1836 apprehensiva.

142 1844 283 1880 Tertio.
309 1844 440 1880 Utrum
461 1844 580 1891 magis
602 1845 647 1880 sit
668 1845 704 1879 in
727 1844 888 1892 appetitu
911 1843 1098 1886 sensitivo,
1120 1855 1231 1890 quam
1253 1842 1490 1886 intellectivo,
1521 1843 1581 1890 qui
1604 1843 1652 1878 di-

70 1899 161 1935 citur
180 1898 362 1935 voluntas.

649 2040 1000 2086 ARTICULUS
1033 2041 1067 2084 1.
1587 2062 1648 2098 135

407 2151 562 2182 UTRUM
594 2151 763 2187 ALIQUA
796 2151 947 2181 PASSIO
981 2151 1050 2181 SIT
1083 2151 1128 2182 IN
1161 2151 1313 2181 ANIMA.

279 2241 323 2289 (3.
344 2241 436 2277 Dist.
461 2253 506 2288 15.
529 2253 560 2287 q.
582 2253 613 2277 2.
637 2246 703 2277 art.
725 2253 752 2276 1.
772 2246 800 2277 et
829 2241 916 2276 Veri.
939 2253 969 2288 q.
992 2241 1048 2277 26.
1072 2246 1135 2276 art.
1157 2254 1185 2277 1.
1205 2247 1234 2277 et
1254 2253 1286 2277 2.
1309 2242 1432 2289 corp..)

23 2367 29 2370 .
141 2332 202 2368 AD
223 2342 374 2369 PR1MUM
396 2333 446 2367 sic
472 2331 691 2380 proceditur.
715 2331 878 2375 Videtur,
905 2332 1003 2379 quod
1024 2331 1125 2367 nulla
1147 2332 1268 2379 passio
1287 2333 1332 2367 sit
1353 2333 1388 2366 in
1411 2332 1552 2368 anima:
1575 2334 1647 2380 pati

19 2382 42 2428 S
71 2386 170 2423 enim
194 2395 248 2422 est
272 2386 461 2434 proprium
487 2386 680 2421 materiae:
703 2386 766 2421 sed
789 2386 911 2421 anima
937 2398 1012 2421 non
1040 2395 1093 2422 est
1121 2387 1326 2434 composita
1354 2399 1395 2422 cx
1423 2387 1587 2430 materia,
1615 2394 1649 2422 ct

23 2437 51 2478 9⁹
69 2438 200 2485 forma,
225 2449 264 2477 ut
289 2441 327 2476 in
352 2441 472 2488 primo
498 2440 665 2475 habitum
693 2448 747 2476 est
774 2441 819 2488 (q.
855 2453 902 2489 75.
937 2446 1000 2476 arat
1031 2443 1100 2488 5.;)
1137 2453 1225 2488 ergo
1259 2441 1358 2476 nulla
1385 2442 1506 2489 passio
1534 2449 1586 2477 est
1612 2442 1648 2475 in

72 2505 204 2531 amma.

28 2577 53 2607 ⁴³2
141 2559 174 2584 2.
195 2549 435 2585 PRAETEREA.
457 2548 584 2584 Passio
607 2557 661 2584 est
681 2557 817 2593 motus,
835 2557 874 2584 ut
895 2549 1056 2585 dicitur
1047 2563 1083 2585 m
1110 2562 1138 2597 3.
1161 2550 1410 2652 Ρ1])’5ἱε.5(6ιτ.
1431 2551 1647 2597 19.c;l·.q):

35 2594 53 2636 ·'
70 2602 134 2640 sed
154 2603 277 2639 anima
301 2614 378 2638 non
404 2611 586 2646 movetur,
613 2612 651 2639 ut
677 2604 877 2651 probatur'
869 2616 906 2638 in
933 2615 960 2639 1.
983 2604 1027 2639 de
1050 2605 1187 2639 Anima
1215 2605 1259 2650 (t
1262 2617 1293 2639 ..τ
1390 2610 1450 2640 cst·
1453 2606 1537 2651 ey.);
1561 2616 1649 2652 ergo

45 2657 192 2706 passio
212 2669 288 2693 non
310 2665 364 2693 est
384 2657 420 2692 in
443 2657 577 2692 anima.

144 2723 175 2759 3.
195 2711 434 2748 PRAETEREA.
457 2711 584 2747 Passio
607 2720 661 2747 est
681 2712 739 2747 via
760 2713 796 2747 in
820 2713 1113 2760 corruptionem:
1136 2725 1222 2748 narn
1251 2714 1371 2748 omnis
1394 2713 1514 2760 passio
1533 2715 1650 2759 magis

70 2763 167 2801 ficta
187 2765 309 2812 abjicit
329 2777 350 2800 a
370 2765 582 2808 substantia,
600 2774 640 2801 ut
661 2766 791 2802 dicitur
811 2767 847 2802 in
868 2767 929 2801 lib.
946 2766 978 2802 6.
995 2767 1126 2815 Topic.
1149 2768 1237 2816 (cap.
1253 2780 1284 2803 2.
1301 2769 1333 2802 in
1356 2768 1475 2815 explic.
1491 2768 1649 2815 loci19.):

57 2819 138 2869 led
157 2819 280 2855 anima
301 2827 356 2856 est
376 2819 677 2868 incorruptibilis3
699 2832 786 2868 ergo
808 2821 908 2856 nulla
930 2822 1050 2869 passio
1073 2830 1126 2857 cst
1146 2823 1182 2856 in
1205 2823 1338 2856 anima.

17 2875 82 2906 'tw
145 2873 222 2910 SED
248 2884 405 2910 CONTRA
427 2883 492 2918 est,
507 2874 605 2922 quod
620 2875 822 2922 Apostolus
844 2876 931 2910 dicit
945 2876 989 2910 ad
1009 2876 1117 2911 Rom.
1141 2887 1191 2922 7.:
1216 2876 1301 2912 Cum
1324 2889 1460 2912 essemus
1482 2878 1515 2912 in
1537 2889 1648 2921 carne,

64 2929 236 2979 passiones
249 2933 482 2976 peccatorum,
501 2940 584 2976 quae-
600 2935 665 2977 per
685 2929 783 2977 legem
803 2936 910 2974 crant,
930 2932 1156 2978 operabantur
1177 2932 1209 2966 in
1230 2933 1386 2967 membris
1407 2933 1548 2976 nostris:
1571 2943 1651 2978 pec-
