<?xml version="1.0" encoding="UTF-8"?>
<!DOCTYPE html PUBLIC "-//W3C//DTD XHTML 1.0 Transitional//EN"
    "http://www.w3.org/TR/xhtml1/DTD/xhtml1-transitional.dtd">
<html xmlns="http://www.w3.org/1999/xhtml" xml:lang="en" lang="en">
 <head>
  <title>
</title>
<meta http-equiv="Content-Type" content="text/html;charset=utf-8" />
  <meta name='ocr-system' content='tesseract 3.04.00' />
  <meta name='ocr-capabilities' content='ocr_page ocr_carea ocr_par ocr_line ocrx_word'/>
</head>
<body>
  <div class='ocr_page' id='page_1' title='image "./divithomaeaquina02thomuoft_0429.png"; bbox 0 0 1907 3198; ppageno 0'>
   <div class='ocr_carea' id='block_1_1' title="bbox 0 2527 29 2761">
    <p class='ocr_par' dir='ltr' id='par_1_1' title="bbox 0 2527 29 2761">
     <span class='ocr_line' id='line_1_1' title="bbox 4 2527 29 2660; baseline 0 8"><span class='ocrx_word' id='word_1_1' title='bbox 4 2527 29 2660; x_wconf 68' lang='grc' dir='ltr'>Ξ</span> 
     </span>
     <span class='ocr_line' id='line_1_2' title="bbox 0 2709 27 2761; baseline 0 0"><span class='ocrx_word' id='word_1_2' title='bbox 0 2709 27 2761; x_wconf 77' lang='lat'>·:</span> 
     </span>
    </p>
   </div>
   <div class='ocr_carea' id='block_1_2' title="bbox 14 2936 36 2994">
    <p class='ocr_par' dir='ltr' id='par_1_2' title="bbox 14 2936 36 2994">
     <span class='ocr_line' id='line_1_3' title="bbox 14 2936 36 2994; baseline 0 0"><span class='ocrx_word' id='word_1_3' title='bbox 14 2936 36 2994; x_wconf 66' lang='lat' dir='ltr'>i</span> 
     </span>
    </p>
   </div>
   <div class='ocr_carea' id='block_1_3' title="bbox 24 3093 42 3138">
    <p class='ocr_par' dir='ltr' id='par_1_3' title="bbox 24 3093 42 3138">
     <span class='ocr_line' id='line_1_4' title="bbox 32 3093 33 3101; baseline 0 0"><span class='ocrx_word' id='word_1_4' title='bbox 32 3093 33 3101; x_wconf 67' lang='lat' dir='ltr'>l</span> 
     </span>
     <span class='ocr_line' id='line_1_5' title="bbox 24 3101 42 3138; baseline 0 -9"><span class='ocrx_word' id='word_1_5' title='bbox 24 3101 42 3138; x_wconf 31' lang='grc' dir='ltr'>,ἲς</span> 
     </span>
    </p>
   </div>
   <div class='ocr_carea' id='block_1_4' title="bbox 24 3175 43 3198">
    <p class='ocr_par' dir='ltr' id='par_1_4' title="bbox 24 3175 43 3198">
     <span class='ocr_line' id='line_1_6' title="bbox 24 3175 43 3198; baseline 0 0"><span class='ocrx_word' id='word_1_6' title='bbox 24 3175 43 3198; x_wconf 63' lang='lat'>1</span> 
     </span>
    </p>
   </div>
   <div class='ocr_carea' id='block_1_5' title="bbox 551 224 1676 268">
    <p class='ocr_par' dir='ltr' id='par_1_5' title="bbox 551 224 1676 268">
     <span class='ocr_line' id='line_1_7' title="bbox 551 224 1676 268; baseline -0.003 -12"><span class='ocrx_word' id='word_1_7' title='bbox 551 225 774 262; x_wconf 88' lang='lat' dir='ltr'><strong>QUAESTIO</strong></span> <span class='ocrx_word' id='word_1_8' title='bbox 809 225 895 255; x_wconf 89' lang='lat' dir='ltr'>LXI.</span> <span class='ocrx_word' id='word_1_9' title='bbox 930 224 1176 255; x_wconf 86' lang='lat' dir='ltr'>ARTICULUS</span> <span class='ocrx_word' id='word_1_10' title='bbox 1208 225 1265 254; x_wconf 81' lang='lat' dir='ltr'>IV.</span> <span class='ocrx_word' id='word_1_11' title='bbox 1593 225 1676 268; x_wconf 70' lang='lat'>425</span> 
     </span>
    </p>
   </div>
   <div class='ocr_carea' id='block_1_6' title="bbox 100 305 1684 1815">
    <p class='ocr_par' dir='ltr' id='par_1_6' title="bbox 100 305 1681 516">
     <span class='ocr_line' id='line_1_8' title="bbox 103 305 1680 354; baseline -0.001 -12"><span class='ocrx_word' id='word_1_12' title='bbox 103 307 186 343; x_wconf 89' lang='lat' dir='ltr'>dem</span> <span class='ocrx_word' id='word_1_13' title='bbox 207 307 352 342; x_wconf 87' lang='lat' dir='ltr'>illarum</span> <span class='ocrx_word' id='word_1_14' title='bbox 375 307 419 342; x_wconf 93' lang='lat' dir='ltr'>ad</span> <span class='ocrx_word' id='word_1_15' title='bbox 442 319 553 342; x_wconf 89' lang='lat' dir='ltr'>unam</span> <span class='ocrx_word' id='word_1_16' title='bbox 575 308 778 350; x_wconf 82' lang='lat' dir='ltr'>materiam,</span> <span class='ocrx_word' id='word_1_17' title='bbox 801 307 837 342; x_wconf 88' lang='lat' dir='ltr'>in</span> <span class='ocrx_word' id='word_1_18' title='bbox 860 319 930 354; x_wconf 88' lang='lat' dir='ltr'>qua</span> <span class='ocrx_word' id='word_1_19' title='bbox 951 306 1198 354; x_wconf 79' lang='lat' dir='ltr'>principaliter</span> <span class='ocrx_word' id='word_1_20' title='bbox 1219 306 1386 340; x_wconf 82' lang='lat' dir='ltr'>laudatur</span> <span class='ocrx_word' id='word_1_21' title='bbox 1412 305 1473 340; x_wconf 86' lang='lat' dir='ltr'>illa</span> <span class='ocrx_word' id='word_1_22' title='bbox 1501 305 1680 352; x_wconf 84' lang='lat' dir='ltr'>generalis</span> 
     </span>
     <span class='ocr_line' id='line_1_9' title="bbox 102 360 1681 409; baseline -0.002 -12"><span class='ocrx_word' id='word_1_23' title='bbox 102 362 276 404; x_wconf 88' lang='lat' dir='ltr'>conditio,</span> <span class='ocrx_word' id='word_1_24' title='bbox 300 373 318 396; x_wconf 91' lang='lat' dir='ltr'>a</span> <span class='ocrx_word' id='word_1_25' title='bbox 340 373 411 409; x_wconf 82' lang='lat' dir='ltr'>qua</span> <span class='ocrx_word' id='word_1_26' title='bbox 432 373 569 396; x_wconf 87' lang='lat' dir='ltr'>nomen</span> <span class='ocrx_word' id='word_1_27' title='bbox 591 362 731 396; x_wconf 81' lang='lat' dir='ltr'>virtutis</span> <span class='ocrx_word' id='word_1_28' title='bbox 754 362 939 409; x_wconf 82' lang='lat' dir='ltr'>accipitur,</span> <span class='ocrx_word' id='word_1_29' title='bbox 962 369 1000 395; x_wconf 92' lang='lat' dir='ltr'>ut</span> <span class='ocrx_word' id='word_1_30' title='bbox 1021 372 1128 408; x_wconf 88' lang='lat' dir='ltr'>supra</span> <span class='ocrx_word' id='word_1_31' title='bbox 1152 361 1289 395; x_wconf 88' lang='lat' dir='ltr'>dictum</span> <span class='ocrx_word' id='word_1_32' title='bbox 1312 367 1365 395; x_wconf 86' lang='lat' dir='ltr'>est</span> <span class='ocrx_word' id='word_1_33' title='bbox 1387 360 1626 407; x_wconf 56' lang='lat' dir='ltr'>(arLspnnma),</span> <span class='ocrx_word' id='word_1_34' title='bbox 1647 368 1681 394; x_wconf 92' lang='lat' dir='ltr'>et</span> 
     </span>
     <span class='ocr_line' id='line_1_10' title="bbox 101 414 1680 462; baseline -0.002 -11"><span class='ocrx_word' id='word_1_35' title='bbox 101 415 302 451; x_wconf 88' lang='lat' dir='ltr'>secundum</span> <span class='ocrx_word' id='word_1_36' title='bbox 323 416 394 450; x_wconf 90' lang='lat' dir='ltr'>hoc</span> <span class='ocrx_word' id='word_1_37' title='bbox 418 415 652 450; x_wconf 86' lang='lat' dir='ltr'>manifestum</span> <span class='ocrx_word' id='word_1_38' title='bbox 675 425 738 458; x_wconf 86' lang='lat' dir='ltr'>est,</span> <span class='ocrx_word' id='word_1_39' title='bbox 761 416 856 462; x_wconf 87' lang='lat' dir='ltr'>quod</span> <span class='ocrx_word' id='word_1_40' title='bbox 880 415 1085 462; x_wconf 77' lang='lat' dir='ltr'>praedictae</span> <span class='ocrx_word' id='word_1_41' title='bbox 1108 415 1257 449; x_wconf 80' lang='lat' dir='ltr'>virtutes</span> <span class='ocrx_word' id='word_1_42' title='bbox 1280 422 1362 449; x_wconf 88' lang='lat' dir='ltr'>sunt</span> <span class='ocrx_word' id='word_1_43' title='bbox 1383 414 1515 449; x_wconf 70' lang='lat' dir='ltr'>diversi</span> <span class='ocrx_word' id='word_1_44' title='bbox 1535 414 1680 449; x_wconf 88' lang='lat' dir='ltr'>habitus</span> 
     </span>
     <span class='ocr_line' id='line_1_11' title="bbox 100 469 1006 516; baseline -0.002 -11"><span class='ocrx_word' id='word_1_45' title='bbox 100 470 302 505; x_wconf 88' lang='lat' dir='ltr'>secundum</span> <span class='ocrx_word' id='word_1_46' title='bbox 323 470 569 504; x_wconf 81' lang='lat' dir='ltr'>diversitatem</span> <span class='ocrx_word' id='word_1_47' title='bbox 589 470 818 516; x_wconf 80' lang='lat' dir='ltr'>objectorum</span> <span class='ocrx_word' id='word_1_48' title='bbox 837 469 1006 504; x_wconf 90' lang='lat' dir='ltr'>distincti.</span> 
     </span>
    </p>

    <p class='ocr_par' dir='ltr' id='par_1_7' title="bbox 100 521 1684 1436">
     <span class='ocr_line' id='line_1_12' title="bbox 173 521 1681 570; baseline -0.001 -12"><span class='ocrx_word' id='word_1_49' title='bbox 173 523 234 559; x_wconf 85' lang='lat' dir='ltr'>AD</span> <span class='ocrx_word' id='word_1_50' title='bbox 260 534 410 559; x_wconf 79' lang='lat' dir='ltr'><strong>PRIMUM</strong></span> <span class='ocrx_word' id='word_1_51' title='bbox 437 534 524 570; x_wconf 88' lang='lat' dir='ltr'>ergo</span> <span class='ocrx_word' id='word_1_52' title='bbox 553 523 760 566; x_wconf 88' lang='lat' dir='ltr'>dicendum,</span> <span class='ocrx_word' id='word_1_53' title='bbox 789 523 885 570; x_wconf 90' lang='lat' dir='ltr'>quod</span> <span class='ocrx_word' id='word_1_54' title='bbox 910 523 1021 569; x_wconf 85' lang='lat' dir='ltr'>Greg.</span> <span class='ocrx_word' id='word_1_55' title='bbox 1050 521 1210 569; x_wconf 91' lang='lat' dir='ltr'>loquitur</span> <span class='ocrx_word' id='word_1_56' title='bbox 1237 523 1279 557; x_wconf 89' lang='lat' dir='ltr'>de</span> <span class='ocrx_word' id='word_1_57' title='bbox 1306 522 1499 569; x_wconf 86' lang='lat' dir='ltr'>praedictis</span> <span class='ocrx_word' id='word_1_58' title='bbox 1526 529 1681 569; x_wconf 82' lang='lat' dir='ltr'>quatuor</span> 
     </span>
     <span class='ocr_line' id='line_1_13' title="bbox 100 576 1681 624; baseline -0.001 -12"><span class='ocrx_word' id='word_1_59' title='bbox 100 577 290 612; x_wconf 87' lang='lat' dir='ltr'>virtutibus</span> <span class='ocrx_word' id='word_1_60' title='bbox 308 576 511 612; x_wconf 89' lang='lat' dir='ltr'>secundum</span> <span class='ocrx_word' id='word_1_61' title='bbox 526 577 682 624; x_wconf 83' lang='lat' dir='ltr'>primam</span> <span class='ocrx_word' id='word_1_62' title='bbox 703 578 967 624; x_wconf 89' lang='lat' dir='ltr'>acceptionem.</span> <span class='ocrx_word' id='word_1_63' title='bbox 983 576 1052 611; x_wconf 86' lang='lat' dir='ltr'>Vel</span> <span class='ocrx_word' id='word_1_64' title='bbox 1071 585 1191 623; x_wconf 86' lang='lat' dir='ltr'>potest</span> <span class='ocrx_word' id='word_1_65' title='bbox 1206 576 1287 618; x_wconf 84' lang='lat' dir='ltr'>dici,</span> <span class='ocrx_word' id='word_1_66' title='bbox 1304 577 1400 623; x_wconf 91' lang='lat' dir='ltr'>quod</span> <span class='ocrx_word' id='word_1_67' title='bbox 1420 577 1509 611; x_wconf 90' lang='lat' dir='ltr'>istae</span> <span class='ocrx_word' id='word_1_68' title='bbox 1526 584 1681 623; x_wconf 87' lang='lat' dir='ltr'>quatuor</span> 
     </span>
     <span class='ocr_line' id='line_1_14' title="bbox 100 630 1681 678; baseline -0.001 -12"><span class='ocrx_word' id='word_1_69' title='bbox 100 631 251 666; x_wconf 90' lang='lat' dir='ltr'>virtutes</span> <span class='ocrx_word' id='word_1_70' title='bbox 278 631 561 666; x_wconf 87' lang='lat' dir='ltr'>denominantur</span> <span class='ocrx_word' id='word_1_71' title='bbox 589 631 631 665; x_wconf 90' lang='lat' dir='ltr'>ab</span> <span class='ocrx_word' id='word_1_72' title='bbox 660 631 817 666; x_wconf 89' lang='lat' dir='ltr'>invicem</span> <span class='ocrx_word' id='word_1_73' title='bbox 852 643 915 678; x_wconf 88' lang='lat' dir='ltr'>per</span> <span class='ocrx_word' id='word_1_74' title='bbox 951 631 1229 665; x_wconf 84' lang='lat' dir='ltr'>redundantiam</span> <span class='ocrx_word' id='word_1_75' title='bbox 1266 630 1475 677; x_wconf 85' lang='lat' dir='ltr'>quamdam.</span> <span class='ocrx_word' id='word_1_76' title='bbox 1504 631 1543 664; x_wconf 89' lang='lat' dir='ltr'>Id</span> <span class='ocrx_word' id='word_1_77' title='bbox 1571 630 1681 673; x_wconf 88' lang='lat' dir='ltr'>enim,</span> 
     </span>
     <span class='ocr_line' id='line_1_15' title="bbox 101 684 1681 733; baseline -0.001 -13"><span class='ocrx_word' id='word_1_78' title='bbox 101 685 198 733; x_wconf 90' lang='lat' dir='ltr'>quod</span> <span class='ocrx_word' id='word_1_79' title='bbox 221 693 275 720; x_wconf 90' lang='lat' dir='ltr'>est</span> <span class='ocrx_word' id='word_1_80' title='bbox 294 685 517 733; x_wconf 84' lang='lat' dir='ltr'>prudentiae,</span> <span class='ocrx_word' id='word_1_81' title='bbox 541 685 718 720; x_wconf 85' lang='lat' dir='ltr'>redundat</span> <span class='ocrx_word' id='word_1_82' title='bbox 743 686 779 719; x_wconf 90' lang='lat' dir='ltr'>in</span> <span class='ocrx_word' id='word_1_83' title='bbox 807 685 895 720; x_wconf 89' lang='lat' dir='ltr'>alias</span> <span class='ocrx_word' id='word_1_84' title='bbox 917 685 1078 727; x_wconf 88' lang='lat' dir='ltr'>virtutes,</span> <span class='ocrx_word' id='word_1_85' title='bbox 1106 685 1322 731; x_wconf 85' lang='lat' dir='ltr'>inquantum</span> <span class='ocrx_word' id='word_1_86' title='bbox 1348 696 1366 718; x_wconf 89' lang='lat' dir='ltr'>a</span> <span class='ocrx_word' id='word_1_87' title='bbox 1389 685 1578 731; x_wconf 87' lang='lat' dir='ltr'>prudentia</span> <span class='ocrx_word' id='word_1_88' title='bbox 1602 684 1681 718; x_wconf 90' lang='lat' dir='ltr'>diri-</span> 
     </span>
     <span class='ocr_line' id='line_1_16' title="bbox 101 738 1682 787; baseline -0.001 -13"><span class='ocrx_word' id='word_1_89' title='bbox 101 746 252 787; x_wconf 89' lang='lat' dir='ltr'>guntur:</span> <span class='ocrx_word' id='word_1_90' title='bbox 279 750 518 786; x_wconf 89' lang='lat' dir='ltr'>unaquaeque</span> <span class='ocrx_word' id='word_1_91' title='bbox 544 750 631 774; x_wconf 88' lang='lat' dir='ltr'>vero</span> <span class='ocrx_word' id='word_1_92' title='bbox 660 739 813 773; x_wconf 87' lang='lat' dir='ltr'>aliarum</span> <span class='ocrx_word' id='word_1_93' title='bbox 848 739 1023 774; x_wconf 85' lang='lat' dir='ltr'>redundat</span> <span class='ocrx_word' id='word_1_94' title='bbox 1057 739 1092 773; x_wconf 89' lang='lat' dir='ltr'>in</span> <span class='ocrx_word' id='word_1_95' title='bbox 1121 738 1209 773; x_wconf 89' lang='lat' dir='ltr'>alias</span> <span class='ocrx_word' id='word_1_96' title='bbox 1237 750 1279 773; x_wconf 92' lang='lat' dir='ltr'>ea</span> <span class='ocrx_word' id='word_1_97' title='bbox 1307 738 1458 781; x_wconf 87' lang='lat' dir='ltr'>ratione,</span> <span class='ocrx_word' id='word_1_98' title='bbox 1494 738 1592 785; x_wconf 85' lang='lat' dir='ltr'>quod</span> <span class='ocrx_word' id='word_1_99' title='bbox 1620 738 1682 785; x_wconf 90' lang='lat' dir='ltr'>qui</span> 
     </span>
     <span class='ocr_line' id='line_1_17' title="bbox 101 792 1680 842; baseline -0.002 -13"><span class='ocrx_word' id='word_1_100' title='bbox 101 801 220 842; x_wconf 90' lang='lat' dir='ltr'>potest</span> <span class='ocrx_word' id='word_1_101' title='bbox 240 793 338 841; x_wconf 89' lang='lat' dir='ltr'>quod</span> <span class='ocrx_word' id='word_1_102' title='bbox 360 801 414 829; x_wconf 90' lang='lat' dir='ltr'>est</span> <span class='ocrx_word' id='word_1_103' title='bbox 435 792 627 836; x_wconf 88' lang='lat' dir='ltr'>difficilius,</span> <span class='ocrx_word' id='word_1_104' title='bbox 649 801 769 840; x_wconf 90' lang='lat' dir='ltr'>potest</span> <span class='ocrx_word' id='word_1_105' title='bbox 787 801 822 828; x_wconf 90' lang='lat' dir='ltr'>et</span> <span class='ocrx_word' id='word_1_106' title='bbox 843 794 877 828; x_wconf 90' lang='lat' dir='ltr'>id</span> <span class='ocrx_word' id='word_1_107' title='bbox 901 794 998 840; x_wconf 87' lang='lat' dir='ltr'>quod</span> <span class='ocrx_word' id='word_1_108' title='bbox 1021 793 1140 828; x_wconf 90' lang='lat' dir='ltr'>minus</span> <span class='ocrx_word' id='word_1_109' title='bbox 1163 801 1217 828; x_wconf 84' lang='lat' dir='ltr'>est</span> <span class='ocrx_word' id='word_1_110' title='bbox 1236 792 1399 828; x_wconf 86' lang='lat' dir='ltr'>difficile:</span> <span class='ocrx_word' id='word_1_111' title='bbox 1424 793 1519 828; x_wconf 84' lang='lat' dir='ltr'>unde</span> <span class='ocrx_word' id='word_1_112' title='bbox 1540 793 1599 839; x_wconf 88' lang='lat' dir='ltr'>qui</span> <span class='ocrx_word' id='word_1_113' title='bbox 1620 803 1680 839; x_wconf 92' lang='lat' dir='ltr'>po-</span> 
     </span>
     <span class='ocr_line' id='line_1_18' title="bbox 100 847 1680 894; baseline -0.002 -11"><span class='ocrx_word' id='word_1_114' title='bbox 100 856 171 883; x_wconf 89' lang='lat' dir='ltr'>test</span> <span class='ocrx_word' id='word_1_115' title='bbox 191 847 395 883; x_wconf 86' lang='lat' dir='ltr'>refraenare</span> <span class='ocrx_word' id='word_1_116' title='bbox 417 848 732 894; x_wconf 85' lang='lat' dir='ltr'>concupiscentias</span> <span class='ocrx_word' id='word_1_117' title='bbox 756 847 1025 882; x_wconf 84' lang='lat' dir='ltr'>delectabilium</span> <span class='ocrx_word' id='word_1_118' title='bbox 1053 847 1254 882; x_wconf 89' lang='lat' dir='ltr'>secundum</span> <span class='ocrx_word' id='word_1_119' title='bbox 1281 855 1431 890; x_wconf 89' lang='lat' dir='ltr'>tactum,</span> <span class='ocrx_word' id='word_1_120' title='bbox 1459 858 1503 881; x_wconf 91' lang='lat' dir='ltr'>ne</span> <span class='ocrx_word' id='word_1_121' title='bbox 1527 847 1680 881; x_wconf 89' lang='lat' dir='ltr'>modum</span> 
     </span>
     <span class='ocr_line' id='line_1_19' title="bbox 101 900 1681 949; baseline -0.001 -13"><span class='ocrx_word' id='word_1_122' title='bbox 101 902 288 945; x_wconf 88' lang='lat' dir='ltr'>excedant,</span> <span class='ocrx_word' id='word_1_123' title='bbox 311 901 408 949; x_wconf 92' lang='lat' dir='ltr'>quod</span> <span class='ocrx_word' id='word_1_124' title='bbox 430 910 483 937; x_wconf 89' lang='lat' dir='ltr'>est</span> <span class='ocrx_word' id='word_1_125' title='bbox 504 901 772 944; x_wconf 87' lang='lat' dir='ltr'>difficillimum,</span> <span class='ocrx_word' id='word_1_126' title='bbox 795 914 836 936; x_wconf 86' lang='lat' dir='ltr'>ex</span> <span class='ocrx_word' id='word_1_127' title='bbox 864 901 935 936; x_wconf 86' lang='lat' dir='ltr'>hoc</span> <span class='ocrx_word' id='word_1_128' title='bbox 963 902 1042 949; x_wconf 91' lang='lat' dir='ltr'>ipso</span> <span class='ocrx_word' id='word_1_129' title='bbox 1069 902 1228 937; x_wconf 87' lang='lat' dir='ltr'>redditur</span> <span class='ocrx_word' id='word_1_130' title='bbox 1255 901 1412 936; x_wconf 88' lang='lat' dir='ltr'>habilior</span> <span class='ocrx_word' id='word_1_131' title='bbox 1438 909 1476 935; x_wconf 92' lang='lat' dir='ltr'>ut</span> <span class='ocrx_word' id='word_1_132' title='bbox 1503 900 1681 936; x_wconf 84' lang='lat' dir='ltr'>refraenet</span> 
     </span>
     <span class='ocr_line' id='line_1_20' title="bbox 102 953 1682 1003; baseline -0.001 -13"><span class='ocrx_word' id='word_1_133' title='bbox 102 955 295 991; x_wconf 89' lang='lat' dir='ltr'>audaciam</span> <span class='ocrx_word' id='word_1_134' title='bbox 316 956 353 990; x_wconf 91' lang='lat' dir='ltr'>in</span> <span class='ocrx_word' id='word_1_135' title='bbox 374 955 544 1003; x_wconf 91' lang='lat' dir='ltr'>periculis</span> <span class='ocrx_word' id='word_1_136' title='bbox 567 957 707 998; x_wconf 89' lang='lat' dir='ltr'>mortis,</span> <span class='ocrx_word' id='word_1_137' title='bbox 729 967 774 990; x_wconf 91' lang='lat' dir='ltr'>ne</span> <span class='ocrx_word' id='word_1_138' title='bbox 797 955 888 990; x_wconf 89' lang='lat' dir='ltr'>ultra</span> <span class='ocrx_word' id='word_1_139' title='bbox 911 956 1065 990; x_wconf 90' lang='lat' dir='ltr'>modum</span> <span class='ocrx_word' id='word_1_140' title='bbox 1087 955 1272 1002; x_wconf 90' lang='lat' dir='ltr'>procedat,</span> <span class='ocrx_word' id='word_1_141' title='bbox 1295 955 1393 1002; x_wconf 90' lang='lat' dir='ltr'>quod</span> <span class='ocrx_word' id='word_1_142' title='bbox 1421 963 1474 989; x_wconf 91' lang='lat' dir='ltr'>est</span> <span class='ocrx_word' id='word_1_143' title='bbox 1500 955 1611 1001; x_wconf 83' lang='lat' dir='ltr'>longe</span> <span class='ocrx_word' id='word_1_144' title='bbox 1633 953 1682 988; x_wconf 89' lang='lat' dir='ltr'>fa-</span> 
     </span>
     <span class='ocr_line' id='line_1_21' title="bbox 102 1008 1680 1057; baseline -0.002 -11"><span class='ocrx_word' id='word_1_145' title='bbox 102 1009 224 1046; x_wconf 88' lang='lat' dir='ltr'>cilius:</span> <span class='ocrx_word' id='word_1_146' title='bbox 252 1018 287 1046; x_wconf 91' lang='lat' dir='ltr'>et</span> <span class='ocrx_word' id='word_1_147' title='bbox 312 1011 514 1046; x_wconf 88' lang='lat' dir='ltr'>secundum</span> <span class='ocrx_word' id='word_1_148' title='bbox 539 1011 611 1045; x_wconf 91' lang='lat' dir='ltr'>hoc</span> <span class='ocrx_word' id='word_1_149' title='bbox 638 1009 812 1045; x_wconf 89' lang='lat' dir='ltr'>fortitudo</span> <span class='ocrx_word' id='word_1_150' title='bbox 839 1010 969 1044; x_wconf 89' lang='lat' dir='ltr'>dicitur</span> <span class='ocrx_word' id='word_1_151' title='bbox 994 1010 1245 1057; x_wconf 85' lang='lat' dir='ltr'>temperantia.</span> <span class='ocrx_word' id='word_1_152' title='bbox 1281 1008 1543 1056; x_wconf 85' lang='lat' dir='ltr'>Temperantia</span> <span class='ocrx_word' id='word_1_153' title='bbox 1570 1009 1680 1043; x_wconf 88' lang='lat' dir='ltr'>etiam</span> 
     </span>
     <span class='ocr_line' id='line_1_22' title="bbox 101 1063 1683 1111; baseline -0.001 -12"><span class='ocrx_word' id='word_1_154' title='bbox 101 1064 231 1100; x_wconf 87' lang='lat' dir='ltr'>dicitur</span> <span class='ocrx_word' id='word_1_155' title='bbox 251 1063 353 1099; x_wconf 90' lang='lat' dir='ltr'>fortis</span> <span class='ocrx_word' id='word_1_156' title='bbox 374 1076 417 1100; x_wconf 86' lang='lat' dir='ltr'>ex</span> <span class='ocrx_word' id='word_1_157' title='bbox 433 1064 671 1099; x_wconf 87' lang='lat' dir='ltr'>redundantia</span> <span class='ocrx_word' id='word_1_158' title='bbox 697 1063 916 1099; x_wconf 87' lang='lat' dir='ltr'>fortitudinis</span> <span class='ocrx_word' id='word_1_159' title='bbox 931 1064 966 1098; x_wconf 90' lang='lat' dir='ltr'>in</span> <span class='ocrx_word' id='word_1_160' title='bbox 982 1064 1283 1111; x_wconf 83' lang='lat' dir='ltr'>temperantiam3</span> <span class='ocrx_word' id='word_1_161' title='bbox 1306 1063 1523 1110; x_wconf 87' lang='lat' dir='ltr'>inquantum</span> <span class='ocrx_word' id='word_1_162' title='bbox 1542 1063 1683 1098; x_wconf 88' lang='lat' dir='ltr'>scilicet</span> 
     </span>
     <span class='ocr_line' id='line_1_23' title="bbox 100 1117 1681 1166; baseline -0.001 -13"><span class='ocrx_word' id='word_1_163' title='bbox 100 1117 174 1162; x_wconf 91' lang='lat' dir='ltr'>ille,</span> <span class='ocrx_word' id='word_1_164' title='bbox 195 1118 257 1166; x_wconf 90' lang='lat' dir='ltr'>qui</span> <span class='ocrx_word' id='word_1_165' title='bbox 274 1130 338 1166; x_wconf 91' lang='lat' dir='ltr'>per</span> <span class='ocrx_word' id='word_1_166' title='bbox 359 1117 607 1154; x_wconf 88' lang='lat' dir='ltr'>fortitudinem</span> <span class='ocrx_word' id='word_1_167' title='bbox 623 1118 732 1153; x_wconf 88' lang='lat' dir='ltr'>habet</span> <span class='ocrx_word' id='word_1_168' title='bbox 747 1118 912 1152; x_wconf 87' lang='lat' dir='ltr'>animum</span> <span class='ocrx_word' id='word_1_169' title='bbox 926 1117 1074 1152; x_wconf 85' lang='lat' dir='ltr'>firmum</span> <span class='ocrx_word' id='word_1_170' title='bbox 1094 1126 1220 1152; x_wconf 87' lang='lat' dir='ltr'>contra</span> <span class='ocrx_word' id='word_1_171' title='bbox 1243 1117 1405 1165; x_wconf 89' lang='lat' dir='ltr'>pericula</span> <span class='ocrx_word' id='word_1_172' title='bbox 1424 1118 1564 1160; x_wconf 87' lang='lat' dir='ltr'>mortis,</span> <span class='ocrx_word' id='word_1_173' title='bbox 1583 1118 1681 1164; x_wconf 89' lang='lat' dir='ltr'>quod</span> 
     </span>
     <span class='ocr_line' id='line_1_24' title="bbox 102 1171 1683 1219; baseline -0.001 -12"><span class='ocrx_word' id='word_1_174' title='bbox 102 1180 156 1207; x_wconf 90' lang='lat' dir='ltr'>est</span> <span class='ocrx_word' id='word_1_175' title='bbox 176 1171 445 1215; x_wconf 87' lang='lat' dir='ltr'>difficillimum,</span> <span class='ocrx_word' id='word_1_176' title='bbox 467 1180 520 1207; x_wconf 87' lang='lat' dir='ltr'>est</span> <span class='ocrx_word' id='word_1_177' title='bbox 541 1172 697 1207; x_wconf 88' lang='lat' dir='ltr'>habilior</span> <span class='ocrx_word' id='word_1_178' title='bbox 716 1180 753 1206; x_wconf 91' lang='lat' dir='ltr'>ut</span> <span class='ocrx_word' id='word_1_179' title='bbox 770 1172 923 1207; x_wconf 87' lang='lat' dir='ltr'>retineat</span> <span class='ocrx_word' id='word_1_180' title='bbox 945 1172 1058 1206; x_wconf 89' lang='lat' dir='ltr'>animi</span> <span class='ocrx_word' id='word_1_181' title='bbox 1076 1171 1287 1207; x_wconf 85' lang='lat' dir='ltr'>firmitatem</span> <span class='ocrx_word' id='word_1_182' title='bbox 1308 1180 1435 1206; x_wconf 88' lang='lat' dir='ltr'>contra</span> <span class='ocrx_word' id='word_1_183' title='bbox 1450 1172 1607 1219; x_wconf 89' lang='lat' dir='ltr'>impetus</span> <span class='ocrx_word' id='word_1_184' title='bbox 1626 1172 1683 1206; x_wconf 89' lang='lat' dir='ltr'>de-</span> 
     </span>
     <span class='ocr_line' id='line_1_25' title="bbox 101 1225 1682 1274; baseline -0.001 -12"><span class='ocrx_word' id='word_1_185' title='bbox 101 1226 356 1262; x_wconf 89' lang='lat' dir='ltr'>lectationum:</span> <span class='ocrx_word' id='word_1_186' title='bbox 391 1227 487 1274; x_wconf 89' lang='lat' dir='ltr'>quia,</span> <span class='ocrx_word' id='word_1_187' title='bbox 514 1234 552 1261; x_wconf 91' lang='lat' dir='ltr'>ut</span> <span class='ocrx_word' id='word_1_188' title='bbox 578 1227 665 1261; x_wconf 87' lang='lat' dir='ltr'>dicit</span> <span class='ocrx_word' id='word_1_189' title='bbox 698 1225 842 1261; x_wconf 87' lang='lat' dir='ltr'>Tullius</span> <span class='ocrx_word' id='word_1_190' title='bbox 876 1226 913 1260; x_wconf 90' lang='lat' dir='ltr'>in</span> <span class='ocrx_word' id='word_1_191' title='bbox 949 1237 976 1260; x_wconf 87' lang='lat'>1.</span> <span class='ocrx_word' id='word_1_192' title='bbox 1012 1226 1055 1260; x_wconf 91' lang='lat' dir='ltr'>de</span> <span class='ocrx_word' id='word_1_193' title='bbox 1093 1225 1200 1261; x_wconf 74' lang='lat' dir='ltr'>Offic.</span> <span class='ocrx_word' id='word_1_194' title='bbox 1231 1225 1308 1271; x_wconf 78' lang='lat' dir='ltr'>(cir.</span> <span class='ocrx_word' id='word_1_195' title='bbox 1345 1226 1424 1261; x_wconf 62' lang='lat' dir='ltr'>nied.</span> <span class='ocrx_word' id='word_1_196' title='bbox 1454 1227 1488 1260; x_wconf 83' lang='lat' dir='ltr'>in</span> <span class='ocrx_word' id='word_1_197' title='bbox 1523 1228 1569 1260; x_wconf 78' lang='lat' dir='ltr'>tit.</span> <span class='ocrx_word' id='word_1_198' title='bbox 1597 1227 1682 1260; x_wconf 65' lang='lat' dir='ltr'>Vera</span> 
     </span>
     <span class='ocr_line' id='line_1_26' title="bbox 102 1279 1681 1328; baseline -0.001 -12"><span class='ocrx_word' id='word_1_199' title='bbox 102 1283 308 1328; x_wconf 81' lang='lat' dir='ltr'>magnanim.</span> <span class='ocrx_word' id='word_1_200' title='bbox 330 1283 365 1316; x_wconf 86' lang='lat' dir='ltr'>in</span> <span class='ocrx_word' id='word_1_201' title='bbox 385 1281 482 1317; x_wconf 82' lang='lat' dir='ltr'>duob.</span> <span class='ocrx_word' id='word_1_202' title='bbox 503 1281 584 1327; x_wconf 76' lang='lat' dir='ltr'>sita)</span> <span class='ocrx_word' id='word_1_203' title='bbox 614 1293 688 1315; x_wconf 88' lang='lat' dir='ltr'>non</span> <span class='ocrx_word' id='word_1_204' title='bbox 716 1288 770 1315; x_wconf 89' lang='lat' dir='ltr'>est</span> <span class='ocrx_word' id='word_1_205' title='bbox 800 1288 1102 1322; x_wconf 87' lang='lat' dir='ltr'>consentaneum,</span> <span class='ocrx_word' id='word_1_206' title='bbox 1126 1288 1164 1314; x_wconf 92' lang='lat' dir='ltr'>ut</span> <span class='ocrx_word' id='word_1_207' title='bbox 1186 1280 1244 1326; x_wconf 92' lang='lat' dir='ltr'>qui</span> <span class='ocrx_word' id='word_1_208' title='bbox 1268 1289 1368 1315; x_wconf 87' lang='lat' dir='ltr'>metu</span> <span class='ocrx_word' id='word_1_209' title='bbox 1390 1292 1465 1314; x_wconf 90' lang='lat' dir='ltr'>non</span> <span class='ocrx_word' id='word_1_210' title='bbox 1493 1279 1681 1327; x_wconf 72' lang='lat' dir='ltr'>frangitur,</span> 
     </span>
     <span class='ocr_line' id='line_1_27' title="bbox 103 1333 1684 1382; baseline -0.001 -12"><span class='ocrx_word' id='word_1_211' title='bbox 103 1335 297 1382; x_wconf 90' lang='lat' dir='ltr'>cupiditate</span> <span class='ocrx_word' id='word_1_212' title='bbox 318 1334 523 1382; x_wconf 82' lang='lat' dir='ltr'>frangatur3</span> <span class='ocrx_word' id='word_1_213' title='bbox 546 1347 612 1369; x_wconf 91' lang='lat' dir='ltr'>nec</span> <span class='ocrx_word' id='word_1_214' title='bbox 636 1335 700 1382; x_wconf 88' lang='lat' dir='ltr'>qui</span> <span class='ocrx_word' id='word_1_215' title='bbox 723 1334 899 1368; x_wconf 86' lang='lat' dir='ltr'>invictum</span> <span class='ocrx_word' id='word_1_216' title='bbox 918 1345 955 1369; x_wconf 90' lang='lat' dir='ltr'>se</span> <span class='ocrx_word' id='word_1_217' title='bbox 979 1346 998 1368; x_wconf 91' lang='lat' dir='ltr'>a</span> <span class='ocrx_word' id='word_1_218' title='bbox 1019 1333 1143 1368; x_wconf 87' lang='lat' dir='ltr'>labore</span> <span class='ocrx_word' id='word_1_219' title='bbox 1163 1334 1391 1380; x_wconf 85' lang='lat' dir='ltr'>praestiterit,</span> <span class='ocrx_word' id='word_1_220' title='bbox 1413 1334 1544 1368; x_wconf 78' lang='lat' dir='ltr'>vincia</span> <span class='ocrx_word' id='word_1_221' title='bbox 1559 1335 1684 1381; x_wconf 83' lang='lat' dir='ltr'>volup-</span> 
     </span>
     <span class='ocr_line' id='line_1_28' title="bbox 101 1388 535 1436; baseline 0 -12"><span class='ocrx_word' id='word_1_222' title='bbox 101 1397 174 1424; x_wconf 87' lang='lat' dir='ltr'>tate</span> <span class='ocrx_word' id='word_1_223' title='bbox 195 1388 390 1436; x_wconf 84' lang='lat' dir='ltr'>aliquando</span> <span class='ocrx_word' id='word_1_224' title='bbox 413 1389 535 1436; x_wconf 90' lang='lat' dir='ltr'>possit.</span> 
     </span>
    </p>

    <p class='ocr_par' dir='ltr' id='par_1_8' title="bbox 102 1441 1682 1652">
     <span class='ocr_line' id='line_1_29' title="bbox 173 1441 1682 1490; baseline -0.001 -13"><span class='ocrx_word' id='word_1_225' title='bbox 173 1441 218 1477; x_wconf 89' lang='lat' dir='ltr'>Et</span> <span class='ocrx_word' id='word_1_226' title='bbox 238 1454 300 1490; x_wconf 91' lang='lat' dir='ltr'>per</span> <span class='ocrx_word' id='word_1_227' title='bbox 321 1442 393 1477; x_wconf 89' lang='lat' dir='ltr'>hoc</span> <span class='ocrx_word' id='word_1_228' title='bbox 416 1443 526 1477; x_wconf 87' lang='lat' dir='ltr'>etiam</span> <span class='ocrx_word' id='word_1_229' title='bbox 545 1450 643 1489; x_wconf 89' lang='lat' dir='ltr'>patet</span> <span class='ocrx_word' id='word_1_230' title='bbox 664 1442 854 1489; x_wconf 88' lang='lat' dir='ltr'>responsio</span> <span class='ocrx_word' id='word_1_231' title='bbox 873 1453 923 1477; x_wconf 79' lang='lat' dir='ltr'>AD</span> <span class='ocrx_word' id='word_1_232' title='bbox 939 1452 1167 1477; x_wconf 79' lang='lat' dir='ltr'>SECUNDUM:</span> <span class='ocrx_word' id='word_1_233' title='bbox 1190 1442 1240 1476; x_wconf 88' lang='lat' dir='ltr'>sic</span> <span class='ocrx_word' id='word_1_234' title='bbox 1265 1442 1363 1476; x_wconf 88' lang='lat' dir='ltr'>enim</span> <span class='ocrx_word' id='word_1_235' title='bbox 1385 1442 1626 1489; x_wconf 83' lang='lat' dir='ltr'>temperantia</span> <span class='ocrx_word' id='word_1_236' title='bbox 1647 1442 1682 1476; x_wconf 91' lang='lat' dir='ltr'>in</span> 
     </span>
     <span class='ocr_line' id='line_1_30' title="bbox 102 1495 1682 1543; baseline -0.002 -10"><span class='ocrx_word' id='word_1_237' title='bbox 102 1497 271 1533; x_wconf 87' lang='lat' dir='ltr'>omnibus</span> <span class='ocrx_word' id='word_1_238' title='bbox 293 1497 445 1531; x_wconf 87' lang='lat' dir='ltr'>modum</span> <span class='ocrx_word' id='word_1_239' title='bbox 469 1505 604 1540; x_wconf 86' lang='lat' dir='ltr'>servat;</span> <span class='ocrx_word' id='word_1_240' title='bbox 627 1505 661 1532; x_wconf 91' lang='lat' dir='ltr'>et</span> <span class='ocrx_word' id='word_1_241' title='bbox 688 1495 861 1531; x_wconf 86' lang='lat' dir='ltr'>fortitudo</span> <span class='ocrx_word' id='word_1_242' title='bbox 890 1505 1016 1531; x_wconf 88' lang='lat' dir='ltr'>contra</span> <span class='ocrx_word' id='word_1_243' title='bbox 1043 1496 1231 1530; x_wconf 87' lang='lat' dir='ltr'>illecebras</span> <span class='ocrx_word' id='word_1_244' title='bbox 1259 1495 1489 1543; x_wconf 78' lang='lat' dir='ltr'>voluptatum</span> <span class='ocrx_word' id='word_1_245' title='bbox 1518 1497 1682 1531; x_wconf 87' lang='lat' dir='ltr'>animum</span> 
     </span>
     <span class='ocr_line' id='line_1_31' title="bbox 102 1550 1682 1598; baseline 0 -12"><span class='ocrx_word' id='word_1_246' title='bbox 102 1559 222 1587; x_wconf 88' lang='lat' dir='ltr'>servat</span> <span class='ocrx_word' id='word_1_247' title='bbox 242 1550 433 1595; x_wconf 88' lang='lat' dir='ltr'>inflexum;</span> <span class='ocrx_word' id='word_1_248' title='bbox 455 1550 514 1586; x_wconf 89' lang='lat' dir='ltr'>vel</span> <span class='ocrx_word' id='word_1_249' title='bbox 529 1551 744 1598; x_wconf 82' lang='lat' dir='ltr'>inquantum</span> <span class='ocrx_word' id='word_1_250' title='bbox 759 1551 848 1585; x_wconf 82' lang='lat' dir='ltr'>istae</span> <span class='ocrx_word' id='word_1_251' title='bbox 864 1551 1013 1585; x_wconf 90' lang='lat' dir='ltr'>virtutes</span> <span class='ocrx_word' id='word_1_252' title='bbox 1033 1551 1272 1585; x_wconf 85' lang='lat' dir='ltr'>denominant</span> <span class='ocrx_word' id='word_1_253' title='bbox 1294 1551 1469 1597; x_wconf 84' lang='lat' dir='ltr'>quasdam</span> <span class='ocrx_word' id='word_1_254' title='bbox 1493 1550 1682 1598; x_wconf 84' lang='lat' dir='ltr'>generales</span> 
     </span>
     <span class='ocr_line' id='line_1_32' title="bbox 103 1604 1270 1652; baseline -0.002 -12"><span class='ocrx_word' id='word_1_255' title='bbox 103 1605 332 1640; x_wconf 88' lang='lat' dir='ltr'>conditiones</span> <span class='ocrx_word' id='word_1_256' title='bbox 353 1604 546 1648; x_wconf 84' lang='lat' dir='ltr'>virtutum3</span> <span class='ocrx_word' id='word_1_257' title='bbox 569 1604 626 1639; x_wconf 84' lang='lat' dir='ltr'>vel</span> <span class='ocrx_word' id='word_1_258' title='bbox 647 1616 710 1652; x_wconf 90' lang='lat' dir='ltr'>per</span> <span class='ocrx_word' id='word_1_259' title='bbox 732 1605 1011 1639; x_wconf 87' lang='lat' dir='ltr'>redundantiam</span> <span class='ocrx_word' id='word_1_260' title='bbox 1035 1605 1270 1651; x_wconf 84' lang='lat' dir='ltr'>praedictam.</span> 
     </span>
    </p>

    <p class='ocr_par' dir='ltr' id='par_1_9' title="bbox 101 1658 1684 1815">
     <span class='ocr_line' id='line_1_33' title="bbox 173 1658 1682 1706; baseline -0.001 -11"><span class='ocrx_word' id='word_1_261' title='bbox 173 1659 234 1695; x_wconf 90' lang='lat' dir='ltr'>AD</span> <span class='ocrx_word' id='word_1_262' title='bbox 262 1669 435 1694; x_wconf 80' lang='lat' dir='ltr'>TERTIUM</span> <span class='ocrx_word' id='word_1_263' title='bbox 457 1659 664 1702; x_wconf 85' lang='lat' dir='ltr'>dicendum,</span> <span class='ocrx_word' id='word_1_264' title='bbox 691 1659 788 1706; x_wconf 90' lang='lat' dir='ltr'>quod</span> <span class='ocrx_word' id='word_1_265' title='bbox 816 1658 899 1693; x_wconf 85' lang='lat' dir='ltr'>illae</span> <span class='ocrx_word' id='word_1_266' title='bbox 921 1667 1077 1706; x_wconf 83' lang='lat' dir='ltr'>quatuor</span> <span class='ocrx_word' id='word_1_267' title='bbox 1099 1658 1287 1705; x_wconf 81' lang='lat' dir='ltr'>generales</span> <span class='ocrx_word' id='word_1_268' title='bbox 1309 1659 1485 1694; x_wconf 80' lang='lat' dir='ltr'>virtutum</span> <span class='ocrx_word' id='word_1_269' title='bbox 1506 1659 1682 1694; x_wconf 86' lang='lat' dir='ltr'>conditio-</span> 
     </span>
     <span class='ocr_line' id='line_1_34' title="bbox 101 1712 1684 1761; baseline -0.001 -13"><span class='ocrx_word' id='word_1_270' title='bbox 101 1724 178 1757; x_wconf 86' lang='lat' dir='ltr'>nes,</span> <span class='ocrx_word' id='word_1_271' title='bbox 199 1724 288 1761; x_wconf 89' lang='lat' dir='ltr'>quas</span> <span class='ocrx_word' id='word_1_272' title='bbox 310 1714 412 1760; x_wconf 88' lang='lat' dir='ltr'>ponit</span> <span class='ocrx_word' id='word_1_273' title='bbox 432 1713 648 1760; x_wconf 84' lang='lat' dir='ltr'>Philosoph.</span> <span class='ocrx_word' id='word_1_274' title='bbox 673 1712 750 1757; x_wconf 80' lang='lat' dir='ltr'>(loc.</span> <span class='ocrx_word' id='word_1_275' title='bbox 775 1714 828 1748; x_wconf 78' lang='lat' dir='ltr'>cit.</span> <span class='ocrx_word' id='word_1_276' title='bbox 853 1714 885 1747; x_wconf 84' lang='lat' dir='ltr'>in</span> <span class='ocrx_word' id='word_1_277' title='bbox 906 1713 995 1759; x_wconf 74' lang='lat' dir='ltr'>arg.)</span> <span class='ocrx_word' id='word_1_278' title='bbox 1014 1724 1088 1747; x_wconf 91' lang='lat' dir='ltr'>non</span> <span class='ocrx_word' id='word_1_279' title='bbox 1108 1721 1191 1747; x_wconf 89' lang='lat' dir='ltr'>sunt</span> <span class='ocrx_word' id='word_1_280' title='bbox 1213 1713 1380 1760; x_wconf 87' lang='lat' dir='ltr'>propriae</span> <span class='ocrx_word' id='word_1_281' title='bbox 1403 1713 1596 1760; x_wconf 80' lang='lat' dir='ltr'>praedictis</span> <span class='ocrx_word' id='word_1_282' title='bbox 1617 1714 1684 1747; x_wconf 80' lang='lat' dir='ltr'>vir-</span> 
     </span>
     <span class='ocr_line' id='line_1_35' title="bbox 101 1767 1683 1815; baseline 0.001 -13"><span class='ocrx_word' id='word_1_283' title='bbox 101 1767 247 1811; x_wconf 87' lang='lat' dir='ltr'>tutibus,</span> <span class='ocrx_word' id='word_1_284' title='bbox 269 1767 331 1802; x_wconf 89' lang='lat' dir='ltr'>sed</span> <span class='ocrx_word' id='word_1_285' title='bbox 353 1774 505 1815; x_wconf 86' lang='lat' dir='ltr'>possunt</span> <span class='ocrx_word' id='word_1_286' title='bbox 526 1767 576 1802; x_wconf 87' lang='lat' dir='ltr'>eis</span> <span class='ocrx_word' id='word_1_287' title='bbox 600 1767 823 1814; x_wconf 85' lang='lat' dir='ltr'>appropriari</span> <span class='ocrx_word' id='word_1_288' title='bbox 845 1767 1046 1802; x_wconf 87' lang='lat' dir='ltr'>secundum</span> <span class='ocrx_word' id='word_1_289' title='bbox 1066 1767 1218 1802; x_wconf 82' lang='lat' dir='ltr'>modum</span> <span class='ocrx_word' id='word_1_290' title='bbox 1238 1768 1312 1813; x_wconf 84' lang='lat' dir='ltr'>jam</span> <span class='ocrx_word' id='word_1_291' title='bbox 1331 1767 1469 1802; x_wconf 88' lang='lat' dir='ltr'>dictum</span> <span class='ocrx_word' id='word_1_292' title='bbox 1491 1768 1540 1813; x_wconf 84' lang='lat' dir='ltr'>(in</span> <span class='ocrx_word' id='word_1_293' title='bbox 1561 1769 1683 1815; x_wconf 69' lang='lat' dir='ltr'>corp).</span> 
     </span>
    </p>
   </div>
   <div class='ocr_carea' id='block_1_7' title="bbox 672 1925 1680 1986">
    <p class='ocr_par' dir='ltr' id='par_1_10' title="bbox 672 1925 1680 1986">
     <span class='ocr_line' id='line_1_36' title="bbox 672 1925 1680 1986; baseline 0.006 -18"><span class='ocrx_word' id='word_1_294' title='bbox 672 1925 1019 1971; x_wconf 82' lang='lat' dir='ltr'><strong>ARTICULUS</strong></span> <span class='ocrx_word' id='word_1_295' title='bbox 1048 1927 1102 1970; x_wconf 84' lang='lat' dir='ltr'>V.</span> <span class='ocrx_word' id='word_1_296' title='bbox 1615 1938 1680 1986; x_wconf 82' lang='lat'>326</span> 
     </span>
    </p>
   </div>
   <div class='ocr_carea' id='block_1_8' title="bbox 208 2039 1582 2213">
    <p class='ocr_par' dir='ltr' id='par_1_11' title="bbox 208 2039 1582 2213">
     <span class='ocr_line' id='line_1_37' title="bbox 208 2039 1582 2073; baseline 0.001 -3"><span class='ocrx_word' id='word_1_297' title='bbox 208 2039 363 2070; x_wconf 82' lang='lat' dir='ltr'>UTRUM</span> <span class='ocrx_word' id='word_1_298' title='bbox 389 2039 608 2070; x_wconf 90' lang='lat' dir='ltr'>VIRTUTES</span> <span class='ocrx_word' id='word_1_299' title='bbox 637 2040 910 2071; x_wconf 85' lang='lat' dir='ltr'>CARDINALES</span> <span class='ocrx_word' id='word_1_300' title='bbox 939 2041 1277 2072; x_wconf 78' lang='lat' dir='ltr'>CONVENIENTER</span> <span class='ocrx_word' id='word_1_301' title='bbox 1305 2042 1582 2073; x_wconf 84' lang='lat' dir='ltr'><strong>DIVIDANTUR</strong></span> 
     </span>
     <span class='ocr_line' id='line_1_38' title="bbox 434 2106 1356 2149; baseline 0.002 -13"><span class='ocrx_word' id='word_1_302' title='bbox 434 2107 479 2138; x_wconf 94' lang='lat' dir='ltr'>IN</span> <span class='ocrx_word' id='word_1_303' title='bbox 512 2106 730 2137; x_wconf 87' lang='lat' dir='ltr'><strong>VIRTUTES</strong></span> <span class='ocrx_word' id='word_1_304' title='bbox 759 2107 1006 2148; x_wconf 81' lang='lat' dir='ltr'>POLITICAS,</span> <span class='ocrx_word' id='word_1_305' title='bbox 1033 2108 1356 2149; x_wconf 77' lang='lat' dir='ltr'>PURGATORIAS,</span> 
     </span>
     <span class='ocr_line' id='line_1_39' title="bbox 505 2173 1271 2213; baseline 0.003 -11"><span class='ocrx_word' id='word_1_306' title='bbox 505 2173 698 2203; x_wconf 88' lang='lat' dir='ltr'>PURGATI</span> <span class='ocrx_word' id='word_1_307' title='bbox 726 2173 864 2213; x_wconf 84' lang='lat' dir='ltr'>ANIMI,</span> <span class='ocrx_word' id='word_1_308' title='bbox 892 2175 948 2204; x_wconf 88' lang='lat' dir='ltr'>ET</span> <span class='ocrx_word' id='word_1_309' title='bbox 976 2174 1271 2205; x_wconf 85' lang='lat' dir='ltr'>EXEMPLARES.</span> 
     </span>
    </p>
   </div>
   <div class='ocr_carea' id='block_1_9' title="bbox 153 2265 1633 2370">
    <p class='ocr_par' dir='ltr' id='par_1_12' title="bbox 153 2265 1633 2370">
     <span class='ocr_line' id='line_1_40' title="bbox 153 2265 1633 2315; baseline 0.003 -15"><span class='ocrx_word' id='word_1_310' title='bbox 153 2270 194 2312; x_wconf 84' lang='lat'>(3.</span> <span class='ocrx_word' id='word_1_311' title='bbox 209 2265 298 2301; x_wconf 88' lang='lat' dir='ltr'>Dist.</span> <span class='ocrx_word' id='word_1_312' title='bbox 313 2277 358 2314; x_wconf 81' lang='lat'>33.</span> <span class='ocrx_word' id='word_1_313' title='bbox 377 2278 407 2313; x_wconf 87' lang='lat' dir='ltr'>q.</span> <span class='ocrx_word' id='word_1_314' title='bbox 422 2279 451 2302; x_wconf 87' lang='lat'>1.</span> <span class='ocrx_word' id='word_1_315' title='bbox 473 2271 537 2302; x_wconf 80' lang='lat' dir='ltr'>art.</span> <span class='ocrx_word' id='word_1_316' title='bbox 552 2278 585 2312; x_wconf 88' lang='lat'>4.</span> <span class='ocrx_word' id='word_1_317' title='bbox 608 2266 650 2302; x_wconf 80' lang='lat' dir='ltr'>ad</span> <span class='ocrx_word' id='word_1_318' title='bbox 663 2279 694 2302; x_wconf 88' lang='lat'>2.</span> <span class='ocrx_word' id='word_1_319' title='bbox 711 2272 738 2302; x_wconf 70' lang='lat' dir='ltr'>ct</span> <span class='ocrx_word' id='word_1_320' title='bbox 753 2268 905 2315; x_wconf 79' lang='lat' dir='ltr'>Dist.34.</span> <span class='ocrx_word' id='word_1_321' title='bbox 921 2281 950 2315; x_wconf 88' lang='lat' dir='ltr'>q.</span> <span class='ocrx_word' id='word_1_322' title='bbox 970 2281 996 2304; x_wconf 83' lang='grc' dir='ltr'>ι.</span> <span class='ocrx_word' id='word_1_323' title='bbox 1013 2274 1076 2304; x_wconf 81' lang='lat' dir='ltr'>art.</span> <span class='ocrx_word' id='word_1_324' title='bbox 1092 2282 1119 2305; x_wconf 77' lang='grc' dir='ltr'>ι.</span> <span class='ocrx_word' id='word_1_325' title='bbox 1142 2281 1214 2315; x_wconf 75' lang='lat' dir='ltr'>arg.</span> <span class='ocrx_word' id='word_1_326' title='bbox 1230 2269 1262 2305; x_wconf 83' lang='lat'>6.</span> <span class='ocrx_word' id='word_1_327' title='bbox 1285 2275 1315 2304; x_wconf 75' lang='lat' dir='ltr'>et</span> <span class='ocrx_word' id='word_1_328' title='bbox 1329 2269 1371 2304; x_wconf 75' lang='grc' dir='ltr'>ιιιῖ</span> <span class='ocrx_word' id='word_1_329' title='bbox 1392 2271 1460 2315; x_wconf 69' lang='lat' dir='ltr'>ejus</span> <span class='ocrx_word' id='word_1_330' title='bbox 1480 2269 1633 2305; x_wconf 75' lang='lat' dir='ltr'>solution.</span> 
     </span>
     <span class='ocr_line' id='line_1_41' title="bbox 408 2321 1374 2370; baseline 0.001 -14"><span class='ocrx_word' id='word_1_331' title='bbox 408 2325 437 2356; x_wconf 84' lang='lat' dir='ltr'>et</span> <span class='ocrx_word' id='word_1_332' title='bbox 464 2321 551 2356; x_wconf 79' lang='lat' dir='ltr'>Veri.</span> <span class='ocrx_word' id='word_1_333' title='bbox 573 2333 604 2368; x_wconf 88' lang='lat' dir='ltr'>q.</span> <span class='ocrx_word' id='word_1_334' title='bbox 623 2321 679 2357; x_wconf 85' lang='lat'>26.</span> <span class='ocrx_word' id='word_1_335' title='bbox 702 2327 767 2357; x_wconf 78' lang='lat' dir='ltr'>art.</span> <span class='ocrx_word' id='word_1_336' title='bbox 791 2323 822 2357; x_wconf 74' lang='lat' dir='ltr'>S.</span> <span class='ocrx_word' id='word_1_337' title='bbox 845 2322 888 2356; x_wconf 77' lang='lat' dir='ltr'>acl</span> <span class='ocrx_word' id='word_1_338' title='bbox 908 2334 940 2358; x_wconf 86' lang='lat'>2.</span> <span class='ocrx_word' id='word_1_339' title='bbox 963 2328 993 2358; x_wconf 74' lang='lat' dir='ltr'>et</span> <span class='ocrx_word' id='word_1_340' title='bbox 1013 2336 1043 2370; x_wconf 77' lang='lat' dir='ltr'>(J.</span> <span class='ocrx_word' id='word_1_341' title='bbox 1061 2336 1091 2370; x_wconf 81' lang='lat'>5.</span> <span class='ocrx_word' id='word_1_342' title='bbox 1118 2329 1181 2358; x_wconf 77' lang='lat' dir='ltr'>art.</span> <span class='ocrx_word' id='word_1_343' title='bbox 1201 2336 1233 2369; x_wconf 78' lang='lat'>4.</span> <span class='ocrx_word' id='word_1_344' title='bbox 1254 2323 1296 2358; x_wconf 72' lang='grc' dir='ltr'>ιιιῖ</span> <span class='ocrx_word' id='word_1_345' title='bbox 1318 2324 1374 2370; x_wconf 80' lang='grc'><em>7.).</em></span> 
     </span>
    </p>
   </div>
   <div class='ocr_carea' id='block_1_10' title="bbox 98 2415 1683 3009">
    <p class='ocr_par' dir='ltr' id='par_1_13' title="bbox 98 2415 1683 2790">
     <span class='ocr_line' id='line_1_42' title="bbox 175 2415 1679 2467; baseline 0.002 -16"><span class='ocrx_word' id='word_1_346' title='bbox 175 2415 236 2451; x_wconf 90' lang='lat' dir='ltr'>AD</span> <span class='ocrx_word' id='word_1_347' title='bbox 251 2426 432 2456; x_wconf 77' lang='lat' dir='ltr'><strong>QUINTUM</strong></span> <span class='ocrx_word' id='word_1_348' title='bbox 447 2418 497 2452; x_wconf 91' lang='lat' dir='ltr'>sic</span> <span class='ocrx_word' id='word_1_349' title='bbox 513 2418 730 2465; x_wconf 89' lang='lat' dir='ltr'>proceditur.</span> <span class='ocrx_word' id='word_1_350' title='bbox 754 2417 918 2461; x_wconf 87' lang='lat' dir='ltr'>Videtur,</span> <span class='ocrx_word' id='word_1_351' title='bbox 937 2419 1034 2466; x_wconf 91' lang='lat' dir='ltr'>quod</span> <span class='ocrx_word' id='word_1_352' title='bbox 1050 2419 1348 2454; x_wconf 85' lang='lat' dir='ltr'>inconvenienter</span> <span class='ocrx_word' id='word_1_353' title='bbox 1363 2420 1573 2465; x_wconf 86' lang='lat' dir='ltr'>hujusmodi</span> <span class='ocrx_word' id='word_1_354' title='bbox 1596 2431 1679 2467; x_wconf 85' lang='lat' dir='ltr'>qua-</span> 
     </span>
     <span class='ocr_line' id='line_1_43' title="bbox 102 2470 1683 2521; baseline 0.003 -17"><span class='ocrx_word' id='word_1_355' title='bbox 102 2477 186 2505; x_wconf 91' lang='lat' dir='ltr'>tuor</span> <span class='ocrx_word' id='word_1_356' title='bbox 210 2470 360 2505; x_wconf 87' lang='lat' dir='ltr'>virtutes</span> <span class='ocrx_word' id='word_1_357' title='bbox 387 2471 593 2506; x_wconf 88' lang='lat' dir='ltr'>dividantur</span> <span class='ocrx_word' id='word_1_358' title='bbox 615 2472 650 2506; x_wconf 89' lang='lat' dir='ltr'>in</span> <span class='ocrx_word' id='word_1_359' title='bbox 672 2472 821 2507; x_wconf 84' lang='lat' dir='ltr'>virtutes</span> <span class='ocrx_word' id='word_1_360' title='bbox 847 2474 1060 2520; x_wconf 63' lang='lat' dir='ltr'>exemplares,</span> <span class='ocrx_word' id='word_1_361' title='bbox 1081 2475 1220 2521; x_wconf 70' lang='lat' dir='ltr'>purgati</span> <span class='ocrx_word' id='word_1_362' title='bbox 1245 2475 1366 2516; x_wconf 78' lang='lat' dir='ltr'>animi,</span> <span class='ocrx_word' id='word_1_363' title='bbox 1390 2476 1619 2521; x_wconf 68' lang='lat' dir='ltr'>purgatorius,</span> <span class='ocrx_word' id='word_1_364' title='bbox 1649 2482 1683 2508; x_wconf 87' lang='lat' dir='ltr'>et</span> 
     </span>
     <span class='ocr_line' id='line_1_44' title="bbox 98 2523 1680 2575; baseline 0.002 -16"><span class='ocrx_word' id='word_1_365' title='bbox 98 2523 275 2572; x_wconf 79' lang='lat' dir='ltr'>politicas:</span> <span class='ocrx_word' id='word_1_366' title='bbox 303 2532 342 2560; x_wconf 90' lang='lat' dir='ltr'>ut</span> <span class='ocrx_word' id='word_1_367' title='bbox 368 2525 467 2560; x_wconf 89' lang='lat' dir='ltr'>enim</span> <span class='ocrx_word' id='word_1_368' title='bbox 494 2525 701 2561; x_wconf 88' lang='lat' dir='ltr'>Macrobius</span> <span class='ocrx_word' id='word_1_369' title='bbox 729 2526 816 2560; x_wconf 89' lang='lat' dir='ltr'>dicit</span> <span class='ocrx_word' id='word_1_370' title='bbox 842 2526 878 2560; x_wconf 92' lang='lat' dir='ltr'>in</span> <span class='ocrx_word' id='word_1_371' title='bbox 910 2537 936 2561; x_wconf 89' lang='lat'>1.</span> <span class='ocrx_word' id='word_1_372' title='bbox 966 2539 1073 2573; x_wconf 90' lang='lat' dir='ltr'>super</span> <span class='ocrx_word' id='word_1_373' title='bbox 1099 2528 1284 2563; x_wconf 89' lang='lat' dir='ltr'>somnium</span> <span class='ocrx_word' id='word_1_374' title='bbox 1322 2528 1504 2575; x_wconf 84' lang='lat' dir='ltr'>Scipionis</span> <span class='ocrx_word' id='word_1_375' title='bbox 1533 2528 1621 2575; x_wconf 71' lang='lat' dir='ltr'>(cap.</span> <span class='ocrx_word' id='word_1_376' title='bbox 1648 2529 1680 2563; x_wconf 72' lang='lat' dir='ltr'>S.</span> 
     </span>
     <span class='ocr_line' id='line_1_45' title="bbox 101 2579 1678 2629; baseline 0.003 -17"><span class='ocrx_word' id='word_1_377' title='bbox 101 2589 215 2613; x_wconf 75' lang='lat' dir='ltr'>versus</span> <span class='ocrx_word' id='word_1_378' title='bbox 227 2579 324 2625; x_wconf 88' lang='lat' dir='ltr'>fin.).·</span> <span class='ocrx_word' id='word_1_379' title='bbox 345 2579 495 2614; x_wconf 84' lang='lat' dir='ltr'>virtutes</span> <span class='ocrx_word' id='word_1_380' title='bbox 519 2579 745 2627; x_wconf 83' lang='lat' dir='ltr'>exemplares</span> <span class='ocrx_word' id='word_1_381' title='bbox 773 2588 865 2623; x_wconf 88' lang='lat' dir='ltr'>sunt,</span> <span class='ocrx_word' id='word_1_382' title='bbox 891 2593 984 2628; x_wconf 87' lang='lat' dir='ltr'>quae</span> <span class='ocrx_word' id='word_1_383' title='bbox 1008 2582 1042 2615; x_wconf 91' lang='lat' dir='ltr'>in</span> <span class='ocrx_word' id='word_1_384' title='bbox 1066 2582 1141 2629; x_wconf 85' lang='lat' dir='ltr'>ipsa</span> <span class='ocrx_word' id='word_1_385' title='bbox 1165 2582 1285 2616; x_wconf 78' lang='lat' dir='ltr'>divina</span> <span class='ocrx_word' id='word_1_386' title='bbox 1314 2590 1434 2616; x_wconf 88' lang='lat' dir='ltr'>mente</span> <span class='ocrx_word' id='word_1_387' title='bbox 1458 2583 1678 2616; x_wconf 88' lang='lat' dir='ltr'>consistunt:</span> 
     </span>
     <span class='ocr_line' id='line_1_46' title="bbox 104 2631 1681 2683; baseline 0.002 -17"><span class='ocrx_word' id='word_1_388' title='bbox 104 2631 166 2666; x_wconf 87' lang='lat' dir='ltr'>sed</span> <span class='ocrx_word' id='word_1_389' title='bbox 188 2631 326 2667; x_wconf 84' lang='lat' dir='ltr'>Philos.</span> <span class='ocrx_word' id='word_1_390' title='bbox 350 2633 385 2667; x_wconf 90' lang='lat' dir='ltr'>in</span> <span class='ocrx_word' id='word_1_391' title='bbox 412 2644 463 2668; x_wconf 94' lang='lat'>10.</span> <span class='ocrx_word' id='word_1_392' title='bbox 486 2633 647 2668; x_wconf 85' lang='lat' dir='ltr'>Ethicor.</span> <span class='ocrx_word' id='word_1_393' title='bbox 671 2635 761 2681; x_wconf 72' lang='lat' dir='ltr'>(rap.</span> <span class='ocrx_word' id='word_1_394' title='bbox 784 2635 815 2670; x_wconf 77' lang='lat'>8.</span> <span class='ocrx_word' id='word_1_395' title='bbox 839 2636 918 2670; x_wconf 81' lang='lat' dir='ltr'>circ.</span> <span class='ocrx_word' id='word_1_396' title='bbox 947 2635 1047 2681; x_wconf 64' lang='lat' dir='ltr'>med.)</span> <span class='ocrx_word' id='word_1_397' title='bbox 1076 2636 1162 2670; x_wconf 89' lang='lat' dir='ltr'>dicit</span> <span class='ocrx_word' id='word_1_398' title='bbox 1189 2636 1286 2683; x_wconf 85' lang='lat' dir='ltr'>quod</span> <span class='ocrx_word' id='word_1_399' title='bbox 1309 2636 1502 2670; x_wconf 82' lang='lat' dir='ltr'>ridiculum</span> <span class='ocrx_word' id='word_1_400' title='bbox 1526 2645 1578 2670; x_wconf 87' lang='lat' dir='ltr'>est</span> <span class='ocrx_word' id='word_1_401' title='bbox 1600 2637 1681 2671; x_wconf 82' lang='lat' dir='ltr'>Deo</span> 
     </span>
     <span class='ocr_line' id='line_1_47' title="bbox 102 2684 1681 2737; baseline 0.003 -17"><span class='ocrx_word' id='word_1_402' title='bbox 102 2685 290 2732; x_wconf 85' lang='lat' dir='ltr'>justitiam,</span> <span class='ocrx_word' id='word_1_403' title='bbox 317 2684 579 2731; x_wconf 85' lang='lat' dir='ltr'>fortitudinem,</span> <span class='ocrx_word' id='word_1_404' title='bbox 612 2688 904 2735; x_wconf 82' lang='lat' dir='ltr'>temperantiam,</span> <span class='ocrx_word' id='word_1_405' title='bbox 933 2697 966 2724; x_wconf 88' lang='lat' dir='ltr'>et</span> <span class='ocrx_word' id='word_1_406' title='bbox 994 2690 1222 2737; x_wconf 85' lang='lat' dir='ltr'>prudentiam</span> <span class='ocrx_word' id='word_1_407' title='bbox 1253 2691 1466 2733; x_wconf 80' lang='lat' dir='ltr'>attribuere3</span> <span class='ocrx_word' id='word_1_408' title='bbox 1499 2702 1586 2737; x_wconf 83' lang='lat' dir='ltr'>ergo</span> <span class='ocrx_word' id='word_1_409' title='bbox 1615 2691 1681 2725; x_wconf 87' lang='lat' dir='ltr'>vir-</span> 
     </span>
     <span class='ocr_line' id='line_1_48' title="bbox 103 2740 1059 2790; baseline 0.004 -16"><span class='ocrx_word' id='word_1_410' title='bbox 103 2747 196 2775; x_wconf 88' lang='lat' dir='ltr'>tutes</span> <span class='ocrx_word' id='word_1_411' title='bbox 217 2740 429 2787; x_wconf 85' lang='lat' dir='ltr'>hujusmodi</span> <span class='ocrx_word' id='word_1_412' title='bbox 450 2753 524 2776; x_wconf 91' lang='lat' dir='ltr'>non</span> <span class='ocrx_word' id='word_1_413' title='bbox 547 2751 699 2789; x_wconf 86' lang='lat' dir='ltr'>possunt</span> <span class='ocrx_word' id='word_1_414' title='bbox 721 2754 798 2777; x_wconf 82' lang='lat' dir='ltr'>esse</span> <span class='ocrx_word' id='word_1_415' title='bbox 823 2744 1059 2790; x_wconf 71' lang='lat' dir='ltr'>exemplares.</span> 
     </span>
    </p>

    <p class='ocr_par' dir='ltr' id='par_1_14' title="bbox 103 2793 1681 3009">
     <span class='ocr_line' id='line_1_49' title="bbox 177 2793 1681 2845; baseline 0.003 -17"><span class='ocrx_word' id='word_1_416' title='bbox 177 2803 208 2828; x_wconf 88' lang='lat'>2.</span> <span class='ocrx_word' id='word_1_417' title='bbox 230 2793 468 2830; x_wconf 70' lang='lat' dir='ltr'>PRAETEREA.</span> <span class='ocrx_word' id='word_1_418' title='bbox 492 2795 651 2831; x_wconf 84' lang='lat' dir='ltr'>Virtutes</span> <span class='ocrx_word' id='word_1_419' title='bbox 675 2798 814 2844; x_wconf 49' lang='lat' dir='ltr'>pun-TAM</span> <span class='ocrx_word' id='word_1_420' title='bbox 841 2799 948 2832; x_wconf 71' lang='lat' dir='ltr'>animi</span> <span class='ocrx_word' id='word_1_421' title='bbox 970 2798 1149 2841; x_wconf 81' lang='lat' dir='ltr'>dicuntur,</span> <span class='ocrx_word' id='word_1_422' title='bbox 1172 2810 1263 2845; x_wconf 79' lang='lat' dir='ltr'>quae</span> <span class='ocrx_word' id='word_1_423' title='bbox 1287 2807 1368 2833; x_wconf 79' lang='lat' dir='ltr'>sunt</span> <span class='ocrx_word' id='word_1_424' title='bbox 1391 2799 1524 2845; x_wconf 84' lang='lat' dir='ltr'>absque</span> <span class='ocrx_word' id='word_1_425' title='bbox 1547 2799 1681 2845; x_wconf 84' lang='lat' dir='ltr'>passio-</span> 
     </span>
     <span class='ocr_line' id='line_1_50' title="bbox 103 2847 1678 2901; baseline 0.004 -19"><span class='ocrx_word' id='word_1_426' title='bbox 103 2847 228 2883; x_wconf 86' lang='lat' dir='ltr'>nibus:</span> <span class='ocrx_word' id='word_1_427' title='bbox 251 2847 338 2883; x_wconf 87' lang='lat' dir='ltr'>dicit</span> <span class='ocrx_word' id='word_1_428' title='bbox 367 2849 464 2883; x_wconf 89' lang='lat' dir='ltr'>enirn</span> <span class='ocrx_word' id='word_1_429' title='bbox 496 2849 629 2884; x_wconf 87' lang='lat' dir='ltr'>ibidem</span> <span class='ocrx_word' id='word_1_430' title='bbox 660 2851 866 2885; x_wconf 81' lang='lat' dir='ltr'>Macrobius</span> <span class='ocrx_word' id='word_1_431' title='bbox 897 2853 972 2896; x_wconf 66' lang='lat' dir='ltr'>(loc.</span> <span class='ocrx_word' id='word_1_432' title='bbox 1001 2853 1085 2898; x_wconf 68' lang='lat' dir='ltr'>cit),</span> <span class='ocrx_word' id='word_1_433' title='bbox 1115 2853 1211 2901; x_wconf 83' lang='lat' dir='ltr'>quod</span> <span class='ocrx_word' id='word_1_434' title='bbox 1240 2854 1501 2900; x_wconf 72' lang='lat' dir='ltr'>temperantiae</span> <span class='ocrx_word' id='word_1_435' title='bbox 1537 2856 1678 2900; x_wconf 73' lang='lat' dir='ltr'>purgati</span> 
     </span>
     <span class='ocr_line' id='line_1_51' title="bbox 105 2901 1681 2952; baseline 0.004 -16"><span class='ocrx_word' id='word_1_436' title='bbox 105 2901 217 2937; x_wconf 87' lang='lat' dir='ltr'>animi</span> <span class='ocrx_word' id='word_1_437' title='bbox 243 2910 297 2937; x_wconf 87' lang='lat' dir='ltr'>est</span> <span class='ocrx_word' id='word_1_438' title='bbox 321 2910 482 2938; x_wconf 81' lang='lat' dir='ltr'>terrenas</span> <span class='ocrx_word' id='word_1_439' title='bbox 509 2904 723 2951; x_wconf 88' lang='lat' dir='ltr'>cupiditates</span> <span class='ocrx_word' id='word_1_440' title='bbox 750 2916 823 2938; x_wconf 87' lang='lat' dir='ltr'>non</span> <span class='ocrx_word' id='word_1_441' title='bbox 851 2906 1058 2952; x_wconf 86' lang='lat' dir='ltr'>reprimere,</span> <span class='ocrx_word' id='word_1_442' title='bbox 1082 2906 1142 2941; x_wconf 84' lang='lat' dir='ltr'>sed</span> <span class='ocrx_word' id='word_1_443' title='bbox 1166 2907 1308 2952; x_wconf 81' lang='lat' dir='ltr'>penitus</span> <span class='ocrx_word' id='word_1_444' title='bbox 1336 2907 1521 2950; x_wconf 75' lang='lat' dir='ltr'>oblix·isci;</span> <span class='ocrx_word' id='word_1_445' title='bbox 1544 2907 1681 2943; x_wconf 86' lang='lat' dir='ltr'>sortitu-</span> 
     </span>
     <span class='ocr_line' id='line_1_52' title="bbox 104 2954 1679 3009; baseline 0.004 -20"><span class='ocrx_word' id='word_1_446' title='bbox 104 2954 196 2990; x_wconf 89' lang='lat' dir='ltr'>dinis</span> <span class='ocrx_word' id='word_1_447' title='bbox 218 2964 341 2991; x_wconf 88' lang='lat' dir='ltr'>autem</span> <span class='ocrx_word' id='word_1_448' title='bbox 364 2958 551 3004; x_wconf 83' lang='lat' dir='ltr'>passiones</span> <span class='ocrx_word' id='word_1_449' title='bbox 570 2958 751 3004; x_wconf 84' lang='lat' dir='ltr'>ignorare,</span> <span class='ocrx_word' id='word_1_450' title='bbox 775 2970 847 2993; x_wconf 85' lang='lat' dir='ltr'>non</span> <span class='ocrx_word' id='word_1_451' title='bbox 867 2959 1032 2996; x_wconf 75' lang='lat' dir='ltr'>vincere:</span> <span class='ocrx_word' id='word_1_452' title='bbox 1056 2960 1192 2995; x_wconf 88' lang='lat' dir='ltr'>dictum</span> <span class='ocrx_word' id='word_1_453' title='bbox 1217 2970 1269 2995; x_wconf 83' lang='lat' dir='ltr'>est</span> <span class='ocrx_word' id='word_1_454' title='bbox 1292 2969 1412 2996; x_wconf 85' lang='lat' dir='ltr'>autem</span> <span class='ocrx_word' id='word_1_455' title='bbox 1436 2973 1540 3009; x_wconf 78' lang='lat' dir='ltr'>supra</span> <span class='ocrx_word' id='word_1_456' title='bbox 1564 2963 1611 3009; x_wconf 71' lang='lat' dir='ltr'>(q.</span> <span class='ocrx_word' id='word_1_457' title='bbox 1626 2975 1679 3009; x_wconf 76' lang='lat'>59-</span> 
     </span>
    </p>
   </div>
  </div>
 </body>
</html>
