1907 3198
496 169 722 206 QUAESTIO
755 152 892 198 axxn.
926 168 1176 198 ARTICULUS
1210 168 1254 198 11.
1584 170 1664 213 ‘²45

1581 191 1605 199 —r

75 260 129 288 est
161 250 398 294 delectabilis,
432 250 496 285 sed
530 250 734 285 secundum
761 249 859 297 quod
886 257 1124 285 removentur
1152 249 1334 284 contraria
1361 250 1583 285 habitudinis
1611 262 1670 285 na-

74 305 211 341 turalis.

147 359 209 394 AD
232 369 407 394 TERTtUM
430 358 638 401 dicendum,
661 358 759 405 quod
793 357 829 392 id
863 357 962 404 quod
998 365 1052 392 est
1086 365 1317 399 consuetum,
1341 356 1495 392 efficitur
1517 357 1671 392 delecta-

77 412 161 455 bile,
182 413 401 459 inquantum
424 411 579 447 efficitur
600 411 788 447 naturale:
816 423 903 446 nam
927 411 1157 446 consuetudo
1186 419 1239 446 est
1261 412 1364 457 quasi
1387 410 1500 446 altera
1522 419 1672 453 natura,

77 474 200 501 motus
223 474 346 501 autem
369 474 423 501 est
444 466 684 509 delectabilis,
705 477 781 500 non
803 465 953 512 quidem
972 477 1045 512 quo
1065 465 1246 500 receditur
1269 476 1288 498 a
1311 465 1589 507 consuetudine,
1609 465 1671 499 sed

76 519 195 566 magis
217 519 421 569 secundum
448 520 546 566 quod
568 531 632 566 per
658 520 780 567 ipsum
802 519 1000 566 impeditur
1023 519 1210 566 corruptio
1236 519 1413 554 naturalis
1435 519 1672 567 habitudinis,

22 613 35 623 ῃ,
77 584 170 621 quae
199 581 324 620 posset
357 574 550 620 provenire
573 585 616 608 ex
639 574 850 609 assiduitate
888 573 1041 619 alicujus
1069 573 1313 620 operationis:
1338 582 1373 608 et
1395 573 1445 608 sic
1469 585 1511 608 ex
1543 574 1670 608 eadem

78 638 188 663 causa
210 627 525 662 connaturalitatis
547 627 702 662 efficitur
725 628 954 662 consuetudo
975 627 1213 670 delectabilis,
1237 636 1271 662 et
1293 635 1428 662 motus.

640 771 993 816 ARTICULUS
1022 771 1102 814 ΠΙ.
1604 784 1670 826 184

199 880 355 911 UTRUM
382 881 495 921 SPES,
525 881 582 910 ET
610 881 816 912 MEMORIA
843 881 942 911 SINT
971 880 1143 911 CAUSAE
1170 880 1550 911 DELECTATIONIS.

249 968 353 1015 (Infr.
374 979 404 1015 q.
415 980 474 1014 40.
489 973 555 1004 art.
577 969 609 1004 8.
632 974 661 1004 et
686 981 753 1004 2-2.
771 981 800 1016 q.
816 981 870 1016 30.
893 974 959 1004 art.
975 982 1002 1005 ι.
1016 969 1098 1016 ad3.
1121 974 1150 1004 et
1172 981 1222 1004 12.
1236 969 1318 1004 Met.
1342 969 1413 1004 lect.
1438 969 1502 1015 6.).

153 1058 214 1094 AD
237 1068 412 1094 TERTIUM
443 1058 494 1093 sic
529 1058 750 1106 proceditur.
778 1058 944 1102 Videtur,
972 1059 1071 1106 quod
1110 1058 1304 1101 memoria,
1332 1066 1367 1093 et
1393 1070 1475 1105 spes
1503 1070 1579 1093 non
1607 1059 1678 1094 sint

81 1123 213 1148 causae
235 1111 506 1147 delectationis:
531 1112 726 1147 delectatio
750 1113 848 1147 enim
868 1121 922 1148 est
943 1113 987 1147 de
1009 1113 1109 1148 bono
1128 1113 1323 1161 praesenti,
1338 1121 1376 1147 ut
1390 1113 1565 1148 Damasc.
1589 1114 1676 1148 dicit

22 1207 27 1210 ⁴
82 1166 156 1212 (lib.
187 1178 220 1202 2.
244 1167 340 1202 Orth.
363 1166 442 1202 Fid.
465 1173 537 1214 cap.
559 1167 644 1214 13.).·
672 1167 734 1202 sed
757 1167 939 1201 memoria
967 1175 1002 1201 et
1031 1178 1114 1214 spes
1135 1175 1221 1202 sunt
1247 1167 1291 1202 de
1314 1167 1477 1202 absenti:
1502 1176 1555 1202 est
1578 1168 1676 1202 enim

81 1222 263 1256 memoria
299 1220 593 1267 praeteritorum,
620 1232 701 1268 spes
734 1232 822 1256 vero
845 1221 1069 1264 futurorum3
1098 1232 1186 1268 ergo
1210 1222 1405 1264 memoria,
1433 1230 1468 1257 et
1494 1234 1575 1269 spes
1602 1234 1677 1257 non

37 1313 42 1318 ,
85 1283 168 1311 sunt
189 1285 299 1309 causa
318 1274 584 1310 delectationis.

157 1339 189 1364 2.
211 1328 452 1364 PRAETEREA.
468 1328 572 1363 Idem
593 1339 669 1363 non
692 1336 745 1363 est
767 1340 877 1363 causa
900 1329 1267 1364 contrariorumxsed
1290 1341 1372 1376 spes
1388 1338 1442 1364 est
1464 1341 1575 1365 causa
1595 1329 1681 1364 affli-

85 1383 229 1426 ctionis;
256 1382 388 1417 dicitur
410 1382 508 1417 enim
530 1383 639 1417 Prov.
667 1392 739 1426 14:
761 1383 851 1430 Spes,
875 1395 958 1430 quae
979 1383 1143 1430 differtur,
1163 1384 1472 1430 zffigitanimanz;
1491 1396 1578 1431 ergo
1598 1396 1680 1432 spes

86 1449 162 1473 non
189 1446 244 1472 est
265 1448 376 1472 causa
397 1437 663 1472 delectationis.

158 1503 188 1539 3.
215 1491 455 1526 PRAETEREA.
479 1491 583 1526 Sicut
613 1503 696 1538 spes
718 1492 892 1526 convenit
923 1503 1008 1526 cum
1031 1491 1276 1527 delectatione
1303 1493 1340 1527 in
1368 1505 1412 1528 eo
1441 1493 1540 1540 quod
1560 1502 1613 1528 est
1636 1493 1680 1528 de

83 1548 205 1584 bono:
227 1547 277 1582 ita
296 1547 407 1582 etiarn
430 1555 466 1582 et
487 1547 798 1594 concupiscentia,
827 1555 861 1581 et
883 1558 1007 1589 amor3
1022 1558 1098 1581 non
1122 1558 1210 1593 ergo
1234 1547 1352 1594 magis
1375 1547 1482 1582 debet
1504 1547 1681 1594 assignari

85 1613 168 1649 spes
191 1612 301 1636 causa
323 1601 590 1644 delectationis,
613 1613 724 1648 quam
744 1601 1056 1648 concupiscentia,
1078 1601 1138 1636 vel
1158 1613 1274 1636 amor.

157 1655 233 1690 SED
256 1665 414 1691 CONTRA
449 1663 513 1698 est,
547 1655 646 1702 quod
678 1655 810 1690 dicitur
836 1655 945 1690 Rom.
974 1666 1045 1690 12.:
1077 1655 1141 1703 Spe
1160 1655 1347 1702 gaudentes.
1376 1655 1421 1690 Et
1446 1656 1482 1690 in
1511 1655 1570 1690 Ps.
1596 1654 1680 1701 76:

89 1709 223 1745 Memor
236 1709 296 1756 sui
316 1710 398 1753 Dei,
418 1715 448 1745 et
469 1709 641 1745 delectatus
661 1722 745 1744 sum.

157 1758 394 1799 RESPONDEO'
418 1763 627 1806 dicendum,
651 1764 750 1810 quod
773 1763 972 1798 delectatio
996 1772 1167 1798 causatur
1190 1775 1233 1798 ex
1260 1764 1465 1810 praesentia
1491 1764 1580 1798 boni
1600 1775 1684 1799 con-

85 1818 275 1860 venientis,
298 1818 502 1852 secundum
520 1819 619 1864 quod
641 1817 879 1860 sentitur,vel
897 1817 1214 1864 qualitercumque
1242 1818 1459 1865 percipitur:
1483 1827 1537 1853 est
1559 1827 1682 1852 autem

88 1871 223 1919 aliquid
257 1883 429 1919 praesens
462 1872 568 1907 nobis
591 1872 790 1919 dupliciter:
814 1884 879 1907 uno
901 1872 1011 1914 modo,
1039 1872 1242 1906 secundum
1279 1872 1553 1918 cognitionem3
1576 1880 1685 1919 prout

87 1925 227 1961 scilicet
253 1926 445 1973 cognitum
473 1934 527 1961 est
564 1926 602 1960 in
637 1934 888 1972 cognoscente
916 1926 1120 1960 secundum
1147 1937 1253 1960 suam
1288 1926 1587 1967 similitudinem;
1617 1926 1685 1961 alio

86 1979 183 2016 modo
201 1979 406 2015 secundum
426 1991 525 2023 rem;
540 1988 648 2027 prout
669 1979 810 2014 scilicet
831 1991 947 2014 unum
963 1979 1066 2014 alteri
1088 1979 1234 2014 realiter
1257 1981 1504 2026 conjungitur,
1513 1979 1572 2014 vel
1588 1988 1686 2021 actu,

87 2033 146 2069 vel
167 2034 342 2081 potentia,
370 2034 574 2069 secundum
601 2045 874 2080 quemcumque
903 2034 1175 2080 conjunctionis
1199 2034 1365 2069 modum.
1389 2034 1433 2069 Et
1455 2034 1539 2081 quia
1567 2035 1687 2080 major

89 2095 144 2123 est
164 2088 376 2135 conjunctio
399 2088 604 2122 secundum
626 2099 716 2130 rem,
740 2099 851 2134 quam
871 2087 1075 2122 secundum
1097 2087 1389 2130 similitudinem,
1412 2100 1505 2135 quae
1529 2096 1583 2122 est
1604 2099 1687 2122 con-

89 2142 229 2189 junctio
252 2142 492 2189 cognitionis3
515 2141 678 2188 itemque
705 2142 824 2186 major
859 2150 914 2176 est
939 2142 1151 2187 conjunctio
1175 2142 1227 2176 rei
1253 2142 1290 2176 in
1319 2150 1413 2184 actu,
1434 2154 1545 2188 quam
1568 2142 1604 2176 in
1627 2153 1689 2188 po-

89 2196 220 2231 tentia:
243 2195 328 2231 ideo
350 2196 511 2230 maxima
547 2204 600 2231 est
633 2195 843 2238 delectatio,
866 2207 959 2242 quae
994 2195 1033 2230 fit
1063 2207 1127 2243 per
1149 2207 1310 2238 sensum,
1334 2196 1395 2242 qui
1417 2196 1568 2242 requirit
1590 2207 1689 2242 prae-

90 2249 247 2285 sentiam
268 2250 322 2285 rei
342 2249 540 2285 sensibilis:
565 2249 769 2285 secundum
792 2257 915 2284 autem
938 2249 1093 2296 gradum
1108 2258 1207 2284 tenet
1229 2250 1426 2284 delectatio
1449 2251 1539 2297 spei,
1561 2250 1598 2284 in
1618 2261 1688 2296 qua

91 2315 167 2338 non
189 2303 311 2339 solum
334 2312 387 2339 est
409 2303 636 2339 delectabilis
660 2304 874 2349 conjunctio
902 2303 1106 2338 secundum
1130 2304 1476 2351 apprehensionem,
1500 2304 1562 2338 sed
1579 2304 1688 2338 etiam

93 2357 296 2393 secundum
317 2357 544 2400 facultatem,
566 2357 625 2392 vel
651 2357 931 2404 possibilitatem
959 2357 1186 2404 adipiscendi
1211 2358 1364 2401 bonum,
1387 2358 1486 2404 quod
1509 2357 1689 2392 delectat:

94 2413 227 2448 tertium
253 2416 363 2447 autem
383 2411 527 2458 gradum
551 2416 633 2446 tenet
654 2411 823 2446 delectatio
850 2413 1044 2455 memoriae,
1069 2423 1162 2458 quae
1185 2412 1296 2446 habet
1317 2411 1438 2447 solam
1463 2412 1690 2458 conjunctio-

65 2492 67 2497 .
93 2475 181 2500 nem
202 2465 516 2513 apprehensionis.

166 2519 227 2555 AD
248 2530 400 2555 PRtMUM
428 2530 516 2565 ergo
548 2519 757 2562 dicendum,
776 2519 875 2566 quod
898 2531 992 2566 spes,
1013 2527 1048 2554 et
1065 2520 1248 2554 memoria
1271 2528 1355 2554 sunt
1377 2520 1524 2566 quidem
1550 2531 1691 2561 eorum,

96 2584 189 2620 quae
215 2581 299 2609 sunt
319 2572 536 2620 simpliciter
558 2573 733 2616 absentia,
761 2585 854 2620 quae
876 2581 1002 2608 tamen
1021 2574 1226 2608 secundum
1253 2574 1339 2620 quid
1362 2583 1445 2609 sunt
1467 2574 1692 2620 praescntia3

97 2626 238 2663 scilicet
262 2627 322 2662 vel
355 2627 560 2662 secundum
588 2627 921 2674 apprehensionem
949 2627 1079 2671 solam,
1115 2627 1174 2662 vel
1201 2628 1406 2662 secundum
1436 2627 1694 2674 apprehensio-

99 2692 199 2724 nem,
221 2689 257 2716 et
277 2680 492 2716 facultatem
516 2681 559 2715 ad
583 2681 703 2715 minus
723 2681 966 2716 aestimatam.

169 2735 230 2770 AD
251 2745 460 2770 SECUNDUM
483 2734 693 2777 dicendum,
720 2735 818 2781 quod
845 2735 937 2769 nihil
971 2735 1152 2782 prohibet,
1183 2735 1283 2770 idem
1319 2736 1523 2770 secundum
1551 2735 1693 2770 diversa

68 2799 178 2824 ..esse
212 2799 362 2824 causam
396 2789 693 2823 contrariorum:
721 2789 772 2823 sic
800 2789 909 2835 igitur
939 2801 1033 2836 spes,
1069 2790 1288 2836 inquantum
1326 2790 1437 2824 habet
1463 2798 1692 2837 praesentem

101 2842 395 2878 aestimationem
428 2842 517 2877 boni
549 2841 671 2884 futuri,
705 2841 990 2878 delectationem
1025 2852 1173 2878 causat:
1201 2843 1420 2890 inquantum
1449 2852 1572 2878 autem
1596 2852 1694 2878 caret

101 2896 305 2943 praesentia
321 2897 410 2943 ejus,
434 2904 560 2930 causat
583 2895 833 2932 afflictionem.
1656 2892 1661 2895 “

248 2978 277 3006 S.
299 2979 424 3006 ΤΗοΜΔε
446 2978 551 3006 Summa
578 2977 740 3015 Theologz‘ca.
762 2979 828 3006 Vol.
851 2979 888 3006 11.
1514 2989 1545 3015 ¹7
