1907 3182
248 200 333 241 266
654 204 874 241 QUAESTIO
906 202 1038 231 xxxv.
1072 198 1315 230 ARTICULUS
1348 197 1404 226 lv.
1694 173 1704 193 '

805 370 1166 418 ARTICULUS
1188 369 1263 412 IV.
1738 383 1802 408 201

308 487 461 518 UTRUM
488 485 621 516 OMNIS
648 482 868 513 TRISTITIA
896 479 1006 509 OMNI
1034 474 1366 508 DELECTATIONI
1395 470 1746 504 CONTRARIETUR.

604 571 706 617 (Iasr.
727 574 790 604 art.
811 568 843 604 6.
866 573 956 614 corp.
971 567 1034 613 fin.
1057 571 1087 600 et
1107 578 1137 611 q.
1156 565 1207 611 38.
1230 568 1294 598 art.
1316 574 1342 598 Ι.
1365 561 1408 596 ad
1428 574 1456 596 I.

370 633 399 663 ct
414 632 507 674 part.
525 638 552 672 3.
573 637 602 671 q.
624 624 682 669 46.
701 628 764 657 art.
786 623 817 657 8.
840 621 881 655 ad
901 633 933 656 2.
955 625 983 654 et
1002 631 1035 664 4.
1058 620 1146 653 Dist.
1165 628 1215 662 14.
1238 629 1268 663 q.
1287 628 1314 652 Ι.
1336 619 1400 649 art.
1421 625 1454 659 4.
1473 625 1502 659 q.
1524 624 1556 648 2.
1575 610 1691 658 corp).

323 717 382 752 AD
405 725 592 755 QUARTUM
613 713 664 747 sic
691 710 907 758 proceditur.
934 708 1097 750 Videtur,
1120 706 1216 753 quod
1236 704 1354 739 omnis
1375 703 1517 738 tristitia
1538 701 1640 736 omni
1661 698 1814 734 delecta-

252 771 343 806 tioni
365 769 617 804 contrarietur:
639 766 731 800 sicut
753 765 850 798 enim
872 763 1012 804 albedo,
1035 769 1070 795 et
1094 759 1245 806 nigredo
1268 765 1351 792 sunt
1371 755 1572 791 contrariae
1592 753 1731 800 species
1753 763 1814 786 co-

252 824 358 866 loris;
380 824 427 857 ita
449 820 652 862 delectatio,
667 827 702 853 et
714 817 855 852 tristitia
877 823 957 851 sunt
977 814 1178 849 contrariae
1193 812 1332 859 species
1348 810 1490 844 animae
1504 808 1731 855 passionum:
1751 804 1814 839 sed

255 877 394 918 albedo,
410 883 443 910 et
456 874 606 920 nigredo
621 870 871 906 universaliter
892 869 959 904 sibi
980 875 1232 914 opponuntur3
1255 875 1343 910 ergo
1358 863 1469 898 etiarn
1489 859 1694 902 delectatio,
1708 865 1744 893 et
1759 859 1816 892 tri-

256 931 361 966 stitia.

326 994 357 1018 2.
379 983 615 1017 PRAETEREA.
637 979 840 1014 Medicinae
861 988 924 1024 per
946 975 1128 1010 contraria
1140 973 1247 1007 fiunt:
1271 971 1334 1006 sed
1355 968 1538 1017 quaelibet
1554 966 1745 1002 delectatio
1764 972 1818 999 est

256 1037 436 1072 medicina
451 1043 575 1069 contra
591 1033 787 1080 quamlibet
801 1031 994 1072 tristitiam,
1009 1036 1046 1063 ut
1061 1035 1158 1075 patet
1171 1038 1234 1073 per
1247 1024 1385 1060 Philos.
1400 1024 1436 1058 in
1447 1034 1478 1070 7.
1489 1022 1606 1057 Ethic.
1619 1021 1704 1067 (cap.
1718 1019 1816 1064 ult.);

256 1102 343 1137 ergo
366 1089 546 1136 quaelibet
567 1087 758 1121 delectatio
777 1084 923 1119 cuilibet
942 1083 1105 1118 tristitiae
1128 1079 1377 1115 contrariatur.

331 1155 359 1189 3.
381 1143 617 1177 PRAETEREA.
634 1139 826 1174 Contraria
848 1145 941 1179 sunt,
964 1147 1055 1183 quae
1078 1146 1115 1169 se
1136 1134 1293 1168 invicem
1314 1130 1534 1177 impediunt:
1556 1128 1619 1164 sed
1640 1125 1821 1174 quaelibet

256 1197 395 1232 tristitia
416 1195 566 1241 impedit
587 1193 785 1241 quamlibet
807 1191 1098 1230 delectationem,
1119 1195 1158 1222 ut
1175 1194 1273 1234 patet
1292 1197 1356 1232 per
1376 1183 1477 1226 illud,
1499 1182 1596 1230 quod
1618 1181 1746 1216 dicitur
1767 1189 1819 1214 10.

257 1251 373 1285 Ethic.
397 1250 485 1295 (cap.
504 1250 547 1294 5.)
559 1260 571 1289 ;
593 1258 679 1293 ergo
698 1245 879 1293 quaelibet
895 1244 1036 1278 tristitia
1059 1241 1204 1277 cuilibet
1225 1238 1457 1274 delectationi
1475 1235 1725 1271 contrariatur.

332 1303 406 1337 SED
429 1312 595 1337 CONTRA.
619 1299 898 1334 Contrariorum
919 1309 995 1331 non
1016 1304 1069 1330 est
1091 1295 1220 1330 eadem
1245 1303 1368 1327 causa:
1391 1290 1455 1326 sed
1483 1290 1524 1324 ab
1547 1289 1678 1324 eodem
1697 1286 1822 1321 habitu

260 1357 434 1405 procedit,
456 1355 552 1402 quod
575 1354 702 1400 aliquis
725 1353 880 1400 gaudeat
901 1352 944 1385 de
967 1362 1052 1392 uno,
1074 1357 1109 1384 et
1128 1349 1285 1383 tristetur
1307 1346 1351 1380 de
1373 1346 1561 1392 opposito:
1583 1354 1627 1377 ex
1648 1341 1822 1376 charitate

262 1412 359 1445 enim
374 1410 550 1455 contingit
561 1408 701 1454 gaudere
715 1419 788 1441 cam
802 1405 1025 1451 gaudentibus,
1037 1408 1065 1438 et
1074 1403 1157 1449 flere
1171 1413 1245 1436 cum
1254 1400 1415 1443 flentibus,
1431 1405 1470 1432 ut
1482 1397 1611 1432 dicitur
1625 1395 1733 1430 Rom.
1752 1403 1822 1435 12.;

263 1475 350 1510 ergo
372 1475 446 1497 non
469 1462 587 1496 omnis
608 1460 749 1495 tristitia
771 1459 872 1494 omni
895 1457 1127 1492 delectationi
1149 1453 1396 1489 contrariatur.

331 1518 561 1552 Respoxmzo
588 1514 793 1555 dicendum,
816 1512 924 1558 quod,
947 1511 1039 1545 sicut
1061 1509 1190 1543 dicitur
1211 1508 1251 1541 in
1280 1517 1332 1541 10.
1359 1504 1519 1551 Metaph.
1548 1502 1626 1548 (tex.
1644 1514 1688 1548 13.
1706 1506 1735 1536 et
1754 1501 1822 1546 14.)

263 1572 476 1607 contrarietas
493 1575 537 1604 cst
554 1568 735 1614 differentia
751 1566 925 1602 secundam
946 1565 1092 1609 formam
1102 1575 1114 1604 ;
1134 1561 1253 1596 forma
1272 1568 1394 1594 autem
1415 1567 1469 1593 est
1482 1565 1518 1592 et
1528 1556 1699 1604 generalis,
1715 1562 1751 1589 et
1762 1561 1827 1600 spe-

264 1626 379 1660 cialis:
398 1624 492 1657 unde
515 1621 693 1667 contingit
718 1631 796 1655 esse
819 1619 938 1665 aliqua
953 1617 1133 1652 contraria
1151 1614 1352 1650 secundum
1372 1611 1531 1646 formam
1553 1609 1712 1657 generis:
1734 1608 1827 1642 sicut

263 1679 387 1719 virtus,
407 1685 441 1711 et
457 1676 604 1710 vitium:
624 1682 659 1708 et
677 1673 877 1708 secundum
890 1671 1048 1706 formam
1069 1669 1219 1716 speciei;
1239 1665 1490 1712 sicutjustitia,
1513 1671 1549 1698 et
1568 1662 1757 1709 injustitia:
1774 1668 1828 1696 est

265 1740 387 1766 autem
409 1728 724 1769 considerandum,
752 1726 849 1773 quod
871 1725 1034 1771 quaedam
1061 1721 1313 1770 specificantur
1339 1719 1540 1754 secundum
1565 1716 1702 1751 formas
1729 1715 1830 1750 abso-

263 1785 373 1819 lutas:
397 1784 489 1818 sicut
510 1781 740 1823 substantiae,
763 1788 797 1814 et
819 1778 1029 1825 qualitates:
1052 1776 1211 1824 quaedam
1228 1785 1316 1809 vero
1335 1772 1588 1820 specificantur
1601 1782 1663 1818 per
1685 1780 1829 1816 compa-

264 1839 443 1873 rationem
465 1836 508 1870 ad
531 1835 664 1881 aliquid
688 1842 803 1869 extra:
820 1833 912 1867 sicut
926 1831 1124 1878 passiones,
1141 1837 1175 1864 et
1189 1836 1309 1863 motus
1324 1826 1503 1873 recipiunt
1523 1826 1683 1871 speciem
1704 1835 1746 1858 ex
1759 1831 1830 1858 ter-

266 1892 385 1934 minis,
399 1891 474 1925 sive
490 1901 530 1924 ex
546 1888 707 1935 obJectis.
727 1888 767 1922 In
786 1887 833 1921 his
847 1898 933 1932 ergo,
949 1896 1092 1932 quorum
1105 1884 1220 1930 species
1234 1881 1496 1923 considerantur,
1511 1878 1687 1914 secundum
1696 1878 1831 1924 formas

267 1946 439 1987 absolutas,
452 1944 609 1988 contingit
623 1941 752 1988 quidem
766 1941 891 1987 spc‘cics,
908 1951 990 1985 quac
1006 1950 1042 1974 co
1053 1939 1221 1972 minantur
1234 1937 1290 1971 sab
1306 1935 1485 1970 contrariis
1495 1933 1676 1979 generibus,
1691 1942 1758 1965 non
1771 1941 1832 1965 esse

267 1999 454 2034 contrarias
474 1995 649 2031 sanandam
670 1996 835 2029 rationem
853 1994 968 2040 speciei
986 2004 996 2026 .·
1019 2003 1085 2026 non
1107 1996 1215 2025 tamen
1233 1990 1405 2035 contingit,
1425 1986 1512 2033 quod
1531 1986 1672 2021 habeant
1685 1985 1833 2031 aliquam

267 2053 470 2099 affinitatem,
492 2050 544 2084 vel
567 2049 832 2084 convenientiam
854 2047 896 2081 ad
914 2047 1073 2080 invicem.
1091 2042 1372 2090 Intemperantia
1388 2043 1497 2082 enim,
1516 2047 1550 2074 et
1570 2038 1717 2086 justitia,
1740 2048 1832 2084 quae

269 2113 351 2140 sunt
369 2105 404 2138 in
423 2103 611 2138 contrariis
631 2102 833 2148 generibus,
852 2101 983 2134 virtute
1002 2098 1152 2140 scilicet,
1175 2105 1209 2131 et
1228 2097 1328 2138 vitio,
1347 2106 1421 2129 non
1441 2094 1704 2128 contrariantur
1721 2091 1765 2126 ad
1783 2091 1834 2125 in-

268 2159 387 2193 vicem
409 2157 607 2191 secundum
630 2156 808 2189 rationem
831 2153 996 2200 propriae
1019 2151 1170 2199 specie13
1192 2161 1258 2184 nec
1276 2149 1413 2184 habent
1430 2147 1588 2194 aliquam
1611 2145 1832 2186 affinitatem,

270 2212 327 2246 vel
343 2210 635 2246 convenientiam
645 2209 862 2242 adinvicem.
877 2207 947 2241 Sed
964 2207 1000 2240 in
1015 2206 1096 2247 illis,
1112 2215 1267 2251 quorum
1278 2203 1416 2250 species
1432 2209 1623 2236 sumuntur
1633 2198 1833 2234 secundum

270 2265 520 2300 habitudinem
543 2263 585 2297 ad
606 2262 739 2308 aliquid
762 2261 1013 2302 extrinsecum,
1030 2258 1207 2304 contingit
1220 2257 1317 2304 quod
1331 2256 1469 2303 species
1491 2253 1756 2289 contrariorum
1778 2262 1835 2298 ge-

271 2330 399 2353 nerum
414 2329 488 2351 non
502 2316 621 2351 solum
636 2327 709 2350 non
722 2323 803 2349 sunt
818 2314 1020 2348 contrariae
1037 2313 1080 2347 ad
1102 2312 1270 2352 invicem,
1286 2310 1347 2345 sed
1363 2309 1472 2344 etiarn
1490 2308 1625 2342 habent
1638 2305 1835 2353 quamdam

274 2371 577 2412 convenientiam,
600 2377 634 2403 et
651 2368 879 2410 affinitatem,
903 2379 946 2402 eo
970 2367 1066 2413 quod
1086 2366 1216 2400 eodem
1239 2364 1351 2398 modo
1374 2374 1412 2398 se
1433 2363 1567 2397 habere
1589 2361 1633 2395 ad
1655 2359 1835 2394 contraria

274 2425 565 2460 contrarietatem
588 2423 741 2457 inducit:
761 2423 851 2456 sicut
875 2421 1046 2455 accedere
1070 2420 1112 2453 ad
1136 2418 1270 2459 album,
1292 2425 1327 2452 et
1349 2416 1520 2451 accedere
1537 2415 1580 2449 ad
1601 2414 1758 2460 nigrum,
1776 2412 1838 2446 ha-

273 2479 359 2514 bent
378 2478 556 2512 rationem
578 2476 854 2516 contrarietatis,
874 2475 934 2508 sed
951 2473 1132 2508 contrario
1148 2472 1260 2506 modo
1275 2482 1313 2505 se
1326 2470 1460 2504 habere
1476 2469 1519 2503 ad
1534 2467 1715 2503 contraria
1728 2466 1838 2500 habet

274 2533 453 2567 rationem
475 2530 739 2571 similitudinis;
762 2529 853 2563 sicut
871 2528 1040 2562 recedere
1064 2527 1106 2561 ab
1131 2526 1225 2567 albo,
1240 2533 1275 2559 et
1289 2524 1461 2559 accedere
1476 2522 1519 2556 ad
1537 2522 1698 2568 nigrum:
1713 2527 1749 2554 et
1765 2519 1837 2553 hoc

275 2587 432 2620 maxime
461 2592 605 2631 apparet
631 2584 666 2618 in
695 2583 991 2623 contradictione,
1020 2592 1110 2627 quae
1142 2587 1195 2614 est
1221 2578 1437 2626 principium
1468 2575 1725 2623 oppositionis:
1752 2584 1838 2608 nam

276 2641 311 2674 in
328 2639 578 2680 affirmatione,
601 2646 636 2672 et
657 2637 850 2681 negatione
873 2636 1033 2680 ejusdem
1054 2634 1216 2668 consistit
1234 2632 1436 2679 oppositio;
1458 2631 1549 2665 sicut
1570 2630 1695 2672 album,
1715 2635 1750 2663 et
1771 2638 1837 2662 non

277 2694 408 2729 albam:
429 2695 463 2727 in
480 2692 719 2727 affirmatione
740 2698 858 2724 autem
882 2689 987 2723 unius
1011 2689 1271 2735 oppositorum,
1293 2694 1328 2720 et
1348 2685 1542 2731 negatione
1565 2682 1708 2718 alterius
1731 2689 1841 2716 atten-

279 2747 370 2781 ditur
398 2745 684 2786 convenientiae,
714 2752 748 2778 et
770 2743 986 2777 similitudo:
1015 2750 1052 2775 nt
1079 2742 1106 2775 si
1135 2742 1269 2775 dicam:
1298 2741 1428 2785 nigrum
1451 2746 1486 2772 et
1511 2749 1575 2772 non
1598 2737 1720 2771 album.

349 2799 511 2834 Tristitia
534 2807 666 2840 autem,
683 2806 716 2832 et
738 2796 942 2837 delectatio,
959 2807 1041 2829 cum
1060 2796 1129 2829 sint
1144 2794 1341 2840 passiones,
1357 2791 1608 2839 specificantur
1622 2801 1663 2824 ex
1678 2787 1840 2834 objectis,

280 2862 314 2889 ct
336 2853 480 2900 quidem
504 2852 702 2887 secundum
723 2862 835 2897 genus
855 2861 959 2883 suum
980 2848 1271 2882 contrarietatem
1286 2846 1438 2880 habent:
1461 2856 1546 2879 nam
1561 2854 1673 2878 unum
1689 2841 1841 2889 pertinet

282 2908 323 2942 ad
346 2907 653 2954 prosecutionem,
676 2904 771 2939 aliud
794 2915 879 2938 vero
903 2903 945 2937 ad
970 2902 1112 2947 sugam3
1142 2912 1233 2948 quac
1261 2912 1299 2935 se
1329 2900 1465 2934 habent
1493 2898 1529 2933 in
1557 2896 1728 2944 appetitu,
1749 2895 1842 2930 sicut

1905 707 1907 759 i
