1907 3182
240 202 325 244 450
655 202 875 237 QUAESTIO
909 201 1006 230 LXV.
1040 200 1284 231 ARTICULUS
1318 201 1372 230 lv.

239 295 317 318 csse
339 284 415 317 sine
438 283 627 318 charitate:
655 283 716 318 sed
739 284 815 318 sine
837 283 1023 325 charitate,
1045 282 1188 329 proprie
1209 281 1405 328 loquendo,
1426 281 1573 317 virtutes
1593 294 1669 317 non
1694 290 1791 318 sunt:

235 348 321 371 nam
341 337 384 370 ad
404 337 583 371 rationem
597 337 736 371 virtutis
754 336 918 382 pertinet,
933 344 971 370 ut
983 347 1057 369 non
1076 335 1196 370 solum
1215 335 1414 370 secundum
1431 335 1549 381 ipsam
1571 335 1716 382 aliquod
1733 335 1794 370 bo-

235 401 321 424 num
344 401 548 436 operemur,
570 390 633 424 sed
656 390 765 424 etiam
786 390 889 431 bene,
912 397 950 424 ut
972 389 1100 423 dicitur
1121 390 1157 423 in
1179 400 1210 423 2.
1233 389 1392 424 Ethicor.
1415 390 1502 436 (cap.
1525 389 1558 425 6.
1579 391 1615 424 in
1630 390 1770 436 princ).

311 443 370 477 AD
389 454 537 477 PRIMUM
553 454 639 489 ergo
655 443 859 484 dicendum,
875 442 972 488 quod
990 443 1138 477 virtutes
1157 442 1315 476 morales
1330 442 1532 488 dependent
1551 454 1570 476 a
1587 443 1794 489 prudentia:

235 496 424 543 prudentia
449 504 568 530 autem
596 496 712 530 infusa
730 508 797 530 nec
819 496 999 530 rationem
1017 496 1226 542 prudentiae
1256 496 1390 530 habere
1416 503 1534 542 potest
1555 496 1687 542 absque
1714 496 1796 530 cha-

234 549 348 591 ritate,
371 557 495 595 utpote
518 549 709 583 deficiente
737 549 857 583 debita
883 549 1092 583 habitudine
1116 549 1159 582 ad
1180 549 1338 595 primurn
1365 549 1592 594 principium,
1619 549 1715 595 quod
1742 557 1795 583 est

236 603 380 636 ultimus
396 602 491 635 finis:
507 602 594 636 fides
615 609 748 644 autem,
764 610 798 636 et
816 613 897 648 spes
916 603 1115 636 secundum
1130 602 1292 648 proprias
1306 602 1464 636 rationes
1478 614 1544 636 nec
1559 613 1578 635 a
1596 602 1794 648 prudentia,

236 667 302 690 nec
327 667 345 688 a
369 655 541 689 charitate
565 655 788 701 dependent3
811 663 845 689 et
865 655 947 689 ideo
971 655 1046 689 sine
1069 655 1241 689 charitate
1261 666 1337 689 esse
1357 663 1518 701 possunt,
1532 655 1617 690 licet
1633 667 1708 690 non
1726 656 1796 691 sint

237 710 384 743 virtutes
406 709 481 743 sine
505 709 690 751 charitate,
712 717 750 743 ut
772 709 908 742 dictum
931 715 983 742 est
1007 708 1056 753 (in
1083 715 1173 756 corp.
1191 708 1284 753 art).

308 763 367 796 AD
391 772 597 796 SECUNDUM
620 762 825 804 dicendum,
848 762 944 808 quod
962 763 1054 796 ratio
1073 761 1134 795 illa
1152 762 1316 808 procedit
1334 761 1377 796 de
1393 761 1473 804 fide,
1494 773 1584 808 quae
1599 762 1707 797 habet
1721 774 1796 809 per-

235 815 369 850 fectam
391 817 569 849 rationem
592 816 741 850 virtutis.

308 869 367 903 AD
394 878 565 903 TERTIUM
593 868 798 910 dicendum,
821 868 918 914 quod
940 868 1166 915 Augustinus
1187 867 1346 914 loquitur
1367 868 1415 902 ibi
1436 867 1480 903 de
1501 879 1573 915 spe,
1595 868 1795 903 secundum

233 922 328 968 quod
357 921 483 968 aliquis
514 930 679 968 expectat
705 921 864 956 futuram
890 922 1150 957 beatitudinem
1176 933 1240 968 per
1266 921 1405 964 merita,
1439 933 1531 968 quae
1562 922 1637 968 jam
1666 922 1791 957 habet:

234 976 329 1022 quod
351 987 425 1010 non
447 983 500 1010 est
520 976 599 1010 sine
622 976 808 1010 charitate.

802 1127 1147 1173 ARTICULUS
1179 1128 1234 1172 v.
1730 1148 1792 1186 343

440 1248 593 1279 UTRUM
621 1249 837 1280 CHARITAS
864 1250 1016 1280 POSSIT
1043 1249 1144 1279 ESSE
1171 1249 1266 1279 SINE
1292 1248 1392 1278 FIDE
1417 1248 1473 1278 ET
1501 1247 1588 1278 SPE.

304 1348 364 1383 AD
384 1358 563 1388 QUINTUM
580 1349 629 1383 sic
651 1349 868 1395 proceditur.
894 1349 1056 1391 Videtur,
1078 1348 1175 1395 quod
1203 1347 1357 1382 charitas
1383 1347 1496 1394 possit
1517 1358 1594 1381 esse
1616 1346 1692 1381 sine
1714 1346 1794 1389 fide,

234 1410 268 1437 et
289 1413 370 1448 spe:
395 1403 550 1436 charitas
573 1403 670 1436 enim
693 1410 744 1437 est
767 1414 870 1437 amor
890 1403 976 1437 Dei:
1008 1403 1070 1437 sed
1089 1403 1189 1437 Deus
1210 1409 1328 1448 potest
1349 1413 1368 1435 a
1389 1401 1493 1435 nobis
1519 1400 1633 1434 amari
1657 1408 1796 1434 natura-

233 1455 325 1498 liter,
354 1456 463 1490 etiam
485 1467 558 1490 non
580 1457 850 1503 praesupposita
877 1456 957 1499 fide,
979 1455 1037 1490 vel
1058 1468 1120 1502 spe
1147 1455 1286 1490 futurae
1307 1454 1552 1496 beatitudinis;
1575 1465 1662 1500 ergo
1685 1453 1797 1488 chari-

233 1517 285 1543 tas
309 1517 428 1555 potest
450 1520 526 1543 esse
550 1509 625 1543 sine
648 1509 728 1551 fide,
751 1517 784 1544 et
806 1522 877 1556 spe.

306 1572 337 1596 2.
365 1562 600 1597 PRAETEREA.
638 1562 805 1597 Charitas
843 1571 896 1597 est
933 1563 1032 1597 radix
1066 1562 1231 1597 omnium
1257 1562 1441 1603 virtutum,
1472 1561 1671 1595 secundum
1707 1560 1796 1595 illud

234 1617 364 1664 Ephes.
392 1629 440 1663 3.:
472 1618 512 1651 In
531 1618 690 1652 charitate
712 1618 867 1661 radicati,
895 1618 1101 1664 etsundati:
1129 1617 1190 1652 sed
1225 1617 1323 1651 radix
1350 1616 1543 1662 aliquando
1571 1623 1624 1650 est
1647 1615 1724 1650 sine
1745 1626 1796 1649 ra-

233 1671 320 1712 mis;
343 1682 429 1716 ergo
445 1671 600 1705 charitas
628 1680 747 1716 potest
769 1683 846 1705 esse
869 1671 1062 1718 aliquando
1085 1672 1160 1705 sine
1187 1670 1267 1712 fide,
1290 1678 1324 1704 et
1345 1681 1417 1716 spe,
1445 1677 1479 1704 et
1500 1669 1576 1704 aliis
1595 1669 1794 1704 virtutibus.

307 1736 334 1770 3.
358 1725 593 1759 PRAETEREA.
614 1725 653 1758 In
670 1725 817 1759 Christo
836 1725 901 1759 fuit
923 1725 1079 1771 perfecta
1095 1725 1250 1758 charitas
1266 1737 1272 1758 :
1290 1731 1324 1758 et
1338 1724 1413 1770 ipse
1431 1731 1554 1758 tamen
1575 1734 1649 1757 non
1670 1723 1796 1757 habuit

232 1777 351 1820 fidem,
375 1786 409 1812 et
434 1789 552 1824 spem;
580 1778 663 1824 quia
689 1778 754 1812 fuit
780 1778 959 1825 perfectus
986 1778 1284 1824 comprehensor,
1307 1785 1344 1811 ut
1369 1775 1460 1810 infra
1486 1776 1624 1811 dicetur
1645 1777 1750 1823 (part.
1766 1788 1794 1823 3.

233 1843 262 1877 q.
285 1842 314 1877 7.
343 1836 406 1865 art.
425 1843 453 1877 3.
481 1837 510 1866 et
530 1843 562 1875 4.
585 1837 613 1866 et
634 1843 663 1877 q.
687 1844 718 1877 9.
742 1837 804 1866 art.
827 1832 877 1877 2.)
888 1844 899 1873 ,·
924 1843 1010 1878 ergo
1034 1831 1189 1865 charitas
1211 1838 1328 1877 potest
1350 1841 1427 1865 esse
1453 1829 1530 1864 sine
1553 1829 1633 1872 fide,
1655 1837 1691 1864 et
1710 1840 1783 1876 spe.

303 1884 377 1919 SED
400 1895 554 1919 CONTRA
577 1893 640 1926 est,
668 1885 764 1930 quod
785 1885 984 1931 Apostolus
1007 1885 1092 1919 dicit
1119 1885 1227 1918 Hebr.
1259 1895 1329 1919 11.:
1355 1884 1431 1919 Sine
1451 1883 1512 1925 fide
1533 1883 1732 1931 impossibile
1752 1889 1796 1918 est

229 1938 359 1985 placere
378 1939 475 1973 Duo:
503 1938 599 1984 quod
622 1938 779 1972 maxime
815 1939 968 1985 pertinet
989 1939 1031 1972 ad
1054 1939 1279 1980 charitatem,
1307 1945 1344 1972 ut
1365 1944 1462 1982 patet
1482 1937 1681 1971 secundum
1707 1936 1795 1971 illud

231 1992 338 2026 Prov.
360 1992 410 2026 8.:
433 1992 507 2037 Ego
528 1991 694 2037 diligentes
716 2004 765 2026 me
786 1992 907 2038 diligo:
925 2004 1004 2038 spes
1027 1992 1136 2026 etiam
1163 1999 1227 2034 est,
1253 2003 1343 2038 quac
1366 1990 1560 2025 introducit
1581 1990 1624 2024 ad
1647 1990 1796 2024 charita-

231 2053 319 2087 tem,
342 2053 378 2078 ut
416 2057 522 2091 supra
554 2045 689 2079 dictum
713 2053 765 2080 est
788 2045 832 2091 (q.
856 2046 910 2081 62.
929 2051 994 2081 art.
1021 2046 1096 2091 4.);
1129 2056 1216 2091 ergo
1248 2045 1404 2079 charitas
1433 2055 1507 2078 non
1534 2050 1651 2090 potest
1671 2043 1794 2078 haberi

232 2098 307 2132 sine
331 2098 409 2141 fide,
434 2106 468 2132 et
486 2110 559 2144 spe.

306 2151 535 2186 RESPONDEO
559 2152 763 2194 dicendum,
786 2152 882 2198 quod
905 2152 1059 2186 charitas
1085 2163 1159 2186 non
1186 2151 1304 2186 solum
1327 2150 1505 2197 significat
1527 2162 1691 2186 amorem
1712 2150 1794 2193 Dei,

232 2204 291 2238 sed
317 2205 425 2239 etiam
445 2205 642 2239 amicitiam
666 2206 862 2251 quamdam
886 2206 928 2239 ad
951 2206 1088 2252 ipsum;
1108 2217 1199 2252 quae
1222 2205 1367 2251 quidem
1389 2215 1494 2251 super
1515 2215 1679 2238 amorem
1698 2204 1795 2238 addit

234 2264 384 2293 mutuam
407 2258 664 2292 redamationm
688 2271 761 2293 cum
783 2259 926 2305 quadam
949 2260 1243 2294 communicatione
1261 2264 1388 2301 malim,
1404 2266 1440 2292 ut
1462 2258 1591 2292 dicitur
1611 2258 1647 2292 in
1666 2258 1697 2292 8.
1714 2257 1793 2291 Eth.

234 2311 319 2358 (cap.
347 2311 417 2356 2.),·
459 2320 491 2345 et
514 2312 609 2357 quod
637 2312 708 2346 hoc
751 2313 793 2346 ad
829 2313 1042 2347 charitatem
1070 2313 1256 2359 pertineat,
1284 2320 1380 2358 patet
1401 2322 1462 2358 per
1483 2311 1517 2345 id
1545 2311 1640 2357 quod
1663 2311 1793 2345 dicitur

237 2365 463 2410 1.Joar1.41.:
486 2366 556 2409 Qui
579 2371 686 2400 manet
705 2367 738 2399 in
756 2366 925 2408 clmritata,
951 2368 983 2400 in
1001 2367 1069 2400 Duo
1093 2371 1212 2407 namet,
1230 2371 1256 2400 ct
1270 2367 1359 2400 Deus
1374 2367 1407 2399 in
1429 2377 1486 2405 εο,·
1502 2372 1536 2399 et
1555 2375 1581 2398 1.
1598 2364 1642 2398 ad
1661 2363 1748 2399 Cor.
1765 2375 1792 2398 1.

232 2419 377 2452 dicitur:
401 2418 522 2453 Fidelis
550 2420 648 2460 Deus,
663 2425 725 2465 psr
747 2431 838 2465 quem
854 2421 967 2454 vocati
987 2421 1059 2454 esti<
1081 2421 1113 2453 in
1134 2421 1315 2454 societur-m
1347 2419 1426 2453 Filii
1447 2420 1532 2462 ejus:
1555 2418 1645 2452 hacc
1670 2426 1790 2452 autem

236 2472 390 2507 societas
420 2472 578 2506 hominis
613 2473 655 2506 ad
683 2473 814 2515 Deum,
842 2485 933 2519 quae
961 2481 1013 2507 est
1043 2473 1221 2519 quaedam
1248 2472 1434 2506 familiaris
1461 2471 1687 2506 conversatio
1710 2482 1793 2505 cum

236 2527 325 2571 ipso,
356 2526 548 2560 inchoatur
571 2525 716 2571 quidem
739 2526 795 2559 liic
820 2526 853 2559 in
888 2528 1062 2572 praesenti
1099 2538 1161 2572 per
1183 2526 1347 2571 gratiam,
1385 2525 1588 2571 perficietur
1615 2532 1735 2559 autem
1757 2525 1792 2559 in

234 2579 352 2613 futuro
377 2591 438 2625 per
457 2579 629 2625 gloriam:
654 2590 807 2625 quorum
829 2588 1019 2626 utrumque
1041 2580 1121 2621 lide,
1141 2587 1174 2614 et
1195 2591 1256 2625 spe
1279 2588 1436 2614 tenetur:
1453 2579 1546 2613 unde
1561 2578 1652 2612 sicut
1666 2577 1794 2625 aliquis

234 2644 306 2666 non
331 2641 450 2679 posset
469 2644 551 2666 cum
575 2632 696 2679 aliquo
726 2633 921 2666 amicitiam
945 2633 1089 2674 habere,
1123 2633 1151 2667 si
1186 2633 1412 2674 discrederet,
1447 2631 1502 2666 vel
1531 2632 1735 2678 desperaret
1755 2643 1793 2666 se

232 2697 337 2733 posse
359 2686 490 2720 habere
514 2686 671 2732 aliquam
694 2687 917 2728 societatem,
934 2687 989 2720 vel
1009 2686 1223 2721 familiarem
1247 2686 1560 2721 conversationem
1584 2696 1666 2719 cum
1690 2685 1789 2731 ipso:

231 2741 278 2774 ita
297 2740 424 2786 aliquis
447 2751 519 2773 non
537 2748 653 2786 potest
673 2740 803 2774 habere
820 2741 1016 2774 amicitiam
1037 2741 1077 2774 ad
1096 2741 1328 2786 Deum,quae
1349 2747 1401 2775 est
1416 2738 1661 2781 charitas,nisi
1684 2738 1790 2773 fidem

230 2794 371 2835 habeat,
398 2806 458 2840 per
480 2805 588 2840 quam
612 2794 733 2828 credat
760 2794 966 2839 hujusmodi
990 2794 1201 2828 societatem
1230 2803 1264 2828 et
1285 2793 1601 2828 conversationem
1629 2792 1788 2826 hominis

232 2859 312 2881 cum
337 2848 429 2889 Deo,
445 2856 478 2881 et
499 2856 616 2893 speret
638 2859 673 2881 se
690 2848 732 2881 ad
752 2847 843 2881 hanc
867 2849 1078 2881 societatem
1099 2847 1294 2893 pertinere:
1315 2855 1350 2882 et
1368 2847 1417 2882 sic
1438 2846 1592 2881 charitas
1614 2845 1690 2880 sine
1709 2844 1790 2887 fide,

233 2910 267 2936 et
289 2913 349 2947 spe
373 2900 472 2935 nullo
496 2902 606 2935 modo
625 2913 701 2935 esse
725 2909 853 2947 potest.
