1907 3198
457 196 679 232 QUAESTIO
715 194 879 224 Lxxvu.
914 193 1162 224 ARTICULUS
1195 193 1236 222 V.
1558 181 1635 234 561

63 279 148 327 quia
169 279 370 315 secundum
393 277 561 325 Apostol.
590 288 616 311 1.
638 277 681 311 ad
705 275 870 310 Timoth.
894 275 976 310 ult.:
1002 275 1112 311 Radix
1134 275 1283 309 omnium
1303 274 1472 308 malorum
1493 278 1537 309 est
1555 275 1645 320 cupi-

64 333 166 369 ditas:
185 333 248 368 sed
270 332 435 379 superbia
457 331 551 366 vitae
574 331 638 365 sub
662 330 857 377 cupiditate
878 341 952 364 non
973 329 1198 370 continetur3
1222 339 1310 374 ergo
1333 338 1407 362 non
1430 327 1537 362 debet
1555 327 1642 373 poni

66 387 159 422 inter
180 397 308 422 causas
331 393 578 433 peccatorum.

136 450 168 476 2.
190 440 428 476 PRAETEREA.
453 438 763 485 Concupiscentia
787 438 905 472 carnis
928 438 1086 472 maxime
1109 448 1150 471 ex
1173 436 1313 471 visione
1337 435 1532 469 oculorum
1551 435 1646 470 exci-

63 502 170 536 tatur,
191 493 393 529 secundum
414 492 503 526 illud
522 492 615 527 Dan.
641 502 708 538 13.:
729 491 854 538 Species
872 491 994 538 decepit
1020 496 1066 532 ιω
1096 501 1184 537 ergo
1206 501 1280 524 non
1303 489 1409 524 debet
1431 489 1543 523 dividi
1562 500 1646 524 con-

65 547 287 595 cupiscentia
309 546 502 582 oculorum
526 553 653 580 contra
675 545 1010 591 concupiscentiam
1033 544 1161 579 carnis.

140 613 170 648 3.
192 601 429 636 PRAETEREA.
453 599 763 646 Concupiscentia
779 607 831 633 est
846 598 1070 633 delectabilis
1093 597 1282 644 appetitus,
1298 604 1336 631 ut
1354 608 1461 643 supra
1478 596 1644 631 habitum

66 663 119 690 est
139 657 185 702 (q.
204 666 256 702 30.
278 659 344 689 art.
366 653 432 699 2.).·
454 652 714 688 delectationes
738 660 859 687 autem
889 653 1105 699 contingunt
1126 662 1200 686 non
1224 650 1345 685 solum
1368 650 1570 685 secundum
1597 651 1646 684 vi-

65 719 158 751 sum,
175 708 236 743 sed
251 708 361 743 etiam
383 707 584 742 secundum
607 706 698 741 alios
717 717 862 748 sensus3
885 717 973 752 ergo
992 706 1138 740 deberet
1153 705 1264 740 etiam
1279 705 1365 751 poni
1381 705 1642 751 concupiscentia

65 762 209 805 auditus,
229 769 265 796 et
286 761 442 796 aliorum
463 771 648 795 sensuum.

136 825 170 859 4.
191 815 430 851 PRAETEREA.
453 814 556 848 Sicut
577 814 692 848 homo
715 813 895 848 inducitur
918 814 960 848 ad
981 813 1208 860 peccandum
1228 824 1270 847 ex
1289 812 1495 846 inordinata
1514 822 1648 846 concu-

66 869 241 916 piscentia
267 868 365 911 boni,
391 868 441 902 ita
467 868 577 902 etiam
605 879 647 902 ex
675 867 879 901 inordinata
906 866 992 913 suga
1015 866 1113 908 mali,
1136 875 1174 901 ut
1196 866 1334 901 dictum
1357 874 1411 900 est
1433 865 1513 910 (art.
1530 872 1644 913 praec.

65 922 108 958 ad
130 923 190 969 3.).·
206 922 268 957 sed
283 921 374 956 nihil
395 921 454 956 hic
477 929 710 956 enumeratur
731 921 914 967 pertinens
938 921 981 956 ad
1003 920 1128 967 fugam
1148 919 1254 963 mali;
1277 931 1365 966 ergo
1384 919 1645 954 insufficienter

66 987 197 1011 causae
219 983 454 1023 peccatorum
477 982 684 1021 tanguntur.

138 1029 214 1065 SED
242 1039 398 1065 CONTRA
421 1037 485 1071 est,
511 1028 609 1076 quod
637 1028 767 1062 dicitur
798 1039 824 1062 1.
849 1027 952 1074 Joan.
976 1038 1026 1062 2.:
1052 1028 1158 1063 Omne
1185 1027 1271 1074 quod
1297 1032 1339 1062 test
1367 1028 1399 1061 1'11
1427 1027 1562 1069 nnmdo,
1590 1032 1647 1061 aut

65 1088 109 1118 cst
139 1084 403 1131 concupiscentia
433 1084 556 1125 carnis,
584 1087 641 1116 aut
661 1087 704 1116 est
726 1083 985 1128 (oncupiscentia
1017 1082 1200 1124 oculorum,
1225 1087 1283 1116 aut
1305 1082 1456 1127 superbia
1478 1082 1587 1116 vitae:
1610 1080 1646 1114 in

67 1137 205 1172 mundo
227 1145 349 1172 autern
371 1136 501 1171 dicitur
524 1135 657 1182 aliquid
673 1147 750 1170 csse
770 1145 917 1182 propter
940 1143 1148 1182 peccatum:
1173 1135 1268 1169 unde
1291 1143 1325 1169 et
1347 1135 1482 1169 ibidem
1505 1135 1646 1176 dicitur,

67 1191 165 1238 quod
188 1196 272 1226 tolus
294 1190 434 1225 mumius
456 1191 489 1224 in
512 1190 658 1236 maligno
673 1191 797 1237 positus
818 1195 880 1230 csl‚·
905 1200 992 1236 ergo
1015 1189 1199 1236 praedicta
1222 1189 1290 1223 tria
1312 1196 1394 1223 sunt
1414 1200 1545 1223 causae
1567 1199 1647 1235 pec-

71 1253 249 1280 catorum.

138 1299 369 1334 Responnzo
391 1298 598 1340 dicendum,
617 1297 726 1344 quod,
745 1297 838 1332 sicut
858 1298 931 1343 jam
947 1297 1085 1332 dictum
1101 1305 1154 1331 est
1171 1301 1249 1342 (art.
1259 1298 1400 1344 praec),
1421 1297 1648 1331 inordinatus

69 1364 173 1387 amor
191 1353 246 1388 sui
261 1360 316 1388 est
330 1363 438 1387 causa
461 1353 582 1386 omnis
599 1351 755 1398 peccati:
779 1351 815 1385 in
839 1362 964 1385 amore
985 1359 1106 1385 autem
1129 1351 1183 1385 sui
1202 1350 1398 1385 includitur
1419 1351 1644 1385 inordinatus

69 1407 245 1453 appetitus
267 1405 364 1448 boni,
387 1405 633 1452 unusquisque
662 1405 759 1439 enim
788 1404 922 1451 appetit
947 1405 1085 1438 bonum
1109 1404 1152 1446 ei,
1175 1416 1284 1451 quem
1308 1413 1424 1447 amat;
1448 1404 1542 1438 unde
1570 1416 1646 1438 ma-

67 1459 238 1494 nifestum
254 1467 318 1502 est,
332 1459 429 1506 quod
444 1459 669 1493 inordinatus
693 1458 870 1505 appetitus
885 1458 972 1493 boni
991 1466 1044 1493 est
1066 1469 1174 1492 causa
1190 1458 1310 1493 omnis
1329 1459 1480 1505 peccati.
1501 1458 1646 1493 Bonum

68 1521 190 1548 autem
215 1513 391 1560 dupliciter
416 1520 470 1548 est
495 1513 680 1559 objectum
707 1512 885 1547 sensibilis
914 1513 1102 1559 appetitus,
1125 1513 1161 1546 in
1189 1523 1261 1559 quo
1289 1520 1372 1547 sunt
1399 1513 1543 1547 animae
1571 1524 1648 1559 pas-

68 1567 200 1610 siones,
235 1578 327 1614 quae
361 1574 443 1602 sunt
481 1578 590 1601 causa
624 1567 782 1613 peccati:
815 1579 879 1602 uno
909 1567 1004 1601 modo
1032 1566 1208 1609 absolute,
1238 1567 1439 1601 secundum
1468 1567 1566 1614 quod
1594 1575 1648 1602 est

68 1621 252 1667 objectum
274 1620 588 1668 concupiscibilis:
611 1621 676 1655 alio
707 1620 804 1655 modo
835 1621 898 1655 sub
930 1621 1069 1655 ratione
1100 1621 1214 1663 ardui,
1244 1629 1352 1668 prout
1382 1629 1434 1656 est
1461 1622 1647 1667 objectum

0 1670 16 1687 ²³
67 1674 268 1718 irascibilis,
292 1683 330 1710 ut
350 1685 457 1721 supra
480 1674 619 1709 dictum
642 1683 695 1709 est
718 1674 763 1721 (q.
779 1687 826 1721 23·
845 1680 910 1710 art.
934 1675 991 1720 1.).
1015 1675 1077 1709 Est
1099 1683 1221 1709 autem
1248 1675 1367 1722 duplex
1389 1676 1649 1722 concupiscen-

67 1729 129 1771 tia,
155 1729 248 1764 sicut
273 1739 379 1776 supra
405 1728 570 1763 habiturn
597 1736 651 1763 est
677 1728 723 1775 (q.
743 1740 794 1775 30.
823 1734 889 1764 art.
913 1729 974 1775 3.):
998 1741 1063 1763 una
1091 1729 1239 1775 quidem
1265 1729 1452 1772 naturalis,
1474 1741 1566 1776 quae
1595 1738 1650 1764 est

69 1793 210 1825 eorum,
233 1782 360 1829 quibus
382 1790 508 1816 natura
531 1781 695 1828 corporis
717 1790 955 1825 sustentatur3
978 1782 1053 1817 sive
1076 1791 1252 1829 quantum
1271 1783 1314 1817 ad
1331 1783 1648 1818 conservationem

69 1835 257 1878 individui,
278 1835 371 1871 sicut
392 1835 504 1878 cibus,
531 1843 566 1870 et
592 1844 711 1882 potus,
734 1844 769 1870 et
791 1836 860 1870 alia
882 1837 1110 1882 hujusmodi;
1133 1837 1208 1871 sive
1236 1846 1413 1884 quantum
1436 1838 1480 1872 ad
1508 1849 1651 1872 conser-

68 1889 254 1925 vationem
282 1889 427 1936 speciei,
454 1889 546 1924 sicut
572 1889 608 1923 in
634 1889 815 1924 venereis:
840 1898 873 1924 et
895 1890 1029 1924 horum
1056 1891 1282 1926 inordinatus
1311 1892 1490 1938 appetitus
1517 1892 1648 1927 dicitur

69 1945 335 1991 concupiscentia
360 1945 495 1979 carnis:
517 1944 585 1978 alia
614 1951 667 1979 est
694 1944 988 1990 concupiscentia
1017 1944 1196 1987 animalia
1223 1956 1352 1980 eorum
1379 1945 1528 1988 scilicet,
1556 1958 1649 1992 quae

70 2008 134 2045 per
153 2008 301 2032 sensum
323 1997 441 2032 carnis
463 1997 778 2040 sustentationem,
802 2006 863 2032 aut
884 1997 1166 2033 delectationem
1194 2010 1267 2033 non
1296 1998 1460 2041 afferunt,
1483 2000 1544 2034 sed
1567 2008 1650 2034 sunt

12 2050 19 2058 “
69 2050 297 2087 delectabilia
318 2051 519 2086 secundum
543 2051 872 2098 apprehensionem
888 2052 1172 2099 imaginationis,
1188 2062 1249 2088 aut
1268 2053 1418 2099 alicujus
1438 2054 1649 2099 hujusmodi

5 2108 19 2151 ξ
71 2106 333 2152 acceptationis
362 2104 424 2151 [al.
450 2105 686 2153 acceptionis];
713 2105 806 2140 sicut
831 2114 914 2140 sunt
940 2107 1104 2152 pecunia,
1132 2115 1281 2141 ornatus
1315 2108 1482 2150 vestium,
1518 2116 1553 2142 et
1580 2107 1649 2142 alia

11 2162 20 2214 ζ’
70 2158 301 2205 hujusmodi:
329 2166 364 2194 et
396 2159 487 2194 haec
515 2159 663 2206 quidem
690 2158 857 2194 animalis
884 2160 1181 2206 concupiscentia
1206 2169 1360 2196 vocatur
1386 2163 1650 2209 concupiscentia

19 2254 21 2257 Ι
71 2213 257 2254 oculorum:
272 2212 348 2247 sive
366 2212 588 2259 intelligatur
609 2213 905 2258 concupiscentia
921 2213 1126 2256 oculorum,
1143 2214 1234 2249 idest
1253 2215 1364 2261 ipsius
1379 2215 1540 2259 visionis,
1556 2227 1648 2262 quae

12 2262 29 2314 ,'
70 2265 110 2301 fit
130 2277 194 2313 per
213 2265 354 2309 oculos,
376 2274 415 2301 ut
436 2265 610 2301 referatur
632 2266 675 2300 ad
699 2266 958 2309 curiositatem,
981 2268 1183 2302 secundum
1202 2268 1299 2315 quod
1323 2269 1478 2315 August.
1502 2270 1650 2315 exponit

71 2319 108 2354 in
134 2330 186 2356 10.
202 2319 310 2355 Conf.
332 2321 412 2364 (art.
425 2332 468 2367 35.
479 2326 606 2368 parum
621 2321 792 2366 aprima),
809 2321 883 2355 sive
906 2320 1080 2356 referatur
1095 2322 1137 2355 ad
1158 2322 1495 2368 concupiscentiam
1515 2334 1648 2366 rerum,

17 2383 25 2417 j
72 2384 165 2421 quae
187 2373 342 2409 exterius
355 2373 470 2408 oculis
485 2382 747 2421 proponuntur,
763 2381 800 2408 ut
815 2373 988 2421 referatur
1007 2375 1050 2409 ad
1066 2375 1314 2422 cupiditatem,
1334 2377 1534 2411 secundum
1551 2377 1648 2423 quod

19 2446 29 2459 -,
74 2426 116 2461 ab
140 2426 218 2462 aliis
239 2427 440 2474 exponitur.
463 2427 654 2474 Appetitus
677 2435 798 2462 autem
821 2428 1046 2463 inordinatus
1069 2429 1154 2463 boni
1177 2430 1278 2464 ardui
1301 2431 1455 2476 pertinet
1477 2431 1520 2465 ad
1542 2437 1651 2478 supet·-

74 2482 166 2516 biam
185 2482 294 2517 vitae:
321 2493 407 2516 nam
434 2481 601 2529 superbia
628 2489 681 2516 cst
708 2482 886 2528 appetitus
913 2483 1139 2517 inordinatus
1161 2484 1410 2526 excellentiae,
1439 2493 1476 2519 ut
1503 2483 1650 2519 inferius

74 2533 214 2570 dicetur
236 2535 282 2582 (q.
301 2535 358 2581 84.
380 2540 445 2571 art.
468 2547 499 2571 2.
521 2540 549 2570 et
570 2547 635 2571 2-2.
658 2547 687 2581 q.
708 2535 782 2571 162.
804 2541 868 2570 art.
891 2536 948 2582 1.).
972 2535 1016 2571 Et
1037 2537 1086 2571 sic
1110 2546 1219 2583 patet,
1241 2538 1340 2584 quod
1362 2538 1405 2572 ad
1427 2540 1489 2573 ista
1512 2540 1578 2573 tria
1599 2551 1649 2572 rc-

74 2587 150 2624 duci
163 2593 298 2635 possunt
317 2600 427 2624 omnes
447 2590 628 2637 passiones,
651 2601 733 2635 quau
756 2595 832 2624 sunt
859 2602 957 2625 causa
979 2592 1109 2637 peccati
1121 2604 1130 2625 :
1153 2603 1238 2625 nam
1263 2591 1305 2625 ad
1327 2591 1391 2626 dno
1414 2593 1528 2639 prima
1551 2592 1655 2635 redu3

37 2680 39 2682 ,
75 2650 205 2677 cuntur
228 2653 358 2678 omnes
384 2643 571 2690 passiones
598 2642 908 2689 concupiscibilis:
933 2644 976 2678 ad
999 2646 1134 2679 tertium
1163 2653 1283 2680 autem
1311 2657 1440 2680 omnes
1463 2645 1650 2692 passiones

74 2694 284 2739 irascibilis3
304 2696 402 2743 quod
424 2696 508 2731 ideo
529 2708 603 2731 non
625 2696 795 2731 dividitur
817 2697 851 2731 in
874 2697 959 2739 duo,
986 2698 1069 2744 quia
1097 2710 1224 2733 omnes
1252 2699 1438 2746 passiones
1462 2698 1650 2749 irascibilis

27 2749 34 2764 ’·
55 2749 286 2785 naturaliter
308 2749 584 2785 conformantur
605 2750 922 2797 concupiscentiae
945 2751 1105 2786 animali.

146 2803 208 2839 AD
228 2813 378 2840 ΡιιιΜυΜ
401 2815 490 2851 ergo
506 2804 713 2847 dicendum,
727 2805 824 2850 quod
843 2805 1044 2840 secundum
1064 2806 1160 2852 quod
1181 2807 1357 2852 cupiditas
1378 2807 1551 2853 importat
1577 2806 1650 2841 uni-

47 2880 49 2882 -
75 2856 262 2893 versaliter
283 2857 481 2905 appetitum
509 2857 699 2903 cujuslibet
724 2858 822 2900 boni,
849 2859 898 2893 sic
927 2859 1037 2894 etiarn
1063 2861 1217 2907 superbia
1243 2862 1332 2896 vitae
1359 2861 1564 2895 continetur
1585 2860 1648 2895 sub

36 2917 46 2943 i
77 2909 292 2958 cupiditate:
315 2911 504 2959 quomodo
529 2919 650 2946 autem
677 2911 866 2959 cupiditas,
893 2913 1094 2948 secundum
1122 2914 1218 2960 quod
1247 2923 1300 2949 est
1325 2914 1482 2961 speciale
1509 2915 1650 2957 vitium,
