1907 3198
459 223 683 260 Quaesuo
717 223 894 254 Lxxx1x.
929 222 1174 254 ART1cuLus
1208 222 1265 253 vi.
1561 213 1642 268 643

630 392 976 438 ARTICULUS
1005 393 1082 437 VI.
1578 416 1646 452 479

223 502 408 551 ‘UTRUM
435 502 674 533 PECCATUM
700 501 887 532 VENIALE
906 502 1058 532 POSSIT
1087 501 1187 532 ESSE
1215 501 1258 532 IN
1280 501 1449 538 ALIQUO

613 573 706 604 CUM
729 572 844 602 SOLO
865 573 1108 603 ORIGINALI.

76 679 185 726 (Part.
206 691 235 716 ι.
253 691 284 727 q.
306 691 363 726 90.
385 684 450 714 art.
471 691 504 724 4.
519 679 562 714 ad
571 691 599 726 3.
621 684 652 715 ct
668 690 700 714 2.
716 679 803 714 Dist.
819 679 872 714 28.
892 684 956 714 art.
975 691 1003 725 3.
1023 678 1065 713 acl
1075 691 1103 725 5.
1118 684 1148 714 et
1163 679 1250 713 Dist.
1265 689 1320 723 42.
1335 690 1366 724 q.
1388 690 1416 714 1.
1434 683 1500 714 art.
1514 690 1544 725 5.
1559 677 1601 713 ad
1615 689 1645 725 7.

268 738 300 769 et
318 744 352 778 4.
374 733 463 768 Dist.
489 745 539 779 45.
562 745 592 780 q.
622 745 649 768 1.
669 738 733 768 art.
753 745 781 780 3.
805 732 848 768 acl
864 745 893 779 5.
915 738 945 768 et
973 733 1058 767 Veri.
1081 745 1112 779 q.
1134 744 1189 777 24.
1212 737 1274 767 art.
1290 743 1340 768 12.
1363 731 1406 766 ad
1431 744 1463 767 2.

140 791 171 823 et
189 798 220 834 q.
237 787 290 834 38.
307 791 372 822 art.
395 798 424 834 3.
445 786 489 822 ad
508 798 541 832 4.
568 791 598 822 et
624 787 708 822 Mal.
727 798 758 833 q.
782 798 810 833 5.
838 791 902 821 art.
929 798 956 822 r.
985 785 1028 820 ad
1053 787 1084 822 8.
1113 791 1143 821 ct
1168 798 1198 832 q.
1228 797 1258 832 7.
1281 791 1347 821 art.
1366 798 1417 821 10.
1445 784 1488 820 ad
1512 786 1574 831 8.).

144 893 206 930 AD
227 903 381 930 SEXTUM
407 893 458 929 sic
485 893 705 940 proceditur.
732 893 896 935 Videtur,
924 893 1021 940 quod
1048 901 1242 940 peccatum
1268 893 1411 928 veniale
1433 892 1547 940 possit
1568 903 1646 928 esse

72 947 110 984 in
132 947 254 995 aliquo
276 958 360 982 cum
381 947 463 983 solo
478 947 667 994 originali:
689 947 879 995 dispositio
898 947 995 982 enim
1015 947 1199 994 praecedit
1217 947 1396 982 habitum:
1420 947 1481 981 sed
1504 945 1646 981 veniale

73 1010 128 1038 est
147 1001 336 1049 dispositio
358 1001 404 1037 ad
425 1001 592 1045 mortale,
606 1010 644 1037 ut
665 1013 771 1049 supra
787 1001 922 1036 dictum
945 1009 999 1036 est
1018 1001 1063 1048 (q.
1086 1002 1141 1037 SS.
1163 1006 1227 1036 art.
1247 1001 1294 1047 3.)
1304 1013 1317 1042 ,·
1340 1011 1428 1047 ergo
1450 999 1591 1035 veniale
1610 999 1645 1034 in

72 1054 221 1098 infideli,
236 1055 295 1090 cui
307 1066 384 1091 non
403 1055 598 1090 remittitur
618 1055 808 1101 originale,
827 1055 1007 1090 invenitur
1021 1063 1103 1089 ante
1123 1054 1295 1089 mortale:
1311 1063 1346 1089 et
1360 1054 1409 1089 sic
1427 1053 1646 1101 quandoque

70 1108 235 1146 infideles
254 1108 389 1144 habent
409 1117 561 1156 peccata
581 1109 737 1144 venialia
759 1120 843 1144 cum
866 1108 1035 1154 originali
1056 1108 1133 1143 sine
1156 1107 1382 1143 mortalibus.

144 1173 177 1199 2.
198 1163 436 1199 PRAETEREA.
458 1163 580 1198 Minus
601 1163 711 1198 habet
731 1163 775 1198 de
798 1163 1039 1204 connexione,
1060 1171 1096 1196 et
1117 1162 1372 1197 convenientia
1395 1160 1538 1196 veniale
1562 1172 1645 1195 cum

73 1216 232 1260 mortali,
252 1227 363 1264 quam
385 1216 540 1252 mortale
562 1225 753 1264 peccatum
781 1228 866 1252 cum
889 1215 1054 1251 mortali:
1077 1215 1138 1250 sed
1162 1215 1315 1250 infidelis
1337 1215 1519 1260 subjectus
1541 1214 1649 1260 origi-

70 1269 147 1306 nali
166 1277 319 1318 peccato
341 1278 460 1318 potest
480 1270 712 1305 committere
734 1281 847 1304 unum
866 1278 1057 1317 peccatum
1077 1268 1243 1311 mortale,
1266 1278 1302 1304 et
1323 1280 1398 1304 non
1420 1268 1538 1311 aliud;
1557 1279 1646 1315 ergo

71 1332 109 1361 et
127 1331 248 1372 potest
267 1324 498 1359 committere
519 1332 712 1370 peccatum
734 1323 889 1366 veniale,
911 1331 946 1358 et
967 1333 1041 1358 non
1070 1322 1236 1357 mortale.

147 1389 177 1425 3.
198 1377 437 1414 PRAETEREA.
458 1377 704 1413 Determinari
724 1386 843 1424 potest
863 1386 1017 1424 tempus,
1037 1377 1073 1411 in
1096 1388 1168 1423 quo
1188 1388 1276 1423 puer
1297 1377 1416 1423 primo
1431 1384 1549 1423 potest
1567 1387 1645 1411 esse

73 1438 176 1468 actor
193 1431 336 1479 peccati
356 1431 519 1473 actualis,
541 1432 585 1466 ad
607 1432 705 1478 quod
727 1439 870 1478 tempus
893 1442 977 1466 cum
996 1431 1211 1477 pervenerit,
1234 1438 1354 1477 potest
1375 1431 1419 1464 ad
1443 1432 1562 1464 minus
1583 1441 1646 1477 per

73 1485 221 1533 aliquod
241 1485 350 1521 breve
364 1485 521 1532 spatium
542 1494 648 1528 stare,
671 1486 756 1532 quin
771 1493 899 1532 peccet
914 1484 1132 1528 mortaliter3
1155 1485 1238 1531 quia
1260 1484 1331 1520 hoc
1354 1484 1463 1519 etiam
1481 1486 1515 1518 in
1537 1484 1647 1518 maxi-

73 1539 143 1575 mis
166 1538 353 1575 sceleratis
382 1539 577 1586 contingit:
606 1539 641 1574 in
664 1539 728 1573 illo
758 1547 880 1574 autem
902 1539 1018 1585 spatio
1038 1547 1375 1585 quantumcumque
1397 1538 1498 1573 brevi
1527 1546 1647 1584 potest

72 1603 225 1641 peccare
245 1591 450 1635 venialiter;
468 1603 556 1639 ergo
575 1600 768 1640 peccatum
782 1591 924 1628 veniale
940 1600 1058 1639 potest
1071 1603 1150 1627 esse
1171 1592 1207 1626 in
1227 1592 1349 1639 aliquo
1369 1604 1454 1627 cum
1476 1591 1646 1639 originali

72 1654 226 1695 peccato
248 1645 383 1693 absque
405 1645 562 1681 mortali.

143 1699 220 1736 SED
237 1710 394 1736 CONTRA
415 1708 480 1742 est,
501 1699 586 1747 quia
607 1711 673 1746 pro
695 1708 847 1747 peccato
870 1699 1040 1745 originali
1061 1700 1259 1747 puniuntur
1279 1699 1450 1735 homines
1472 1700 1508 1734 in
1530 1699 1644 1734 limbo

71 1765 282 1803 puerorum,
295 1753 356 1788 ubi
376 1765 451 1789 non
473 1762 527 1789 est
540 1765 659 1801 poena
681 1765 818 1796 sensus,
833 1762 871 1789 ut
886 1753 976 1788 infra
999 1754 1138 1789 dicetur
1161 1753 1211 1799 (in
1220 1759 1331 1801 paru,
1354 1766 1454 1801 quam
1477 1766 1542 1789 non
1561 1766 1646 1790 com-

65 1808 182 1856 plevit.
210 1807 283 1843 Vid.
316 1807 484 1855 Supplem.
510 1819 541 1854 q.
573 1808 630 1854 69.
653 1813 717 1842 art.
741 1809 808 1854 5.):
832 1808 867 1842 in
894 1807 1036 1842 inferno
1063 1815 1187 1842 autem
1213 1808 1450 1843 detruduntur
1475 1808 1646 1843 homines

71 1870 219 1911 propter
239 1861 361 1898 solum
386 1869 578 1909 peccatum
601 1861 774 1905 mortale3
797 1873 884 1908 ergo
905 1873 980 1896 non
1003 1862 1069 1896 erit
1099 1861 1214 1904 locus,
1236 1862 1273 1896 in
1296 1873 1368 1908 quo
1391 1862 1506 1909 possit
1527 1861 1646 1909 puniri

71 1915 146 1960 ille,
166 1916 228 1964 qui
248 1915 357 1951 habet
377 1923 570 1963 peccatum
590 1915 732 1951 veniale
754 1927 837 1950 cum
861 1915 1029 1962 originali
1051 1915 1143 1950 solo.

143 1969 374 2006 RESPONDEO
393 1969 601 2012 dicendum,
623 1969 720 2016 quod
739 1968 964 2016 impossibile
980 1978 1044 2010 est,
1060 1969 1156 2016 quod
1176 1978 1367 2016 peccatum
1382 1969 1524 2004 veniale
1546 1969 1592 2004 sit
1609 1969 1645 2004 in

72 2022 196 2071 aliquo
217 2034 302 2058 cum
320 2022 490 2070 originali
504 2031 656 2070 peccato
678 2023 813 2070 absque
835 2023 992 2058 mortali.
1013 2023 1128 2069 Cujus
1147 2023 1238 2058 ratio
1261 2032 1325 2065 est,
1343 2023 1427 2070 quia
1450 2031 1645 2070 antequam

73 2076 119 2112 ad
133 2087 250 2112 annos
263 2076 493 2112 discretionis
509 2077 706 2124 perveniat,
721 2076 882 2112 defectus
898 2077 1023 2112 aetatis
1039 2077 1235 2124 prohibens
1254 2088 1360 2111 usum
1375 2077 1524 2111 rationis
1543 2088 1647 2111 excu-

72 2139 130 2168 sat
141 2141 227 2166 eum
247 2142 269 2166 a
288 2138 442 2178 peccato
457 2130 623 2174 mortali3
645 2131 740 2166 unde
756 2130 873 2166 multo
893 2131 1010 2177 magis
1024 2139 1171 2165 excusat
1185 2142 1269 2165 eum
1291 2143 1311 2166 a
1326 2139 1478 2178 peccato
1500 2130 1645 2173 veniali,

72 2184 104 2220 si
124 2185 331 2220 committat
351 2183 499 2232 aliquid,
520 2185 618 2232 quod
646 2185 691 2220 sit
712 2196 755 2219 ex
781 2196 912 2231 genere
935 2196 1001 2220 suo
1028 2184 1123 2220 tale:
1148 2196 1231 2219 cum
1259 2196 1346 2220 vero
1369 2196 1473 2219 usum
1496 2184 1645 2219 rationis

71 2237 208 2274 habere
226 2238 414 2286 inceperit,
434 2249 509 2273 non
532 2239 686 2273 omnino
700 2247 891 2274 excusatur
905 2250 924 2273 a
947 2238 1053 2286 culpa
1074 2238 1237 2281 venialis,
1253 2247 1288 2274 et
1308 2239 1473 2274 mortalis
1488 2239 1644 2286 peccati:

71 2291 136 2328 sed
152 2291 527 2354 primum,quodtunc
543 2292 686 2327 homini
701 2292 938 2338 cogitandum
949 2292 1118 2334 occurrit,
1138 2301 1191 2327 est
1213 2292 1412 2328 deliberare
1435 2293 1478 2328 de
1501 2292 1642 2339 seipso:

71 2352 110 2382 et
132 2346 162 2382 si
182 2345 331 2392 quidem
351 2346 511 2392 seipsum
526 2345 748 2380 ordinaverit
769 2345 813 2380 ad
835 2345 996 2380 debitum
1015 2345 1126 2381 finem
1148 2357 1211 2393 per
1232 2346 1387 2393 gratiam
1410 2346 1645 2392 consequitur

73 2399 328 2435 remissionem
361 2399 548 2446 originalis
581 2400 740 2447 peccati:
774 2400 804 2434 si
837 2411 924 2434 vero
958 2411 1032 2434 non
1060 2400 1203 2435 ordinet
1229 2400 1389 2447 seipsum
1416 2400 1459 2434 ad
1483 2400 1644 2434 debitum

70 2451 198 2496 finem,
217 2452 420 2488 secundum
441 2453 568 2500 quod'
561 2465 597 2488 in
616 2453 677 2488 illa
704 2461 821 2488 aetate
843 2462 895 2488 est
922 2464 1034 2500 capax
1062 2453 1301 2497 discretionis,
1324 2454 1490 2500 peccabit
1514 2462 1646 2488 morta-

154 2532 166 2550 ,
188 2516 264 2542 non
286 2505 424 2542 faciens
445 2506 572 2570 quod'
564 2518 600 2541 in
622 2518 660 2542 se
682 2515 754 2541 est:
781 2515 815 2542 et
837 2519 879 2542 ex
904 2515 990 2542 tunc
1018 2519 1091 2542 non
1125 2507 1192 2542 erit
1219 2508 1254 2542 in
1293 2518 1336 2542 co
1371 2515 1562 2554 peccatum
1589 2518 1646 2541 ve-

67 2558 170 2596 -ninle
189 2559 268 2596 sine
287 2559 448 2604 mortali,
468 2560 537 2596 nisi
559 2568 753 2608 postquam
774 2569 893 2596 totum
924 2560 1031 2597 fuerit
1059 2561 1126 2596 sibi
1162 2561 1224 2607 [al.
1251 2562 1296 2607 ei]
1325 2573 1388 2608 per
1413 2561 1566 2608 gratiam
1595 2572 1647 2595 re-

71 2612 240 2650 missssum.

146 2666 208 2702 AD
221 2676 372 2703 Ρκυωκ
393 2678 482 2714 ergo
497 2667 706 2709 dicendum,
719 2667 816 2714 quod
838 2667 979 2703 veniale
998 2680 1072 2704 non
1094 2676 1149 2704 est
1162 2668 1352 2715 dispositio
1367 2680 1409 2703 ex
1431 2667 1645 2703 necessitate

99 2719 296 2756 raecedens
324 2720 493 2764 mortale,
525 2721 587 2757 sed
622 2722 895 2767 contingenter;
924 2722 1018 2757 sicut
1043 2722 1262 2769 quandoque
1289 2722 1391 2757 labor
1417 2722 1575 2769 disponit
1601 2721 1644 2756 ad

134 2784 235 2817 κως
254 2784 330 2810 non
351 2782 475 2810 autem
495 2775 590 2810 sicut
610 2774 711 2810 calor
732 2775 891 2822 disponit
911 2776 954 2811 ad
977 2775 1135 2811 sormam
1157 2776 1262 2822 ignis.

143 2827 206 2864 An
226 2837 439 2866 szcuunuu
461 2828 670 2871 dicendum,
696 2829 793 2876 quod
827 2840 901 2864 non
939 2829 1134 2876 impeditur
1168 2838 1360 2877 peccatum
1398 2828 1540 2864 veniale
1566 2840 1645 2864 esse

94 2879 104 2889 '
147 2879 186 2917 ul
217 2891 303 2918 cum
330 2880 413 2917 solo
439 2881 606 2929 originali
634 2890 782 2930 propter
815 2883 1024 2921 distantiam
1049 2884 1138 2928 ejus,
1164 2883 1222 2918 vel
1248 2882 1556 2926 convenientiam,
1582 2883 1644 2919 sed

145 2941 224 2983 pter
243 2933 427 2974 defectum
449 2946 534 2971 usus
555 2936 717 2979 rationis,
739 2944 777 2972 ut
797 2937 934 2972 dictum
957 2945 1011 2972 cst
1031 2937 1084 2983 (in
1105 2944 1195 2984 corp.
1217 2938 1311 2984 art).
