1875 3198
258 187 341 242 548
674 199 890 234 QUAESTIO
924 199 1052 228 Lxxv.
1087 198 1332 228 ARTICULUS
1367 199 1423 227 Ν.

254 293 320 315 nus
342 288 459 327 potest
481 292 558 315 esse
581 292 687 315 causa
710 280 874 323 alterius3
898 280 1075 325 contingit
1096 280 1203 325 igitur
1224 291 1336 313 unum
1359 288 1547 326 peccatum
1567 291 1644 314 esse
1668 291 1815 314 causam

256 334 399 368 alterius
425 334 624 368 secundum
652 341 805 380 quatuor
827 345 959 378 genera
982 344 1183 367 causarum.
1206 333 1329 367 Primo
1353 333 1499 379 quidem
1521 334 1720 367 secundum
1742 345 1816 368 mo-

255 389 340 422 dum
363 400 492 422 causae
514 389 687 434 efficientis,
710 387 767 421 vel
790 387 980 428 moventis,
1004 395 1038 421 et
1060 398 1122 432 per
1143 398 1192 429 se,
1215 394 1249 420 et
1270 398 1332 432 per
1354 387 1540 421 accidens:
1563 398 1626 433 per
1649 387 1816 421 accidens

256 442 413 488 quidem,
435 442 525 475 sicut
548 453 739 475 removens
761 441 955 486 prohibens
982 440 1110 473 dicitur
1137 451 1288 474 movens
1316 452 1377 486 per
1404 440 1581 482 accidens,
1610 452 1693 474 cum
1720 440 1817 474 enim

256 507 319 540 per
341 507 453 529 unum
476 503 596 528 actum
619 494 757 540 peccati
779 494 893 527 homo
917 493 1047 527 amittit
1069 494 1233 538 gratiam,
1251 493 1308 527 vel
1333 494 1557 535 charitatem,
1572 493 1629 527 vel
1649 505 1818 527 verecun-

257 549 366 590 diam,
388 548 445 582 vel
467 548 722 594 quodcumque
745 546 840 580 aliud
859 547 1044 580 retrahens
1067 558 1085 579 a
1108 554 1271 592 peccato,
1293 547 1417 581 incidit
1432 558 1474 580 ex
1488 547 1558 580 hoc
1575 548 1610 580 in
1627 546 1721 580 aliud
1740 558 1819 592 pec-

257 610 395 636 catum:
413 609 446 635 et
460 602 509 635 sie
525 603 681 647 primum
700 608 889 646 peccatum
905 608 957 634 est
972 611 1079 633 causa
1099 600 1247 633 secundi
1262 612 1325 645 per
1340 600 1525 633 accidens:
1545 611 1608 646 per
1626 611 1663 634 se
1686 608 1818 641 autern,

257 656 347 689 sicut
371 666 453 688 cum
476 666 517 688 ex
539 665 611 687 uno
635 661 715 686 actu
737 653 877 699 peccati
899 654 1012 686 homo
1036 653 1235 699 disponitur
1263 654 1305 686 ad
1331 653 1412 695 hoc,
1441 653 1537 699 quod
1565 653 1675 686 alium
1698 661 1818 687 actum

259 708 487 742 consimilem
508 706 647 740 facilius
676 707 887 741 committit:
916 718 957 740 ex
985 706 1121 740 actibus
1149 706 1246 740 enim
1274 714 1466 740 causantur
1493 706 1758 752 dispositiones,
1786 714 1820 740 et

258 762 398 795 habitus
420 760 632 794 inclinantes
656 760 698 793 ad
721 759 855 794 similes
878 767 991 793 actus.
1013 759 1222 793 Secundum
1243 771 1330 794 vero
1352 771 1464 805 genus
1487 770 1617 793 causae
1638 760 1820 794 materialis

259 826 370 848 unum
392 821 581 860 peccatum
604 821 656 847 est
678 824 785 846 causa
813 812 968 854 alterius,
996 812 1210 858 inquantum
1238 821 1425 858 praeparat
1446 813 1479 846 ei
1500 813 1707 847 materiam:
1730 813 1821 847 sicut

260 868 405 902 avaritia
432 874 620 913 praeparat
646 867 835 900 materiam
863 866 991 911 litigio,
1019 867 1115 912 quod
1143 865 1355 911 plerumque
1378 874 1431 900 est
1452 866 1495 900 de
1517 866 1647 900 divitiis
1675 877 1822 912 congre-

258 922 359 967 gatis.
377 920 585 954 Secundum
603 931 689 954 vero
710 931 822 965 genus
846 920 1097 965 causae-finalis
1112 931 1223 952 unum
1247 927 1438 964 peccatum
1460 927 1512 953 est
1535 930 1642 953 causa
1664 919 1820 961 alterius,

258 975 470 1020 inquantum
505 981 651 1019 propter
677 973 786 1007 finem
814 973 917 1006 unius
946 972 1085 1018 peccati
1113 972 1239 1018 aliquis
1267 973 1462 1006 committit
1489 972 1584 1006 aliud
1611 981 1819 1018 peccatum:

258 1029 350 1062 sicut
372 1039 454 1061 cum
477 1027 604 1073 aliquis
627 1026 822 1060 committit
843 1027 1038 1060 simoniam
1062 1034 1206 1072 propter
1227 1026 1338 1060 finem
1361 1026 1578 1068 ambitionis,
1597 1026 1654 1060 vel
1671 1026 1823 1060 fornica-

257 1082 395 1116 tionem
417 1089 560 1127 propter
582 1080 726 1114 furtum.
743 1080 786 1114 Et
807 1080 889 1126 quia
912 1080 991 1114 finis
1007 1080 1066 1114 dat
1081 1079 1237 1114 formam
1260 1080 1295 1114 in
1318 1080 1528 1123 moralibus,
1547 1088 1585 1115 ut
1602 1092 1708 1126 supra
1726 1081 1824 1114 habi-

259 1144 336 1169 tum
359 1142 411 1168 est
434 1134 477 1179 (q.
500 1147 526 1168 Ι.
550 1139 614 1168 art.
633 1146 659 1179 3.
683 1138 710 1168 et
731 1145 760 1179 q.
783 1134 832 1168 18.
860 1138 923 1167 art.
945 1145 977 1178 4.
998 1138 1025 1168 et
1044 1134 1106 1175 6.),
1124 1145 1164 1167 ex
1180 1134 1250 1167 hoc
1274 1134 1383 1167 etiam
1405 1134 1574 1180 sequitur,
1594 1134 1690 1180 quod
1709 1146 1822 1168 unum

259 1196 449 1234 peccatum
468 1188 511 1221 sit
521 1188 679 1233 formalis
698 1199 805 1221 causa
828 1187 991 1222 alterius:
1014 1187 1049 1220 in
1072 1195 1153 1221 actu
1177 1187 1274 1221 enim
1296 1187 1557 1230 fornicationis,
1573 1199 1664 1234 quae
1678 1196 1824 1234 propter

259 1242 393 1276 furtum
417 1241 666 1283 committitur,
689 1249 742 1275 est
763 1240 909 1287 quidem
931 1240 1122 1274 fornicatio
1139 1241 1230 1275 sicut
1248 1241 1446 1284 materiale,
1469 1241 1603 1276 furtum
1624 1253 1710 1276 vero
1733 1243 1824 1277 sicut

261 1295 425 1330 formale.

335 1350 392 1383 AD
414 1359 562 1383 PRIMUM
585 1360 671 1394 ergo
694 1347 899 1390 dicendum,
919 1348 1014 1394 quod
1034 1356 1236 1393 peccatum,
1259 1348 1471 1394 inquantum
1495 1357 1547 1383 est
1567 1349 1823 1390 inordinatum,

261 1403 369 1437 habet
390 1403 567 1436 rationem
591 1402 693 1435 mali:
718 1402 779 1435 sed
798 1401 1010 1447 inquantum
1025 1409 1078 1435 est
1100 1409 1198 1435 actus
1219 1401 1376 1447 quidam,
1395 1402 1503 1436 habet
1520 1402 1665 1448 aliquod
1686 1402 1824 1436 bonum

263 1456 389 1491 saltem
413 1467 585 1502 apparens
608 1467 672 1501 pro
695 1455 780 1488 fine:
810 1463 843 1488 et
864 1455 911 1488 ita
935 1467 976 1489 ex
999 1462 1097 1501 parte
1125 1462 1224 1489 actus
1251 1463 1369 1500 potest
1396 1466 1473 1489 esse
1502 1467 1609 1489 causa
1636 1464 1671 1490 et
1696 1455 1824 1497 finalis,

264 1518 298 1544 et
319 1509 482 1544 effectiva
505 1509 648 1543 alterius
672 1509 820 1554 peccati,
848 1508 931 1542 licet
952 1520 1025 1542 non
1048 1520 1089 1542 ex
1111 1516 1211 1554 parte
1237 1508 1529 1543 inordinationis:
1553 1510 1742 1544 materiam
1765 1521 1826 1542 au-

263 1572 336 1598 tem
359 1563 466 1596 habet
487 1571 676 1608 peccatum
698 1573 771 1595 non
794 1574 830 1596 ax
858 1574 934 1607 (μαι,
962 1561 1022 1595 sed
1050 1563 1140 1596 circa
1167 1573 1284 1607 qnam:
1308 1561 1464 1596 formam
1499 1570 1618 1596 autem
1648 1563 1758 1596 habet
1784 1574 1825 1596 ex

264 1617 353 1659 fine,
377 1625 410 1650 et
431 1616 512 1650 ideo
536 1615 733 1649 secundum
748 1623 901 1660 quatuor
917 1627 1048 1659 genera
1072 1627 1260 1649 causarum
1280 1624 1471 1662 peccatum
1493 1624 1611 1663 potest
1629 1616 1699 1650 dici
1718 1627 1825 1650 causa

265 1670 414 1717 peccati,
437 1678 473 1703 ut
492 1670 626 1703 dictum
650 1676 703 1702 est
726 1668 774 1712 (sn
792 1675 881 1714 corp.
905 1671 996 1714 art).

336 1724 394 1757 AD
417 1733 622 1758 SECUNDUM
645 1722 849 1763 dicendum,
869 1722 964 1768 quod
988 1730 1177 1768 peccatum
1200 1730 1252 1756 est
1278 1722 1530 1768 imperfectum
1552 1722 1825 1769 imperfectione

265 1776 394 1811 morali
416 1788 457 1810 ex
476 1784 572 1822 parte
592 1775 886 1810 inordinationis:
909 1776 969 1809 sed
993 1787 1034 1809 ex
1050 1783 1148 1821 parte
1165 1784 1263 1810 actus
1279 1784 1397 1822 potest
1415 1777 1546 1811 habere
1565 1775 1825 1823 perfectionem
1850 1780 1852 1782 '

264 1839 430 1865 naturae:
455 1838 488 1864 et
510 1830 709 1864 secundum
732 1829 801 1862 hoc
825 1838 942 1875 potest
964 1840 1040 1863 esse
1065 1840 1171 1863 causa
1195 1829 1344 1875 peccati.

337 1884 395 1918 Ao
424 1894 594 1918 TERTIUM
621 1882 826 1924 dicendum,
861 1883 957 1928 quod
983 1894 1057 1916 non
1085 1883 1202 1916 omnis
1231 1894 1338 1917 causa
1370 1883 1508 1929 peccati
1535 1891 1588 1917 est
1613 1891 1822 1930 peccatum;

267 1938 359 1972 unde
381 1949 454 1971 non
478 1944 629 1983 oportet,
653 1936 747 1982 quod
772 1936 987 1981 procedatur
1008 1936 1042 1969 in
1066 1935 1265 1977 infinitum3
1288 1936 1349 1970 sed
1372 1944 1489 1982 potest
1510 1937 1688 1983 perveniri
1710 1937 1752 1970 ad
1769 1936 1828 1970 ali-

268 1991 363 2038 quod
387 1999 587 2037 peccatum,
610 1991 710 2035 cujus
734 2001 841 2024 causa
864 2001 936 2023 non
960 1997 1012 2023 est
1034 1989 1130 2022 aliud
1152 1998 1353 2035 peccatum.

733 2294 1087 2355 QUAESTIO
1131 2294 1362 2341 LXXVI.

488 2426 559 2455 DE
610 2425 725 2456 (ΑΗ
745 2426 834 2455 515
880 2424 1149 2455 PECCA'H
1198 2425 1259 2454 IN
1309 2425 1614 2464 SPECIALL

633 2497 679 2526 ΙΝ
719 2495 945 2534 QUA'FUOR
985 2495 1246 2527 ARTICULOS
1287 2496 1459 2527 DIVISA.

345 2631 485 2665 Deinde
511 2630 811 2664 consideramlum
837 2638 887 2663 est
907 2631 949 2664 de
966 2631 1081 2664 causis
1102 2631 1238 2676 peccati
1254 2631 1287 2664 in
1303 2630 1461 2677 speciali.
1478 2631 1520 2665 Et
1530 2632 1643 2677 primo
1658 2631 1700 2665 de
1716 2631 1831 2666 causis

276 2685 503 2719 interioribus
519 2684 655 2729 peccati
671 2695 676 2716 :
692 2684 828 2719 scrtzatilo
848 2684 889 2717 de
907 2684 1156 2717 exterioribus:
1174 2685 1267 2718 terlio
1283 2684 1325 2717 de
1342 2684 1509 2730 peccatis,
1524 2695 1614 2730 quae
1630 2692 1710 2718 sunt
1725 2695 1832 2718 causa

277 2739 429 2772 aliorum
466 2746 708 2783 peccatorum.
746 2738 781 2770 P»
795 2739 859 2770 inm
898 2746 1016 2770 autem
1050 2738 1290 2771 consideratio
1320 2738 1519 2771 secundum
1547 2737 1740 2783 praemissa
1768 2737 1834 2771 erit

277 2794 465 2837 trifutrtt'lit:
490 2803 572 2824 nam
600 2792 713 2837 primo
737 2798 861 2833 agetur
883 2791 925 2823 de
950 2791 1161 2834 ignorantia,
1185 2802 1274 2836 quac
1299 2799 1349 2824 est
1372 2802 1477 2824 causa
1507 2791 1642 2837 pcccati
1666 2803 1706 2824 ex
1735 2798 1832 2836 parte

278 2846 440 2879 rationis:
463 2845 599 2878 sci-imo
623 2844 664 2877 de
689 2843 904 2884 infirmitate,
924 2856 984 2877 seu
1005 2845 1182 2889 passione,
1205 2856 1295 2889 quae
1319 2853 1369 2878 est
1392 2855 1498 2878 causa
1515 2844 1651 2890 peccati
1674 2855 1715 2878 cx
1735 2851 1832 2889 parte

279 2899 453 2945 appetitus
470 2898 645 2931 sensitivi:
663 2899 757 2932 mliv
781 2897 823 2930 de
840 2896 986 2939 malitia,
1006 2909 1096 2943 quae
1114 2906 1165 2931 est
1181 2909 1286 2931 causa
1307 2898 1444 2944 pcccati
1459 2910 1500 2932 ex
1515 2905 1613 2943 parte
1627 2896 1832 2931 voluntatis.
