1907 3198
451 173 674 209 QUAESTIO
709 173 858 203 XXXVI.
893 173 1141 203 ARTICULUS
1174 173 1235 203 111.
1548 173 1634 216 277

127 269 156 304 3.
179 258 418 292 PRAETEREA.
442 255 580 291 Eadem
603 257 744 291 ratione
772 256 976 303 appetimus
1011 255 1312 301 conjunctionem
1346 256 1444 298 boni,
1467 263 1500 290 et
1523 266 1640 290 remo-

51 312 191 347 tionem
213 310 319 345 mali:
343 311 405 345 sed
427 310 520 345 sicut
543 311 754 356 conjunctio
777 310 932 357 pertinet
954 310 997 344 ad
1020 310 1209 352 unitatem,
1241 321 1324 343 cum
1348 310 1393 344 sit
1414 309 1501 344 unio
1532 320 1639 356 quae-

52 366 149 408 dam,
171 366 220 400 ita
240 364 422 412 separatio
445 372 498 399 est
520 365 700 399 contraria
734 365 881 407 unitati3
916 375 1004 410 ergo
1040 364 1218 410 appetitus
1254 364 1400 398 unitatis
1422 375 1496 398 non
1519 364 1639 409 magis

52 420 159 455 debet
179 419 267 465 poni
288 430 396 453 causa
419 418 569 461 doloris,
592 430 700 465 quam
726 419 903 466 appetitus
927 418 1178 464 separationis.

125 473 200 508 SED
223 483 380 508 CONTRA
403 481 467 515 est,
487 474 583 519 quod
605 473 759 517 August.
779 472 866 506 dicit
883 472 919 506 in
938 472 998 506 lib.
1021 483 1050 518 3.
1070 472 1114 506 de
1131 472 1208 506 Lib.
1225 472 1312 506 Arb.
1331 471 1418 518 (cap.
1434 483 1480 518 23.
1500 483 1520 506 α
1539 471 1638 518 med.)

52 527 150 575 quod
172 538 215 562 ex
233 526 372 569 dolore,
391 538 502 573 quem
517 527 651 561 bestiae
667 528 837 569 sentiunt,
853 527 938 560 satis
955 533 1101 572 apparet
1116 526 1151 559 in
1167 526 1346 571 regendis,
1362 526 1641 572 animandisque

52 581 126 618 suis
149 581 376 628 corporibus,
398 592 509 627 quam
531 581 602 615 sint
625 581 768 615 animae
796 587 1005 627 appetentes
1029 579 1186 613 unitatis.
1213 579 1312 620 Quid
1347 580 1445 614 enim
1469 588 1523 614 est
1544 579 1641 614 aliud

52 635 170 678 dolor,
191 635 261 670 nisi
282 635 430 682 quidam
454 646 579 669 sensus
602 635 802 677 divisionis,
823 634 882 669 vel
905 633 1149 680 corruptionis
1171 633 1393 680 impatiens?

124 689 357 725 RESPONDEO
380 689 588 731 dicendum,
611 689 709 735 quod
732 700 775 723 eo
798 688 911 723 modo
934 699 1007 735 quo
1031 687 1341 733 concupiscentia,
1374 687 1433 722 vel
1464 688 1643 734 cupiditas

53 744 142 780 boni
164 752 218 779 est
239 755 348 778 causa
371 743 521 785 doloris,
544 743 654 778 etiam
678 743 855 789 appetitus
877 742 1036 784 unitatis,
1058 741 1117 776 vel
1140 753 1245 776 amor
1275 753 1383 776 causa
1414 741 1553 776 doloris
1583 753 1645 789 po-

53 798 194 834 nendus
215 806 279 833 est.
302 798 449 833 Bonum
471 798 570 832 enim
592 798 875 844 uniuscujusque
890 797 941 831 rei
956 797 991 831 in
1007 797 1166 844 quadam
1182 797 1319 831 unitate
1335 797 1518 839 consistit;
1537 805 1646 844 prout

53 852 194 888 scilicet
214 863 454 899 unaquaeque
477 863 533 886 res
554 852 665 886 habet
686 852 721 885 in
744 862 781 886 se
805 852 904 886 unita
926 851 1000 893 illa,
1023 862 1064 886 ex
1092 851 1221 898 quibus
1258 851 1424 886 consistit
1457 852 1534 897 ejus
1568 863 1645 898 per-

53 907 184 950 fectio;
205 906 301 941 unde
327 914 362 941 et
382 906 563 940 Platonici
586 914 785 953 posuerunt
806 918 909 940 unum
932 916 1010 940 esse
1038 905 1270 952 principium,
1305 905 1399 940 sicut
1433 914 1468 940 et
1497 907 1643 948 bonum,-

57 961 152 996 unde
173 959 386 995 naturaliter
409 960 697 1006 unumquodque
721 960 857 1007 appetit
878 960 1068 1002 unitatem,
1091 960 1184 994 sicut
1205 968 1240 994 et
1263 960 1477 994 bonitatem.
1500 959 1544 995 Et
1566 971 1647 1007 pro-

56 1024 135 1063 pter
154 1015 226 1049 hoc
248 1014 342 1049 sicut
363 1025 479 1058 amor,
500 1014 559 1048 vel
582 1014 760 1061 appetitus
778 1014 866 1049 boni
885 1021 937 1049 est
956 1025 1065 1049 causa
1085 1014 1235 1057 doloris,
1253 1014 1303 1049 ita
1322 1014 1433 1049 etiam
1452 1025 1569 1058 amor,
1587 1014 1646 1050 vel

57 1069 236 1117 appetitus
257 1068 416 1102 unitatis.

127 1123 188 1158 AD
208 1132 359 1158 PRIMUM
381 1133 471 1169 ergo
493 1122 702 1164 dicendum,
724 1122 823 1169 quod
844 1134 920 1157 non
940 1123 1062 1157 omnis
1080 1123 1168 1158 unio
1187 1122 1328 1170 perficit
1346 1123 1528 1158 rationem
1546 1123 1646 1165 boni,

58 1177 121 1214 sed
142 1175 262 1212 solum
282 1175 357 1219 illa,
379 1187 400 1210 a
421 1187 492 1223 qua
515 1176 697 1223 dependet
717 1187 796 1211 esse
818 1176 1021 1223 perfectum
1039 1177 1109 1211 rei:
1129 1184 1164 1211 et
1183 1186 1330 1224 propter
1348 1177 1420 1212 hoc
1440 1176 1552 1212 etiam
1569 1188 1646 1212 non

59 1230 247 1278 cujuslibet
266 1230 447 1277 appetitus
469 1230 617 1265 unitatis
639 1239 692 1265 est
714 1242 823 1265 causa
845 1230 995 1273 doloris,
1017 1230 1076 1265 vel
1097 1231 1274 1274 tristitiae,
1298 1239 1337 1266 ut
1358 1231 1493 1278 quidam
1525 1232 1650 1279 opina-

58 1286 202 1321 bantur:
236 1295 395 1332 quorum
424 1284 640 1332 opinionem
661 1285 711 1319 ibi
732 1284 873 1319 Philos.
897 1284 1057 1319 excludit
1077 1296 1140 1332 per
1162 1286 1246 1327 hoc,
1270 1286 1368 1332 quod
1391 1286 1574 1333 quaedam
1596 1298 1648 1321 re-

58 1339 235 1388 pletiones
256 1350 332 1374 non
353 1347 436 1374 sunt
459 1338 711 1374 delectabiles:
735 1340 828 1374 sicut
845 1339 974 1386 repleti
989 1339 1078 1374 cibis
1093 1350 1168 1374 non
1184 1339 1411 1374 delectantur
1427 1341 1463 1374 in
1480 1341 1645 1375 ciborum

58 1394 288 1442 sumptione;
310 1393 392 1429 talis
415 1394 514 1428 enim
532 1393 698 1441 repletio,
714 1393 789 1428 sive
804 1394 892 1428 unio
908 1393 1027 1440 magis
1041 1402 1262 1440 repugnaret
1276 1394 1320 1428 ad
1334 1394 1537 1442 perfectum
1553 1406 1644 1436 esse,

58 1459 167 1495 quarn
185 1448 304 1495 ipsum
326 1448 692 1484 constitueret:unde
711 1447 818 1482 dolor
838 1459 914 1483 non
933 1456 1103 1483 causatur
1122 1460 1164 1483 ex
1184 1449 1345 1495 appetitu
1361 1449 1553 1495 cujuslibet
1575 1450 1650 1484 uni-

57 1503 151 1545 tatis,
173 1502 235 1538 sed
258 1503 346 1549 ejus,
368 1502 404 1537 in
427 1514 498 1550 qua
521 1503 688 1537 consistit
708 1501 884 1549 perfectio
906 1511 1069 1537 naturae.

129 1557 189 1592 An
216 1567 426 1592 SECUNDUM
448 1557 656 1599 dicendum,
679 1557 776 1603 quod
799 1557 981 1603 separatio
1004 1565 1125 1604 potest
1153 1568 1232 1592 esse
1263 1557 1502 1600 delectabilis,
1523 1558 1577 1593 vel
1598 1558 1649 1592 in-

57 1620 234 1660 quantum
254 1619 465 1647 removetur
485 1611 585 1654 illud,
608 1612 706 1658 quod
729 1619 783 1646 est
801 1612 1026 1646 contrarium
1045 1611 1261 1659 perfectioni
1279 1613 1342 1655 rei,
1360 1613 1413 1648 vel
1430 1614 1647 1660 inquantum

58 1666 240 1714 separatio
262 1666 372 1701 habet
394 1666 555 1713 aliquam
577 1667 754 1701 unionem
777 1666 1005 1712 adjunctam3
1028 1675 1113 1713 puta
1137 1666 1318 1702 sensibilis
1341 1668 1385 1702 ad
1407 1679 1566 1703 sensum.

129 1721 190 1756 AD
209 1731 383 1756 TERTlUM
405 1720 614 1764 dicendum,
632 1720 728 1767 quod
749 1721 930 1767 separatio
950 1721 1181 1764 nocivorum,
1201 1730 1236 1756 et
1255 1723 1569 1770 corrumpentium
1585 1734 1643 1769 ap-

61 1775 204 1823 petitur,
226 1775 443 1823 inquantum
464 1775 598 1810 tollunt
620 1775 780 1810 debitam
803 1775 1002 1810 unitatem:
1030 1776 1126 1810 unde
1155 1777 1335 1824 appetitus
1363 1778 1577 1824 hujusmodi
1599 1788 1650 1812 se-

0 1855 2 1888 5
59 1830 259 1879 parationis
279 1841 355 1865 non
377 1838 431 1866 est
451 1830 571 1877 prima
593 1841 704 1865 causa
726 1828 876 1872 doloris,
899 1830 961 1865 sed
984 1830 1102 1877 magis
1125 1831 1304 1878 appetitus
1327 1832 1485 1868 unitatis.

623 1954 973 2001 ARTICULUS
1009 1955 1086 1999 IV.
1580 1979 1648 2015 209

62 2065 216 2096 UTRUM
242 2064 485 2105 POTESTAS,
513 2065 588 2095 CUI
614 2065 708 2096 NON
735 2064 907 2094 POTEST
937 2065 1117 2105 RESisrt,
1147 2065 1214 2095 SIT
1254 2065 1398 2095 CAUSA
1433 2065 1643 2097 DOLORts.

133 2155 194 2190 AD
216 2164 407 2194 QUARTUM
429 2154 480 2189 sic
495 2154 715 2201 proceditur.
736 2153 901 2196 Videtur,
921 2154 1019 2201 quod
1038 2161 1198 2201 potestas
1213 2155 1333 2200 major
1347 2166 1422 2189 non
1440 2155 1547 2190 debet
1562 2156 1650 2202 poni

63 2220 173 2244 causa
194 2208 351 2243 doloris:
375 2208 473 2255 quod
496 2208 595 2242 enim
617 2216 671 2242 est
692 2208 729 2242 in
751 2216 929 2254 potestate
953 2209 1106 2254 agentis,
1125 2208 1290 2242 nondum
1311 2217 1364 2243 est
1382 2221 1565 2255 praesenS,
1585 2211 1647 2244 sed

61 2263 241 2299 futurum:
265 2262 373 2298 dolor
395 2270 518 2298 autem
541 2270 594 2297 est
616 2262 659 2297 de
682 2262 782 2297 malo
810 2263 1012 2309 praesenti3
1039 2274 1128 2309 ergo
1155 2271 1317 2310 potestas
1344 2264 1464 2310 major
1489 2275 1564 2298 non
1592 2272 1646 2299 est

65 2329 175 2353 causa
196 2316 346 2352 doloris.

137 2382 169 2407 2.
191 2372 431 2407 PRAE'rEREA.
453 2371 732 2406 Nocumentum
754 2370 897 2406 illatum
920 2379 974 2406 est
995 2383 1104 2406 causa
1123 2371 1280 2406 doloris:
1301 2371 1363 2406 sed
1382 2380 1650 2407 nocumentum

63 2433 183 2474 potest
203 2425 325 2460 inferri
347 2425 458 2460 etiam
480 2437 500 2460 a
522 2432 701 2472 potestate
724 2425 887 2468 minore3
911 2436 998 2472 crgo
1021 2433 1182 2472 potestas
1201 2426 1320 2472 major
1338 2437 1413 2460 non
1439 2426 1545 2461 debet
1563 2427 1651 2473 poni

65 2491 172 2516 causa
199 2478 349 2515 doloris.

140 2545 169 2580 3.
184 2533 423 2569 PRAETEREA.
440 2533 584 2568 Causae
602 2533 885 2580 appetitivorum
900 2541 1070 2568 motuum
1086 2542 1168 2568 sunt
1179 2534 1371 2569 interiores
1391 2534 1650 2569 inclinationes

66 2587 228 2623 animae:
252 2596 412 2635 potestas
435 2595 558 2622 autem
573 2588 691 2634 major
706 2596 760 2622 est
773 2587 908 2635 aliquid
928 2588 1102 2631 exteriu53
1119 2600 1206 2635 ergo
1225 2599 1300 2623 non
1317 2589 1422 2623 debet
1437 2589 1523 2636 poni
1541 2600 1651 2623 causa

66 2641 214 2677 doloris.

141 2696 216 2731 SED
244 2706 401 2731 CONTRA
429 2704 494 2738 est,
518 2695 615 2742 quod
647 2696 874 2741 Augustinus
902 2696 988 2730 dicit
1019 2696 1054 2730 in
1083 2696 1142 2730 lib.
1171 2697 1214 2731 de
1245 2696 1328 2731 Nat.
1359 2697 1450 2730 Boni
1481 2697 1567 2743 (sap.
1596 2709 1652 2732 20.

70 2761 134 2784 non
152 2751 272 2797 procul
293 2762 313 2785 a
331 2751 484 2797 prins.):
513 2750 552 2784 In
574 2751 686 2784 animo
709 2750 853 2785 dolorum
870 2751 958 2797 facit
980 2751 1132 2785 voluntas
1156 2753 1300 2785 resistens
1324 2753 1479 2798 poteslitli
1502 2753 1648 2797 masori:

68 2804 103 2838 in
124 2810 261 2851 corpore
287 2804 436 2838 dolorem
451 2804 539 2850 facil
560 2816 667 2838 sensus
690 2806 834 2839 resistens
855 2805 990 2851 corpori
1007 2806 1199 2851 potentiori.

140 2857 372 2894 RESPONDEO
395 2858 603 2901 dicendum,
619 2859 728 2904 quod,
744 2858 836 2893 sicut
850 2870 958 2905 supra
977 2859 1114 2893 dictum
1131 2867 1184 2893 est
1200 2859 1281 2903 (art.
1302 2872 1328 2894 I.
1345 2859 1414 2904 huj.
1432 2860 1492 2905 q),
1510 2859 1650 2893 malum

71 2913 307 2959 conjunctum
323 2920 377 2947 est
394 2923 504 2947 causa
522 2912 672 2955 doloris,
690 2912 749 2947 vel
766 2912 930 2948 tristitiae
949 2924 1012 2960 per
1030 2913 1184 2948 modum
1207 2913 1355 2960 objCcti:
1380 2913 1414 2948 id
1437 2924 1537 2959 erg0‚
1553 2914 1650 2960 quod

216 2993 246 3023 S.
265 2994 390 3022 Tamus
410 2994 517 3021 Summa
542 2993 705 3030 Theologica.
726 2994 791 3021 Vol.
814 2994 851 3022 11.
1477 3005 1508 3031 19
