1907 3182
271 161 354 204 312
706 159 924 195 QUAESTIO
957 158 1075 188 XLIII.
1110 158 1355 188 ARTICULUS
1388 159 1416 187 Ι.

342 242 416 277 SED
440 252 594 276 CONTRA
618 249 680 283 est,
703 241 798 287 quod
815 241 968 286 August.
991 240 1076 274 dicit
1091 239 1127 273 in
1141 239 1201 274 lib.
1224 240 1279 285 83.
1305 239 1395 280 QQ.
1410 238 1454 285 (q.
1473 251 1517 285 33.
1533 239 1727 286 z‘tzprinc.).·
1742 239 1838 274 Nulli

269 295 405 330 dubium
426 300 481 337 est,
502 307 567 329 non
586 295 689 329 aliam
711 307 770 329 essa
789 293 951 328 ‘menandi
969 305 1116 335 Causam,
1132 294 1195 327 nisi
1212 305 1249 327 ne
1271 292 1304 326 id
1323 293 1407 338 qnod
1429 304 1591 335 amamus,
1615 297 1674 328 aut
1687 292 1838 339 adeptum

268 350 471 391 anzsttanms,
494 354 552 383 aut
570 360 634 382 non.
657 348 882 394 adipiscamur
908 351 1099 393 speratim:
1124 346 1242 380 omnis
1266 357 1352 392 ergo
1374 346 1485 380 timor
1508 354 1675 380 causatur
1697 358 1740 380 ex
1761 346 1835 380 hoc

269 403 365 448 quod
385 402 518 448 aliquid
539 413 721 443 amamus3
742 412 845 434 amor
867 400 974 445 igitur
997 407 1049 433 est
1071 411 1179 433 causa
1201 399 1352 433 timoris.

338 456 567 490 RESPONDEO
587 455 792 496 dicendum,
813 453 909 499 quod
933 453 1075 499 obJecta
1089 453 1300 498 passionum
1323 453 1465 487 animae
1488 464 1525 486 se
1540 453 1675 486 habent
1701 452 1744 486 ad
1764 464 1837 495 eas,

268 517 455 555 tamquam
482 509 621 542 formae
652 508 695 541 ad
718 519 772 541 res
800 506 992 548 naturales,
1027 506 1085 540 vel
1108 506 1333 540 artificiales:
1363 507 1446 552 quia
1476 506 1662 553 passiones
1693 506 1837 540 animae

268 563 427 608 speciem
450 563 625 608 recipiunt
652 562 694 594 ab
715 560 876 605 objectis,
899 560 990 594 sicut
1011 571 1067 594 res
1090 553 1295 606 praedictae
1315 571 1335 593 a
1357 560 1429 593 suis
1450 559 1596 594 formis:
1620 559 1713 593 sicut
1730 559 1839 605 igitur

269 616 440 662 quidquid
463 623 515 649 est
542 626 649 648 causa
671 614 822 656 formae,
859 622 911 647 est
933 625 1041 647 causa
1064 614 1115 646 rei
1145 613 1361 646 constitutae
1393 624 1456 658 per
1490 613 1626 659 ipsam:
1658 613 1706 646 ita
1729 613 1839 647 etiam

269 662 452 716 quidquid,
476 677 510 702 et
536 679 768 714 quocumque
792 667 903 701 modo
932 675 985 701 est
1007 678 1114 700 causa
1138 666 1280 711 objecti,
1303 674 1356 700 est
1378 678 1486 700 causa
1507 667 1695 712 passionis.

340 722 531 767 Contingit
553 729 672 755 autem
696 721 830 766 aliquid
854 732 930 754 esse
954 731 1101 754 causam
1125 720 1267 765 objecti,
1289 719 1340 754 vel
1362 730 1424 764 per
1445 720 1599 753 modum
1618 731 1748 754 causae
1768 719 1840 754 effi-

270 776 407 818 cientis,
421 776 473 810 vel
491 787 554 821 per
575 775 727 808 modum
750 774 996 820 dispositionis
1026 772 1241 807 materialis:
1271 773 1364 807 sicut
1385 773 1568 818 objectum
1589 773 1839 808 delectationis

270 838 322 864 est
343 830 480 863 bonum
505 840 680 875 apparens
704 828 924 861 conveniens
949 828 1198 872 conjunctum,
1222 827 1322 871 cujus
1346 838 1455 860 causa
1478 825 1638 861 efficiens
1665 835 1718 861 est
1739 827 1838 868 illud,

269 884 365 929 quod
388 883 473 916 facit
495 882 803 926 conjunctionem,
826 880 883 914 vel
906 880 1002 926 quod
1025 880 1111 914 facit
1133 879 1437 922 convenientiam,
1464 879 1523 914 vel
1542 880 1755 922 bonitatem,
1781 880 1840 914 vel

269 936 517 982 apparentiam
547 935 757 980 hujusmodi
783 935 887 968 boni:
917 946 1025 968 causa
1053 942 1174 967 autem
1201 945 1263 979 per
1290 933 1442 967 modum
1465 933 1711 979 dispositionis
1733 942 1842 968 mate-

268 989 364 1023 rialis
388 998 439 1023 est
461 989 615 1030 habitus,
637 987 695 1021 vel
717 999 968 1034 quaecumque
993 987 1195 1033 dispositio,
1218 986 1419 1021 secundum
1442 998 1552 1032 quam
1574 986 1613 1021 fit
1635 987 1743 1021 alicui
1758 998 1841 1021 con-

267 1044 426 1085 veniens,
450 1051 510 1076 aut
537 1053 712 1087 apparens
743 1041 830 1075 illud
862 1042 1012 1083 bonum,
1043 1041 1140 1087 quod
1171 1049 1224 1074 est
1253 1041 1285 1074 ei
1313 1041 1559 1085 conjunctum.
1584 1040 1644 1074 Sic
1670 1041 1779 1087 igitur
1805 1041 1840 1074 in

268 1097 454 1142 proposito
478 1097 661 1141 objectum
683 1095 825 1129 timoris
848 1103 900 1129 est
920 1095 1149 1128 aestimatum
1171 1094 1310 1128 malurn
1329 1094 1489 1128 futurum
1508 1094 1763 1140 propinquum,
1783 1094 1842 1128 cui

268 1151 383 1184 resisti
405 1151 447 1184 de
470 1149 567 1183 facili
589 1161 662 1183 non
686 1157 815 1195 potest,
838 1157 872 1182 et
893 1149 975 1182 ideo
999 1148 1099 1190 illud,
1123 1148 1220 1194 quod
1243 1155 1362 1194 potest
1379 1147 1509 1181 inferre
1528 1147 1599 1182 tale
1619 1148 1769 1190 malum,
1789 1157 1842 1183 est

269 1216 377 1239 causa
400 1203 565 1238 effectiva
588 1203 719 1248 objecti
735 1202 887 1243 timoris,
908 1210 943 1236 et
961 1214 1023 1248 per
1043 1213 1269 1248 consequens
1290 1201 1401 1247 ipsius
1419 1202 1579 1236 timoris:
1599 1201 1687 1236 illud
1707 1210 1840 1244 autem,

268 1268 331 1302 per
353 1257 448 1303 quod
481 1257 607 1302 aliquis
635 1256 682 1289 ita
710 1255 922 1302 disponitur,
950 1263 988 1289 ut
1015 1254 1149 1300 aliquid
1178 1255 1223 1288 sit
1249 1255 1281 1288 ei
1307 1254 1390 1296 tale,
1418 1262 1471 1288 est
1497 1266 1605 1288 causa
1627 1255 1780 1297 timoris,
1807 1263 1842 1289 et

269 1311 401 1356 objecti
423 1312 497 1356 ejus
516 1322 578 1356 per
594 1310 745 1343 modum
765 1309 1011 1354 dispositionis
1031 1308 1243 1342 materialis:
1268 1316 1302 1342 et
1320 1308 1390 1342 hoc
1411 1308 1523 1342 modo
1544 1320 1648 1342 ¹amor
1666 1317 1718 1343 est
1732 1320 1841 1343 causa

270 1364 428 1398 timoris:
458 1376 499 1398 ex
522 1364 592 1397 hoc
616 1363 712 1397 enim
736 1363 831 1408 quod
855 1362 982 1408 aliquis
1006 1370 1104 1395 amat
1126 1361 1272 1407 aliquod
1295 1361 1446 1403 bonum,
1468 1362 1639 1407 sequitur,
1659 1362 1756 1408 quod
1775 1362 1842 1407 pri-

268 1418 429 1451 vativum
451 1417 530 1451 talis
553 1417 639 1450 boni
661 1417 705 1450 sit
727 1416 758 1450 ei
781 1415 937 1458 malumg
960 1423 994 1450 et
1015 1427 1078 1462 per
1101 1426 1326 1461 consequens
1350 1415 1445 1461 quod
1468 1415 1595 1450 timeat
1615 1415 1734 1462 ipsum
1753 1423 1842 1449 tam-

269 1483 379 1517 quam
402 1471 551 1504 malum.

343 1525 401 1559 AD
429 1536 577 1559 PRIMUM
598 1535 684 1569 ergo
708 1523 914 1564 dicendum,
937 1522 1046 1569 quod,
1064 1523 1156 1556 sicut
1170 1534 1277 1568 supra
1300 1522 1437 1556 dictum
1456 1529 1510 1556 est
1529 1521 1573 1568 (q.
1586 1522 1840 1569 p7·aec.art.1.)‚

268 1580 378 1614 timor
393 1591 455 1624 per
477 1590 525 1620 se,
542 1586 575 1612 et
594 1579 711 1624 primo
732 1577 876 1623 respicit
895 1577 937 1610 ad
959 1576 1108 1618 malum,
1129 1577 1226 1622 quod
1246 1575 1386 1621 refugit,
1403 1576 1499 1621 quod
1520 1576 1716 1622 opponitur
1733 1576 1840 1610 alicui

269 1634 365 1667 bono
390 1641 531 1674 amato;
555 1640 589 1666 et
611 1632 660 1665 sic
684 1643 746 1677 per
768 1643 805 1664 se
824 1631 934 1664 timor
953 1631 1112 1664 nascitur
1131 1642 1173 1664 ex
1193 1642 1335 1664 amore:
1359 1630 1572 1664 secundario
1591 1642 1678 1664 vero
1697 1631 1841 1677 respicit

270 1687 312 1720 ad
336 1687 381 1728 id,
405 1698 468 1732 per
491 1686 586 1732 quod
609 1685 775 1731 provenit
802 1684 873 1718 tale
898 1684 1054 1717 malum:
1083 1692 1118 1718 et
1139 1684 1189 1717 sic
1212 1695 1275 1730 per
1297 1683 1465 1718 accidens
1488 1684 1705 1730 quandoque
1731 1685 1841 1718 timor

267 1740 405 1774 inducit
428 1750 617 1780 amorem3
650 1739 864 1784 inquantum
892 1738 1030 1772 scilicet
1055 1738 1183 1779 homo,
1206 1737 1267 1783 qui
1292 1737 1396 1771 timet
1417 1738 1534 1784 puniri
1557 1750 1577 1772 a
1602 1738 1696 1780 Deo,
1724 1746 1842 1772 servat

268 1794 437 1827 mandata
460 1794 552 1839 ejus3
577 1801 611 1826 et
632 1793 681 1826 sic
704 1792 830 1838 incipit
852 1803 1014 1838 sperare3
1037 1800 1071 1825 et
1093 1802 1173 1837 spes
1196 1790 1392 1825 introducit
1415 1803 1592 1834 amorem,
1607 1800 1646 1826 ut
1668 1803 1775 1839 supra
1793 1793 1842 1826 di-

268 1857 366 1883 ctum
386 1856 438 1882 est
461 1851 505 1893 (q.
525 1859 580 1891 40.
604 1852 668 1881 art.
693 1847 749 1892 7.).

339 1902 397 1936 AD
415 1912 622 1936 SECUNDUM
639 1900 844 1942 dicendum,
860 1900 956 1946 quod
976 1899 1047 1941 ille,
1064 1911 1082 1933 a
1102 1911 1173 1946 quo
1191 1907 1422 1945 expectamus
1437 1899 1545 1943 mala,
1560 1900 1678 1947 primo
1693 1901 1839 1947 quidem

269 1956 354 1990 odio
378 1956 547 1996 habetur3
570 1954 632 1988 sed
655 1963 848 2000 postquam
872 1954 913 1987 ab
937 1954 1016 1999 ipso
1039 1955 1112 1999 jam
1134 1953 1311 1999 incipiunt
1332 1954 1467 2000 sperari
1488 1954 1596 1996 bona,
1615 1962 1699 1989 tunc
1715 1955 1841 2001 incipit

268 2010 398 2044 amari:
430 2009 568 2043 bonum
600 2017 732 2050 autem,
765 2008 822 2042 cui
855 2008 1094 2042 contrariatur
1125 2007 1275 2049 malum,
1306 2007 1403 2054 quod
1432 2008 1590 2050 timetur,
1617 2020 1637 2042 a
1662 2009 1839 2055 principio

269 2064 466 2098 amabatur.

340 2118 399 2151 AD
423 2127 595 2151 TERTIUM
626 2116 832 2158 dicendum,
855 2115 952 2161 quod
977 2115 1066 2150 ratio
1094 2115 1155 2149 illa
1182 2115 1347 2162 procedit
1373 2116 1416 2150 de
1444 2127 1500 2158 eo,
1527 2116 1624 2162 quod
1651 2124 1704 2151 est
1731 2128 1839 2151 causa

270 2170 357 2205 mali
377 2170 542 2205 terribilis
566 2182 628 2216 per
649 2170 801 2203 modum
822 2169 1027 2204 efficientis:
1052 2181 1156 2203 amor
1175 2177 1294 2204 autern
1315 2177 1367 2204 est
1385 2181 1493 2204 causa
1513 2171 1588 2216 ejus
1606 2182 1669 2217 per
1687 2171 1838 2205 modum

270 2224 464 2259 materialis
487 2224 744 2270 dispositionis,
768 2232 805 2258 ut
827 2224 964 2258 dictum
988 2232 1040 2257 est
1064 2223 1114 2268 (in
1137 2230 1226 2270 corp.
1250 2223 1344 2268 art).

836 2340 1182 2385 ARTICULUS
1218 2341 1274 2384 II.
1768 2364 1834 2397 242

609 2437 760 2467 UTRUM
788 2437 930 2466 CAUSA
953 2436 1132 2466 TIMORIS
1161 2436 1228 2466 SIT
1256 2436 1498 2466 DEFECTUS.

951 2513 1052 2557 (Psal.
1077 2512 1163 2557 26).

342 2599 401 2633 AD
423 2608 630 2633 SECUNDUM
653 2597 703 2631 sic
727 2597 943 2643 proceditur.
967 2596 1129 2639 Videtur,
1152 2596 1249 2643 quod
1272 2595 1433 2630 defectus
1455 2607 1529 2631 non
1551 2596 1596 2631 sit
1611 2607 1719 2631 causa
1734 2596 1825 2631 timo

270 2653 332 2687 ris:
356 2652 408 2686 illi
430 2652 539 2693 enim,
562 2651 621 2697 qui
644 2651 844 2697 potentiam
867 2651 1012 2693 habent,
1039 2651 1195 2684 maxime
1218 2650 1407 2684 timentur:
1432 2650 1493 2684 sed
1517 2649 1677 2685 defectus
1700 2658 1839 2685 contra-

269 2707 378 2740 riatur
400 2705 601 2751 potentiac;
625 2716 712 2749 ergo
735 2704 894 2738 defectus
918 2716 991 2739 non
1015 2713 1067 2739 est
1089 2715 1197 2738 causa
1219 2704 1371 2738 timoris.

341 2770 371 2794 2.
395 2759 630 2794 PRAETEREA.
666 2758 732 2800 Illi,
760 2758 819 2804 qui
847 2759 918 2803 jam
946 2759 1206 2804 decapitantur,
1234 2757 1391 2791 maxime
1419 2765 1501 2791 sunt
1527 2757 1562 2791 in
1584 2756 1749 2792 defectu:
1777 2756 1837 2792 sed

269 2813 358 2847 tales
380 2825 453 2847 non
476 2814 615 2855 timent,
638 2821 675 2847 ut
697 2813 826 2847 dicitur
847 2813 882 2846 in
907 2823 936 2846 2.
958 2813 1062 2847 Rhet.
1087 2814 1174 2860 (cap.
1191 2825 1218 2859 5.
1240 2814 1317 2848 circ.
1339 2812 1454 2857 med.);
1475 2823 1562 2858 ergo
1585 2811 1744 2846 defectus
1763 2822 1836 2846 non

271 2876 322 2901 cst
345 2879 453 2901 causa
475 2875 626 2902 timoris.
