1907 3198
521 159 746 194 QUAESTIO
780 162 900 192 XXIV.
934 163 1183 195 ARTICULUS
1217 166 1262 196 11.
1609 170 1690 214 197

170 238 231 273 AD
247 249 457 274 SECUNDUM
476 240 685 284 dicendum,
701 243 799 289 quod
821 245 858 278 in
881 245 983 279 omni
1005 246 1176 292 passione
1200 248 1345 283 animae
1375 249 1518 285 additur
1541 251 1690 299 aliquid,

96 290 155 326 vel
177 291 390 327 diminuitur
405 305 424 327 a
443 295 601 330 naturali
621 305 723 331 motu
739 298 877 341 cordis;
896 299 1114 345 inquantum
1131 313 1196 336 cor
1214 302 1402 346 intensius,
1422 305 1480 339 vel
1499 307 1688 342 remissius

97 353 278 388 movetur,
294 347 496 382 secundum
515 349 704 395 systolem,
721 359 782 385 aut
795 351 1007 387 diastolem:
1025 362 1060 388 et
1074 356 1278 390 secundum
1293 357 1365 392 hoc
1382 358 1494 393 habet
1508 360 1690 406 passionis

95 398 296 434 rationem:
319 408 445 435 tamen
466 413 542 436 non
565 412 722 450 oportet,
745 405 843 451 quod
867 407 988 452 passio
1011 419 1158 455 semper
1180 409 1341 446 declinet
1363 412 1406 445 ab
1430 413 1558 448 ordine
1585 422 1689 448 natu—

95 451 181 487 ralis
203 454 366 488 rationis.

166 506 229 542 AD
256 517 431 544 TERTtUM
453 509 662 554 dicendum,
684 513 782 558 quod
809 514 999 560 passiones
1020 516 1176 559 animae,
1196 517 1414 564 inquantum
1438 530 1522 555 sunt
1544 530 1688 568 praeter

94 560 264 596 ordinem
285 562 449 605 rationis,
468 563 648 599 inclinant
670 566 714 600 ad
734 576 946 613 peccatum:
970 569 1189 616 inquantum
1209 580 1334 606 autem
1353 582 1438 609 sunt
1456 575 1648 611 ordinatae
1668 588 1688 611 a

95 615 248 658 ratione,
269 616 454 662 pertinent
476 617 520 652 ad
543 619 728 654 virtutem.

662 750 1014 797 ARTICULUS
1043 755 1123 798 III.
1621 785 1687 818 144

243 854 399 886 UTRUM
426 856 578 887 PASSIO
607 858 778 900 ADDAT,
803 862 885 891 VEL
915 863 1138 895 DIMINUAT
1166 866 1225 895 AD
1256 867 1536 910 BONITATEM‚

562 923 660 954 VEL
697 926 986 960 MALITIAM
1019 930 1211 961 ACTUS.

189 1008 292 1057 (Infr.
323 1022 354 1057 q.
391 1021 444 1058 77.
481 1017 547 1047 art.
580 1013 613 1048 6.
646 1018 675 1049 et
709 1015 797 1050 Veri.
826 1028 856 1063 q.
885 1018 942 1053 26.
972 1024 1036 1053 art.
1069 1031 1098 1066 7.
1130 1025 1159 1054 et
1190 1021 1274 1056 Mal.
1307 1033 1337 1068 q.
1363 1035 1392 1069 3.
1425 1029 1490 1059 art.
1521 1026 1582 1071 2.).

162 1098 225 1134 AD
255 1109 430 1136 TERTmM
451 1101 502 1136 sic
530 1104 751 1149 proceditur.
775 1105 942 1150 Videtur,
970 1110 1068 1155 quod
1097 1111 1220 1157 passio
1252 1124 1508 1161 quaecumque
1540 1126 1687 1163 semper

90 1151 271 1188 diminuat
291 1153 336 1188 de
357 1154 520 1190 bonitate
543 1165 644 1192 actus
666 1159 834 1195 moralis:
858 1172 970 1196 omne
994 1163 1106 1206 enim,
1129 1166 1227 1210 quod
1254 1166 1408 1213 impedit
1436 1168 1614 1214 judicium
1635 1182 1687 1205 ra-

91 1206 214 1250 tionis,
242 1218 287 1242 ex
307 1219 381 1255 quo
401 1209 582 1256 dependet
602 1211 746 1248 bonitas
769 1221 871 1249 actus
894 1216 1058 1259 moralis,
1087 1218 1258 1254 diminuit
1279 1232 1344 1266 per
1372 1232 1602 1268 consequens
1624 1224 1686 1258 bo-

87 1260 241 1296 nitatem
257 1270 359 1297 actus
373 1263 542 1299 moralis:
561 1266 624 1300 sed
639 1267 761 1302 omnis
776 1269 898 1314 passio
913 1269 1068 1316 impedit
1085 1272 1264 1317 judicium
1284 1275 1453 1310 rationis:
1475 1276 1562 1311 dicit
1581 1277 1680 1312 enim

53 1335 57 1339 -
90 1313 284 1351 Sallustius
305 1316 342 1351 in
359 1316 578 1353 Catilinario
606 1319 668 1364 (in.
681 1322 795 1367 princ.
815 1328 900 1358 orat.
923 1323 1092 1371 Caesaris)
1107 1336 1117 1357 :
1141 1326 1264 1361 Omnes
1282 1327 1442 1372 homines,
1459 1331 1517 1376 qui
1535 1330 1571 1365 de
1591 1333 1686 1367 rebus

90 1368 200 1404 dubiis
221 1370 421 1414 consultant,
444 1373 486 1407 ab
509 1372 596 1415 odio,
618 1375 686 1417 ira,
709 1380 738 1410 et
759 1377 926 1419 amicitia,
950 1382 1047 1424 atque
1073 1380 1305 1416 misericordia
1331 1394 1456 1418 vacuos
1482 1396 1544 1419 essa
1570 1384 1682 1427 decem

91 1433 181 1469 ergo
203 1423 325 1459 omnis
347 1425 469 1471 passio
491 1427 662 1462 diminuit
682 1428 887 1464 bonitatem
907 1432 1058 1467 moralis
1081 1441 1195 1468 actus.

160 1487 192 1511 2.
215 1477 456 1514 PRAETEREA.
479 1481 596 1516 Actus
618 1481 781 1518 hominis
804 1494 941 1531 quanto
965 1494 1020 1521 est
1040 1487 1123 1521 Deo
1143 1488 1309 1532 similior,
1331 1497 1434 1525 tanto
1458 1500 1512 1526 est
1530 1492 1682 1528 melior:

89 1531 184 1566 unde
206 1531 294 1566 dicit
315 1532 445 1579 Apost.
461 1533 553 1581 Eph.
578 1546 626 1580 5.:
646 1537 758 1572 Estote
777 1539 961 1574 imitatores
978 1541 1060 1584 Dei,
1079 1543 1238 1588 sicatfilii
1256 1543 1467 1580 charissimi:
1487 1546 1549 1580 sed
1568 1546 1682 1590 Deus,

87 1592 122 1619 et
135 1585 252 1620 sancti
269 1585 407 1632 Angeli
420 1590 572 1634 puniunt
584 1590 652 1624 sine
666 1592 734 1634 ira,
748 1593 819 1627 sine
836 1594 991 1629 miseriae
1006 1598 1231 1642 compassione
1244 1598 1453 1641 subveniunt,
1472 1607 1510 1634 ut
1524 1600 1681 1646 August.

87 1638 174 1674 dicit
195 1638 232 1673 in
253 1651 287 1687 9.
315 1641 358 1675 de
387 1640 468 1676 Civ.
495 1642 567 1677 Dei
595 1644 687 1691 (cap.
709 1657 738 1692 5.
767 1647 829 1680 cir.
847 1647 955 1693 fin.);
980 1660 1069 1694 ergo
1098 1657 1152 1684 est
1178 1650 1311 1686 rnelius
1333 1652 1547 1699 hujusmodi
1570 1665 1681 1701 opera

86 1703 194 1739 agere
216 1693 294 1728 sine
314 1695 486 1740 passione
514 1697 671 1741 animae,
694 1710 806 1745 quam
830 1711 914 1735 cum
937 1703 1119 1748 passione.

160 1758 189 1793 3.
213 1747 454 1784 PRAETEREA.
477 1749 580 1785 Sicut
601 1751 743 1786 malum
766 1754 907 1788 morale
927 1757 1124 1791 attenditur
1138 1768 1202 1803 per
1225 1758 1393 1794 ordinem
1415 1761 1458 1794 ad
1481 1762 1676 1805 rationem,

83 1800 133 1835 ita
156 1808 190 1835 et
213 1801 351 1836 bonurn
374 1803 538 1840 morale:
561 1806 624 1840 sed
647 1806 788 1841 malum
811 1809 952 1843 morale
976 1810 1190 1846 diminuitur
1212 1823 1276 1858 per
1297 1814 1528 1860 passionem:
1559 1816 1680 1851 minus

88 1854 187 1889 enim
208 1864 349 1902 peccat,
377 1857 439 1904 qui
465 1867 594 1905 peccat
620 1871 663 1894 ex
691 1862 874 1906 passione,
905 1875 1015 1910 quam
1045 1865 1107 1911 qui
1133 1875 1264 1912 peccat
1293 1879 1337 1902 ex
1363 1868 1561 1912 industria3
1590 1882 1678 1917 ergo

83 1907 203 1944 minus
225 1909 366 1945 bonurn
388 1920 572 1958 operatur,
595 1914 658 1960 qui
680 1924 854 1962 operatur
876 1928 961 1951 curn
984 1919 1168 1965 passione,
1191 1931 1302 1966 quam
1326 1922 1387 1968 qui
1410 1932 1582 1969 operatur
1601 1925 1679 1959 sine

84 1963 265 2010 passione.

158 2017 234 2053 SED
258 2029 415 2055 CONTRA
439 2028 503 2063 est,
526 2022 624 2068 quod
644 2022 800 2070 August.
816 2024 903 2060 dicit
924 2037 956 2073 9.
978 2026 1022 2061 de
1039 2027 1119 2062 Civ.
1139 2028 1211 2064 Dei
1231 2029 1310 2075 (los.
1331 2031 1418 2075 cit),
1439 2032 1537 2077 quod
1558 2032 1679 2078 passio

84 2071 359 2109 misericordiae
380 2075 515 2110 rationi
537 2076 706 2120 deservit,
734 2079 882 2125 quando
904 2081 954 2115 ita
976 2082 1169 2127 praebetur
1190 2084 1455 2128 misericordia,
1479 2094 1517 2120 ut
1543 2086 1679 2132 justitia

84 2135 332 2170 conservetur,
354 2128 431 2164 sive
454 2141 539 2164 cum
562 2130 740 2177 indigenti
761 2133 941 2176 tribuitur,
961 2136 1036 2169 sive
1052 2147 1136 2170 cum
1153 2137 1357 2183 ignoscitur
1371 2141 1592 2185 poenitenti:
1614 2141 1678 2176 sed

83 2179 187 2223 nihil,
209 2181 308 2228 quod
330 2182 489 2218 deservit
506 2185 650 2228 rationi,
670 2186 842 2221 diminuit
859 2187 999 2223 bonum
1019 2190 1180 2234 morale3
1201 2203 1288 2238 ergo
1304 2193 1426 2239 passio
1443 2194 1588 2229 animae
1604 2206 1678 2229 non

83 2233 252 2269 diminuit
272 2235 413 2271 bonum
436 2238 562 2273 moris.

155 2287 389 2325 RESPONDEO
423 2291 634 2335 dicendum,
665 2294 763 2340 quod
797 2294 914 2330 Stoici
943 2296 1037 2331 sicut
1066 2299 1254 2343 ponebant
1282 2311 1435 2335 omnem
1466 2302 1676 2348 passionem

84 2341 230 2377 animae
253 2354 332 2378 esse
355 2345 505 2388 malam,
528 2347 577 2380 ita
604 2347 791 2393 ponebant
819 2359 1088 2397 consequenter
1114 2364 1267 2388 omnem
1293 2355 1505 2401 passionem
1533 2357 1678 2391 animae

81 2394 284 2431 diminuere
308 2405 409 2433 actus
431 2399 655 2435 bonitatem:
679 2412 790 2436 omne
814 2403 913 2438 enim
934 2405 1075 2440 bonum
1099 2418 1140 2441 ex
1162 2408 1408 2454 permixtione
1431 2410 1519 2444 mali
1541 2411 1600 2445 vel
1623 2420 1674 2446 to-

81 2447 201 2485 taliter
221 2450 372 2495 tollitur,
394 2452 453 2487 vel
474 2453 514 2488 fit
536 2454 657 2489 minus
679 2455 838 2499 bonum3
862 2465 897 2492 et
923 2458 995 2493 hoc
1024 2460 1172 2506 quidem
1200 2473 1331 2497 verum
1358 2472 1424 2506 est,
1451 2464 1481 2497 si
1509 2464 1676 2499 dicamus

75 2505 244 2550 passiones
265 2507 399 2541 animae
416 2506 540 2542 solum
561 2508 790 2544 inordinatos
813 2520 936 2546 motus
958 2514 1122 2548 sensitivi
1145 2516 1336 2562 appetitus,
1359 2526 1468 2564 prout
1489 2526 1574 2553 sunt
1600 2530 1677 2565 per·

83 2557 322 2602 turbationes,
339 2571 404 2595 seu
427 2561 692 2607 aegritudines:
716 2564 779 2598 sed
799 2565 829 2599 si
846 2568 1034 2612 passiones
1053 2568 1269 2614 simpliciter
1283 2571 1521 2606 nominemus
1545 2583 1676 2607 omnes

82 2619 204 2647 motus
227 2613 408 2660 appetitus
434 2616 609 2658 sensitivi,
636 2617 687 2651 sic
715 2617 760 2652 ad
792 2619 1059 2665 perfectionem
1086 2622 1241 2658 humani
1268 2624 1356 2658 boni
1383 2625 1552 2671 pertinet,
1576 2626 1674 2672 quod

83 2664 194 2700 etiarn
206 2665 307 2712 ipsae
320 2668 510 2714 passiones
524 2669 596 2704 sint
609 2671 821 2707 moderatae
836 2685 900 2719 per
914 2675 1115 2710 rationem:
1137 2688 1222 2711 cum
1238 2678 1338 2712 enim
1356 2679 1496 2713 bonum
1512 2679 1675 2715 hominis

83 2721 258 2754 consistat
278 2720 315 2755 in
337 2722 478 2757 ratione
502 2723 595 2758 sicut
616 2724 652 2758 in
676 2726 808 2768 radice,
823 2735 925 2762 tanto
948 2728 1041 2763 istud
1064 2730 1203 2764 bonum
1225 2732 1291 2766 erit
1309 2731 1516 2778 perfectius,
1536 2742 1674 2779 quanto

83 2771 127 2807 ad
148 2773 264 2819 plura,
286 2786 380 2821 quae
402 2775 545 2811 homini
569 2779 805 2822 conveniunt,
828 2781 983 2816 derivari
1003 2791 1140 2829 potest:
1166 2785 1260 2819 unde
1280 2785 1401 2820 nullus
1421 2786 1571 2828 dubitat,
1587 2787 1674 2833 quin

83 2825 128 2860 ad
149 2826 415 2874 perfectionem
438 2830 589 2866 moralis
612 2831 699 2867 boni
721 2834 910 2879 pertineat,
934 2837 1032 2882 quod
1055 2846 1157 2872 actus
1177 2839 1400 2874 exteriorum
1420 2840 1674 2875 membrorum

82 2890 147 2926 per
167 2881 318 2917 rationis
337 2883 503 2930 regulam
519 2884 738 2931 dirigantur:
761 2888 856 2923 unde
876 2900 961 2924 curn
977 2891 1156 2937 appetitus
1175 2893 1368 2928 sensitivus
1391 2894 1506 2940 possit
1525 2895 1673 2930 obedire

230 2961 259 2990 S.
280 2963 404 2992 Tuomst
426 2965 533 2992 Summa
559 2967 723 3004 Theologz'ca.
744 2969 810 2997 Vol.
833 2970 870 2997 11.
1497 2985 1529 3010 14
