1907 3198
509 191 733 228 QUAESTIO
768 191 871 221 CVII.
905 190 1151 222 ARTICULUS
1185 190 1228 221 11.
1581 179 1662 235 813

97 275 343 323 prohibitione
361 275 566 321 juramenti,
587 283 623 310 et
644 275 754 310 etiarn
777 275 812 309 in
834 274 1078 322 prohibitione
1098 272 1256 314 talionis,
1279 280 1314 307 et
1338 272 1375 306 in
1397 272 1482 307 odio
1505 273 1669 308 inimico-

98 341 202 366 rum:
224 329 388 365 similiter
421 329 531 364 etiam
553 329 693 364 videtur
725 328 909 363 Dominus
944 327 1139 363 exclusisse
1162 334 1331 373 pracepta
1358 326 1490 361 veteris
1511 326 1601 373 legis
1623 327 1668 361 de

98 383 316 420 discretione
335 383 512 425 ciborum,
534 383 663 418 Matth.
695 393 746 427 ις.
774 383 914 417 dicens:
938 383 1014 417 Non
1042 381 1128 428 quod
1149 382 1253 415 intrat
1275 381 1308 414 in
1330 391 1374 422 os,
1398 381 1592 427 coinquinat
1617 381 1671 415 ho-

98 438 243 479 minem:
266 447 354 483 ergo
375 435 433 471 lex
446 447 542 470 nova
561 448 636 471 non
657 444 712 471 est
729 435 915 483 impletiva
937 435 1079 470 veteris.

117 503 119 505 ·
172 502 202 537 3.
223 490 462 527 PRAETEREA.
485 489 720 536 Quicumque
752 498 877 525 contra
905 489 1024 534 legem
1060 489 1146 535 agit,
1172 499 1246 523 non
1274 487 1400 533 implet
1435 487 1574 534 legem:
1607 487 1669 522 sed

99 543 266 581 Christus
295 544 331 580 in
366 544 543 591 aliquibus
578 552 703 578 contra
735 543 854 589 legem
885 542 988 578 fecit:
1023 543 1140 587 tetigit
1166 543 1264 578 enim
1290 541 1490 587 leprosum,
1518 549 1555 575 ut
1588 540 1671 575 dici-

99 607 157 634 tur
178 597 308 634 Matth.
329 598 374 641 8.‚
406 598 504 644 quod
544 605 620 632 erat
641 605 767 632 contra
807 597 949 641 legem:
985 596 1151 631 similiter
1184 596 1292 631 etiarn
1320 595 1461 630 videtur
1481 594 1671 629 sabbatum

100 652 235 700 pluries
260 651 440 687 violasse:
463 651 557 686 unde
592 651 635 686 de
671 662 714 686 eo
737 651 907 685 dicebant
928 650 1065 696 Judaei‚
1088 650 1193 696 Joan.
1214 661 1247 697 9.
1266 662 1273 685 ε
1297 649 1374 685 Νοη
1395 654 1439 684 est
1460 648 1512 684 hic
1534 649 1630 683 homo
1652 659 1672 683 a

100 707 176 743 Deo
200 707 259 754 qui
277 706 453 741 sabbatum
471 716 537 740 non
559 704 698 740 custodit
707 717 719 746 ;
739 716 827 750 ergo
855 704 1023 740 Christus
1049 715 1122 739 non
1154 703 1317 751 implevit
1335 702 1471 749 legem:
1494 710 1529 737 et
1545 702 1595 737 ita
1616 701 1671 737 lex

100 771 197 796 nova
217 760 300 795 data
322 771 343 795 a
364 759 515 795 Christo
531 770 606 794 non
628 767 683 794 est
703 759 832 794 veteris
854 758 1053 805 impletiva.

171 823 206 858 4.
227 813 466 850 PRAETEREA.
490 814 530 848 In
547 814 659 848 veteri
687 812 767 859 lege
786 812 1065 848 continebantur
1091 819 1280 858 praecepta
1303 809 1468 853 moralia,
1491 821 1674 845 caeremo-

102 867 225 912 nialia,
235 866 479 914 etjudicialia,
497 875 536 902 ut
557 878 663 913 supra
677 866 814 906 dictum
838 875 890 901 est
910 866 955 912 (q.
975 866 1187 913 99.art.4.):
1203 865 1264 900 sed
1283 865 1478 907 Dominus,
1497 864 1672 909 Matth.5.‚

102 922 162 957 ubi
183 928 360 969 quantum
382 921 427 956 ad
447 920 568 968 aliqua
591 921 711 967 legem
733 919 908 966 implevit,
927 919 1066 954 nullam
1088 920 1312 958 mentionem
1328 918 1468 954 videtur
1488 917 1607 953 facere
1628 917 1672 952 de

101 974 342 1023 judicialibus,
362 982 399 1010 et
419 974 766 1017 caeremonialibus;
800 985 889 1019 ergo
911 974 1064 1016 videtur,
1098 973 1196 1020 quod
1224 972 1281 1008 lex
1306 983 1403 1007 nova
1424 983 1499 1007 non
1520 972 1565 1007 sit
1585 979 1674 1007 tota-

101 1028 183 1066 liter
202 1029 332 1065 veter'ts
352 1028 551 1076 impletiva.

175 1082 252 1119 SED
273 1092 431 1119 coum
445 1090 500 1118 est
520 1081 618 1129 quod
639 1082 822 1117 Dominus
843 1081 929 1116 dicit
942 1081 1070 1116 Matth.
1090 1091 1130 1127 5.:
1153 1081 1231 1116 Non
1250 1082 1329 1116 veni
1348 1081 1474 1116 solvere
1491 1080 1602 1126 legem,
1623 1077 1676 1114 sed

103 1135 307 1185 adimplerc;
330 1144 367 1172 et
386 1144 514 1183 postea
535 1136 672 1172 subdit:
697 1136 778 1181 Jota
797 1147 915 1179 unum,
947 1141 1007 1171 aut
1039 1147 1122 1170 unus
1148 1141 1222 1182 apes
1243 1146 1310 1170 non
1330 1135 1526 1182 praeteribit
1546 1145 1567 1168 a
1593 1133 1674 1179 lege,

102 1190 204 1239 donec
228 1191 344 1226 omnia
355 1190 457 1237 fiant.

177 1243 411 1281 Respounto
429 1244 637 1287 dicendum,
651 1244 749 1291 quod
776 1245 869 1279 sicut
889 1244 1027 1278 dictum
1049 1251 1103 1278 est
1124 1243 1206 1289 (art.
1222 1244 1368 1290 praec),
1384 1242 1440 1278 lex
1462 1253 1557 1277 nova
1580 1252 1679 1277 com-

106 1307 253 1346 paratur
267 1298 313 1334 ad
326 1306 500 1341 veterem,
521 1298 613 1333 sicut
632 1297 832 1345 perfectum
848 1298 892 1332 ad
913 1297 1187 1344 imperfectum:
1203 1308 1313 1332 omne
1334 1305 1457 1332 autern
1475 1295 1676 1342 perfectum

107 1351 283 1400 adimplet
302 1351 351 1395 id,
371 1352 469 1399 quod
487 1351 702 1398 imperfecto
724 1352 847 1386 deest:
879 1359 913 1386 et
942 1351 1144 1386 secundum
1166 1351 1239 1386 hoc
1274 1351 1328 1385 lex
1361 1362 1470 1393 nova,
1505 1349 1678 1395 adimplet

105 1413 265 1441 veterem
286 1404 420 1451 legem,
441 1405 656 1452 inquantum
687 1404 830 1451 supplet
863 1404 964 1447 illud,
986 1405 1084 1451 quod
1105 1405 1219 1440 veteri
1251 1404 1324 1451 legi
1350 1405 1484 1440 deerat.
1504 1404 1544 1438 In
1565 1403 1677 1438 veteri

105 1466 227 1494 autem
248 1457 329 1506 lege
343 1458 408 1493 duo
423 1466 574 1506 possunt
588 1458 980 1501 considerari,scilicet:
990 1459 1084 1505 finis,
1102 1466 1138 1493 et
1154 1463 1331 1506 praecepta
1343 1466 1514 1493 contenta
1529 1458 1564 1492 in
1583 1457 1675 1503 lege.

103 1511 202 1548 finis
221 1523 309 1548 vero
335 1512 526 1559 cujuslibet
546 1512 638 1560 legis
653 1521 717 1556 est,
732 1521 771 1548 ut
795 1513 965 1548 homines
988 1511 1190 1548 efficiantur
1207 1513 1302 1558 justi,
1317 1521 1352 1547 et
1381 1512 1544 1554 virtuosi,
1567 1520 1605 1546 ut
1622 1523 1678 1546 su-

105 1577 169 1614 pra
190 1564 327 1602 dictum
343 1568 392 1613 (q.
407 1577 462 1614 92.
476 1571 540 1602 art.
555 1568 619 1613 2.);
635 1566 730 1602 unde
744 1575 780 1602 et
797 1566 877 1602 finis
897 1567 1028 1602 veteris
1046 1566 1136 1613 legis
1152 1576 1228 1602 erat
1240 1566 1446 1613 justificatio
1465 1566 1675 1602 hominum:

106 1633 217 1669 quam
239 1622 387 1669 quidem
404 1621 463 1658 lex
481 1621 626 1658 efficere
646 1634 721 1658 non
744 1631 896 1670 poterat,
918 1623 979 1658 sed
1002 1622 1178 1669 figurabat
1199 1622 1414 1669 quibusdam
1434 1623 1679 1657 caeremonia-

105 1675 199 1712 libus
218 1675 335 1719 factis,
355 1685 392 1712 et
412 1677 645 1724 promittebat
666 1677 802 1712 verbis:
826 1686 861 1712 et
882 1685 1059 1724 quantum
1081 1677 1125 1711 ad
1147 1677 1218 1711 hoc
1246 1676 1303 1711 lex
1323 1687 1420 1712 nova
1437 1676 1565 1723 implet
1581 1683 1678 1710 vete-

106 1741 186 1766 rem
203 1729 325 1777 legem
342 1729 571 1777 justificando
587 1743 649 1777 per
663 1732 832 1766 virtutem
852 1731 1029 1777 passionis
1051 1730 1206 1773 Christi;
1225 1739 1259 1766 et
1273 1730 1344 1765 hoc
1363 1738 1417 1765 est
1433 1730 1531 1777 quod
1549 1730 1678 1776 Apost.

106 1783 195 1819 dicit
211 1783 256 1818 ad
276 1783 385 1819 Rom.
406 1783 450 1820 8.:
468 1784 569 1830 Quod
590 1785 788 1832 impossibile
801 1789 872 1820 erat
893 1785 967 1831 legi,
983 1785 1074 1820 Deus
1088 1784 1216 1820 Filium
1236 1796 1332 1819 suum
1355 1786 1486 1819 mittens
1508 1785 1541 1818 in
1560 1783 1679 1819 simili-

107 1837 255 1875 tudinem
272 1839 385 1874 carnis
401 1840 543 1886 peccati,
559 1838 737 1874 damnavit
753 1844 925 1886 peccatum
946 1840 979 1873 in
1001 1850 1113 1880 carna,
1132 1843 1168 1874 ut
1177 1839 1375 1885 justificatio
1397 1838 1472 1884 legis
1488 1838 1680 1885 impleretur

109 1894 147 1928 in
166 1893 285 1935 nobis,·
309 1900 345 1928 et
363 1901 539 1940 quantum
562 1893 606 1928 ad
637 1893 709 1928 hoc
742 1892 799 1928 lex
826 1904 923 1928 nova
944 1893 1087 1928 exhibet
1113 1892 1209 1939 quod
1237 1892 1293 1927 lex
1319 1900 1422 1927 vetus
1449 1891 1681 1938 promittebat

107 1946 311 1982 secundum
331 1945 420 1982 illud
442 1957 474 1982 2.
497 1947 541 1982 ad
557 1946 645 1982 Cor.
669 1958 717 1981 1.:
738 1947 910 1994 Quotquot
929 1948 1163 1994 promissiones
1181 1947 1250 1982 Dei
1268 1951 1354 1988 sunt,
1378 1948 1412 1981 in
1435 1946 1490 1981 illo
1511 1953 1567 1989 cst,
1589 1945 1682 1980 idest

108 2000 146 2036 in
167 1999 339 2044 Christ03
361 2008 397 2036 et
415 2000 547 2036 iterum
569 2009 746 2048 quantum
768 2001 812 2036 ad
834 2001 918 2043 hoc,
937 2000 1100 2048 complet
1121 2001 1244 2043 etiam,
1267 2000 1364 2047 quod
1391 2009 1495 2035 vetus
1516 1999 1572 2034 lex
1595 1999 1682 2046 figu-

109 2053 234 2098 rabat;
251 2054 346 2090 unde
361 2055 405 2090 ad
428 2054 575 2091 Coloss
597 2065 629 2090 2.
651 2055 782 2090 dicitur
803 2055 847 2090 de
866 2055 1204 2098 caeremonialibus,
1220 2055 1317 2102 quod
1336 2063 1438 2090 erant
1456 2055 1575 2090 umbra
1587 2054 1682 2101 futu-

110 2120 252 2145 rorum:
274 2120 407 2156 corpus
425 2117 547 2144 autem
570 2108 720 2152 Christi,
742 2109 833 2144 idest
853 2110 997 2152 veritas,
1031 2109 1184 2156 pertinet
1206 2109 1250 2144 ad
1273 2109 1481 2151 Christum3
1503 2108 1597 2143 unde
1624 2107 1679 2143 lex

109 2173 207 2199 nova
219 2163 350 2199 dicitur
366 2163 418 2199 lex
430 2165 602 2205 veritatis;
619 2163 674 2198 lex
697 2172 819 2198 autem
839 2172 943 2199 vetus
964 2166 1114 2206 umbrae,
1137 2163 1194 2198 vel
1207 2164 1357 2209 figurae:
1379 2171 1572 2209 praecepta
1593 2173 1680 2197 vero

110 2216 240 2252 veteris
263 2216 354 2264 legis
376 2216 587 2264 adimplevit
606 2217 774 2252 Christus
795 2225 830 2252 et
851 2224 958 2265 opere,
980 2226 1016 2253 et
1035 2217 1198 2253 doctrina.
1220 2218 1326 2264 Opere
1340 2217 1499 2264 quidem,
1521 2216 1605 2263 quia
1619 2216 1682 2251 cir-

111 2269 272 2306 cumcidi
290 2269 419 2313 voluit,
434 2279 470 2306 et
490 2270 560 2305 alia
582 2270 787 2313 observare,
809 2282 902 2318 quae
917 2279 1020 2306 erant
1040 2279 1206 2318 tempore
1221 2271 1284 2306 illo
1299 2271 1537 2312 observanda,
1559 2281 1682 2306 secun-

111 2324 200 2360 dum
220 2323 309 2360 illud
325 2323 446 2360 Galat.
467 2325 652 2371 4.,sactum
674 2325 732 2360 sub
751 2325 828 2370 lege.
848 2325 921 2360 Sua
945 2333 1065 2360 autem
1083 2325 1235 2360 doctrina
1258 2324 1470 2371 adimplevit
1491 2331 1683 2370 praecepta

111 2377 202 2425 legis
215 2378 403 2426 tripliciter.
423 2378 539 2413 Primo
557 2378 703 2425 quidem
718 2389 844 2413 verum
863 2378 1087 2414 intellectum
1103 2379 1193 2425 legis
1207 2379 1459 2425 exprimendo:
1475 2378 1568 2413 sicut
1586 2385 1682 2424 patet

111 2432 149 2468 in
170 2432 386 2475 homicidio,
419 2441 456 2468 et
489 2432 679 2475 adulterio,
709 2432 744 2467 in
779 2444 934 2480 quorum
963 2433 1208 2480 prohibitione
1243 2432 1403 2474 Scribac,
1433 2440 1469 2467 et
1497 2431 1683 2466 Pharisaei

111 2497 186 2523 non
203 2486 455 2533 intelligebant
480 2487 547 2522 nisi
575 2486 789 2522 exteriorem
817 2495 939 2522 actum
965 2487 1208 2534 prohibitum:
1243 2487 1337 2521 unde
1360 2486 1542 2521 Dominus
1563 2485 1681 2531 legem

113 2539 335 2588 adimplevit,
353 2540 581 2576 ostendendo
604 2540 714 2576 etiam
736 2540 926 2576 interiores
948 2549 1048 2576 actus
1071 2550 1306 2587 peccatorum
1329 2539 1457 2574 cadere
1480 2539 1544 2574 sub
1567 2538 1685 2585 prohi-

112 2593 262 2630 bitione.
289 2594 436 2631 Secundo
470 2593 682 2641 adimplevit
707 2594 892 2630 Dominus
919 2604 1110 2642 praecepta
1142 2594 1244 2639 legis,
1267 2593 1469 2628 ordinando
1496 2593 1684 2639 quomodo

112 2647 224 2684 tutius
245 2647 508 2691 observaretur,
529 2648 626 2695 quod
661 2648 717 2684 lex
751 2657 852 2684 vetus
878 2657 1070 2684 statuerat:
1093 2649 1186 2683 sicut
1213 2647 1269 2683 lex
1304 2656 1406 2682 vetus
1440 2655 1624 2688 statuerat,
1647 2653 1683 2681 ut

113 2701 231 2737 homo
252 2712 327 2737 non
348 2703 544 2750 pejeraret;
560 2711 594 2737 et
617 2702 686 2737 hoc
710 2702 818 2737 tutius
841 2703 1062 2744 observatur,
1089 2703 1117 2736 si
1140 2702 1292 2736 omuino
1315 2713 1334 2735 a
1356 2703 1560 2746 juramento
1583 2700 1686 2735 absti—

113 2762 210 2798 neat,
229 2754 298 2790 nisi
319 2755 481 2791 incausa
497 2756 735 2791 necessitatis.
764 2756 875 2791 'l'crtio
913 2755 1123 2802 adimplevit
1150 2756 1331 2789 Dominus
1360 2763 1550 2802 praecepta
1583 2753 1684 2799 legis,

114 2807 390 2856 superaddendo
411 2809 591 2856 quaedam
613 2808 845 2856 perfectionis
866 2809 1042 2854 consilia3
1065 2817 1101 2844 ut
1121 2817 1217 2855 patet
1235 2808 1361 2843 Matth.
1386 2819 1448 2851 19„
1471 2807 1528 2842 ubi
1551 2806 1684 2841 dicenti

114 2871 154 2898 se
186 2861 398 2898 observasse
426 2870 616 2910 praecepta
637 2863 766 2898 veteris
789 2861 890 2909 legis,
924 2863 1029 2898 dicit:
1057 2863 1166 2898 Unum
1191 2864 1253 2898 tihi
1277 2862 1380 2898 deest:
1403 2863 1430 2897 si
1454 2863 1505 2897 vis
1522 2861 1684 2909 perfectus

115 2926 188 2958 essa,
208 2914 306 2959 vade,
326 2920 356 2952 et
373 2916 476 2953 vende
495 2917 609 2952 omnia
629 2928 712 2964 quac
733 2916 839 2960 habes,
863 2924 931 2952 etc.
