1907 3198
508 181 729 219 Quasi-10
759 181 848 213 κει.
881 180 1127 213 Λιιτιευιυε
1159 181 1201 211 ν.
1555 169 1606 223 65
1615 181 1637 223 5

78 274 254 303 mentum.
272 265 420 302 secundo
438 265 481 300 ad
504 265 623 312 legem
645 265 798 312 pertinet
819 264 972 311 dirigere
998 263 1180 299 humanos
1201 270 1302 297 actus
1328 261 1527 297 secundum
1549 261 1643 296 ordi-

76 330 163 356 nem
188 319 361 366 justitiae:
390 319 426 353 in
456 330 529 365 quo
556 319 664 354 etiam
695 318 961 366 superabundat
987 317 1043 352 lex
1073 327 1169 351 nova
1198 315 1270 362 legi
1299 315 1424 356 veteri,
1454 314 1642 349 interiores

78 380 180 408 actus
204 372 317 408 animi
342 372 558 414 ordinando,
587 373 786 407 secundum
816 371 903 406 illud
934 370 1107 406 Matthaei
1137 369 1281 417 quinto:
1315 369 1392 404 Nisi
1420 368 1642 403 abundaverit

70 427 206 474 justitia
222 431 334 463 vestra
351 426 437 473 plus,
460 438 558 472 quum
581 426 790 468 Scribarum,
811 431 843 461 et
865 425 1133 466 Pharisaeormn,
1156 435 1221 458 non
1248 423 1414 457 intrabitis
1440 423 1474 456 in
1505 433 1640 467 regnum

76 479 263 522 coelorum,·
285 487 321 515 et
341 479 423 515 ideo
445 479 585 521 dicitur,
607 479 702 526 quod
726 478 782 514 lex
803 487 905 514 vetus
928 478 1074 512 cohibet
1094 487 1257 518 manum,
1279 476 1334 510 lex
1354 487 1449 510 nova
1465 475 1639 509 animum.

83 533 196 570 Tertio
213 533 258 569 ad
278 532 399 579 legem
420 534 573 580 pertinet
598 533 768 568 inducere
790 533 957 568 homines
981 533 1024 567 ad
1043 531 1290 567 observantias
1311 531 1586 572 mandatorum3
1608 538 1643 564 et

75 586 149 623 hoc
169 585 318 634 quidem
343 585 400 622 lex
420 595 523 621 vetus
546 585 699 621 faciebat
719 587 850 621 timore
873 597 1090 633 poenarum:
1113 585 1170 620 lex
1191 593 1312 620 autern
1335 595 1430 619 nova
1457 583 1543 618 facit
1570 584 1640 618 hoc

76 650 141 688 per
165 650 342 683 amorem,
363 640 424 687 qui
446 640 481 674 in
503 640 672 675 cordibus
693 640 824 675 nostris
840 639 1034 674 infunditur
1055 651 1118 686 per
1139 640 1292 685 gratiam
1316 637 1464 679 Christi,
1491 648 1584 684 quae
1605 637 1641 671 in

75 692 158 741 lege
170 704 266 729 nova
279 692 474 736 confertur,
489 694 550 729 sed
565 694 600 728 in
615 693 696 739 lege
710 694 821 729 veteri
836 692 1073 739 figurabatur;
1095 700 1129 728 et
1143 692 1225 727 ideo
1240 692 1326 727 dicit
1339 692 1493 738 August.
1513 698 1640 726 contra

77 746 338 783 Adamantium
363 746 570 782 Manichaei
597 746 814 794 discipulum
836 747 927 794 (cap.
955 758 1004 794 17.
1031 746 1194 793 aliquant.
1217 757 1237 781 a
1253 746 1393 793 princ),
1409 744 1506 792 quod
1533 745 1643 780 brevis

76 799 259 848 differentia
274 805 321 837 est
341 800 448 847 ch1's,
465 806 496 837 ee
514 801 702 847 Evangelii,
730 801 844 843 timor,
865 805 895 836 el
914 812 1022 835 annor.

147 854 209 890 An
228 863 379 891 Panum
399 865 488 901 ergo
511 854 718 897 dicendum,
739 853 838 901 quod
860 854 950 888 sicut
976 852 1234 901 paterfamilias
1256 852 1292 888 in
1314 852 1427 888 domo
1449 851 1518 887 alia
1544 862 1644 886 man-

76 906 160 944 data
179 907 351 957 proponit
368 908 500 956 pueris,
517 917 553 944 et
566 907 637 943 alia
651 907 797 943 adultis:
812 907 861 943 ita
876 907 985 943 etiam
1001 918 1092 942 unus
1106 918 1166 942 rex
1180 907 1280 942 Deus
1293 906 1329 942 in
1345 917 1419 942 uno
1439 917 1508 941 suo
1526 916 1642 952 regno

0 948 4 1031 ι
76 959 187 998 aliam
206 961 330 1009 legem
347 961 446 998 dedit
462 961 672 997 hominibus
695 961 812 996 adbuc
835 959 1057 1008 imperfectis
1079 960 1323 1003 existentibus,
1345 968 1380 995 et
1401 959 1510 994 aliam
1531 957 1644 1006 perfe-

0 1034 4 1064 Ι
76 1014 232 1051 ctiorem
251 1015 327 1062 jam
348 1015 579 1051 manuductis
601 1026 664 1062 per
689 1015 848 1062 priorem
876 1015 997 1061 legem
1025 1013 1069 1049 ad
1096 1015 1274 1061 majorem
1298 1013 1537 1061 capacitatem
1558 1012 1644 1047 divi·

11 1079 13 1082 ⁴
78 1078 224 1105 norum.

148 1123 210 1158 AD
230 1132 438 1159 sncuunuu
459 1122 666 1166 dicendum,
687 1121 784 1169 quod
806 1120 903 1157 salus
924 1121 1118 1156 hominum
1136 1132 1210 1156 non
1232 1128 1373 1168 poterat
1394 1132 1473 1156 esse
1493 1120 1562 1155 nisi
1580 1131 1643 1168 per

77 1175 277 1219 Christum,
297 1176 498 1212 secundum
519 1175 608 1211 illud
629 1176 712 1211 Act.
733 1186 786 1219 4.:
812 1175 890 1211 Non
915 1180 958 1211 est
983 1174 1077 1210 aliud
1102 1187 1220 1210 nomen
1245 1175 1358 1210 datum
1385 1175 1583 1217 hominibus,
1606 1176 1641 1210 in

75 1241 140 1277 quo
157 1234 308 1278 oporteat
326 1241 385 1266 nos
400 1229 508 1265 salvos
519 1230 600 1277 ficri
611 1242 621 1265 :
644 1237 679 1265 et
699 1229 783 1264 ideo
804 1228 862 1264 lex
883 1227 1040 1276 perfecte
1062 1240 1191 1264 omnes
1219 1229 1262 1263 ad
1289 1228 1443 1264 salutem
1466 1229 1641 1264 inducens

77 1282 156 1319 dari
175 1294 251 1319 non
264 1282 383 1331 potuit
402 1282 471 1319 nisi
491 1290 574 1331 post
595 1282 731 1318 Christi
750 1282 964 1318 adventum:
984 1290 1090 1318 antea
1111 1293 1198 1318 vero
1219 1282 1295 1317 dari
1313 1282 1472 1329 oportuit
1492 1282 1642 1329 populo,

77 1347 121 1372 ex
140 1347 214 1384 quo
236 1335 404 1372 Christus
424 1344 502 1372 erat
521 1336 735 1378 nasciturus,
757 1335 878 1382 legem
900 1336 1208 1383 praeparatoriam
1229 1336 1272 1370 ad
1292 1335 1429 1371 Christi
1448 1337 1644 1383 susceptio·

78 1401 178 1433 nem,
196 1389 234 1426 in
254 1401 325 1437 qua
347 1389 526 1437 quaedam
547 1389 750 1425 rudimenta
772 1389 938 1425 salutaris
959 1390 1114 1436 justitiae
1136 1389 1376 1424 continentur.

147 1443 210 1480 AD
235 1453 408 1480 τεκτιυκ
433 1443 641 1486 dicendum,
666 1443 763 1491 quod
790 1443 847 1478 lex
880 1443 1053 1478 naturalis
1079 1443 1200 1490 dirigit
1224 1443 1413 1478 hominem
1440 1443 1639 1478 secundum

75 1496 256 1545 quaedam
277 1505 470 1545 praecepta
488 1497 712 1540 communia,
730 1497 765 1532 in
785 1497 913 1544 quibus
933 1497 1154 1532 conveniunt
1167 1506 1242 1532 tam
1265 1496 1425 1544 perfecti,
1447 1509 1557 1544 quam
1580 1499 1643 1532 im-

74 1549 244 1598 perfecti;
265 1557 301 1586 et
320 1549 404 1586 ideo
429 1558 484 1586 est
504 1562 575 1586 una
596 1552 782 1586 omnium:
804 1550 866 1586 sed
893 1550 949 1586 lex
977 1551 1097 1586 divina
1119 1551 1240 1597 dirigit
1261 1551 1451 1586 hominem
1473 1551 1582 1586 ctiam
1605 1551 1640 1585 in

77 1603 354 1652 particularibus
367 1604 597 1652 quibusdam,
619 1604 663 1639 ad
685 1616 776 1652 quae
794 1616 868 1639 non
887 1604 1052 1640 similiter
1070 1616 1107 1640 se
1126 1605 1261 1640 habent
1279 1604 1440 1652 perfecti,
1459 1613 1491 1640 ct
1514 1605 1642 1652 imper-

75 1657 180 1702 fecti;
199 1665 237 1694 et
260 1657 344 1694 ideo
365 1658 528 1706 oportuit
553 1657 674 1705 legem
701 1658 862 1693 divinam
889 1669 968 1694 esse
994 1658 1190 1705 duplicem,
1212 1658 1304 1694 sicut
1327 1659 1402 1705 jam
1428 1659 1566 1694 dictum
1587 1667 1641 1694 est

75 1711 129 1758 (ιη
148 1711 269 1760 corp).

633 1843 980 1890 ARTICULUS
1014 1844 1090 1887 VI.
1571 1855 1640 1902 489

461 1953 613 1984 UTRUM
645 1953 714 1984 SIT
740 1953 907 1990 ALIQUA
933 1953 1016 1984 LEX
1049 1953 1242 1984 FOMITIS.

425 2047 528 2096 (Insr.
549 2060 580 2095 q.
599 2060 648 2096 93.
669 2053 733 2084 art.
748 2060 776 2096 3.
798 2048 842 2084 ad
866 2061 894 2084 1.
916 2054 948 2084 et
970 2050 1064 2085 Rom.
1087 2059 1117 2095 7.
1138 2048 1208 2084 lece.
1230 2048 1294 2093 4.).

145 2142 207 2179 An
228 2151 381 2179 81!wa
414 2142 466 2179 sic
501 2142 719 2189 proceditur.
754 2142 916 2186 Videtur,
950 2143 1047 2190 quod
1074 2154 1148 2178 non
1175 2142 1220 2178 sit
1250 2141 1369 2189 aliqua
1398 2141 1454 2177 lex
1483 2141 1637 2177 fomitis:

74 2196 163 2233 dicit
181 2196 280 2234 enim
302 2196 429 2233 Isidor.
450 2196 487 2232 in
510 2207 542 2232 2.
561 2197 720 2244 Etymol.
744 2201 830 2244 (cap.
847 2198 905 2244 3.),
925 2197 1020 2244 quod
1042 2197 1093 2232 lat·
1120 2199 1152 2231 in
1181 2198 1310 2232 ratione
1335 2198 1479 2231 consistit
1488 2209 1498 2231 ,·
1521 2195 1638 2230 fomes

75 2258 199 2287 autem
219 2261 294 2286 non
315 2250 479 2286 consistit
505 2250 540 2285 in
564 2251 714 2293 ratione,
736 2250 797 2285 sed
821 2252 938 2297 magis
959 2263 978 2286 a
1001 2250 1141 2286 ratione
1163 2251 1300 2292 deviat3
1323 2261 1410 2296 ergo
1430 2249 1547 2284 fomes
1564 2260 1638 2284 non

73 2303 185 2341 habet
203 2303 382 2340 rationem
403 2302 507 2351 legis.

147 2367 180 2394 2.
205 2356 442 2394 ΡιΑετειεΛ.
465 2357 598 2394 Omnis
621 2357 676 2392 lex
698 2357 915 2403 obligatoria
937 2366 1002 2400 est,
1023 2358 1072 2393 ita
1090 2358 1187 2405 quod
1206 2357 1267 2405 qui
1286 2369 1367 2392 eam
1390 2368 1462 2392 non
1486 2364 1640 2398 servant,

72 2418 358 2459 transgressores
378 2410 564 2447 dicuntur:
586 2410 647 2446 sed
671 2409 787 2446 fomes
810 2422 884 2445 non
907 2411 1067 2446 costituit
1089 2411 1247 2458 aliquem
1270 2419 1575 2457 transgressorem
1598 2422 1639 2445 ex

73 2463 270 2513 hoc,quod
290 2464 409 2513 ipsum
429 2475 504 2500 non
526 2465 700 2511 sequitur:
723 2464 786 2500 sed
808 2465 924 2511 magis
938 2473 1183 2511 transgressor
1198 2465 1368 2506 redditur,
1383 2464 1410 2499 si
1426 2464 1504 2511 quis
1521 2463 1639 2511 ipsum

74 2526 266 2568 aequatum
285 2529 374 2566 ergo
394 2516 514 2554 fomes
534 2529 608 2553 non
634 2518 744 2553 habet
765 2518 942 2554 rationem
962 2518 1063 2565 legis.

148 2583 179 2620 3.
204 2570 441 2608 ΡκΑΕτειιεΑ.
464 2571 538 2607 Lex
559 2571 744 2607 ordinatur
765 2571 809 2607 ad
830 2571 968 2606 bonum
991 2583 1202 2614 commune,
1224 2580 1261 2606 ut
1280 2583 1363 2618 sup
1367 2583 1386 2606 a
1405 2571 1567 2606 habitum
1587 2579 1641 2606 est

73 2624 122 2675 (q.
132 2631 247 2678 praec.
256 2629 321 2661 are.
335 2626 398 2672 a.).·
412 2624 475 2662 sed
490 2624 607 2660 fomes
620 2636 694 2660 non
709 2624 858 2660 inclinat
868 2625 912 2660 ad
923 2626 1059 2660 bonum
1077 2637 1285 2668 commune,
1301 2625 1361 2660 sed
1382 2625 1497 2671 magis
1516 2625 1559 2659 ad
1581 2624 1642 2658 bo

56 2679 164 2715 'num
185 2677 385 2726 privatum3
405 2689 493 2726 ergo
520 2677 636 2714 fomes
660 2689 733 2713 non
760 2678 869 2714 habet
890 2679 1066 2714 rationem
1092 2679 1192 2725 legis.

147 2730 225 2768 Su>
244 2741 401 2769 coum
421 2740 486 2775 est,
512 2731 609 2779 quod
637 2731 836 2779 Apostolus
862 2731 948 2768 dicit
970 2733 1124 2767 Roman.
1148 2743 1198 2778 ’,κε
1229 2732 1326 2768 ΗιΙιυ
1348 2732 1449 2766 ulium
1477 2732 1574 2774 lca-m
1605 2732 1638 2766 in

74 2784 232 2822 umbris
251 2785 330 2821 meis
354 2790 591 2834 repugnantem
613 2785 638 2820 l
633 2787 674 2831 gi
702 2786 817 2821 mentis
843 2797 888 2820 m
885 2797 942 2821 ve·

144 2835 376 2876 Rmounno
396 2835 603 2882 dicendum,
625 2838 734 2886 quod,
756 2838 847 2874 sicut
865 2850 983 2892 supra
990 2839 1129 2874 dictum
1144 2847 1197 2874 est
1213 2839 1258 2885 (1.
1270 2847 1382 2899 prut-
1397 2844 1463 2876 att.
1482 2851 1508 2875 1.
1523 2838 1566 2873 ad
1581 2839 1640 2884 1.),

62 2887 137 2936 le!
155 2889 420 2929 metiantu-
410 2890 590 2927 invenitur
606 2891 642 2927 in
664 2891 863 2939 regulante,
881 2901 916 2928 et
934 2887 1178 2934 mensurante,
1197 2892 1444 2940 participative
1461 2901 1583 2928 autem
1603 2892 1638 2927 in
