1907 3198
480 194 704 231 QUAESTIO
737 194 871 225 xcvn.
906 194 1151 225 ARTICULUS
1185 194 1246 224 111.
1559 183 1640 239 (393

146 279 376 315 Rl-:svotmsso
399 276 606 319 dicendum,
627 277 725 323 quod
748 276 869 311 omnis
891 275 946 311 lex
970 275 1210 323 proficiscitur
1232 286 1251 309 a
1278 276 1430 315 ratione.
1459 285 1494 310 et
1520 276 1645 311 volun-

74 339 148 368 tate
168 331 408 379 legislatoris:
430 330 486 365 lex
505 330 651 377 quidem
673 330 806 372 divina,
829 338 864 365 et
885 329 1058 364 naturalis
1079 341 1099 364 a
1119 329 1323 364 rationabili
1346 329 1415 364 Dei
1435 329 1623 365 voluntate

74 385 132 422 lex
154 393 276 421 autem
298 384 458 420 humana
481 395 500 418 a
522 383 709 418 voluntate
730 383 890 418 hominis
914 384 1053 419 ratione
1076 383 1255 429 regulata:
1282 383 1375 418 sicut
1396 391 1516 418 autem
1533 384 1637 426 ratio,

76 446 113 475 et
130 437 301 474 voluntas
327 437 489 473 hominis
519 436 795 471 manifestantur
815 437 926 471 verbo
949 437 983 471 in
1007 437 1111 472 rebus
1139 436 1298 483 agendis,
1329 437 1376 471 ita
1398 438 1507 472 etiam
1529 437 1642 472 mani-

77 491 250 528 festantur
266 491 382 527 facto:
401 491 472 526 hoc
488 491 586 525 enim
601 491 846 537 unusquisque
865 490 999 537 eligere
1020 491 1161 526 videtur
1182 498 1220 525 ut
1240 490 1391 533 bonum,
1413 491 1510 538 quod
1531 502 1640 538 opere

77 544 215 594 implet.
243 544 435 580 Manifesta
464 552 518 579 est
544 552 681 586 autem,
711 543 808 590 quod
838 544 949 578 verbo
972 544 1135 578 humano
1157 552 1277 590 potest
1298 552 1333 579 et
1354 544 1485 579 mutari
1511 544 1580 586 lex,
1607 552 1642 579 et

77 599 189 635 etiam
217 599 362 647 exponi,
387 599 602 646 inquantum
632 597 838 632 manifestat
867 597 1077 632 interiorem
1106 605 1260 640 motum,
1286 606 1321 632 ct
1348 606 1567 645 conceptum
1595 609 1648 632 ra-

80 652 191 689 tionis
211 652 416 695 humanae3
438 651 533 686 unde
555 651 664 686 etiam
683 659 719 686 et
740 662 803 697 per
825 659 926 685 actus
948 651 1106 686 maxime
1129 650 1401 698 multiplicatos,
1422 652 1482 698 qui
1502 662 1650 686 consue·

81 706 245 742 tudinem
267 704 439 747 efficiunt,
460 704 592 739 mutari
614 712 734 751 potest
754 703 824 746 lex,
839 712 873 738 et
888 705 1030 752 exponi,
1045 713 1080 739 et
1099 705 1209 740 ctiam
1224 704 1357 752 aliquid
1377 705 1529 747 causari,
1552 704 1649 752 quod

80 759 172 807 legis
191 759 362 795 virtutem
384 758 565 799 obtineat;
586 757 800 805 inquantum
823 758 962 793 scilicet
976 770 1039 805 per
1053 758 1249 793 exteriores
1271 766 1371 793 actus
1390 758 1649 805 multiplicatos

81 813 231 849 interior
249 812 449 848 voluntatis
470 819 604 853 motus,
619 819 655 847 et
672 811 823 846 rationis
841 820 1040 858 conceptus
1054 811 1306 847 efficacissime
1327 811 1550 847 declaratur:
1567 823 1650 846 cum

82 866 182 903 enim
202 865 338 914 aliquid
359 865 546 901 multoties
575 863 624 907 fit,
651 864 792 900 videtur
822 876 866 900 ex
888 864 1086 900 deliberato
1109 865 1258 900 rationis
1279 865 1414 911 judicio
1441 866 1650 912 provenire:

83 928 120 957 et
137 920 340 957 secundum
360 919 433 955 hoc
449 919 676 954 consuetudo
691 926 727 954 et
740 919 849 954 habet
862 919 937 953 vim
953 918 1055 966 legis,
1071 928 1106 954 et
1119 918 1241 966 legem
1256 920 1389 962 abolet,
1407 928 1444 955 et
1461 928 1515 955 est
1527 919 1653 965 legum

84 973 361 1022 interpretatrix.

154 1027 216 1063 An
245 1037 397 1064 Panum
418 1037 507 1073 ergo
528 1025 738 1068 dicendum,
756 1026 853 1073 quod
876 1025 932 1061 lex
955 1026 1141 1069 naturalis,
1163 1035 1197 1062 et
1218 1027 1340 1061 divina
1367 1027 1532 1074 procedit
1553 1038 1573 1062 a
1593 1037 1654 1062 vo-

84 1080 222 1118 luntate
242 1080 376 1123 divina,
397 1088 436 1115 ut
456 1080 594 1115 dictum
615 1088 669 1114 est
688 1080 738 1123 (in
757 1081 863 1127 corp.)
875 1092 888 1121 ,·
912 1081 1006 1116 unde
1027 1091 1102 1115 non
1124 1088 1242 1127 potest
1264 1081 1395 1116 mutari
1417 1092 1480 1128 per
1502 1091 1657 1116 consue-

83 1134 249 1169 tudinem
271 1133 529 1182 procedentem
552 1144 571 1167 a
593 1132 780 1168 voluntate
802 1133 975 1176 hominis,
1002 1134 1064 1169 sed
1091 1133 1212 1168 solum
1240 1146 1302 1181 per
1328 1134 1582 1169 auctoritatem
1609 1133 1658 1168 di-

85 1187 211 1224 vinam
231 1187 363 1223 mutari
384 1195 524 1234 posset;
547 1195 581 1222 et
602 1186 684 1221 inde
706 1195 760 1222 est
781 1187 878 1234 quod
900 1187 999 1222 nulla
1026 1187 1253 1222 consuetudo
1281 1187 1353 1222 vim
1382 1187 1473 1233 legis
1494 1187 1656 1222 obtinere

87 1248 208 1289 potest
227 1249 355 1276 contra
375 1240 495 1287 legem
517 1240 691 1283 divinam,
713 1241 769 1276 vel
798 1241 918 1288 legem
948 1242 1172 1277 naturalem:
1195 1243 1281 1277 dicit
1310 1243 1408 1278 enim
1436 1243 1594 1278 isidorus
1619 1243 1656 1277 in

95 1294 300 1342 Synonym.
319 1293 394 1340 (tib.
411 1305 444 1331 a.
465 1300 538 1342 cap.
563 1294 616 1330 16.
634 1295 696 1330 cir.
718 1294 838 1341 med.).·
867 1296 949 1331 Usus
968 1298 1166 1332 auctoritati
1186 1296 1298 1332 cadat:
1309 1303 1456 1344 parvum
1479 1309 1573 1332 usum
1594 1297 1656 1338 lex,

88 1354 120 1386 ee
144 1350 232 1385 ratio
255 1349 385 1385 vincat.

160 1402 222 1438 An
239 1411 448 1438 secuunun
474 1400 682 1444 dicendum,
709 1402 821 1448 quod,
849 1402 943 1437 sicut
970 1414 1079 1450 supra
1101 1403 1239 1438 dictum
1270 1412 1324 1439 est
1351 1403 1397 1450 (q.
1420 1404 1478 1451 96.
1505 1410 1570 1439 art.
1593 1404 1657 1450 6.),

89 1455 190 1503 leges
209 1455 393 1491 humanae
413 1455 450 1490 in
472 1453 651 1502 aliquibus
669 1455 811 1491 casibus
831 1455 1023 1499 deficiunt;
1053 1457 1147 1492 unde
1169 1457 1340 1504 possibile
1367 1466 1421 1493 est
1441 1458 1659 1505 quandoque

92 1517 234 1558 praeter
258 1508 380 1556 legem
402 1519 523 1555 agere,
543 1508 580 1544 in
602 1520 688 1544 casu
710 1509 849 1545 scilicet
869 1510 905 1545 in
927 1521 1000 1557 quo
1022 1510 1143 1546 deficit
1163 1511 1238 1554 lex3
1260 1520 1295 1546 et
1320 1520 1443 1547 tamen
1466 1520 1567 1547 actus
1585 1523 1660 1547 non

92 1563 160 1600 erit
176 1561 315 1599 malus:
336 1571 374 1598 et
392 1572 478 1597 cum
498 1561 590 1598 tales
617 1573 722 1598 casus
744 1563 1031 1610 multiplicantur
1060 1573 1206 1612 propter
1227 1565 1387 1612 aliquam
1417 1566 1659 1601 mutationem

90 1617 296 1660 hominum,
316 1615 675 1652 tunc-manifestatur
702 1628 764 1664 per
791 1618 1108 1661 consuetudinem,
1129 1619 1226 1665 quod
1249 1618 1307 1654 lex
1329 1619 1477 1654 ulterius
1506 1631 1581 1654 non
1608 1628 1663 1655 est

91 1670 208 1714 utilis3
225 1670 318 1707 sicut
339 1671 449 1706 etiam
471 1669 773 1713 manifestaretur,
805 1671 834 1706 si
863 1671 921 1706 lex
944 1674 1124 1707 contraria
1153 1673 1264 1707 verbo
1292 1673 1595 1720 promulgaretur.
1622 1673 1661 1709 Si

92 1733 215 1762 autem
235 1724 354 1760 adhuc
376 1731 524 1760 maneat
543 1724 636 1759 ratio
658 1724 801 1767 eadem,
822 1734 970 1772 propter
995 1736 1105 1772 quam
1133 1726 1249 1773 prima
1276 1726 1332 1761 lex
1355 1726 1451 1762 utilis
1473 1735 1560 1770 erat,
1586 1738 1660 1762 non

92 1777 320 1815 consuetudo
333 1777 467 1825 legem,
480 1777 544 1813 sed
558 1777 616 1813 lex
629 1779 933 1814 consuetudinem
947 1779 1077 1814 vincit:
1099 1780 1169 1815 nisi
1182 1779 1275 1816 forte
1294 1789 1441 1827 propter
1454 1781 1526 1816 hoc
1541 1781 1661 1816 solum

92 1831 228 1868 inutilis
247 1831 306 1868 lex
326 1831 502 1874 videatur,
529 1831 705 1878 quoniam
735 1843 810 1866 non
837 1840 891 1867 est
918 1832 1099 1880 possibilis
1127 1834 1329 1869 secundum
1356 1835 1659 1870 consuetudinem

93 1885 243 1935 patriae,
262 1896 355 1933 quae
376 1892 455 1921 erat
474 1896 546 1920 una
568 1885 612 1920 de
634 1885 903 1922 conditionibus
930 1886 1037 1933 legis:
1060 1886 1206 1922 difficile
1228 1888 1327 1923 enim
1354 1897 1407 1924 est
1437 1889 1666 1924 consuetudi-

92 1950 180 1976 nem
200 1938 440 1975 multitudinis
465 1949 668 1974 removere.
1391 1985 1394 1988 ι

163 1993 226 2029 AD
246 2002 419 2029 τεκτιυκ
440 1992 649 2035 dicendum,
670 1993 768 2039 quod
791 1992 998 2036 multitudo,
1016 1994 1053 2028 in
1069 2006 1139 2041 qua
1159 1995 1387 2031 consuetudo
1410 1995 1662 2039 introducitur,

93 2045 234 2095 duplicis
255 2045 474 2082 conditionis
495 2057 574 2081 esse
596 2054 734 2093 potest:
755 2047 784 2082 si
805 2047 903 2082 enim
925 2047 969 2082 sit
990 2047 1102 2083 libera
1124 2048 1331 2091 multitudo,
1353 2061 1445 2096 quae
1467 2050 1580 2096 possit
1598 2050 1665 2085 sibi

93 2100 216 2147 legem
235 2098 368 2142 facere,
384 2098 465 2147 plus
486 2107 541 2135 est
555 2110 754 2135 consensus
774 2101 885 2136 totius
906 2100 1149 2137 multitudinis
1171 2103 1214 2137 ad
1230 2102 1364 2149 aliquid
1384 2103 1666 2146 observandum,

94 2153 194 2202 quod
214 2153 441 2189 consuetudo
471 2152 690 2196 manifestat,
721 2165 830 2200 quam
861 2155 1057 2190 auctoritas
1086 2155 1267 2203 principi5‚
1290 2157 1350 2203 qui
1372 2168 1446 2191 non
1469 2157 1576 2192 habet
1603 2168 1667 2204 po-

94 2214 263 2243 testatem
285 2205 467 2242 condendi
487 2205 621 2253 legem,
636 2207 703 2242 nisi
726 2208 939 2254 inquantum
962 2209 1055 2254 gerit
1075 2220 1268 2256 personam
1291 2210 1550 2253 multitudinis;
1572 2211 1667 2246 unde

95 2259 183 2297 licet
208 2258 375 2307 singulae
403 2270 580 2308 personae
609 2271 683 2295 non
715 2262 853 2307 possint
883 2261 1041 2297 condere
1070 2262 1203 2308 legem,
1233 2271 1355 2298 tamen
1386 2272 1482 2299 totus
1512 2264 1668 2311 populus

95 2313 254 2350 condere
280 2312 402 2360 legem
431 2321 568 2361 potest:
596 2314 626 2348 si
655 2324 742 2349 vcro
775 2313 970 2349 multitudo
1000 2326 1075 2350 non
1106 2315 1239 2351 habeat
1270 2316 1422 2352 liberam
1446 2326 1664 2364 potestatem

97 2366 279 2404 condendi
299 2366 370 2403 sibi
387 2365 521 2414 legem,
551 2366 610 2402 vel
636 2366 757 2413 legem
788 2379 807 2402 a
837 2368 1016 2415 superiori
1046 2377 1224 2417 potestate
1259 2371 1415 2417 positam
1444 2371 1669 2413 removendi,

96 2428 221 2458 tamen
241 2420 320 2468 ipsa
340 2420 569 2457 consuetudo
597 2420 633 2456 in
655 2420 718 2456 tali
741 2421 970 2458 multitudine
992 2423 1206 2470 praevalens
1233 2424 1371 2460 obtinet
1390 2425 1463 2460 vim
1491 2425 1593 2472 legis,
1620 2426 1670 2460 in-

99 2481 275 2523 quantum
296 2485 360 2523 per
380 2484 445 2511 eos
464 2473 650 2517 toleratur,
664 2474 708 2510 ad
728 2486 820 2522 quos
838 2477 992 2523 pertinet
1013 2477 1236 2513 multitudini
1254 2477 1374 2524 legem
1399 2480 1607 2526 imponere:
1625 2491 1669 2515 ex

99 2527 174 2566 hoc
192 2527 292 2565 enim
312 2526 394 2576 ipso
413 2527 581 2564 videntur
602 2529 814 2576 approbare,
833 2530 929 2577 quod
953 2531 1181 2567 consuetudo
1204 2532 1410 2568 introduxit.

251 2978 281 3008 S.
300 2978 423 3007 Τιοιιιι
445 2979 550 3008 sna-n
567 2979 728 3016 nestorea.
751 2980 816 3009 Vol.
839 2981 876 3009 11.
1497 2992 1527 3017 ⁴5
