1907 3198
522 176 747 214 QUAESTIO
780 176 866 208 CVI.
899 175 1146 206 ARTICULUS
1178 175 1207 205 1.
1561 162 1646 217 805

78 270 115 299 et
133 263 185 298 eis
205 261 267 309 qui
287 267 371 296 sunt
387 260 425 294 in
439 258 552 294 veteri
568 265 807 293 testamento:
824 257 954 292 dicitur
972 257 1070 291 enim
1087 255 1171 302 Sap.
1188 267 1232 302 7.,
1248 255 1345 302 quod
1359 255 1476 291 divina
1490 258 1649 304 sapientia

73 324 138 367 per
157 317 304 352 nationes
324 315 360 349 in
380 315 510 349 animas
528 317 658 348 sanctas
677 324 706 347 se
729 312 906 358 harusam
934 312 1058 346 αηιιέος
1080 311 1158 352 Dei,
1189 315 1219 345 et
1247 310 1427 357 prophetas
1456 313 1650 353 constituit,-

79 379 168 418 ergo
189 369 247 405 lex
268 379 365 404 nova
386 379 461 402 non
484 375 538 402 est
558 366 614 401 lex
637 365 759 400 indita.

151 423 228 459 SED
253 432 410 458 CONTRA
429 428 496 462 est,
514 419 612 467 quod
633 418 691 454 lex
711 430 807 453 nova
829 426 883 453 est
909 418 965 453 lex
986 417 1073 452 novi
1094 418 1317 452 testamenti:
1337 417 1399 452 sed
1421 417 1478 452 lex
1499 419 1586 453 novi
1605 428 1654 454 te·

79 476 251 515 stamenti
271 483 326 511 est
345 474 458 510 indita
479 474 516 508 in
538 472 667 508 corde:
694 471 896 519 Apostolus
922 472 1019 506 enim
1047 471 1090 506 ad
1119 470 1227 506 Hebr.
1249 471 1282 505 8.
1305 471 1479 506 inducens
1502 473 1655 507 auctori·

79 539 206 574 tatem,
226 539 321 578 quae
345 528 499 564 habetur
521 527 681 562 Hierem.
706 537 776 572 31.:
799 527 884 561 Ecce
904 525 968 561 dies
989 527 1133 568 venient,
1152 525 1232 560 dicit
1253 526 1432 568 Dominus,
1455 531 1484 561 et
1505 538 1652 562 consum-

81 585 181 622 mabo
195 589 293 631 super
312 582 436 619 domun
455 581 573 624 Israc‘l,
588 586 616 615 ct
629 586 728 628 super
741 579 875 615 domum
890 580 978 625 Juda
1001 585 1229 615 testamentum
1247 592 1383 622 novum,
1403 588 1438 615 et
1456 592 1653 628 exponens,

82 638 181 688 quod
198 638 246 674 sit
261 637 335 673 hoc
351 643 625 678 testamentum,
639 634 744 669 dicit:
762 635 853 680 Quia
869 636 927 670 hoc
938 640 985 670 cst
999 640 1241 677 testamentum,
1257 634 1342 681 quod
1355 634 1526 682 disponam
1540 636 1656 671 domui

82 692 201 736 lsrael,
221 690 330 728 dando
351 690 432 737 leges
456 700 545 725 meas
565 690 599 724 in
621 693 762 724 mentem
783 700 913 731 corum,
935 694 964 723 et
986 690 1018 723 in
1046 688 1142 724 corde
1167 700 1282 724 eorum
1308 690 1553 736 superscribam
1579 701 1653 732 eas,-

82 756 172 794 ergo
192 744 251 781 lex
269 755 368 780 nova
389 751 445 778 est
464 742 522 778 lex
542 742 666 777 indita.

154 799 386 835 RESPONDEO
407 796 616 838 dicendum,
638 795 736 842 quod
756 807 972 842 unaquaeque
990 809 1039 832 res
1060 795 1143 831 illud
1155 796 1286 832 videtur
1304 809 1377 839 esse,
1399 797 1486 844 quod
1507 798 1541 832 in
1563 810 1600 833 ea
1614 803 1658 833 est

79 854 307 902 potissimum,
329 859 369 886 ut
393 849 641 897 Philosophus
668 849 754 884 dicit
779 849 815 884 in
842 860 875 897 9.
902 849 1018 885 Ethic.
1045 851 1136 897 (cap.
1161 851 1230 895 4.):
1258 851 1292 885 id
1320 860 1455 894 autem,
1481 852 1578 899 quod
1605 860 1660 887 est

85 906 318 955 potissimum
338 904 376 940 in
396 903 479 950 lege
500 903 588 938 novi
613 903 832 946 testamenti,
855 910 890 938 et
911 903 946 938 in
973 915 1046 950 quo
1071 912 1148 938 tota
1169 904 1280 940 virtus
1302 906 1378 950 ejus
1403 906 1579 948 consistit,
1606 914 1660 941 est

85 959 203 1009 gratia
223 958 378 1007 Spiritus
399 957 536 1000 Sancti,
557 968 650 1004 quae
669 957 772 992 datur
790 968 853 1003 per
871 957 979 992 fidem
999 957 1160 1000 Christi;
1181 966 1217 993 et
1237 958 1320 993 ideo
1342 959 1586 1006 principaliter
1602 959 1660 995 lex

86 1024 186 1050 nova
205 1020 261 1049 est
279 1012 359 1059 ipsa
379 1011 495 1058 gratia
516 1010 671 1058 Spiritus
690 1010 826 1053 Sancti,
852 1022 944 1058 quae
966 1011 1071 1046 datur
1092 1011 1414 1048 Christifidelibus:
1437 1022 1473 1048 et
1493 1014 1565 1049 hoc
1587 1025 1662 1048 ma·

85 1066 221 1104 nifesto
247 1073 398 1114 apparet
421 1076 485 1112 per
510 1064 746 1112 Apostolum,
772 1065 833 1111 qui
860 1065 905 1100 ad
931 1065 1039 1100 Rom.
1065 1077 1094 1112 3.
1116 1066 1221 1101 dicit:
1250 1067 1316 1101 Ubi
1340 1072 1384 1102 cst
1408 1079 1484 1112 ergo
1503 1068 1660 1114 gloriatio

88 1124 174 1161 twa?
192 1121 324 1159 exclusa
344 1126 409 1157 est:
430 1127 494 1168 per
518 1132 618 1167 quam
645 1121 769 1166 legem?
788 1121 991 1167 sactorum?
1017 1121 1109 1163 Non,
1141 1121 1195 1156 sed
1220 1128 1284 1168 per
1310 1122 1408 1168 legem
1425 1121 1518 1168 fidei,
1544 1122 1661 1170 ipsam

88 1177 189 1214 enirn
208 1175 294 1212 fidei
314 1175 470 1223 gratiam
491 1175 591 1221 legem
613 1173 789 1221 appellat:
813 1182 847 1209 ct
869 1175 1071 1222 expressius
1093 1175 1137 1209 ad
1156 1175 1264 1210 Rom.
1286 1175 1319 1210 8.
1341 1176 1492 1211 dicitur:
1515 1176 1586 1212 Lex
1601 1177 1664 1223 spi-

90 1233 176 1268 ritus
194 1231 289 1266 vitae
306 1231 344 1264 in
367 1229 499 1265 Christo
515 1228 591 1273 lesu
612 1228 771 1263 liberavit
791 1240 842 1263 me
863 1240 883 1263 a
905 1229 970 1273 lege
982 1230 1123 1275 peccati,
1141 1234 1173 1264 et
1189 1230 1327 1270 mortis,·
1347 1230 1442 1264 unde
1459 1238 1495 1265 et
1509 1230 1662 1277 August.

91 1285 180 1322 dicit
199 1284 237 1320 in
257 1282 318 1319 lib.
339 1283 385 1318 de
406 1281 501 1329 Spir.
522 1288 559 1317 et
579 1281 648 1316 Lit.
667 1282 758 1328 (cap.
779 1293 828 1328 17.
850 1287 881 1317 et
900 1283 988 1327 26),
1011 1282 1108 1328 quod
1134 1282 1228 1317 sicut
1249 1282 1306 1318 lex
1327 1282 1508 1318 factorum
1531 1283 1663 1331 scripta

91 1338 159 1375 fuit
178 1337 216 1373 in
236 1335 369 1373 tabulis
388 1335 552 1382 lapideis,
574 1335 623 1370 ita
643 1334 701 1370 lex
722 1334 804 1370 fidei
825 1335 959 1382 scripta
984 1343 1038 1370 est
1057 1335 1094 1370 in
1117 1336 1287 1371 cordibus
1312 1336 1486 1371 fidelium.
1514 1337 1558 1372 Et
1579 1337 1665 1372 alibi

92 1391 181 1428 dicit
199 1391 238 1427 in
257 1389 391 1426 eodem
410 1388 472 1424 lib.
493 1388 587 1436 (cap.
608 1389 700 1434 21.).·
724 1389 822 1433 Quae:
841 1393 915 1423 sunt
936 1389 1016 1435 leges
1037 1389 1104 1424 Dei
1124 1390 1166 1424 ab
1189 1391 1258 1437 ipso
1280 1390 1352 1425 Deo
1378 1392 1518 1438 scriptae
1536 1393 1569 1426 in
1591 1403 1667 1427 cor-

91 1445 201 1489 dibus,
220 1444 287 1479 niti
303 1444 374 1491 ipsa
385 1443 574 1489 praesentia
588 1442 734 1489 Spiritus
751 1442 867 1477 Sancti
877 1443 892 1478 Ρ
914 1442 1033 1477 Habet
1049 1450 1172 1477 tamen
1190 1442 1247 1478 lex
1264 1454 1362 1478 nova
1376 1445 1556 1491 quaedam
1573 1445 1666 1480 sicut

93 1496 306 1546 dispositiva
326 1496 371 1531 ad
393 1496 548 1543 gratiam
567 1495 721 1542 Spiritus
743 1495 880 1538 Sancti,
902 1504 936 1531 et
957 1496 1002 1530 ad
1024 1507 1130 1531 usum
1152 1496 1259 1543 hujus
1281 1498 1418 1544 gratiae
1439 1499 1666 1545 pertinentia,

93 1562 188 1600 quae
209 1558 295 1586 sunt
313 1549 418 1597 quasi
438 1549 651 1585 secundaria
671 1549 710 1584 in
731 1548 813 1595 lege
838 1561 952 1592 nova;
978 1550 1023 1585 de
1048 1550 1177 1597 quibus
1203 1552 1364 1598 oportuit
1389 1552 1516 1587 instrui
1542 1553 1666 1588 fideles

94 1604 235 1643 Christi
253 1611 290 1640 et
308 1603 441 1646 verbis,
458 1611 493 1638 et
506 1603 659 1650 scriptis,
680 1611 757 1638 tam
779 1603 876 1638 circa
897 1603 1077 1638 credenda
1094 1615 1205 1651 quam
1227 1607 1323 1640 circa
1345 1607 1505 1652 agenda;
1527 1615 1563 1642 et
1582 1607 1667 1642 ideo

93 1658 290 1696 dicendum
314 1664 380 1701 est,
406 1657 504 1704 quod
531 1656 777 1704 principaliter
803 1656 859 1692 lex
885 1668 983 1692 nova
1008 1666 1061 1693 est
1086 1658 1211 1701 indita,
1232 1660 1448 1695 secundario
1470 1668 1592 1695 autern
1614 1668 1669 1696 est

93 1713 152 1750 lex
171 1713 316 1761 scripta.

166 1766 229 1802 AD
247 1775 400 1803 numm
420 1775 511 1812 ergo
531 1764 739 1808 dicendum,
759 1765 857 1812 quod
872 1766 909 1800 in
924 1765 1110 1813 Scriptura
1131 1767 1321 1814 Evangelii
1339 1780 1413 1804 non
1436 1770 1669 1805 continentur

94 1821 165 1858 nisi
185 1831 241 1864 ea,
261 1831 356 1868 quae
376 1819 558 1866 pertinent
578 1819 622 1854 ad
645 1819 799 1865 gratiam
822 1819 976 1866 Spiritus
998 1821 1134 1864 Sancti,
1160 1821 1220 1856 vel
1241 1822 1334 1858 sicut
1359 1823 1584 1870 dispositiva,
1610 1824 1669 1860 vel

95 1875 189 1912 sicut
206 1873 411 1910 ordinativa
431 1873 476 1908 ad
490 1885 597 1908 usum
619 1873 726 1919 hujus
739 1873 896 1919 gratiae:
915 1874 1008 1909 sicut
1028 1875 1239 1922 dispositiva
1257 1877 1416 1924 quidem,
1432 1886 1609 1924 quantum
1624 1878 1669 1913 ad

95 1927 335 1971 intellectum,
356 1939 420 1976 per
438 1927 560 1970 fidem,
578 1939 640 1974 per
666 1939 777 1974 quam
796 1927 901 1962 datur
918 1928 1072 1975 Spiritus
1091 1930 1215 1965 Sancti
1231 1931 1357 1975 gratia,
1380 1932 1613 1967 continentur
1633 1933 1669 1967 in

96 1981 301 2030 Evangelio
319 1993 374 2025 ea,
391 1992 485 2029 quae
499 1981 680 2029 pertinent
697 1981 742 2015 ad
757 1981 1059 2018 manifestandam
1074 1983 1312 2027 divinitatem,
1330 1985 1388 2020 vel
1402 1986 1670 2022 humanitatem

97 2036 255 2073 Christi:
276 2035 479 2071 secundum
502 2034 675 2070 affectum
692 2045 781 2070 vero
800 2036 1032 2071 continentur
1045 2037 1081 2072 in
1096 2037 1298 2083 Evangelio
1313 2051 1367 2081 ea,
1383 2051 1475 2087 quae
1492 2041 1672 2087 pertinent

98 2089 145 2126 ad
169 2097 423 2137 contemptum
449 2089 589 2131 mundi,
615 2100 678 2136 per
701 2100 812 2136 quem
837 2089 953 2125 homo
980 2090 1019 2126 fit
1043 2102 1157 2139 capax
1184 2092 1337 2139 Spiritus
1367 2093 1490 2129 Sancti
1514 2095 1670 2140 gratiae:

99 2143 247 2180 Mundus
267 2144 380 2186 enim,
399 2142 494 2178 idest
525 2151 709 2178 amatores
738 2144 876 2186 mundi,
902 2156 968 2178 non
984 2150 1087 2192 pou-st
1111 2153 1226 2194 capere:
1248 2147 1413 2195 Spiritum
1434 2148 1606 2190 Sanctum,
1635 2156 1673 2183 ut

98 2196 254 2233 habetur
269 2196 375 2244 Joan.
402 2206 474 2240 14.:
496 2207 583 2232 usus
613 2207 702 2231 vero
724 2196 918 2243 spiritualis
939 2199 1076 2244 gratiae
1097 2208 1151 2235 est
1172 2200 1208 2234 in
1230 2201 1398 2247 operibus
1420 2202 1606 2245 virtutum,
1627 2201 1672 2236 ad

99 2262 194 2299 quae
215 2249 464 2298 multipliciter
486 2250 672 2297 Scriptura
694 2250 781 2285 novi
801 2253 1008 2287 testamenti
1030 2253 1201 2289 homines
1224 2255 1445 2290 exhortatur.

170 2304 232 2340 An
252 2313 463 2340 sacuunuu
476 2304 684 2346 dicendum,
703 2305 801 2350 quod
821 2304 997 2352 dupliciter
1014 2314 1067 2341 est
1088 2307 1223 2354 aliquid
1245 2307 1399 2343 inditum
1422 2309 1584 2344 homini:
1607 2321 1673 2345 uno

99 2358 196 2395 modo
216 2359 322 2407 quasi
339 2359 524 2407 pertinens
546 2358 590 2394 ad
612 2367 781 2393 naturam
802 2358 1023 2395 humanam:
1046 2368 1081 2396 et
1103 2361 1153 2396 sic
1176 2361 1232 2396 lex
1263 2362 1436 2398 naturalis
1463 2371 1516 2398 est
1541 2363 1598 2398 lex
1625 2364 1677 2398 in-

100 2412 175 2449 dita
195 2412 356 2448 homini:
378 2413 446 2448 alio
473 2412 568 2448 modo
591 2420 643 2448 est
665 2412 799 2459 aliquid
822 2413 976 2449 inditum
998 2414 1153 2458 homini,
1175 2416 1277 2463 quasi
1299 2426 1449 2452 naturae
1471 2418 1676 2464 superaddi-

100 2474 181 2503 tum
200 2477 265 2514 per
283 2466 422 2514 gratiae
441 2466 601 2502 donum:
623 2474 659 2501 et
679 2466 750 2501 hoc
773 2466 886 2502 modo
909 2467 965 2502 lex
985 2479 1082 2503 nova
1097 2478 1150 2504 est
1165 2470 1275 2504 indita
1294 2470 1436 2505 homini
1458 2482 1532 2506 non
1554 2471 1676 2506 solum

101 2519 281 2564 indicans,
298 2519 385 2568 quid
407 2521 453 2556 sit
473 2519 695 2562 faciendum,
716 2520 779 2555 sed
801 2521 912 2556 etiam
935 2523 1109 2568 adjuvans
1132 2524 1174 2558 ad
1198 2523 1436 2571 implendum.

173 2574 237 2610 An
261 2584 437 2611 mrum
462 2574 670 2615 dicendum,
697 2574 794 2620 quod
820 2575 941 2610 nullus
975 2587 1136 2624 unquam
1173 2578 1297 2612 habuit
1332 2578 1487 2623 gratiam
1524 2578 1678 2625 Spiritus

104 2626 243 2671 Sancti,
266 2627 340 2664 nisi
357 2639 422 2676 per
441 2627 552 2663 fidem
573 2626 711 2663 Christi
738 2627 959 2675 explicitam,
985 2630 1042 2665 vel
1070 2631 1305 2677 implicitam:
1334 2643 1397 2677 per
1418 2631 1527 2667 fidem
1556 2641 1679 2668 autem

104 2679 245 2717 christi
264 2681 420 2728 pertinet
438 2681 555 2716 homo
574 2680 617 2715 ad
639 2692 778 2716 novum
799 2690 1080 2727 testamentum;
1103 2685 1198 2720 unde
1220 2685 1510 2733 quibuscumque
1536 2685 1602 2722 suit
1621 2686 1679 2722 lex

105 2733 245 2784 gratiae
263 2734 390 2779 indita,
409 2734 613 2772 secundum
635 2734 707 2770 hoc
729 2735 776 2770 ad
795 2746 933 2772 novum
955 2745 1214 2776 testamentum
1238 2739 1477 2785 pertinebant.

1056 2851 1073 2872 «Ι

270 2977 302 3009 8.
320 2978 444 3008 Tuom
465 2980 570 3008 soma·
597 2980 759 3017 Tmolon-'cm
781 2981 845 3010 Vol.
868 2981 903 3011 n.
1511 2993 1540 3019 5²
