1875 3198
169 179 254 233 624
534 189 757 225 QUAESTIO
793 188 986 218 LXXXVII.
1022 188 1266 218 ARTICULUS
1299 187 1373 219 VII.

712 360 1059 405 ARTICULUS
1087 361 1188 404 VII.
1573 351 1577 356 ’
1674 369 1744 414 466

316 469 470 498 UTRUM
504 469 638 498 OMNIS
672 469 819 499 POENA
847 469 914 497 SIT
949 469 1145 498 PROPTER
1178 468 1380 503 ALIQUAM
1413 467 1600 497 CULPAM.

225 557 333 602 (Part.
357 571 385 604 3.
408 570 437 604 q.
461 569 511 602 14.
540 563 605 592 art.
634 570 661 592 Ι.
684 557 726 591 ad
747 569 778 592 2.
800 563 830 592 ct
850 569 882 592 2.
905 558 992 592 Dist.
1012 569 1063 604 30.
1087 569 1116 603 q.
1140 570 1167 592 r.
1190 562 1253 591 art.
1276 569 1306 592 2.
1330 561 1357 591 et
1376 557 1465 591 Dist.
1484 555 1537 602 36.
1552 560 1623 592 art.
1645 566 1678 599 4.

319 617 347 646 et
368 623 401 656 4.
423 613 511 646 Dist.
531 624 574 657 15.
594 624 622 657 q.
646 624 673 646 r.
697 616 759 645 art.
782 623 814 655 4.
843 623 872 656 [J-
895 623 926 645 2.
954 611 995 645 ad
1013 623 1040 657 3.
1060 616 1089 645 εἰ
1110 611 1166 648 lib.
1189 623 1214 649 ς.
1241 611 1354 645 Conlr.
1376 621 1406 656 g.
1430 616 1500 656 cap.
1522 620 1593 654 141.

694 670 722 700 et
745 666 829 699 Mal.
853 677 882 711 q.
906 678 932 700 Ι.
955 671 1020 700 art.
1043 676 1075 710 4.
1099 665 1219 712 corp).

242 755 301 789 AD
324 765 518 789 SEPTIMUM
540 755 589 789 sic
612 755 831 801 proceditur.
854 754 1017 797 Videtur,
1041 755 1137 801 quod
1159 766 1234 789 non
1257 754 1376 788 omnis
1398 764 1518 800 poena
1539 752 1585 788 sit
1601 759 1748 799 propter

172 808 331 855 aliquam
347 809 507 855 culpam:
525 808 653 842 dicitur
669 808 766 842 enirn
784 808 888 853 Joan.
904 819 935 855 9.
952 808 995 842 de
1012 819 1124 843 caeco
1143 817 1249 843 nato:
1272 808 1385 854 Neque
1400 808 1451 842 hic
1460 808 1626 854 peccavit,
1647 818 1748 852 neque

164 868 317 909 parentes
338 865 418 908 ejus,
437 868 474 898 ut
490 867 677 897 nasceretur
695 874 827 897 criasus:
848 870 882 896 et
900 862 1066 896 similiter
1083 863 1261 904 videmus,
1280 861 1377 908 quod
1395 861 1501 896 multi
1518 861 1621 907 pueri
1638 860 1748 895 etiam

170 916 340 962 baptizati
367 928 495 961 graves
522 927 659 962 poenas
687 916 883 962 patiuntur,
906 924 944 950 ut
970 924 1055 962 puta
1081 915 1209 958 febres,
1237 916 1462 950 daemonum
1483 914 1749 962 oppressiones,

171 978 206 1004 et
235 970 348 1004 multa
378 970 609 1016 hujusmodi3
644 981 728 1004 cum
758 978 882 1004 tamen
912 970 949 1004 in
981 970 1031 1004 eis
1061 981 1136 1004 non
1158 970 1203 1004 sit
1223 977 1425 1015 peccatum,
1447 976 1642 1015 postquam
1668 975 1751 1002 sunt

170 1024 358 1069 baptizati3
383 1031 417 1058 et
444 1031 638 1070 antequam
667 1025 737 1058 sint
762 1023 943 1069 baptizati,
970 1035 1044 1058 non
1073 1031 1126 1058 est
1151 1024 1188 1057 in
1210 1025 1260 1058 eis
1287 1022 1366 1070 plus
1389 1023 1433 1057 de
1454 1030 1618 1069 peccato,
1640 1033 1750 1068 quarn

171 1080 207 1113 in
226 1079 305 1112 aiiis
324 1079 456 1124 pueris,
472 1079 533 1124 qui
550 1079 641 1113 haec
657 1090 731 1113 non
751 1079 954 1125 patiuntur3
974 1091 1049 1113 non
1069 1090 1156 1125 ergo
1172 1080 1291 1113 omnis
1306 1089 1425 1126 poena
1438 1089 1504 1125 pro
1518 1085 1670 1125 peccato
1687 1084 1750 1111 est.

243 1142 274 1166 2.
305 1132 543 1167 PRAETEREA.
571 1133 745 1178 Ejusdem
775 1132 925 1167 rationis
961 1144 1038 1167 esse
1067 1133 1220 1175 videtur,
1244 1132 1341 1179 quod
1368 1139 1581 1179 peccatores
1607 1141 1752 1178 prospe-

170 1193 303 1228 rentur,
331 1193 364 1220 et
391 1186 488 1232 quod
516 1185 627 1232 aliqui
652 1186 867 1220 innocentes
895 1186 1108 1232 puniantur:
1136 1194 1329 1232 utrumque
1357 1194 1479 1220 autem
1504 1186 1542 1219 in
1562 1185 1668 1220 rebus
1689 1185 1752 1219 hu-

172 1240 289 1274 manis
311 1239 520 1286 frequenter
541 1240 767 1275 invenimus:
791 1240 921 1274 dicitur
942 1240 1040 1274 enim
1063 1241 1106 1274 de
1129 1240 1260 1286 iniquis
1282 1240 1318 1274 in
1339 1239 1398 1274 Ps.
1418 1249 1493 1285 72.:
1511 1239 1552 1274 In
1570 1239 1682 1276 labore
1696 1239 1752 1273 ho-

171 1295 301 1328 minum
327 1305 392 1327 non
418 1298 503 1335 sunt,
524 1299 552 1328 et
570 1306 642 1328 [mn
663 1294 851 1328 hominibus
872 1306 936 1328 uon
951 1294 1234 1340 νῖῖιῑςεῖἶιιῖνῑιηίιιν;
1258 1301 1292 1328 et
1316 1293 1383 1339 Job
1413 1293 1606 1339 21.:Impii
1618 1294 1751 1334 vivunt,

172 1348 333 1382 sublevati
358 1352 442 1389 siml,
467 1348 710 1393 confortatique
736 1347 880 1382 ci't'vinis:
910 1356 944 1382 et
966 1348 1116 1383 Abacuc
1143 1359 1171 1381 1.
1195 1347 1343 1382 dicitur:
1373 1347 1489 1392 Quare
1510 1347 1642 1394 respicis
1668 1358 1753 1381 con—

173 1406 355 1447 temptores,
380 1406 407 1435 ct
430 1407 513 1436 taces
535 1401 747 1436 conculcante
770 1402 872 1448 impio
888 1403 1060 1447 justiorem
1082 1403 1143 1437 sa?
1164 1401 1249 1436 Non
1272 1412 1360 1447 ergo
1384 1401 1503 1435 omnis
1525 1411 1644 1448 poena
1664 1399 1754 1434 infli-

175 1455 269 1501 gitur
290 1466 354 1501 pro
379 1455 495 1501 culpa.

251 1520 278 1555 3.
302 1509 539 1543 PRAETEREA.
564 1508 620 1543 De
649 1509 797 1543 Christo
822 1509 951 1543 dicitur
977 1520 1004 1543 1.
1027 1509 1103 1543 Pet.
1128 1519 1158 1543 2.
1182 1509 1280 1555 quod
1296 1514 1473 1556 peccatum
1495 1520 1563 1542 non
1579 1508 1674 1555 fecit,
1695 1519 1753 1542 nec

176 1564 327 1598 inventus
354 1568 395 1597 cst
422 1563 512 1597 dolus
541 1565 573 1597 iu
601 1575 655 1597 ere
682 1565 767 1609 ejus:
796 1571 830 1597 et
856 1571 979 1597 tamen
1014 1563 1148 1597 ibidem
1176 1563 1316 1605 dicitur,
1353 1563 1450 1609 quod
1478 1570 1598 1610 passus
1624 1567 1666 1598 est
1687 1568 1752 1609 pro

175 1618 289 1658 nolim
314 1628 400 1663 ergo
423 1628 498 1657 non
519 1629 663 1663 semper
689 1628 808 1663 poena
831 1628 849 1650 a
872 1617 953 1651 Deo
977 1617 1205 1664 dispensatur
1226 1628 1291 1663 pro
1315 1616 1431 1664 culpa.

247 1671 321 1705 SLD
346 1681 501 1706 CONTRA
529 1679 593 1713 est,
623 1671 718 1716 quod
748 1671 878 1705 dicitur
895 1671 961 1716 Job
985 1681 1036 1714 43
1067 1672 1152 1716 Quis
1182 1683 1330 1717 zcaezqzcam
1360 1672 1515 1706 innocens
1536 1671 1670 1718 periit?
1695 1674 1754 1704 aut

175 1724 306 1770 quir-ido
334 1726 414 1759 rusti
440 1725 532 1759 delati
557 1726 657 1760 smil?
684 1726 762 1770 quin
783 1726 897 1771 potius
922 1725 994 1759 vidi
1020 1737 1081 1766 eos,
1110 1726 1167 1771 qui
1193 1729 1374 1771 operantur
1400 1726 1626 1771 iniquitatem,
1651 1728 1754 1760 stante

173 1779 259 1822 Duo,
279 1780 435 1826 psriisse:
459 1787 494 1813 et
515 1779 669 1825 August.
686 1779 773 1813 dicit
790 1779 827 1812 in
846 1790 874 1813 Ι.
897 1779 1055 1814 Retract.
1074 1779 1160 1826 (cap.
1177 1791 1209 1826 9.
1225 1779 1366 1825 adfim),
1388 1778 1485 1826 quod
1501 1779 1621 1813 omnis
1635 1789 1752 1826 poena

173 1833 267 1878 justa
289 1841 352 1875 est,
376 1841 409 1867 et
431 1844 496 1880 pro
519 1841 670 1880 peccato
694 1833 816 1879 aliquo
843 1833 1075 1879 impenditur.

244 1886 476 1922 RESPONDEO
500 1887 707 1929 dicendum,
730 1887 838 1933 quod,
862 1887 955 1921 sicut
975 1888 1048 1933 jam
1069 1887 1207 1922 dictum
1227 1895 1280 1922 est
1299 1887 1368 1932 (art
1384 1886 1533 1934 praec),
1555 1897 1674 1933 poena
1695 1897 1757 1933 po-

172 1948 242 1975 test
260 1940 436 1988 dupliciter
458 1940 697 1976 considerari:
724 1941 930 1988 simpliciter,
954 1949 989 1975 et
1009 1942 1208 1987 Γῐιιτμιιιηιέιιτη
1233 1941 1467 1987 satisfactoria.

245 1994 369 2029 Poena
386 1995 532 2040 quidem
549 1994 790 2029 satisfactoria
810 2003 863 2029 est
882 1995 1157 2041 quodammodo
1172 1995 1396 2037 voluntaria3
1413 2002 1448 2029 et
1469 1993 1554 2041 quia
1576 1993 1755 2040 contingit

175 2059 238 2083 eos
261 2048 321 2094 qui
343 2047 511 2082 differunt
532 2048 569 2082 in
591 2056 691 2082 reatu
714 2060 867 2094 poenae,
891 2060 969 2083 esse
997 2061 1111 2083 unum
1137 2049 1339 2083 secundum
1364 2048 1593 2083 voluntatem
1619 2047 1754 2082 unione

175 2102 322 2144 amoris,
344 2102 427 2137 inde
451 2110 503 2136 est
525 2103 622 2148 quod
645 2102 827 2136 interdum
846 2102 985 2148 aliquis,
1001 2103 1062 2149 qui
1077 2114 1151 2137 non
1167 2103 1342 2149 peccavit,
1355 2113 1514 2149 poenam
1528 2101 1754 2136 voluntarius

175 2167 240 2202 pro
264 2155 335 2190 alio
358 2164 496 2203 portat:
519 2156 612 2190 sicut
634 2156 744 2190 etiam
770 2156 807 2190 in
834 2156 939 2191 rebus
966 2157 1138 2191 humanis
1163 2156 1342 2199 videmus,
1370 2156 1468 2203 quod
1495 2155 1625 2202 aliquis
1651 2155 1687 2189 in
1715 2166 1752 2189 se

174 2209 342 2244 transfert
364 2209 509 2244 alterius
531 2209 704 2243 debitum.
730 2210 769 2244 Si
789 2221 876 2244 vero
899 2209 1095 2256 loquamur
1117 2211 1160 2245 de
1180 2222 1299 2257 poena
1315 2209 1538 2257 simpliciter,
1553 2209 1755 2245 secundum

176 2263 273 2310 quod
295 2263 405 2298 habet
422 2264 605 2298 rationem
625 2275 777 2310 poenae,
794 2264 843 2298 sic
860 2276 1003 2311 semper
1021 2265 1131 2299 habet
1149 2265 1315 2299 ordinem
1330 2265 1375 2299 ad
1391 2263 1537 2311 culpam
1551 2263 1755 2311 propriam:

177 2318 237 2352 sed
261 2318 479 2364 quaudoque
503 2318 650 2363 quidem
674 2318 717 2351 ad
741 2317 885 2363 culpam
909 2318 1110 2361 actualem3
1133 2327 1218 2365 puta
1241 2319 1386 2365 quando
1410 2318 1538 2364 aliquis
1551 2317 1610 2352 vel
1627 2318 1755 2359 aDeo,

176 2371 235 2405 vel
258 2371 299 2405 ab
319 2371 471 2405 homine
494 2382 558 2417 pro
582 2380 738 2417 peccato
761 2372 961 2406 commisso
990 2372 1153 2418 punitur:
1182 2373 1401 2419 quandoque
1427 2382 1515 2406 vero
1538 2371 1582 2406 ad
1610 2370 1756 2417 culpam

179 2424 414 2470 originalem:
445 2432 478 2459 et
508 2425 580 2458 hoc
610 2425 756 2470 quidem
786 2424 843 2458 vel
866 2427 1115 2472 prisiripaezlitsr‚
1150 2425 1208 2460 vel
1236 2431 1474 2472 consequenter.
1505 2424 1757 2471 Principaliter

177 2479 325 2525 quidem
349 2490 467 2524 poena
490 2478 676 2524 originalis
700 2479 839 2524 peccati
860 2489 923 2521 est,
947 2480 1044 2525 quod
1067 2487 1194 2514 natura
1216 2480 1378 2514 humana
1393 2479 1460 2514 sibi
1473 2478 1687 2525 relinquitur
1701 2479 1758 2512 de-

177 2534 299 2567 stituta
323 2532 457 2566 auxilio
482 2531 670 2577 originalis
692 2533 867 2577 justitiae:
888 2533 949 2567 sed
973 2534 1016 2567 ad
1043 2534 1115 2567 hoc
1144 2540 1417 2580 consequuntur
1444 2544 1573 2567 omnes
1599 2531 1758 2578 poenali-

175 2594 279 2629 tates,
302 2598 394 2632 quae
422 2598 464 2620 ex
487 2585 628 2620 defectu
651 2594 802 2620 naturae
824 2586 1035 2621 hominibus
1059 2588 1286 2633 contingunt.
1314 2586 1513 2622 Sciendum
1542 2594 1665 2621 tamen
1693 2594 1756 2628 est,

177 2640 272 2686 quod
297 2640 516 2686 quandoque
540 2640 673 2686 aliquid
698 2640 839 2674 videtur
868 2652 944 2674 esse
973 2641 1139 2687 poenale,
1167 2641 1264 2688 quod
1291 2650 1413 2675 tamen
1441 2652 1514 2675 non
1541 2641 1652 2675 habet
1677 2640 1759 2675 sim-

178 2694 318 2740 pliciter
337 2694 515 2728 rationem
538 2705 695 2740 poenae:
729 2704 847 2740 poena
879 2695 975 2728 enim
1013 2703 1065 2729 est
1088 2695 1227 2741 species
1250 2694 1348 2737 mali,
1370 2702 1408 2729 ut
1430 2694 1465 2728 in
1491 2705 1519 2728 1.
1542 2694 1679 2728 dictum
1705 2700 1759 2728 est

181 2748 225 2794 (q.
245 2749 299 2792 48.
320 2753 382 2782 ιιι-ί.
399 2748 446 2794 5.)
459 2761 468 2782 .·
493 2747 630 2781 malum
655 2755 775 2782 autem
796 2756 848 2782 est
864 2748 1017 2794 privatio
1034 2749 1130 2782 boui.
1148 2748 1245 2783 Cum
1261 2756 1382 2783 autem
1397 2748 1468 2783 sint
1480 2747 1582 2794 plura
1596 2747 1756 2782 hominis

179 2802 287 2843 bona,
314 2801 470 2835 scilicet:
505 2801 659 2843 animae,
689 2801 863 2847 corporis,
895 2810 928 2835 et
959 2802 1177 2836 exteriorum
1200 2813 1332 2844 rerum,
1361 2801 1540 2847 contingit
1564 2801 1757 2842 interdum,

179 2855 276 2901 quod
298 2855 413 2889 homo
436 2855 591 2901 patiatur
613 2854 871 2889 detrimentum
901 2855 936 2888 in
968 2856 1101 2889 minori
1130 2856 1241 2899 bono,
1273 2863 1311 2890 ut
1342 2863 1516 2902 augeatur
1544 2855 1581 2890 in
1608 2854 1756 2900 majori:

180 2909 271 2943 sicut
294 2920 376 2943 cum
399 2909 531 2955 patitur
553 2908 811 2943 detrimentum
835 2908 1010 2955 pecuniae
1038 2917 1183 2956 propter
1214 2909 1405 2944 sanitatem
1437 2908 1610 2956 corporis,
1636 2907 1694 2942 vel
1721 2907 1757 2941 in
