1875 3198
173 173 265 229 884
568 185 791 221 QUAESTIO
827 185 944 215 cxiv.
976 184 1224 215 ARTICULUS
1257 184 1348 214 vm.

723 341 1070 387 ARTICULUS
1105 341 1232 384 vm.
1681 351 1749 400 617

341 451 496 481 UTRUM
530 451 660 481 HOMO
694 451 847 480 POSSIT
880 450 1039 480 MERERI
1071 449 1356 480 AUGMENTUM
1389 450 1592 490 GRATIAE,

767 516 850 544 VEL
885 515 1166 545 CHARITATIS.

524 605 574 649 (2.
600 604 690 639 Dist.
717 615 770 650 27.
798 608 862 638 art.
886 615 916 649 5.
942 608 971 638 et
994 614 1028 648 4.
1055 603 1146 638 Dist.
1172 614 1228 638 20.
1255 607 1320 637 art.
1347 603 1409 648 2.).

246 692 307 727 AD
321 703 510 727 OCTAVUM
521 694 570 726 sic
582 693 801 739 proceditur.
810 692 974 734 Videtur,
984 692 1205 738 quodhomo
1216 704 1291 727 non
1305 693 1420 739 possit
1433 693 1564 728 mereri
1581 704 1752 740 augmen-

175 755 254 782 tum
277 746 425 792 gratiae,
447 746 505 780 vel
524 746 726 781 charitatis:
751 758 835 780 cum
857 748 955 780 enim
978 746 1106 792 aliquis
1127 748 1305 792 receperit
1325 748 1530 793 praemium
1556 747 1654 793 quod
1680 758 1753 781 me-

176 801 256 842 ruit,
278 811 352 833 non
375 800 524 833 debetur
546 801 578 834 ei
601 799 671 833 alia
693 811 853 842 merces;
875 801 969 834 sicut
990 800 1034 834 de
1056 800 1274 846 quibusdam
1292 800 1421 835 dicitur
1438 800 1567 835 Matth.
1590 799 1640 835 6.:
1657 802 1750 836 Rece-

170 859 293 902 perun!
315 854 492 888 mercedem
514 866 629 895 suanm
653 855 683 888 si
703 854 812 900 igitur
833 854 963 900 aliquis
985 861 1184 888 mereretur
1207 862 1446 900 augmentum
1474 854 1669 896 charitatis,
1696 853 1755 888 vel

178 908 326 955 gratiae,
354 915 563 953 sequeretur
587 908 684 953 quod
714 909 829 953 gratia
855 915 1102 954 augmentata,
1129 919 1205 942 non
1234 916 1358 954 posset
1387 907 1536 942 ulterius
1564 915 1753 954 expectare

179 961 274 996 aliud
296 961 517 1007 praemium:
541 961 639 1007 quod
662 969 715 995 est
736 962 1008 995 inconveniens.

249 1025 280 1049 2.
303 1015 542 1049 PRAETEREA.
565 1014 667 1049 Nihil
689 1015 763 1060 agit
784 1014 878 1048 ultra
899 1026 1004 1049 suam
1026 1016 1205 1061 speciem:
1227 1015 1291 1050 sed
1311 1016 1530 1062 principium
1556 1015 1677 1050 meriti
1703 1022 1756 1049 est

178 1069 302 1116 gratia,
325 1069 382 1102 vel
406 1068 574 1110 charitas,
598 1077 636 1102 ut
658 1080 700 1103 ex
722 1069 936 1115 supradictis
958 1076 1056 1115 patet
1079 1068 1160 1113 (art.
1184 1081 1215 1104 2.
1238 1074 1268 1104 et
1287 1080 1320 1114 4.
1343 1069 1413 1116 huj.
1435 1069 1508 1116 q.),·
1528 1080 1617 1115 ergo
1634 1068 1755 1103 nullus

178 1131 297 1170 potest
318 1123 497 1167 majorem
520 1122 687 1168 gratiam,
710 1122 768 1156 vel
790 1122 1006 1156 charitatem
1027 1123 1172 1165 mereri,
1192 1134 1302 1169 quam
1323 1122 1468 1157 habeat.

252 1176 582 1222 3.PRA1-:TEREA.Id
593 1176 690 1221 quod
706 1176 802 1210 cadit
811 1175 874 1210 sub
889 1177 1031 1218 merito,
1047 1185 1205 1211 meretur
1217 1176 1333 1210 homo
1348 1188 1412 1223 per
1422 1176 1621 1223 quemlibet
1634 1183 1757 1210 actum

180 1243 199 1264 a
222 1230 349 1275 gratia,
370 1229 430 1264 vel
448 1229 623 1264 charitate
639 1229 920 1276 procedentem;
936 1229 1028 1263 sicut
1041 1241 1105 1276 per
1119 1230 1318 1276 quemlibet
1331 1229 1444 1264 talem
1459 1238 1582 1265 actum
1595 1237 1755 1264 meretur

179 1284 295 1318 homo
316 1283 431 1317 vitam
449 1292 655 1325 aeternam3
678 1283 707 1317 si
728 1283 837 1329 igitur
859 1292 1098 1329 augmentum
1121 1284 1269 1330 gratiae,
1291 1284 1350 1318 vel
1372 1284 1557 1318 charitatis
1573 1283 1679 1318 cadat
1691 1283 1755 1317 sub

182 1338 323 1380 merito,
344 1337 486 1371 videtur
508 1337 605 1383 quod
628 1348 691 1383 per
712 1336 911 1383 quemlibet
933 1345 1055 1372 actum
1075 1337 1251 1372 charitate
1269 1337 1508 1372 informatum
1531 1337 1659 1384 aliquis
1686 1347 1759 1370 me-

181 1399 301 1425 reatur
323 1399 562 1436 augmentum
585 1390 787 1426 charitatis:
811 1391 872 1425 sed
887 1391 922 1424 id
937 1391 1034 1437 quod
1053 1391 1169 1425 homo
1192 1399 1364 1434 meretur,
1383 1391 1619 1426 infallibiliter
1637 1402 1657 1424 a
1674 1390 1756 1424 Deo

181 1446 427 1491 consequitur,
448 1444 518 1478 nisi
538 1444 758 1490 impediatur
779 1456 841 1490 per
862 1453 1055 1491 peccatum
1082 1456 1254 1491 sequens:
1283 1445 1413 1479 dicitur
1440 1445 1537 1479 enim
1565 1455 1596 1480 2.
1625 1444 1671 1479 ad
1697 1443 1759 1478 Ti-

180 1498 377 1532 motheum
396 1509 423 1531 1.
434 1508 440 1530 :
452 1498 539 1540 Scio,
552 1499 605 1532 cui
616 1497 750 1539 credidi,
761 1503 789 1532 ct
803 1503 908 1532 certus
919 1511 1004 1541 sum,
1021 1500 1100 1544 quia
1108 1504 1222 1546 potans
1233 1504 1278 1533 est
1291 1499 1469 1545 depositum
1479 1510 1588 1533 meum
1600 1509 1735 1533 servare
1743 1509 1756 1538 ;

182 1552 233 1586 sic
256 1563 344 1598 ergo
367 1560 588 1597 sequeretur,
611 1551 709 1597 quod
730 1563 792 1597 per
815 1551 1014 1598 quemlibet
1037 1560 1158 1586 actum
1181 1552 1410 1587 meritorium
1437 1552 1564 1598 gratia,
1590 1551 1651 1586 vel
1677 1551 1760 1585 cha-

183 1606 269 1640 ritas
288 1614 491 1651 augeretur,
514 1605 611 1651 quod
633 1605 774 1639 videtur
794 1605 1069 1648 inconveniens,
1095 1617 1180 1640 cum
1201 1605 1421 1652 quandoque
1449 1613 1551 1639 actus
1581 1604 1760 1639 meritorii

180 1670 255 1693 non
277 1659 348 1693 sint
369 1658 526 1692 multum
548 1658 727 1693 ferventes
749 1659 798 1692 ita
816 1659 913 1704 quod
936 1658 1116 1693 sufficiant
1138 1659 1181 1693 ad
1205 1659 1390 1693 charitatis
1413 1666 1670 1704 augmentum,
1684 1669 1759 1692 non

184 1724 272 1760 ergo
296 1721 534 1759 augmentum
557 1713 741 1747 charitatis
765 1713 861 1747 cadit
882 1713 946 1747 sub
970 1714 1113 1747 merito.

254 1766 329 1800 SED
353 1777 509 1800 CONTRA
531 1774 595 1807 est,
618 1766 715 1812 quod
745 1766 900 1812 August.
932 1766 1019 1801 dicit
1048 1778 1155 1813 super
1181 1766 1280 1814 epist.
1304 1766 1409 1812 Joan.
1435 1767 1580 1813 (implic.
1611 1771 1706 1801 tract.
1729 1777 1758 1812 5.

182 1825 257 1854 ante
272 1819 381 1864 med),
395 1819 492 1865 quod
504 1820 650 1854 charitas
661 1825 803 1854 meretur
811 1822 938 1866 augeri,
950 1825 986 1854 ut
996 1825 1094 1854 aucta
1108 1826 1276 1856 mereatur
1291 1821 1470 1868 etperfici,·
1485 1831 1574 1867 ergo
1590 1831 1763 1866 augmen—

182 1882 261 1907 tum
284 1873 482 1915 charitatis,
504 1873 563 1908 vel
585 1874 722 1919 gratiae
745 1874 841 1908 cadit
862 1874 925 1908 sub
949 1876 1092 1908 merito.

256 1927 488 1962 ResPoNDEo
511 1927 719 1969 dicendum,
742 1928 851 1973 quod,
874 1928 967 1962 sicut
988 1939 1096 1974 supra
1117 1928 1255 1962 dictum
1278 1935 1332 1962 est
1351 1927 1430 1971 (art.
1453 1928 1486 1963 6.
1505 1932 1534 1963 et
1555 1939 1585 1975 7.
1604 1927 1674 1974 huj.
1696 1928 1758 1974 q),

185 1980 274 2015 illud
293 1981 389 2015 cadit
410 1980 474 2015 sub
498 1981 628 2015 merito
652 1981 836 2027 condigni,
865 1981 909 2015 ad
938 1982 1036 2028 quod
1066 1982 1183 2016 motio
1212 1981 1348 2028 gratiae
1375 1993 1413 2016 se
1441 1981 1617 2017 extendit:
1644 1981 1760 2015 motio

185 2043 308 2068 autem
329 2034 479 2080 alicujus
502 2034 683 2069 moventis
702 2046 777 2069 non
799 2035 920 2069 solum
942 2046 979 2069 se
999 2035 1158 2070 extendit
1173 2035 1216 2069 ad
1231 2035 1400 2070 ultimum
1415 2035 1613 2069 terminum
1627 2042 1761 2076 motus,

185 2089 248 2123 sed
271 2089 380 2122 etiam
404 2088 447 2122 ad
470 2096 588 2122 totum
608 2099 842 2135 progressum
864 2089 900 2122 in
923 2097 1043 2123 motu:
1065 2089 1242 2123 terminus
1265 2097 1387 2123 autem
1409 2096 1531 2123 motus
1553 2088 1690 2134 gratiae
1709 2096 1762 2122 est

185 2143 258 2176 vita
281 2151 445 2177 aeterna:
466 2153 678 2188 progressus
702 2151 824 2177 autem
845 2143 881 2176 in
903 2143 975 2177 hoc
998 2151 1102 2177 motu
1125 2151 1179 2178 est
1201 2143 1403 2177 secundum
1422 2149 1660 2189 augmentum
1681 2141 1763 2175 cha·

186 2196 311 2238 ritatis,
331 2195 389 2230 vel
407 2196 555 2242 gratiae,
577 2196 780 2230 secundum
802 2195 891 2230 illud
911 2196 1083 2231 Proverb.
1101 2206 1152 2239 4.:
1167 2197 1341 2241 Iustorum
1353 2197 1471 2231 semita
1484 2197 1579 2243 quasi
1592 2195 1650 2230 lux
1661 2195 1764 2242 splen-

186 2250 261 2284 dens
276 2249 439 2297 procedit,
463 2255 490 2284 ct
511 2251 624 2284 crescit
646 2261 744 2295 usqne
766 2250 808 2284 acl
823 2250 1006 2296 perfactmn
1029 2250 1127 2292 diem,
1150 2250 1211 2297 qui
1234 2258 1288 2285 est
1309 2249 1385 2284 dies
1407 2249 1566 2296 gloriae3
1585 2249 1636 2284 sic
1654 2249 1763 2295 igitur

187 2311 427 2350 augmentum
450 2303 586 2349 gratiae
609 2304 704 2338 cadit
725 2303 789 2337 sub
813 2304 943 2338 merito
967 2304 1151 2350 condigni.

260 2357 320 2391 AD
335 2367 485 2391 PRIMUM
503 2368 590 2403 ergo
607 2357 814 2399 dicendum,
827 2357 923 2403 quod
939 2357 1143 2403 praemium
1159 2365 1212 2392 est
1225 2357 1400 2391 terminus
1415 2356 1552 2392 meriti:
1572 2364 1625 2391 est
1637 2363 1760 2391 autem

194 2410 315 2457 duplex
337 2411 513 2444 terminus
535 2419 678 2452 motus;
698 2410 856 2445 scilicet:
877 2411 1022 2453 ultimus,
1046 2419 1081 2446 et
1101 2411 1238 2454 medius,
1262 2411 1323 2457 qui
1344 2418 1398 2445 est
1418 2418 1453 2445 et
1471 2409 1702 2457 principium,
1729 2418 1765 2444 et

189 2465 384 2498 terminus:
409 2472 443 2499 et
469 2463 550 2498 talis
572 2464 748 2498 terminus
771 2472 824 2498 est
845 2475 986 2499 merces
1010 2464 1214 2510 augmenti:
1238 2475 1378 2499 merces
1401 2471 1523 2498 autem
1544 2463 1678 2498 favoris
1699 2463 1764 2497 hu-

192 2518 290 2551 mani
313 2526 365 2552 est
386 2518 478 2552 sicut
500 2517 648 2552 ultimus
665 2517 842 2552 terminus
860 2518 928 2559 his,
947 2518 1007 2564 qui
1022 2517 1131 2552 finem
1150 2518 1187 2552 in
1200 2517 1273 2552 hoc
1292 2517 1517 2552 constituunt
1530 2529 1539 2560 ;
1554 2516 1649 2551 unde
1669 2515 1760 2551 tales

190 2570 329 2604 nullum
352 2571 460 2605 aliam
483 2571 692 2606 mercedem
715 2571 903 2617 recipiunt.

261 2625 321 2659 AD
345 2636 553 2660 SECUNDUM
567 2624 774 2666 dicendum,
789 2624 886 2671 quod
903 2633 1143 2670 augmentum
1159 2625 1295 2671 gratiae
1314 2635 1389 2659 non
1405 2632 1458 2659 est
1472 2635 1579 2671 supra
1592 2623 1763 2658 virtutem

192 2679 460 2724 praeexistentis
482 2678 631 2724 gratiae,
654 2678 739 2713 licet
760 2678 804 2713 sit
826 2690 933 2724 supra
957 2679 1197 2724 quantitatem
1219 2678 1346 2725 ipsius:
1370 2678 1464 2712 sicut
1485 2677 1604 2720 arbor,
1627 2677 1693 2712 etsi
1719 2678 1764 2711 sit

192 2743 299 2778 supra
321 2732 561 2778 quantitatem
583 2732 744 2774 seminis,
766 2743 841 2765 non
864 2740 917 2766 est
940 2740 1063 2766 tamen
1086 2743 1192 2778 supra
1211 2732 1383 2766 virtutem
1404 2730 1527 2778 ipsius.

265 2785 324 2819 AD
349 2795 519 2820 Titurium
542 2785 748 2828 dicendum,
771 2785 868 2832 quod
889 2785 1050 2831 quolibet
1069 2794 1150 2820 actu
1171 2785 1359 2820 meritorio
1379 2793 1538 2819 meretur
1550 2784 1667 2820 homo
1683 2795 1767 2830 aug-

194 2846 356 2872 mentum
381 2839 528 2885 gratiae,
545 2839 637 2874 sicut
655 2847 689 2873 et
711 2841 846 2885 gratiae
870 2839 1244 2881 consummationem,
1263 2849 1355 2885 quae
1371 2846 1424 2872 est
1437 2838 1509 2872 vita
1523 2845 1684 2872 aeterna:
1700 2836 1763 2872 sed

194 2893 286 2926 sicut
307 2892 379 2926 vita
402 2901 547 2927 aeterna
570 2904 644 2926 non
663 2893 784 2927 statim
804 2892 974 2934 redditur,
990 2892 1050 2926 scd
1071 2904 1136 2927 suo
1156 2900 1340 2939 tempore:
1363 2891 1411 2926 ita
1434 2902 1501 2926 nec
1516 2892 1631 2938 gratia
1644 2890 1766 2926 statim
