1923 3198
534 247 758 284 QUAESTIO
789 247 819 278 1.
850 246 1098 278 ARTICULUS
1132 246 1195 276 111.
1589 248 1641 292 23

145 330 207 365 An
227 339 435 365 secunaum
456 328 665 371 dicendum,
687 328 783 375 quod
810 328 902 371 finis,
923 328 1125 363 secundum
1152 327 1250 374 quod
1277 335 1331 363 est
1356 327 1454 375 prior
1474 328 1511 363 in
1531 328 1646 364 inten-

74 384 187 426 tione,
206 391 246 418 ut
265 383 401 418 dictum
429 391 484 418 est
504 383 587 427 (art.
609 395 636 418 1.
658 382 727 428 huj.
751 394 781 429 q.
804 382 846 417 ad
864 382 924 427 1.),
952 382 1152 416 secuudum
1180 381 1251 416 hoc
1279 382 1435 428 pertinet
1454 382 1499 416 ad
1519 381 1647 417 volun-

74 445 198 480 tatem,
215 444 251 472 et
270 436 343 471 hoc
365 436 478 471 modo
499 436 560 470 dat
580 435 739 482 speciem
762 435 858 470 actui
880 435 1056 477 humano,
1078 435 1153 470 sive
1174 434 1318 469 morali.

142 490 206 526 An
225 500 398 526 τεκτιυκ
418 489 626 531 dicendum,
647 489 744 535 quod
766 489 865 524 idem
883 497 984 523 actus
1005 499 1172 531 numero,
1187 488 1388 523 secundum
1411 489 1509 535 quod
1531 488 1645 524 semel

74 543 257 591 egreditur
269 543 314 578 ab
332 551 475 589 agente,
487 553 564 577 non
577 542 764 577 ordinatur
776 542 845 577 nisi
864 542 908 576 ad
927 553 1039 576 unum
1055 541 1164 577 finem
1179 542 1400 589 proximum,
1415 553 1435 576 a
1450 553 1523 588 quo
1537 542 1648 577 habet

73 597 250 646 speciem:
272 597 335 632 sed
356 605 475 644 potest
496 596 656 631 ordinari
677 596 722 630 ad
744 595 864 643 plures
885 595 974 631 fines
995 604 1170 638 remotos,
1192 607 1350 642 quorum
1377 607 1470 631 unus
1491 604 1546 631 est
1566 595 1647 631 finis

73 650 241 689 thuias:
268 651 438 698 possibile
463 659 586 685 tamen
614 658 679 691 est,
706 650 804 696 quod
832 661 924 684 unus
951 658 1052 684 actus
1078 651 1282 684 secundum
1310 650 1469 696 speciem
1496 657 1647 685 naturae

74 705 260 742 ordinemr
283 705 329 740 ad
353 704 517 739 diversos
543 703 632 738 fines
658 703 878 738 voluntatis:
905 704 999 738 sicut
1023 704 1096 738 hoc
1124 704 1243 750 ipsum
1274 704 1372 750 quod
1399 712 1453 738 est
1479 704 1647 739 occidere

0 762 5 782 '
73 758 277 801 hominem,
301 759 399 806 quod
421 766 476 793 est
495 757 593 792 idern
619 757 821 792 secundum
847 757 1009 804 speciem
1034 765 1196 799 naturae,
1223 765 1343 804 potest
1369 758 1529 792 ordinari
1555 757 1648 792 sicut

73 811 244 850 infinem
261 811 308 847 ad
329 811 645 847 conservationem
668 811 836 856 justitiae,
863 819 899 846 et
924 811 968 845 ad
995 810 1293 846 satisfaciendum
1319 811 1416 846 irae:
1445 819 1479 846 et
1505 821 1547 845 ex
1573 811 1646 845 hoc

73 872 182 904 eunt
197 865 331 902 diversi
350 873 452 900 actus
472 866 676 900 secundum
697 865 857 911 speciem
880 865 1017 907 moris3
1039 865 1122 911 quia
1145 875 1218 898 uno
1241 865 1355 899 modo
1377 864 1444 899 erit
1461 873 1562 899 actus
1579 864 1647 898 vir·

8 960 11 963 ,
72 920 171 963 ultis,
190 919 265 955 alio
285 919 399 954 modo
419 919 488 954 erit
505 927 606 954 actus
624 918 712 953 vitii.
732 918 817 953 Non
835 918 933 952 enim
952 926 1074 952 motus
1092 918 1219 965 recipit
1236 918 1395 965 speciem
1415 919 1457 952 ab
1477 929 1534 960 eo,
1549 918 1646 964 quod

74 981 131 1010 est
146 973 324 1010 terminus
344 983 408 1020 per
428 972 610 1014 accidens,
632 972 693 1007 sed
717 971 838 1007 solum
860 972 903 1006 ab
926 983 984 1014 eo,
1002 971 1100 1018 quod
1123 980 1178 1006 est
1197 972 1374 1006 terminus
1393 983 1456 1019 per
1474 982 1523 1006 se.
1541 971 1647 1006 Fines

74 1035 199 1064 autem
210 1025 369 1062 morales
383 1026 554 1061 accidunt
567 1026 619 1061 rei
631 1025 786 1060 naturali
804 1033 851 1068 et,
869 1037 888 1060 e
909 1037 1100 1067 converso,
1119 1025 1211 1060 ratio
1231 1025 1405 1060 naturalis
1419 1025 1498 1060 finis
1517 1025 1648 1059 accidit

73 1079 230 1124 morali3
250 1088 287 1116 et
305 1080 389 1116 ideo
409 1079 499 1114 nihil
522 1079 701 1127 prohibet,
724 1087 838 1122 actus,
859 1079 920 1126 qui
941 1088 1024 1114 sunt
1044 1079 1158 1115 iidem
1184 1079 1386 1115 secundum
1408 1080 1570 1127 speciem
1588 1090 1649 1114 na-

72 1140 189 1177 turae,
208 1144 287 1171 ase
307 1133 472 1169 diversos
492 1133 696 1168 secundum
717 1133 877 1180 speciem
899 1133 1024 1176 moris,
1045 1141 1082 1168 et
1102 1145 1121 1168 e
1140 1144 1330 1168 converso.

631 1275 980 1322 ARTICULUS
1018 1276 1095 1320 1v.
1625 1299 1647 1332 4

259 1385 415 1417 UTRUM
436 1385 505 1417 SIT
526 1385 702 1422 ALIQUIS
724 1385 920 1416 ULTIMUS
941 1385 1054 1416 1³1le
1077 1385 1291 1416 ROMANAE
1311 1385 1458 1416 VITAE.

211 1471 306 1519 (Lib.
327 1483 358 1520 5.
386 1471 505 1509 Contr.
530 1484 561 1521 g.
588 1479 663 1521 cap.
685 1474 738 1522 38.
766 1475 827 1510 cir.
855 1473 937 1510 med.
965 1479 996 1510 et
1015 1486 1045 1522 3.
1072 1474 1162 1510 Dist.
1186 1487 1214 1521 3.
1242 1486 1272 1521 q.
1299 1485 1331 1510 2.
1358 1479 1424 1509 art.
1447 1474 1507 1521 3.).

79 1596 84 1604 ,
143 1560 208 1598 An
226 1571 418 1602 aunum
437 1561 489 1597 sic
509 1562 729 1610 proceditur.
755 1562 920 1605 Videtur,
946 1563 1044 1610 quod
1070 1574 1146 1597 non
1172 1562 1218 1597 sit
1243 1562 1372 1609 aliquis
1399 1561 1547 1597 ultimus
1568 1562 1648 1597 finis

35 1616 37 1618 ’
73 1614 258 1655 humanae
277 1615 386 1659 vitae,
406 1616 470 1651 sed
490 1616 707 1664 procedatur
732 1617 769 1651 in
795 1616 925 1652 finibus
946 1617 981 1651 in
1004 1616 1208 1651 infinitum:
1236 1617 1375 1651 bonurn
1403 1617 1500 1651 enim
1523 1627 1649 1651 secun-

74 1668 164 1706 dum
182 1679 288 1705 suam
307 1669 488 1705 rationem
509 1678 563 1705 est
583 1669 793 1705 diffusivum
814 1671 881 1713 sui,
902 1679 941 1706 ut
961 1678 1059 1717 patet
1080 1681 1143 1717 per
1163 1670 1386 1717 Dionysium
1407 1680 1440 1713 4.
1463 1670 1580 1717 capite
1603 1671 1646 1705 de

38 1751 41 1753 -
74 1721 161 1762 Di!-
179 1721 359 1769 Nom.(in
374 1725 548 1772 principio
561 1723 710 1760 lectionis
716 1726 884 1772 primae),·
899 1724 929 1759 si
943 1735 1032 1770 ergo
1050 1724 1148 1771 quod
1163 1724 1328 1770 procedit
1341 1735 1384 1758 ex
1402 1724 1512 1766 bono,
1528 1724 1648 1770 ipsum

67 1775 186 1815 fliam
205 1784 262 1813 est
277 1776 430 1820 bonum,
450 1785 606 1824 oportet,
627 1778 726 1825 quod
752 1777 841 1813 illud
867 1778 1006 1813 bonum
1032 1777 1211 1812 diffundat
1237 1777 1334 1812 aliud
1361 1778 1518 1820 bonum;
1540 1786 1576 1812 et
1596 1778 1647 1812 sic

73 1840 265 1878 pomus
282 1830 372 1866 boni
391 1839 446 1866 est
465 1831 504 1866 in
523 1830 724 1866 infinitum:
747 1832 810 1867 sed
831 1832 971 1867 bonum
991 1831 1102 1866 habet
1123 1831 1303 1866 rationem
1325 1831 1423 1874 finis;
1444 1841 1533 1877 ergo
1555 1831 1591 1866 in
1614 1830 1650 1865 fi-

52 1880 185 1925 stfflm·
197 1892 254 1920 αι
269 1887 464 1932 processus
483 1885 521 1920 in
542 1884 736 1920 infinitum.

61 1953 95 1975 ιι
143 1946 180 1974 2.
194 1937 437 1975 ΡιΑετΕιιῑΑ.
457 1937 521 1981 Ea,
541 1950 635 1986 quae
649 1947 740 1974 sunt
760 1939 924 1982 rationis,
950 1939 986 1973 in
1008 1938 1191 1973 infinitum
1217 1938 1453 1985 multiplicari
1479 1947 1646 1985 possunt:

47 1989 170 2034 ’ζ-ἆι
187 1999 226 2028 et
243 1991 526 2027 mathematicae
551 1993 770 2040 quantitates
791 1993 827 2028 in
850 1992 1030 2027 infinitum
1058 2001 1254 2039 augentur:
1282 1993 1420 2039 species
1447 1993 1557 2027 etiam
1583 2004 1632 2027 nu

24 2050 27 2053 ’
60 2054 260 2084 1mmm
279 2054 428 2093 propter
443 2046 516 2082 hoc
534 2055 686 2094 possunt
698 2058 776 2082 esse
790 2047 963 2089 infinitae,
977 2047 1062 2093 quia
1075 2047 1160 2081 dato
1175 2046 1338 2093 quolibet
1350 2057 1517 2089 numero,
1533 2046 1647 2082 alium

59 2098 252 2146 Nm
269 2099 479 2146 excogitare
498 2108 621 2147 potes:
641 2100 704 2136 sed
730 2100 949 2136 desiderium
963 2100 1044 2135 finis
1061 2100 1222 2147 sequitur
1242 2100 1573 2147 apprehensionem
1593 2111 1649 2134 ra-

59 2150 203 2197 qfionis;
222 2163 312 2200 ergo
331 2153 485 2195 videtur,
506 2154 604 2200 quod
625 2154 662 2189 in
684 2153 813 2189 finibus
836 2154 1053 2201 procedatur
1074 2154 1110 2188 in
1132 2153 1325 2188 infinitum.

54 2229 96 2245 ω,
111 2230 122 2242 t
136 2217 181 2254 3.
200 2205 442 2243 Pmmm.
463 2207 620 2250 Bonum,
642 2216 678 2242 et
698 2207 779 2242 finis
801 2216 854 2242 est
876 2208 1061 2253 objectum
1081 2207 1302 2242 voluntatis:
1325 2207 1387 2242 sed
1409 2206 1578 2242 voluntas
1599 2207 1648 2241 in-

126 2258 136 2268 ”
153 2281 154 2284 =
175 2282 190 2288 -
225 2268 345 2308 potat
363 2259 501 2296 reflecti
525 2271 634 2308 supra
655 2261 831 2308 seipsam.
854 2272 1004 2308 possum
1027 2261 1125 2295 enim
1146 2260 1240 2296 velle
1259 2260 1405 2307 aliquid,
1424 2269 1460 2295 et
1476 2260 1570 2295 velle
1588 2272 1647 2295 me

132 2318 137 2340 ἵ
161 2337 165 2341 ν
176 2311 290 2357 illud.
306 2321 345 2350 et
362 2313 414 2350 sic
434 2314 473 2349 in
492 2314 692 2357 infinitum3
713 2325 803 2361 ergo
821 2315 857 2349 in
876 2314 1006 2349 finibus
1023 2315 1206 2349 humanae
1225 2314 1423 2349 voluntatis
1441 2315 1649 2361 proceditur

47 2356 95 2406 3*
132 2365 325 2410 infinitum,
346 2375 383 2402 et
402 2378 477 2403 non
498 2376 552 2403 est
574 2367 702 2415 aliquis
723 2367 873 2403 ultimus
895 2367 974 2403 finis
995 2368 1180 2403 humanae
1201 2368 1409 2403 voluntatis.

13 2439 17 2442 ·
48 2415 82 2462 u
147 2418 224 2457 SED
243 2430 401 2457 coum
422 2429 488 2464 est,
509 2421 607 2468 quod
633 2421 770 2456 Philos.
798 2421 886 2456 dicit
910 2431 942 2456 2.
970 2422 1056 2456 Met.
1078 2422 1158 2467 (ter.
1180 2423 1244 2467 8.)‚
1265 2422 1362 2468 quod
1385 2422 1446 2468 qui
1467 2421 1648 2457 infinitum

10 2478 12 2483 “
33 2484 42 2490 ·
73 2470 225 2527 ῥίψω,
243 2473 411 2510 auferunt
429 2483 597 2510 naturam
618 2475 723 2510 boni:
746 2475 807 2510 sed
830 2475 969 2510 bonum
995 2483 1059 2517 est,
1080 2475 1178 2522 quod
1204 2475 1314 2510 habet
1340 2476 1520 2510 rationem
1548 2475 1648 2517 finis;

127 2544 157 2567 21·
185 2535 314 2564 contu
332 2528 512 2564 rationem
531 2528 612 2564 finis
629 2537 694 2571 est,
708 2527 806 2576 quod
820 2528 1063 2575 procedatur'
1055 2540 1090 2563 tn
1109 2528 1308 2571 infinitum;
1330 2540 1478 2564 necesse
1492 2538 1547 2564 est
1560 2540 1648 2576 ergo

139 2603 141 2608 ·
162 2598 176 2609 ..
232 2592 348 2625 unum
369 2580 539 2618 ultimum
561 2581 682 2618 finem.

99 2659 108 2674 ι.
141 2632 374 2672 menneo
394 2634 603 2679 dicendum,
624 2635 721 2683 quod
749 2647 812 2684 per
838 2647 875 2672 se
901 2635 1099 2683 loquendo,
1126 2636 1350 2683 impossibile
1378 2645 1431 2671 est
1456 2636 1492 2671 in
1520 2636 1649 2671 finibus

126 2706 133 2737 g
176 2706 200 2716 .‚
291 2688 331 2725 in
352 2688 534 2726 infinitum
554 2701 598 2726 ex
618 2701 848 2738 quacumque
870 2698 989 2738 parte:
1012 2690 1047 2725 in
1071 2690 1240 2725 omnibus
1267 2690 1377 2732 enirn,
1404 2702 1496 2737 quae
1523 2701 1586 2737 per
1610 2702 1648 2726 se

75 2749 90 2792 ζ
115 2766 140 2778 ,-
160 2760 187 2771 -·
231 2740 400 2789 ordinem
420 2743 466 2778 ad
490 2743 662 2786 invicem,
683 2753 838 2790 oportet,
860 2744 958 2791 quod
985 2753 1128 2779 remoto
1157 2744 1289 2791 primo,
1311 2753 1568 2779 removeantur
1593 2756 1648 2787 ea,

73 2795 83 2815 ”
115 2812 132 2821 ιν
160 2818 171 2822 -
190 2802 275 2832 sunt
294 2796 339 2831 ad
359 2795 530 2844 primum.
553 2796 660 2832 Unde
681 2797 929 2844 Philosophus
952 2798 1080 2844 probat
1101 2798 1135 2832 in
1155 2798 1186 2831 8.
1207 2797 1448 2844 physicorum
1469 2798 1548 2842 (tex.
1564 2800 1647 2845 34),

187 2858 274 2887 mm
287 2857 344 2886 ent
358 2849 533 2897 possibile
547 2849 585 2885 in
602 2851 725 2886 causis
737 2851 970 2886 moventibus
987 2851 1184 2898 procedere
1199 2851 1233 2885 in
1253 2850 1454 2893 infinitum;
1471 2852 1555 2898 quia
1573 2863 1648 2887 non

87 2897 90 2902 ⁴
150 2923 160 2929 .
183 2902 362 2950 ‚phun
386 2913 556 2946 movens,
583 2915 657 2951 quo
681 2904 878 2947 subtracto,
900 2904 971 2939 alia
1001 2915 1149 2939 movere
1170 2915 1244 2939 non
1273 2913 1435 2951 possunt,
1462 2916 1545 2940 cum
1573 2916 1648 2940 non

239 2980 241 2984 ›
271 2955 427 3005 ἀέρα-
445 2956 521 2993 hoc
543 2957 642 3005 quod
672 2966 866 2993 moventur
893 2969 914 2993 a
941 2958 1060 3006 primo
1088 2967 1270 2994 movente.
1302 2958 1341 2994 In
1370 2958 1500 2994 finibus
1526 2968 1647 2995 autem
