1875 3198
228 171 314 224 764
670 181 890 217 QUAEsrio
927 181 1000 211 c11.
1035 181 1280 212 Au'rthLus
1314 182 1354 211 v.

227 275 292 308 pro
315 275 351 297 se
373 263 536 310 leprosus
558 262 787 297 mundandus
809 262 886 297 dacos
908 269 1050 309 passeres
1071 263 1179 305 vivos,
1207 268 1235 296 et
1261 263 1385 306 lignum
1417 262 1598 308 cedrinum,
1620 268 1651 298 et
1670 263 1793 298 vermi-

227 317 350 360 culum,
369 322 398 352 et
415 317 597 363 hyssopum,
614 317 685 351 hoc
708 316 832 358 modo,
851 324 889 350 ut
907 316 968 350 filo
989 316 1163 351 coccineo
1182 315 1380 362 ligarentur
1401 327 1535 362 passer,
1557 324 1592 351 et
1611 316 1792 363 hyssopus

227 370 336 405 simul
358 382 441 404 cum
459 370 559 416 ligno
583 370 749 411 cedrino,
772 370 820 403 ita
842 369 981 404 scilicet
1001 369 1098 415 quod
1117 369 1257 415 lignum
1276 369 1465 404 cedrinum
1483 377 1576 404 esset
1597 370 1699 416 quasi
1720 381 1794 404 ma-

225 424 394 457 nubrium
417 423 627 469 aspersorii3
658 423 838 469 hyssopus
868 434 954 456 vero
986 430 1020 457 et
1041 434 1165 469 passer
1194 431 1295 457 erant
1325 422 1371 465 id,
1394 423 1491 469 quod
1512 423 1556 457 de
1582 424 1785 469 aspersorio

226 477 431 523 tingebatur
452 478 487 511 in
511 477 686 522 sanguine
709 476 854 510 alterius
876 477 1030 522 passeris
1052 476 1233 510 immolati
1250 477 1286 510 in
1305 477 1407 522 aquis
1427 477 1536 511 vivis:
1559 477 1649 511 haec
1670 485 1791 511 autem

227 539 381 577 quatuor
403 530 577 565 offerebat
604 538 729 564 contra
760 538 914 576 quatuor
944 529 1104 564 defectus
1131 530 1272 576 leprae:
1302 541 1388 564 narn
1412 538 1538 564 contra
1565 531 1792 576 putredinem

226 584 443 619 offerebatur
464 584 588 625 cedrus,
612 595 703 630 quae
718 592 771 617 est
786 584 891 617 arbor
913 583 1161 629 imputribilis,
1184 592 1310 618 contra
1331 583 1509 618 foetorem
1525 585 1684 630 hyssopus,
1701 595 1792 630 quae

228 646 280 672 est
302 638 413 672 herba
428 637 628 679 odorifera3
652 645 775 671 contra
792 637 1105 671 insensibilitatem
1115 644 1226 683 passer
1242 639 1362 678 vivum
1387 645 1513 671 contra
1534 637 1792 683 turpitudinem

228 691 361 726 coloris
383 692 594 732 vermiculus,
617 691 678 737 qui
699 691 808 725 habet
821 691 944 724 vivum
962 690 1021 735 [al.
1037 691 1219 736 vermium]
1237 690 1420 726 colorem:
1442 702 1564 737 passer
1585 702 1671 725 vero
1689 690 1792 724 vivus

227 745 398 780 advolare
410 745 657 779 dimittebatur
670 745 706 778 in
722 756 870 790 agrum,
892 744 975 790 quia
990 744 1154 790 leprosus
1169 744 1420 778 restituebatur
1433 744 1603 790 pristinae
1618 744 1792 779 libertati:

226 799 262 833 in
285 807 416 833 octavo
439 809 525 833 vero
540 798 597 832 die
613 798 867 832 admittebatur
885 797 929 832 ad
945 797 1083 832 cultum
1099 797 1278 840 divinu1n;
1294 806 1328 832 et
1341 798 1593 832 restituebatur
1608 798 1792 832 consortio

227 853 440 894 hominum,
457 852 575 899 primo
589 860 713 886 tamen
724 852 811 886 rasis
827 851 906 898 pilis
925 851 1034 886 totius
1050 851 1224 898 corporis,
1236 859 1270 885 et
1283 850 1366 885 lotis
1377 851 1619 885 vestimentis:
1637 862 1680 886 eo
1695 851 1792 898 quod

228 906 327 953 lepra
349 906 441 953 pilos
464 906 635 948 corrodit,
657 906 873 940 vestimenta
897 905 1117 951 coinquinat,
1140 913 1174 939 et
1195 904 1329 940 foetida
1344 905 1477 939 reddit:
1502 913 1536 939 et
1556 905 1792 952 postmodum

228 960 446 995 sacrificium
469 959 686 994 offerebatur
708 970 772 1005 pro
796 958 928 993 delicto
951 959 1045 1004 ejus:
1068 959 1151 1005 quia
1174 958 1272 1005 lepra
1294 958 1508 1005 plerumque
1522 958 1702 993 inducitur
1727 970 1792 1005 pro

228 1022 397 1060 peccato:
429 1013 472 1048 de
499 1013 674 1058 sanguine
698 1021 818 1047 autem
841 1011 1009 1047 sacrificii
1039 1012 1245 1057 tingebatur
1267 1020 1470 1047 extremum
1497 1012 1678 1047 auriculae
1706 1013 1793 1058 ejus,

227 1067 287 1113 qui
310 1076 386 1102 erat
408 1067 649 1108 mundandus,
672 1075 706 1101 et
728 1066 878 1112 pollices
902 1077 1031 1100 manus
1053 1066 1209 1108 dextrae,
1233 1074 1268 1100 et
1288 1066 1406 1112 pedis:
1430 1066 1514 1112 quia
1535 1065 1571 1099 in
1593 1065 1669 1100 istis
1691 1066 1793 1112 parti-

226 1121 290 1155 bus
312 1121 471 1167 primum
493 1120 591 1167 lepra
614 1120 850 1165 dignoscitur,
866 1127 899 1154 et
914 1120 1080 1154 sentitur:
1105 1120 1367 1154 adhibebantur
1389 1119 1498 1154 etiam
1520 1119 1605 1153 huic
1628 1119 1711 1153 ritui
1733 1124 1794 1154 tres

225 1174 403 1220 liquores,
424 1176 556 1220 samguis
580 1173 912 1219 contra,sanguinis
936 1173 1227 1219 corruptionem:
1251 1173 1357 1208 oleum
1380 1173 1424 1207 ad
1451 1172 1716 1219 designandam
1743 1183 1795 1207 sa-

224 1228 411 1263 nationem
433 1228 568 1262 morbi:
591 1239 680 1274 aqua
705 1229 788 1262 viva
811 1227 854 1261 ad
882 1227 1153 1261 emundandam
1175 1227 1397 1273 spurcitiam.

295 1281 472 1328 Figuralis
494 1289 616 1316 autem
637 1281 729 1316 ratio
757 1288 844 1323 erat,
875 1280 957 1327 quia
980 1292 1042 1327 per
1064 1280 1154 1315 duos
1176 1292 1339 1326 passeres
1369 1280 1592 1326 significatur
1614 1279 1792 1322 divinitas,

226 1343 260 1370 et
281 1335 487 1370 hnmanitas
503 1335 658 1370 Christi:
681 1346 837 1381 quorum
856 1346 950 1376 uuus,
967 1334 1106 1368 scilicet
1123 1334 1343 1375 humanitas,
1358 1334 1556 1369 immolatur
1569 1335 1689 1368 invase
1698 1334 1795 1380 fictili

223 1395 320 1435 super
338 1401 441 1435 aquas
453 1390 618 1430 vivam&
642 1388 725 1434 quia
739 1400 802 1434 per
816 1388 1025 1434 passionem
1041 1387 1178 1422 Christi
1193 1399 1308 1434 aquae
1325 1387 1495 1434 baptismi
1513 1395 1793 1422 consecrantur:

228 1443 313 1477 alius
335 1451 468 1485 autem,
484 1442 622 1477 scilicet
637 1441 867 1488 impassibilis
883 1441 1062 1484 divinitas,
1076 1443 1173 1476 vivus
1188 1443 1378 1477 remanebat
1386 1454 1398 1482 ;
1422 1442 1504 1488 quia
1520 1441 1686 1475 divinitas
1701 1441 1795 1475 mori

226 1508 301 1531 non
323 1504 459 1543 potest:
484 1496 578 1530 unde
593 1503 627 1530 et
648 1495 823 1536 avolabat;
847 1495 930 1541 quia
951 1495 1120 1542 passione
1136 1495 1309 1541 adstringi
1323 1506 1396 1529 non
1411 1503 1570 1541 poterat:
1593 1495 1645 1531 hic
1672 1503 1794 1529 autem

224 1557 337 1596 paam·
360 1552 459 1585 vivus
484 1550 582 1585 simul
608 1562 683 1584 cum
709 1550 798 1595 ligno
827 1549 970 1591 cedrum,
994 1554 1023 1584 et
1049 1561 1154 1591 cocco,
1177 1549 1372 1591 wrmiculo,
1396 1554 1424 1584 et
1442 1549 1586 1596 hyssopo,
1607 1549 1699 1584 idest
1712 1548 1794 1590 fide,

226 1616 302 1651 spe,
324 1612 359 1638 et
381 1604 567 1645 charitate,
590 1611 628 1637 ut
653 1614 760 1650 supra
782 1603 919 1637 dictum
942 1611 995 1638 est
1018 1603 1096 1647 (art.
1123 1614 1156 1648 4.
1182 1603 1251 1649 huj.
1267 1615 1297 1649 q.
1312 1602 1354 1637 ad
1367 1603 1430 1648 4),
1453 1604 1600 1638 mittitur
1618 1604 1653 1637 iu
1672 1614 1795 1649 aquam

227 1658 268 1692 ad
288 1657 543 1705 asparg21ndmn;
573 1657 656 1703 quia
677 1657 713 1690 in
736 1656 804 1691 fide
826 1657 908 1698 Dei,
928 1664 963 1691 et
983 1656 1143 1691 hominis
1165 1656 1407 1702 baptizamur:
1431 1656 1548 1692 lavant
1572 1661 1680 1692 autem
1699 1657 1794 1690 homo

226 1723 289 1758 per
312 1723 441 1758 aquam
462 1711 643 1757 baptismi,
663 1718 697 1745 et
718 1710 952 1744 lacrimarum
966 1712 1159 1745 vestiuwuta
1179 1721 1250 1752 sua,
1273 1710 1366 1745 idest
1387 1721 1509 1756 opera,
1525 1718 1560 1745 et
1577 1722 1685 1746 omues
1696 1710 1794 1757 pilos,

228 1765 320 1799 idest
350 1765 607 1811 cogitationes:
640 1765 779 1810 tingitur
806 1769 914 1798 autem
941 1769 1125 1799 extremum
1162 1764 1334 1799 amiculae
1361 1763 1493 1798 dextrae
1519 1766 1600 1811 ejus,
1626 1765 1684 1810 qui
1700 1776 1798 1798 mun-

229 1819 329 1854 datur
355 1819 391 1853 de
412 1820 583 1864 sanguiue,
610 1823 638 1853 et
663 1818 698 1853 dc
725 1818 812 1859 oleo;
842 1826 880 1852 ut
902 1819 978 1864 ejus
1010 1818 1173 1852 auditum
1203 1818 1343 1852 muniat
1372 1826 1498 1853 contra
1528 1818 1796 1865 corrumpentia

230 1873 357 1907 verba:
375 1873 511 1919 pollices
529 1877 636 1906 autum
665 1883 783 1906 *numus
800 1871 945 1913 dextrae,
968 1871 1098 1918 etpedes
1120 1873 1307 1917 tinguantur,
1322 1879 1361 1906 ut
1378 1872 1423 1906 sit
1437 1872 1513 1918 ejus
1535 1872 1630 1907 actio
1652 1879 1795 1907 sancta:

232 1926 302 1960 alia
322 1937 423 1969 vero,
437 1937 529 1972 quae
545 1926 588 1960 ad
607 1925 701 1960 hanc
728 1925 1019 1972 purificationem
1042 1926 1233 1972 pertinent,
1255 1926 1313 1960 vel
1336 1926 1446 1960 etiam
1468 1926 1621 1960 aliarum
1643 1927 1797 1961 immun-

229 1981 410 2023 ditiarum,
432 1991 506 2015 non
527 1980 663 2014 habent
685 1979 818 2026 aliquid
842 1979 997 2026 speciale
1020 1988 1159 2026 praeter
1183 1979 1252 2014 alia
1273 1979 1449 2015 sacrificia
1467 1991 1532 2026 pro
1551 1981 1720 2027 peccatis,
1738 1980 1796 2014 vel

228 2046 293 2081 pro
316 2034 468 2069 delictis.

300 2088 361 2123 AD
384 2098 586 2130 ocTAvUM,
610 2095 644 2122 et
665 2098 806 2122 NONUM
829 2087 1035 2129 dicendum,
1058 2088 1155 2133 quod
1177 2088 1270 2122 sicut
1290 2087 1444 2134 populus
1473 2088 1725 2123 instituebatur
1752 2087 1795 2122 ad

228 2141 365 2176 cultum
392 2141 462 2175 Dei
483 2153 547 2188 per
569 2141 899 2183 circumcisionem,
930 2141 978 2175 ita
1001 2140 1166 2176 minister
1187 2153 1250 2188 per
1281 2141 1440 2194 aliquam
1461 2141 1657 2189 specialem
1679 2141 1796 2189 purifi-

228 2196 423 2237 cationem,
445 2194 503 2229 vel
526 2195 864 2237 consecrationem,
887 2195 980 2229 unde
1004 2203 1038 2229 et
1059 2195 1216 2241 separari
1239 2195 1281 2229 ab
1300 2195 1379 2229 aliis
1400 2195 1679 2243 praecipiuntur,
1694 2196 1796 2242 quasi

227 2248 431 2295 specialiter
461 2248 505 2282 ad
535 2248 777 2283 ministerium
800 2248 916 2283 cultus
947 2248 1058 2283 divini
1079 2260 1164 2295 prae
1195 2248 1273 2283 aliis
1296 2249 1474 2296 deputati:
1499 2257 1534 2284 et
1553 2257 1671 2284 totum
1698 2250 1795 2296 quod

228 2303 323 2337 circa
351 2314 413 2337 eos
435 2302 542 2336 fiebat
563 2302 598 2336 in
621 2313 749 2336 eorum
772 2302 1061 2344 consecratione,
1086 2302 1144 2337 vel
1165 2302 1402 2345 institutione,
1425 2303 1466 2337 ad
1490 2303 1562 2338 hoc
1584 2303 1796 2350 pertinebat,

228 2364 266 2391 ut
286 2356 536 2391 ostenderetur
558 2367 620 2390 eos
642 2355 775 2389 habere
795 2356 992 2402 quamdam
1015 2356 1306 2402 praerogativam
1329 2356 1503 2402 puritatis,
1526 2365 1560 2392 et
1584 2357 1735 2400 virtutis,
1762 2366 1796 2392 et

228 2410 433 2454 dignitati33
457 2418 491 2444 et
513 2409 594 2443 ideo
617 2409 653 2442 in
680 2409 905 2443 institutione
932 2409 1182 2444 ministrorum
1213 2412 1280 2445 tria
1307 2409 1458 2445 fiebant:
1477 2412 1590 2457 primo
1612 2411 1710 2445 enim
1737 2423 1797 2457 pu-

228 2463 477 2498 rificabantur:
508 2462 644 2497 sectando
680 2463 949 2505 ordinabantur,
985 2471 1020 2497 et
1055 2464 1379 2498 consecrabantur:
1407 2465 1502 2499 tertio
1525 2463 1797 2511 applicabantur

229 2517 272 2550 ad
308 2529 412 2551 usum
444 2516 651 2551 ministerii:
691 2516 971 2562 purificabantur
999 2517 1144 2562 quidem
1174 2518 1418 2552 communiter
1452 2529 1580 2553 omnes
1609 2529 1671 2564 per
1702 2518 1798 2553 ablu-

228 2571 365 2604 tionem
397 2581 522 2616 aquae,
554 2578 588 2604 et
628 2581 691 2615 per
718 2570 895 2615 quaedam
928 2570 1122 2604 sacrificia:
1151 2571 1354 2617 specialiter
1381 2579 1502 2606 autem
1530 2571 1678 2606 Levitae
1706 2572 1798 2607 rade-

230 2626 307 2659 quzl
330 2636 439 2658 ornnes
463 2625 546 2670 pilos
572 2625 682 2658 [aruis
695 2635 784 2666 suae,
808 2632 845 2657 ut
867 2624 1045 2658 habentur
1076 2624 1188 2659 Levit.
1229 2635 1298 2667 14st
1331 2625 1557 2659 consecratio
1583 2637 1669 2660 vero
1702 2626 1796 2660 circa

230 2677 437 2720 Pontifices,
472 2686 506 2711 et
535 2677 749 2711 Sacerdotes
775 2677 846 2711 hoc
875 2678 1001 2711 ordine
1030 2677 1146 2712 tiebat.
1173 2678 1298 2712 Primo
1325 2679 1434 2721 enim,
1467 2687 1659 2725 postquam
1687 2679 1797 2714 abluti

235 2739 347 2773 erant,
370 2731 609 2765 induebantur
639 2731 854 2777 quibusdam
884 2731 1106 2766 vestimentis
1130 2731 1358 2778 specialibus,
1383 2732 1642 2778 pertinentibus
1670 2733 1714 2767 ad
1740 2733 1797 2768 de-

229 2784 445 2829 signandam
476 2784 689 2828 dignitatem
718 2784 898 2830 ipsorum:
927 2785 1131 2830 specialiter
1161 2793 1280 2820 autem
1312 2785 1476 2820 Pontifex
1505 2785 1588 2820 oleo
1614 2786 1796 2821 unctionis

230 2838 265 2872 in
293 2838 409 2884 capite
444 2838 656 2883 ungebatur,
685 2846 721 2872 ut
756 2838 1014 2881 designaretur,
1037 2839 1133 2884 quod
1165 2839 1206 2873 ab
1239 2839 1316 2885 ipso
1345 2838 1610 2874 diffundebatur
1639 2847 1795 2886 potestas

230 2891 467 2925 consecrandi
489 2891 530 2925 ad
554 2891 644 2926 alios
659 2903 664 2925 :
681 2892 772 2926 sicut
787 2891 909 2927 oleum
928 2903 944 2925 a
969 2893 1084 2937 capite
1107 2892 1287 2927 derivatur
1311 2893 1352 2927 ad
1382 2891 1569 2928 inferiora:
1590 2901 1627 2927 ut
1644 2893 1795 2928 habetur
