1907 3198
497 189 722 225 QUAESTIO
757 189 862 218 XVII.
897 189 1146 219 ARTICULUS
1180 189 1238 218 VI.
1581 190 1656 233 141

147 274 378 308 RESPONDEO
393 271 604 314 dicendum,
619 271 717 318 quod
733 271 818 318 quia
833 271 925 306 ratio
942 283 1050 318 supra
1062 271 1222 318 seipsam
1236 270 1444 314 reflectitur,
1461 271 1554 306 sicut
1574 271 1667 305 ordi-

77 337 140 365 nat
148 329 192 363 de
203 328 342 362 actibus
357 327 511 362 aliarum
527 327 788 374 potentiarum,
805 327 853 361 ita
870 327 980 361 etiam
994 334 1115 373 potest
1130 326 1299 360 ordinare
1311 325 1355 360 de
1367 337 1433 360 suo
1451 334 1554 368 actu;
1569 325 1665 360 unde

78 384 188 419 etiam
210 390 310 417 actus
327 393 411 416 suus
428 381 490 426 [al.
505 381 621 428 ipsius]
645 389 765 428 potest
781 392 859 415 esse
875 381 1086 428 imperatus.
1111 380 1183 415 Sed
1208 380 1472 415 attendendum
1489 388 1554 421 est,
1566 379 1664 426 quod

78 445 177 472 actus
199 436 349 471 rationis
368 444 488 482 potest
507 435 731 470 considerari
750 435 936 482 dupliciter.
967 436 1039 470 Uno
1062 435 1170 477 modo,
1187 443 1366 481 quantum
1386 435 1431 469 ad
1450 434 1666 469 exercitium

77 499 196 527 actus:
211 498 247 525 et
267 491 317 525 sic
334 498 434 525 actus
450 490 602 525 rationis
624 501 769 536 semper
787 489 960 537 imperari
979 497 1120 536 potest:
1145 489 1238 524 sicut
1258 501 1343 523 cum
1358 489 1529 523 indicitur
1545 488 1666 530 alicui,

76 545 173 594 quod
196 545 369 588 attendat,
392 553 427 579 et
447 545 589 579 ratione
611 553 742 579 utatur.
765 545 842 580 Alio
869 544 978 588 modo,
999 552 1178 591 quantum
1202 544 1245 578 ad
1274 544 1472 590 objectum,
1496 551 1666 590 respectu

77 601 178 647 cujus
192 599 256 634 duo
279 607 380 634 actus
402 599 554 634 rationis
578 599 822 634 attenduntur.
843 600 961 634 Primo
978 599 1139 645 quidem,
1155 607 1194 633 ut
1208 599 1401 633 veritatem
1417 599 1514 633 circa
1531 597 1667 644 aliquid

77 653 347 702 apprehendat:
367 661 402 688 et
419 653 492 688 hoc
514 664 591 688 non
614 661 667 688 est
680 653 717 686 in
732 660 912 699 potestate
928 661 1074 687 nostra:
1098 653 1171 687 hoc
1195 653 1294 687 enim
1311 652 1492 699 contingit
1513 663 1577 698 per
1598 651 1668 685 vir-

74 716 190 744 tutem
212 707 364 754 alicujus
385 707 535 743 luminis
556 708 615 743 vel
636 707 823 751 naturalis,
844 707 904 742 vel
925 707 1236 754 supernaturalis;
1259 716 1295 742 et
1316 707 1399 742 ideo
1423 715 1602 754 quantum
1623 706 1667 740 ad

74 763 147 798 hoc
175 770 276 797 actus
302 762 454 797 rationis
480 774 556 797 non
585 771 639 798 est
666 763 703 796 in
730 770 910 809 potestate
936 771 1074 805 nostra,
1101 773 1169 797 nec
1203 762 1377 809 imperari
1408 769 1538 808 potest.
1567 760 1668 796 Alius

76 825 199 852 autem
219 825 320 852 actus
338 817 490 852 rationis
510 826 574 860 est,
594 818 682 852 dum
700 817 768 860 his,
788 828 882 864 quae
901 817 1152 864 apprehendit,
1173 816 1340 859 assentit;
1360 816 1518 863 si·igitur
1534 814 1669 849 fuerint

74 871 162 908 talia
183 872 424 919 apprehensa,
441 872 570 918 quibus
585 871 800 907 naturaliter
813 871 1021 906 intellectus
1037 871 1222 913 assentiat,
1237 871 1331 906 sicut
1344 871 1463 918 prima
1478 869 1668 917 principia,

76 938 244 962 assensus
265 926 408 970 talium,
430 927 489 962 vel
513 927 696 962 dissensus
718 938 793 961 non
817 935 871 961 est
892 927 929 961 in
951 935 1131 974 potestate
1153 934 1291 968 nostra,
1314 926 1376 960 sed
1399 926 1436 960 in
1459 925 1587 960 ordine
1609 935 1669 958 na-

74 990 196 1017 turae:
219 989 254 1016 et
271 981 367 1024 ideo,
386 981 533 1029 proprie
552 981 752 1029 loquendo,
767 989 919 1016 naturae
938 982 1095 1029 imperio
1115 982 1289 1028 subjacet.
1311 981 1405 1016 Sunt
1423 989 1547 1015 autem
1563 991 1669 1026 quae-

75 1036 161 1071 dam
180 1036 420 1083 apprehensa,
443 1048 536 1083 quae
557 1048 634 1071 non
657 1036 749 1071 adeo
773 1036 999 1071 convincunt
1020 1036 1264 1079 intellectum,
1287 1036 1374 1083 quin
1405 1035 1521 1083 possit
1550 1045 1670 1069 assen-

73 1091 153 1134 tire,
173 1090 234 1125 vel
255 1091 457 1134 dissentire,
478 1090 538 1125 vel
559 1090 691 1127 saltem
719 1102 921 1134 assensum,
948 1091 1007 1126 vel
1034 1091 1243 1126 dissensum
1271 1090 1493 1137 suspendere
1520 1097 1670 1137 propter

76 1145 238 1192 aliquam
260 1156 429 1180 causam:
453 1153 489 1180 et
508 1145 546 1180 in
564 1145 697 1181 talibus
717 1157 886 1181 assensus
904 1146 994 1193 ipse,
1009 1145 1069 1180 vel
1083 1146 1269 1181 dissensus
1288 1145 1325 1179 in
1343 1153 1524 1192 potestate
1543 1152 1669 1179 nostra

75 1208 140 1243 est,
163 1207 200 1235 et
219 1199 284 1235 sub
306 1199 464 1247 imperio
488 1199 595 1235 cadit.

57 1255 59 1257 ’
147 1255 208 1290 AD
230 1265 383 1290 PRIMUM
405 1266 495 1302 ergo
515 1254 727 1298 dicendum,
746 1255 846 1302 quod
865 1255 958 1296 ratio
977 1255 1050 1290 hoc
1071 1255 1185 1289 modo
1207 1255 1365 1302 imperat
1384 1254 1451 1289 sibi
1469 1253 1549 1301 ipsi,
1576 1253 1670 1289 sicut

75 1317 111 1344 et
135 1308 307 1345 voluntas
333 1317 461 1344 movet
486 1309 658 1357 seipsam,
686 1318 726 1344 ut
752 1321 861 1357 supra
889 1310 1028 1344 dictum
1057 1317 1111 1344 est
1137 1309 1185 1356 (q.
1210 1322 1242 1357 9.
1271 1314 1335 1344 art.
1354 1309 1421 1357 3.).·
1450 1309 1669 1356 inquantum

75 1363 216 1399 scilicet
244 1372 398 1412 utraque
427 1364 592 1412 potentia
621 1363 820 1400 reflectitur
850 1376 958 1411 supra
987 1376 1095 1399 suum
1125 1372 1261 1407 actum,
1289 1372 1325 1398 et
1350 1375 1393 1398 ex
1415 1375 1489 1399 uno
1512 1364 1549 1398 in
1572 1363 1669 1398 aliud

74 1419 200 1454 tendit.

147 1474 208 1509 AD
239 1485 450 1510 SECUNDUM
477 1474 687 1517 dicendum,
716 1473 815 1521 quod
845 1481 994 1521 propter
1021 1474 1271 1509 diversitatem
1299 1474 1543 1520 objectorum,
1575 1484 1668 1519 quae

75 1528 173 1563 actui
192 1529 344 1564 rationis
365 1529 426 1575 [al.
449 1535 527 1565 actu
547 1529 691 1575 rationi]
723 1529 937 1572 subduntur,
966 1528 1058 1563 nihil
1087 1529 1270 1576 prohibet,
1299 1528 1481 1564 rationem
1510 1527 1669 1573 seipsam

74 1583 311 1631 participare:
340 1585 436 1620 sicut
464 1584 502 1621 in
531 1584 746 1632 cognitione
775 1583 1059 1619 conclusionum
1086 1584 1325 1632 participatur
1347 1583 1512 1631 cognitio
1540 1582 1671 1629 princi-

75 1650 233 1686 piorum.

147 1693 210 1730 AD
232 1704 407 1730 TERTIUM
428 1703 528 1743 patet
548 1695 740 1743 responsio
764 1706 807 1729 ex
829 1694 947 1731 dictis.

635 1840 987 1887 ARTICULUS
1022 1840 1124 1885 VII.
1604 1859 1665 1884 101

301 1950 459 1982 UTRUM
484 1950 630 1981 ACTUS
658 1950 904 1981 APPETITUS
933 1950 1149 1982 SENSITIVI
1177 1949 1442 1980 IMPERETUR.

260 2039 363 2087 (Infr.
390 2052 420 2087 q.
444 2052 498 2088 50.
525 2046 591 2077 art.
616 2053 645 2089 3.
672 2046 701 2077 et
727 2053 757 2088 q.
781 2041 836 2088 56.
865 2046 930 2077 art.
957 2052 991 2086 4.
1019 2046 1048 2076 et
1081 2041 1169 2076 Veri.
1197 2052 1228 2087 q.
1255 2051 1303 2087 25.
1332 2044 1398 2075 art.
1424 2038 1488 2085 4.).

149 2130 210 2166 AD
233 2141 429 2167 SEPTIMUM
449 2132 501 2167 sic
523 2132 744 2179 proceditur.
768 2131 934 2174 Videtur,
958 2130 1057 2178 quod
1080 2139 1182 2165 actus
1204 2129 1370 2165 sensitivi
1393 2128 1573 2175 appetitus
1592 2138 1669 2161 non

77 2185 125 2221 sit
144 2186 362 2234 imperatus:
386 2186 474 2222 dicit
495 2187 594 2222 enim
609 2186 814 2234 Apostolus
831 2187 875 2221 ad
891 2186 1049 2221 Roman.
1067 2196 1118 2232 7.:
1142 2185 1220 2220 Non
1235 2186 1323 2220 enim
1338 2183 1424 2231 quod
1439 2183 1515 2218 volo
1532 2183 1669 2225 bonum,

78 2241 137 2276 hoc
158 2252 236 2287 ago,
259 2249 294 2276 et
316 2241 438 2276 Gloss.
461 2242 566 2288 (Aug.
589 2242 645 2277 lib.
661 2254 689 2289 3.
713 2247 817 2277 contr.
829 2241 959 2286 Julian.
983 2247 1056 2289 cap.
1077 2240 1151 2285 26.)
1171 2239 1332 2287 exponit,
1347 2239 1445 2285 quod
1461 2238 1578 2272 homo
1593 2237 1672 2272 vult

79 2306 154 2330 non
177 2296 452 2343 concupiscere,
471 2304 507 2331 et
523 2304 648 2331 tamen
668 2296 913 2343 concupiscit:
934 2296 997 2330 sed
1016 2295 1278 2342 concupiscere
1297 2302 1351 2329 est
1370 2301 1471 2328 actus
1491 2292 1669 2340 appetitus

77 2350 260 2393 sensitivi;
283 2362 372 2398 ergo
397 2359 497 2386 actus
523 2351 702 2398 appetitus
724 2351 890 2385 sensitivi
912 2362 987 2385 non
1011 2350 1176 2385 subditur
1202 2349 1359 2396 imperio
1383 2356 1523 2382 nostro.

151 2414 183 2440 2.
206 2404 447 2441 PRAETEREA.
470 2405 624 2440 Materia
647 2405 849 2451 corporalis
873 2404 943 2440 soli
963 2405 1046 2439 Deo
1070 2404 1205 2446 obedit,
1229 2411 1407 2450 quantum
1430 2402 1473 2436 ad
1493 2411 1672 2436 transmu-

79 2459 258 2494 tationem
278 2459 488 2503 formalem,
511 2468 550 2495 ut
571 2460 608 2494 in
630 2460 749 2507 primo
771 2460 939 2494 habitum
963 2468 1017 2494 est
1041 2460 1086 2506 (q.
1110 2471 1177 2505 105.
1201 2463 1265 2493 art.
1286 2471 1312 2494 1.
1333 2463 1363 2493 et
1381 2470 1410 2504 q.
1432 2469 1501 2493 110.
1522 2461 1586 2491 art.
1605 2457 1670 2502 2.):

80 2513 143 2549 sed
165 2521 267 2549 actus
287 2515 466 2561 appetitus
486 2515 650 2549 sensitivi
667 2514 779 2549 habet
797 2514 999 2561 quamdam
1016 2513 1214 2548 formalem
1232 2512 1580 2547 transmutationem
1596 2522 1672 2545 cor-

81 2568 190 2616 poris,
204 2570 406 2604 secundum
422 2568 597 2612 calorem,
611 2568 671 2603 vel
684 2568 818 2616 frigus;
835 2580 923 2616 ergo
935 2576 1037 2603 actus
1053 2568 1233 2616 appetitus
1244 2567 1407 2602 sensitivi
1422 2578 1496 2601 non
1508 2565 1672 2600 subditur

81 2623 236 2670 imperio
258 2623 435 2658 humano.

155 2689 185 2725 3.
214 2678 454 2713 PRAETEREA.
482 2678 677 2725 Proprium
704 2678 889 2713 motivum
917 2679 1095 2725 appetitus
1129 2676 1293 2712 sensitivi
1320 2684 1373 2711 est
1401 2674 1670 2722 apprehensum

81 2733 284 2767 secundum
299 2744 460 2775 sensum,
474 2732 534 2767 vel
548 2733 871 2779 imaginationem:
892 2733 954 2767 sed
969 2744 1044 2766 non
1061 2740 1115 2766 est
1130 2732 1166 2765 in
1181 2738 1361 2778 potestate
1373 2738 1497 2764 nostra
1514 2740 1670 2775 semper,

83 2787 180 2833 quod
202 2787 336 2834 aliquid
367 2787 684 2834 apprehendamus
707 2799 828 2829 sensu,
850 2787 909 2822 vel
931 2787 1221 2834 imaginatione3
1250 2797 1338 2832 ergo
1363 2793 1464 2819 actus
1488 2784 1667 2830 appetitus

83 2841 245 2876 sensitivi
266 2853 341 2877 non
360 2842 524 2888 subjacet
543 2842 697 2889 imperio
720 2850 858 2877 nostro.

156 2895 232 2931 SED
254 2906 412 2932 CONTRA
440 2904 504 2939 est,
533 2896 630 2943 quod
655 2895 858 2943 Gregorius
878 2896 1069 2943 Nyssenus
1092 2895 1179 2930 dicit
1201 2895 1270 2940 (vel
1292 2894 1422 2929 Names.
1445 2893 1501 2928 lib.
1530 2892 1566 2927 de
1588 2892 1668 2927 Nat.

85 2949 187 2985 Hom.
206 2957 280 2999 cap.
298 2952 351 2988 16.
374 2963 394 2986 a
409 2953 555 2999 princ),
575 2951 673 2998 quod
696 2951 871 2986 obediens
894 2951 1027 2986 rationi
1049 2950 1221 2985 dividitur
1243 2951 1278 2984 in
1302 2948 1387 2991 duo,
1410 2948 1445 2983 in
1465 2947 1672 2982 desiderati·
