1907 3198
588 174 814 211 QUAESTIO
847 173 948 203 XLV.
982 172 1232 204 ARTICULUS
1266 173 1294 202 Ι.
1624 172 1707 214 319

114 258 258 293 minens
280 265 429 305 propter
446 257 641 292 victoriam
663 257 718 292 sui
737 268 844 305 supra
862 256 983 304 ipsum
1001 255 1230 303 periculum3
1253 254 1348 289 unde
1371 253 1563 288 manifeste
1584 254 1711 288 timori

115 312 358 348 contrariatur
379 311 542 346 audacia.

187 366 248 402 AD
267 377 419 402 PRIMUM
443 377 531 412 ergo
555 365 764 408 dicendum,
784 365 882 413 quod
908 365 973 407 ira,
1001 373 1036 399 et
1062 364 1226 406 audacia,
1250 371 1285 398 et
1306 363 1474 398 omnium
1496 362 1711 410 passionum

112 420 266 456 nomina
287 420 466 468 dupliciter
488 420 605 467 accipi
626 428 796 467 possunt3
819 431 885 454 uno
906 419 1016 462 modo,
1039 418 1242 454 secundum
1265 418 1363 465 quod
1385 418 1588 464 important
1610 417 1711 451 abso-

111 475 187 510 lute
209 482 332 510 motus
355 474 534 521 appetitus
557 475 721 509 sensitivi
739 475 775 509 in
798 474 947 521 aliquod
966 473 1152 520 objectum
1171 473 1324 515 bonurn,
1342 472 1402 507 vel
1423 471 1581 506 malurn:
1605 480 1641 506 et
1658 471 1709 505 sic

111 538 196 566 sunt
215 529 369 564 nomina
391 529 630 576 passionum;
657 529 723 564 alio
751 529 860 571 modo,
890 528 1093 563 secundum
1121 527 1219 574 quod
1247 526 1357 562 simul
1385 538 1469 561 curn
1496 526 1711 572 hujusmodi

111 593 217 619 motu
238 583 440 630 important
466 595 654 618 recessum
682 584 724 618 ab
753 583 881 618 ordine
908 582 1078 618 rationis:
1103 590 1138 617 et
1159 582 1210 616 sic
1233 590 1316 616 sunt
1337 582 1491 615 nomina
1513 580 1708 615 vitiorum:

112 647 147 674 et
167 639 240 674 hoc
263 638 377 673 modo
400 637 563 685 loquitur
585 639 681 685 Aug.
705 638 749 673 de
773 637 945 672 audacia:
974 637 1038 672 sed
1064 648 1132 671 nos
1159 636 1347 683 loquimur
1368 647 1464 670 nunc
1488 635 1532 670 de
1556 635 1709 669 audacia

111 693 315 729 secundum
331 694 488 741 primum
510 693 658 728 modum.

183 748 245 784 AD
267 758 478 784 SECUNDUM
501 747 711 790 dicendum,
734 746 833 794 quod
860 747 922 781 uni
945 745 1148 782 secundum
1169 745 1267 780 idem
1290 756 1366 779 non
1388 752 1472 779 sunt
1492 743 1597 791 plura
1624 755 1710 778 con-

109 801 243 838 traria:
267 802 330 838 sed
352 802 556 837 secundum
584 802 727 837 diversa
748 801 841 836 nihil
862 801 1044 848 prohibet,
1066 801 1129 835 uni
1150 799 1254 848 plura
1276 799 1502 841 contrariari,
1525 807 1560 833 et
1581 798 1632 833 sic
1660 798 1709 832 di-

111 864 211 892 ctum
234 864 288 892 est
309 868 419 904 supra
442 860 488 903 (q.
504 868 551 904 23.
567 862 632 892 art.
646 868 678 892 2.
693 861 724 892 et
737 868 767 903 q.
781 867 838 902 40.
854 861 920 892 art.
935 857 1001 902 4.)‚
1025 855 1124 902 quod
1146 855 1335 902 passiones
1356 853 1550 888 irascibilis
1571 853 1709 888 habent

109 911 273 960 duplicem
295 911 615 955 contrarietatem
638 923 742 946 unam
764 910 968 946 secundum
995 910 1269 957 oppositionem
1291 908 1391 951 boni,
1414 916 1450 943 et
1470 907 1579 951 mali3
1602 916 1637 942 et
1655 907 1707 942 sic

107 965 222 1001 timor
242 966 484 1001 contrariatur
505 966 601 1013 spei:
625 966 731 1001 aliam
749 965 950 1000 secundum
972 964 1247 1012 oppositionem
1267 974 1447 1006 accessus,
1467 970 1503 998 et
1520 973 1706 1005 recessus;

109 1028 145 1056 et
166 1020 217 1056 sic
239 1020 366 1056 timori
388 1021 632 1055 contrariatur
654 1020 819 1063 audacia,
842 1020 920 1067 spei
940 1031 1029 1054 vero
1052 1019 1270 1066 desperatio.

179 1074 241 1110 AD
264 1085 440 1110 TERTIUM
463 1074 673 1118 dicendum,
696 1074 794 1122 quod
817 1074 993 1109 securitas
1014 1085 1091 1109 non
1113 1073 1296 1121 significat
1318 1072 1455 1120 aliquid
1478 1072 1706 1107 contrarium

107 1129 245 1173 timori,
267 1129 330 1164 sed
357 1129 477 1164 solam
503 1129 646 1164 timoris
673 1128 949 1172 exclusionem3
976 1128 1038 1163 ille
1066 1128 1165 1163 enim
1192 1128 1324 1162 dicitur
1351 1138 1429 1162 esse
1457 1138 1618 1169 securus,
1644 1126 1707 1173 qui

107 1196 184 1220 non
217 1185 339 1228 timet3
369 1184 466 1219 unde
493 1185 669 1220 securitas
701 1184 899 1231 opponitur
931 1184 1058 1218 timori
1087 1183 1180 1218 sicut
1209 1183 1377 1230 privatio,
1405 1182 1559 1217 audacia
1582 1189 1706 1216 autem

108 1239 203 1274 sicut
225 1239 470 1274 contrarium:
494 1246 530 1274 et
550 1239 645 1274 sicut
666 1238 892 1274 contrarium
909 1237 1064 1273 includit
1084 1238 1122 1272 in
1143 1249 1180 1273 se
1202 1237 1460 1285 privationem,
1481 1237 1531 1272 ita
1553 1235 1707 1271 audacia

107 1293 353 1330 securitatem.

685 1437 1037 1484 ARTICULUS
1073 1437 1130 1480 Π.
1632 1445 1702 1490 248

445 1548 603 1579 UTRUM
634 1548 835 1579 AUDACIA
869 1547 1203 1584 CONSEQUATUR
1236 1547 1361 1577 SPEM·

342 1637 462 1685 (Supr.
485 1649 515 1684 q.
538 1649 587 1685 25.
609 1642 674 1673 art.
692 1649 721 1685 3.
745 1645 838 1686 corp.
859 1643 887 1674 et
908 1638 992 1685 infr.
1008 1644 1161 1685 praesen.
1184 1649 1215 1684 q.
1238 1641 1304 1672 art.
1325 1648 1352 1683 3.
1373 1641 1462 1683 corp.

154 1697 185 1729 et
201 1703 268 1728 2-2.
295 1703 326 1739 q.
348 1703 416 1739 125.
438 1697 505 1728 art.
526 1703 559 1728 2.
581 1692 625 1728 ad
641 1705 670 1740 3.
693 1697 722 1728 et
743 1705 773 1740 q.
795 1704 870 1740 129.
893 1698 958 1728 art.
982 1704 1012 1739 7.
1036 1699 1130 1740 corp.
1152 1697 1181 1727 et
1209 1692 1297 1727 Veri.
1320 1703 1350 1738 q.
1365 1702 1414 1738 25.
1433 1695 1498 1726 art.
1509 1702 1539 1738 5.
1555 1689 1598 1726 ad
1619 1702 1651 1726 2.

651 1752 679 1783 et
696 1760 725 1795 3.
748 1747 825 1783 Eth.
847 1747 917 1783 lect.
939 1759 973 1793 4.
993 1759 1077 1783 com.
1096 1747 1156 1794 3.).

177 1837 239 1873 AD
267 1847 478 1873 SECUNDUM
505 1837 556 1872 sic
583 1837 805 1884 proceditur.
828 1837 995 1880 Videtur,
1024 1836 1123 1884 quod
1159 1836 1312 1871 audacia
1343 1847 1418 1871 non
1455 1844 1702 1883 consequatur

104 1903 208 1940 spem
219 1905 228 1936 ;
251 1892 405 1927 audacia
423 1891 522 1927 enim
541 1900 595 1927 est
613 1901 780 1940 respectu
800 1891 997 1935 malorum,
1013 1901 1049 1927 et
1065 1891 1294 1934 terribilium,
1310 1899 1349 1926 ut
1363 1891 1495 1926 dicitur
1508 1891 1545 1926 in
1571 1902 1600 1937 3.
1617 1890 1699 1925 Eth.

107 1946 195 1994 (cap.
211 1958 242 1994 7.
257 1948 318 1982 cir.
337 1946 452 1992 med),
468 1957 549 1993 spes
566 1955 688 1982 autem
703 1947 851 1994 respicit
864 1947 1016 1989 bonum,
1032 1955 1070 1981 ut
1089 1957 1196 1993 supra
1211 1946 1350 1981 dictum
1367 1954 1420 1981 est
1432 1945 1477 1992 (q.
1488 1957 1546 1991 40.
1559 1950 1622 1980 art.
1638 1946 1699 1992 I.),·

105 2012 194 2049 ergo
221 2001 359 2036 habent
384 2000 528 2036 diversa
554 2001 710 2048 objecta,
737 2009 773 2036 et
798 2012 874 2036 non
901 2009 985 2036 sunt
1007 2001 1113 2036 unius
1141 2001 1300 2044 ordinis,
1328 2011 1416 2048 ergo
1445 2000 1598 2035 audacia
1624 2011 1700 2034 non

105 2056 342 2103 consequitur
363 2066 478 2103 spem.

177 2120 209 2145 2.
227 2110 468 2146 PRAETEREA.
492 2109 596 2145 Sicut
618 2110 771 2145 audacia
793 2110 1036 2145 contrariatur
1056 2110 1193 2154 timori,
1215 2110 1265 2145 ita
1287 2110 1494 2157 desperatio
1517 2109 1613 2156 spei:
1636 2109 1699 2144 sed

104 2164 218 2200 timor
231 2176 307 2200 non
320 2164 484 2212 sequitur
497 2164 812 2212 desperationem:
829 2165 1036 2212 quinimmo
1059 2164 1265 2212 desperatio
1280 2164 1440 2200 excludit
1452 2164 1638 2207 timorem,
1660 2172 1700 2198 ut

104 2218 244 2255 Philos.
267 2219 356 2254 dicit
376 2219 413 2254 in
434 2218 587 2254 Rhetor.
612 2219 700 2267 (cap.
720 2231 749 2266 5.
768 2231 788 2254 α
807 2219 930 2266 med.);
951 2230 1039 2266 ergo
1060 2220 1213 2254 audacia
1231 2230 1307 2254 non
1327 2219 1564 2266 consequitur
1582 2229 1696 2265 spem.

179 2285 209 2322 3.
230 2274 472 2310 PRAETEREA.
495 2274 662 2308 Audacia
685 2274 839 2308 intendit
861 2274 1049 2321 quoddam
1066 2274 1219 2317 bonurn,
1239 2273 1380 2309 scilicet
1396 2274 1610 2308 victoriam:
1635 2273 1697 2308 sed

103 2328 253 2364 tendere
274 2328 311 2363 in
328 2329 470 2364 bonum
489 2328 644 2363 arduum
667 2329 823 2375 pertinet
838 2328 881 2363 ad
897 2340 1018 2376 spem3
1041 2340 1130 2376 ergo
1154 2329 1307 2364 audacia
1323 2337 1377 2364 est
1390 2329 1489 2364 idern
1504 2329 1601 2376 spei;
1621 2339 1698 2363 non

104 2394 194 2431 ergo
217 2383 454 2430 consequitur
472 2395 587 2430 spem.

177 2437 253 2473 SED
281 2448 439 2474 CONTRA
459 2445 523 2480 est,
546 2437 644 2484 quod
667 2437 806 2473 Philos.
826 2438 913 2473 dicit
929 2438 966 2472 in
986 2449 1014 2485 3.
1034 2438 1196 2473 Ethicor.
1220 2439 1310 2486 (cap.
1333 2440 1365 2475 8.
1382 2444 1458 2486 post
1476 2438 1579 2484 med.)
1598 2437 1696 2485 quod

103 2490 168 2535 illi,
189 2492 356 2539 quisunt
381 2492 502 2527 bonae
529 2492 618 2538 spei,
651 2500 735 2526 sunt
765 2492 941 2528 audaces:
964 2492 1109 2527 videtur
1136 2504 1236 2540 ergo,
1264 2493 1362 2540 quod
1391 2493 1544 2527 audacia
1572 2503 1697 2527 conse-

104 2554 236 2593 quatur
256 2557 372 2594 spem.

174 2599 409 2636 RESPONDEO
439 2600 649 2643 dicendum,
672 2600 782 2647 quod,
809 2601 903 2636 sicut
935 2602 1010 2648 jam
1039 2601 1173 2649 pluries
1205 2601 1344 2636 dictum
1367 2610 1420 2636 est
1443 2602 1490 2647 (et
1513 2602 1696 2648 praecipue

104 2666 134 2701 q.
155 2666 210 2691 22.
229 2660 294 2690 art.
317 2657 381 2701 2.),
399 2665 528 2690 omnes
550 2655 765 2701 hujusmodi
787 2656 976 2702 passiones
1000 2656 1145 2690 animae
1165 2655 1209 2690 ad
1229 2656 1467 2703 appetitivam
1490 2655 1693 2702 potentiam

103 2709 294 2756 pertinent.
319 2709 454 2745 Omnis
476 2717 599 2743 autem
622 2717 744 2744 motus
771 2710 989 2756 appetitivae
1020 2711 1205 2757 potentiae
1235 2711 1421 2745 reducitur
1452 2710 1495 2744 ad
1527 2721 1696 2756 prosecu-

103 2762 256 2806 tionem,
277 2763 336 2798 vel
357 2762 502 2810 fugam:
525 2763 735 2810 prosecutio
759 2772 894 2806 autem,
916 2764 975 2799 vel
1001 2763 1087 2811 fuga
1116 2773 1169 2799 est
1195 2764 1349 2810 alicujus
1377 2772 1412 2798 et
1432 2770 1495 2811 per
1514 2775 1557 2807 se,
1582 2771 1617 2798 et
1632 2770 1696 2810 per

57 2840 59 2844 »
104 2817 272 2853 accidens.-
294 2829 359 2864 per
380 2829 417 2852 se
440 2817 588 2865 quidem
612 2826 665 2852 est
686 2818 894 2865 prosecutio
916 2819 1016 2861 boni,
1038 2818 1124 2866 fuga
1145 2830 1234 2853 vero
1258 2817 1361 2853 mali:
1385 2830 1448 2865 per
1470 2818 1619 2854 accidens
1637 2829 1696 2852 au-

103 2878 180 2906 tem
201 2879 322 2919 potest
342 2871 553 2919 prosecutio
576 2883 655 2907 esse
678 2872 766 2906 mali
788 2881 936 2920 propter
958 2872 1107 2920 aliquod
1130 2873 1269 2907 bonum
1293 2873 1519 2919 adjunctum,
1547 2880 1582 2906 et
1608 2871 1692 2918 fuga

103 2923 192 2960 boni
217 2934 366 2974 propter
392 2925 541 2974 aliquod
568 2925 708 2961 malum
737 2927 962 2974 adjunctum,
984 2927 1082 2974 quod
1111 2935 1234 2962 autem
1262 2935 1316 2962 est
1342 2938 1406 2974 per
1433 2926 1616 2969 accidens,
1643 2937 1693 2961 se-
