1907 3198
481 215 704 253 QUAESTIO
739 213 948 245 Lxxxvm.
981 212 1227 244 ART1cutus
1260 211 1317 243 iv.
1428 213 1435 222 ·
1593 200 1673 256 633

180 300 242 336 AD
262 309 412 335 PRIMUM
433 309 522 343 ergo
545 297 753 339 dicendum,
767 296 865 344 quod
882 296 1107 341 Augustinus
1125 295 1284 342 loquitur
1302 294 1337 328 in
1357 293 1420 329 illo
1439 304 1560 335 sensu,
1579 293 1677 340 quod

108 352 225 388 multa
244 361 395 400 peccata
416 351 571 387 venialia
593 351 804 398 dispositive
827 359 978 384 causant
1000 349 1166 384 mortale.

178 405 242 442 Au
267 415 475 442 SECUNDUM
497 404 705 446 dicendum,
732 404 829 450 quod
856 403 915 438 ille
942 403 1041 438 idem
1067 410 1189 437 motus
1215 401 1469 442 sensualitatis,
1495 400 1556 447 qui
1579 411 1679 446 prae-

107 459 216 495 cessit
235 470 457 494 consensum
482 458 644 500 rationis,
671 468 874 504 numquam
896 456 934 491 fit
960 464 1152 503 peccatum
1177 455 1346 498 mortale,
1372 455 1435 490 sed
1468 454 1545 500 ipse
1575 462 1678 488 actus

106 513 258 548 rationis
279 511 551 548 consentientis.

178 566 240 602 AD
257 576 430 602 TERTIUM
452 565 660 606 dicendum,
681 563 778 611 quod
801 563 950 598 morbus
965 563 1164 610 corporalis
1182 573 1257 597 non
1275 570 1330 597 est
1349 570 1461 603 actus,
1477 560 1538 596 sed
1561 560 1679 607 dispo-

105 619 189 656 sitio
209 619 390 667 quaedam
412 629 645 666 permanens:
667 617 762 652 unde
784 618 912 652 eadem
929 628 1079 651 manens
1098 624 1218 663 potest
1231 616 1381 650 mutari:
1401 615 1464 650 sed
1483 622 1677 661 peccatum

104 672 247 709 veniale
267 680 323 709 est
342 681 443 708 actus
463 672 652 714 transiens,
674 671 736 718 qui
756 670 893 706 resumi
914 681 989 704 non
1011 679 1146 717 potest:
1169 678 1204 705 ct
1230 677 1407 716 quantum
1433 668 1478 703 ad
1499 668 1571 703 hoc
1599 678 1677 702 non

106 734 162 763 est
180 726 311 762 simile.

115 795 122 800 ·
176 780 239 816 AD
252 789 442 820 αυΑιιτυκ
462 778 671 821 dicendum,
696 777 794 825 quod
820 777 1022 824 dispositio,
1048 788 1141 824 quae
1168 776 1207 811 fit
1231 776 1387 818 habitus,
1414 784 1468 811 est
1493 775 1588 811 sicut
1612 774 1678 809 im-

104 832 307 882 perfectum
327 833 364 868 in
385 832 515 868 eadem
535 832 677 878 specie;
698 831 791 866 sicut
811 830 1025 878 imperfecta
1046 830 1209 872 scientia,
1231 830 1317 864 dum
1340 829 1535 876 perficitur,
1557 828 1596 864 fit
1616 828 1677 863 ha-

102 887 214 924 bitus:
234 886 299 923 sed
318 885 462 922 veniale
483 894 674 933 peccatum
696 892 750 920 est
766 884 955 931 dispositio
978 884 1125 919 alterius
1147 885 1302 930 generis,
1320 883 1414 919 sicut
1434 882 1606 918 accidens
1630 881 1673 916 ad

102 939 261 977 formam
282 939 570 983 substantialem,
591 939 629 974 in
651 949 761 986 quam
782 949 985 985 numquam
1007 946 1178 973 mutatur.

673 1067 1021 1114 ARTICULUS
1055 1067 1110 1111 v.
1604 1086 1671 1124 472

161 1177 317 1210 UTRUM
342 1177 703 1210 CIRCUMSTANTIA
726 1177 879 1207 POSSIT
907 1176 1072 1206 FACERE
1106 1176 1163 1205 DE
1185 1173 1363 1204 VENIALI
1388 1173 1612 1204 MORTALE.

125 1271 213 1319 (a-a.
238 1283 270 1320 q.
290 1283 362 1309 no.
382 1275 448 1307 art.
467 1282 503 1317 4.
523 1270 567 1306 ad
583 1282 613 1318 5.
635 1275 667 1306 et
684 1282 716 1316 4.
739 1270 827 1306 Dist.
850 1270 900 1306 16.
923 1281 954 1316 q.
973 1281 1001 1316 3.
1024 1274 1090 1304 art.
1109 1280 1140 1304 2.
1162 1273 1194 1304 et
1209 1279 1243 1312 4.
1265 1273 1293 1303 et
1315 1267 1398 1302 Mal.
1418 1279 1448 1314 q.
1470 1279 1502 1303 2.
1525 1272 1590 1302 art.
1611 1267 1643 1302 8.

434 1330 464 1360 et
488 1336 519 1372 q.
538 1335 568 1372 7.
591 1329 656 1360 art.
678 1335 710 1369 4.
727 1331 791 1371 per
811 1328 866 1359 tot.
893 1328 923 1358 et
944 1328 1009 1358 art.
1032 1334 1062 1370 7.
1089 1328 1179 1369 corp.
1196 1322 1338 1368 princ).

171 1421 234 1457 AD
259 1430 442 1461 Qumwu
467 1419 519 1455 sic
545 1419 764 1467 proceditur.
790 1418 955 1461 Videtur,
981 1417 1079 1465 quod
1111 1416 1384 1452 circumstantia
1407 1416 1521 1461 possit
1546 1416 1590 1451 de
1616 1427 1674 1451 ve-

99 1474 188 1511 niali
198 1482 352 1523 peccato
365 1473 484 1509 facere
498 1472 673 1508 mortale:
695 1473 782 1508 dicit
795 1472 894 1507 enim
910 1472 1064 1518 August.
1079 1471 1115 1505 in
1130 1482 1238 1506 serm.
1253 1471 1297 1506 de
1311 1470 1457 1516 Purgat.
1471 1470 1547 1516 (qui
1563 1475 1607 1506 cst
1620 1481 1673 1514 41.

100 1527 140 1564 de
158 1528 302 1572 Sanctis,
316 1533 444 1576 parum
463 1538 486 1562 a
499 1527 642 1574 princ),
665 1527 763 1573 quod
785 1526 815 1561 si
837 1526 897 1560 diu
918 1533 1083 1560 teneatur
1108 1524 1307 1566 iracundia,
1334 1532 1370 1559 et
1395 1524 1549 1559 ebrietas
1571 1523 1599 1558 si
1622 1535 1674 1558 as-

100 1581 204 1618 sidua
224 1582 281 1625 sit,
299 1588 489 1616 transeunt
508 1580 546 1615 in
566 1591 762 1615 numerum
783 1588 1019 1626 peccatorum
1041 1577 1273 1613 mortalium:
1301 1577 1362 1612 sed
1378 1577 1442 1619 ira,
1462 1585 1497 1612 et
1518 1577 1671 1612 ebrietas

100 1645 176 1671 non
197 1642 282 1671 sunt
301 1646 346 1670 ex
366 1645 433 1670 suo
455 1645 590 1681 genere
611 1642 762 1681 peccata
784 1633 965 1675 mortalia,
987 1632 1050 1668 sed
1072 1631 1249 1673 venialia,
1272 1631 1434 1678 alioquin
1457 1642 1602 1678 semper
1623 1642 1674 1666 es-

99 1696 182 1725 sent
200 1687 389 1731 mortalia3
407 1699 497 1735 ergo
519 1687 792 1723 circumstantia
812 1686 899 1722 facit
919 1694 1112 1732 peccatum
1133 1685 1275 1720 veniale
1298 1696 1376 1720 esse
1398 1685 1563 1720 mortale.

172 1751 205 1778 2.
227 1741 466 1778 ΡιιΑετεῐιεΑ.
484 1740 659 1788 Magister
676 1741 764 1776 dicit
789 1741 868 1776 dist.
897 1750 952 1783 24.
975 1739 1035 1775 lib.
1062 1749 1093 1774 2.
1117 1739 1217 1774 Sent.
1240 1739 1337 1785 quod
1364 1738 1558 1774 delectatio
1580 1738 1609 1773 si
1627 1739 1672 1774 sit

98 1806 261 1839 morosa,
281 1803 336 1831 est
360 1803 552 1843 peccatum
575 1794 750 1837 mortale3
772 1794 802 1829 si
823 1802 945 1828 autem
967 1804 1042 1828 non
1063 1794 1108 1828 sit
1130 1803 1290 1835 morosa,
1317 1800 1370 1828 est
1397 1800 1589 1839 peccatum
1614 1804 1671 1827 ve-

97 1848 215 1893 niale;
235 1849 298 1885 sed
315 1848 512 1884 morositas
530 1857 585 1884 est
601 1848 783 1896 quaedam
805 1847 1102 1889 circumstantia;
1124 1858 1213 1893 ergo
1233 1846 1505 1881 circumstantia
1523 1845 1608 1882 facit
1626 1847 1669 1882 de

97 1911 251 1952 peccato
270 1902 405 1938 veniali
427 1901 595 1938 mortale.

172 1967 203 2004 3.
223 1956 463 1992 PRAETEREA.
483 1955 571 1991 Plus
592 1954 762 1991 differunt
782 1954 934 1996 malum,
953 1962 988 1989 et
1008 1954 1160 1996 bonum,
1178 1965 1289 2000 quam
1307 1953 1449 1989 veniale
1465 1962 1669 2000 peccatum,

98 2016 135 2046 et
151 2009 319 2053 mortale,
339 2020 496 2057 quorum
518 2017 712 2056 utrumque
731 2017 785 2044 est
806 2009 841 2043 in
864 2019 997 2054 genere
1019 2007 1123 2042 mali:
1146 2008 1207 2042 sed
1231 2007 1504 2042 circumstantia
1521 2006 1607 2042 facit
1625 2007 1669 2043 de

97 2071 180 2100 actu
200 2063 301 2099 bono
322 2063 483 2106 malum3
505 2063 598 2098 sicut
618 2071 717 2110 patet
743 2073 828 2097 cum
850 2062 929 2108 quis
955 2061 1016 2096 dat
1042 2061 1319 2108 eleemosynam
1350 2070 1498 2108 propter
1520 2061 1667 2096 inanem

97 2115 273 2164 gloriam3
294 2128 384 2164 ergo
405 2116 522 2152 multo
545 2116 662 2163 magis
684 2124 803 2164 potest
823 2115 943 2150 facere
962 2115 1006 2150 de
1028 2122 1180 2162 peccato
1202 2114 1335 2149 veniali
1357 2114 1523 2150 mortale.

170 2170 246 2207 SED
260 2180 417 2207 coum
435 2178 500 2213 est,
521 2171 619 2217 quod
643 2182 726 2205 cum
749 2168 1020 2204 circumstantia
1035 2168 1080 2203 sit
1097 2168 1278 2210 accidens,
1296 2168 1476 2215 quantitas
1499 2170 1574 2214 ejus
1592 2180 1666 2204 non

95 2231 218 2272 potest
236 2223 412 2260 excedere
432 2224 671 2272 quantitatem
690 2223 801 2270 ipsius
822 2231 935 2264 actus,
953 2233 1062 2269 quam
1080 2222 1190 2257 habet
1203 2234 1247 2257 ex
1264 2233 1331 2257 suo
1351 2234 1503 2268 genere:
1524 2234 1666 2269 semper

96 2277 195 2314 enim
215 2277 418 2325 subiectum
439 2278 663 2325 praeeminet
683 2277 880 2312 accidenti:
904 2276 934 2311 si
954 2276 1064 2322 igitur
1085 2284 1186 2311 actus
1212 2288 1255 2311 ex
1277 2287 1343 2311 suo
1366 2287 1498 2322 genere
1522 2277 1567 2311 sit
1589 2288 1668 2323 pec-

96 2338 220 2367 catum
240 2330 396 2374 veniale,
416 2342 491 2366 non
513 2331 646 2378 poterit
666 2342 730 2377 per
751 2330 1063 2365 circumstantiam
1078 2329 1153 2365 fieri
1173 2338 1365 2377 peccatum
1385 2329 1559 2371 mortale;
1582 2342 1665 2365 cum

95 2392 290 2433 peccatum
310 2384 465 2420 mortale
492 2384 529 2419 in
551 2383 731 2419 infinitum
758 2383 1036 2431 quodammodo
1063 2383 1213 2419 excedat
1239 2383 1478 2430 quantitatem
1501 2383 1665 2427 venialis,

96 2445 137 2475 ut
156 2449 200 2474 ex
219 2438 326 2474 dictis
346 2446 445 2485 patet
463 2438 543 2483 (art.
561 2445 676 2486 praec.
699 2439 732 2472 in
754 2449 825 2483 arg.
847 2436 899 2472 scd
919 2438 1034 2482 cont).

167 2490 399 2529 Rssroum-:o
420 2492 628 2534 dicendum,
653 2491 762 2539 quod,
789 2491 883 2526 sicut
908 2503 1016 2538 supra
1043 2491 1181 2526 dictum
1209 2499 1262 2526 est
1288 2491 1336 2538 (q.
1360 2503 1389 2538 7.
1413 2497 1478 2526 art.
1502 2493 1560 2537 1.),
1581 2503 1663 2526 cum

95 2544 143 2582 de
163 2545 443 2582 circumstantiis
464 2554 642 2591 ageretur,
662 2545 945 2587 circumstantia,
960 2545 1174 2592 inquantum
1190 2545 1412 2590 hujusmodi,
1429 2554 1481 2580 est
1496 2545 1664 2580 accidens

95 2598 247 2635 moralis
263 2607 382 2635 actus:
405 2599 585 2645 contingit
605 2607 728 2634 tamen
752 2599 1062 2634 circumstantiam
1085 2598 1200 2645 accipi
1224 2607 1260 2633 ut
1287 2598 1528 2633 differentiam
1551 2598 1663 2644 speci-

95 2650 206 2688 ficam
227 2660 329 2688 actus
350 2652 519 2688 moralis:
547 2661 582 2687 et
607 2661 692 2687 tunc
721 2652 851 2687 amittit
877 2652 1057 2687 rationem
1085 2651 1391 2693 circumstantiae,
1418 2660 1453 2686 et
1480 2651 1663 2686 constituit

95 2705 256 2753 speciem
278 2705 428 2742 moralis
445 2714 557 2742 actus.
571 2706 649 2741 Hoc
667 2715 787 2741 autem
805 2706 983 2752 contingit
997 2707 1032 2740 in
1049 2707 1216 2752 pcccatis,
1232 2706 1377 2752 quando
1393 2706 1664 2741 circumstantia

96 2759 196 2795 addit
215 2757 484 2795 deformitatem
506 2759 653 2795 alterius
674 2759 835 2806 generis:
859 2760 951 2794 sicut
973 2771 1057 2794 cum
1081 2759 1209 2806 aliquis
1229 2759 1368 2794 accedit
1392 2759 1434 2793 ad
1458 2771 1530 2793 non
1548 2770 1664 2801 suam,

95 2819 150 2849 est
169 2820 271 2848 actus
288 2810 462 2849 deformis
480 2811 709 2848 deformitate
724 2812 890 2859 opposita
906 2813 1080 2847 castitati:
1103 2813 1166 2848 scd
1190 2815 1216 2847 si
1233 2814 1380 2847 accedat
1397 2813 1439 2847 ad
1459 2824 1532 2847 non
1548 2823 1663 2855 suam,

95 2875 190 2914 quae
209 2873 265 2903 est
285 2865 431 2902 alterius
453 2876 556 2908 uxor,
574 2866 716 2901 additur
734 2864 945 2901 deformitas
964 2866 1130 2916 opposita
1146 2866 1313 2911 justitiae,
1329 2875 1455 2901 contra
1470 2878 1579 2913 quam
1599 2875 1663 2909 cst,

96 2925 136 2955 ut
156 2916 286 2967 aliquis
306 2927 454 2967 usurpet
479 2930 556 2955 rem
584 2917 759 2955 alienam:
787 2928 822 2955 et
843 2919 1043 2956 secundum
1066 2920 1135 2955 hoc
1160 2919 1370 2966 hujusmodi
1392 2919 1662 2955 circumstantia
