1923 3198
574 203 794 241 QUAESTIO
827 203 871 235 11.
905 203 1152 235 ARTICULUS
1184 205 1258 236 VII.
1642 207 1695 250 37

654 369 1003 416 ARTICULUS
1042 370 1142 414 VII.
1659 393 1695 428 15

125 479 282 511 UTRUM
313 479 572 510 BEATITuno
607 479 792 510 Homtms
826 480 1074 511 cousmwr
1098 480 1142 510 IN
1168 479 1339 516 ALIQUO
1369 479 1488 510 Bono
1516 479 1696 510 ANIMAE.

196 573 257 609 AD
276 584 470 609 SEPT1MUM
496 573 547 609 sic
569 574 787 621 proceditur.
810 573 973 617 Videtur,
995 574 1092 622 quod
1114 574 1300 609 beatitudo
1323 574 1497 609 consistat
1518 574 1554 608 in
1576 573 1698 621 aliquo

122 627 222 662 bono
243 627 406 662 animae:
427 627 614 663 beatitudo
637 628 736 663 enim
757 636 811 664 est
831 628 1017 675 quoddam
1035 628 1196 663 hominis
1218 628 1373 662 bonum:
1398 628 1468 662 hoc
1492 635 1615 662 autem
1637 639 1700 673 per

123 681 191 716 tria
216 680 409 724 dividitur;
435 693 528 728 quae
554 689 637 716 sunt
663 683 750 717 bona
775 683 955 724 exteriora,
983 683 1067 717 bona
1095 683 1254 729 corporis,
1282 690 1317 716 et
1343 683 1429 716 bona
1455 682 1609 716 animae.-
1637 681 1699 716 sed

122 733 308 770 beatitudo
329 745 405 769 non
427 735 592 770 consistit
617 735 653 770 in
674 735 780 770 bonis
805 735 1053 778 exterioribus,
1075 747 1193 782 neque
1220 735 1256 769 in
1283 735 1387 770 bonis
1409 735 1584 781 corporis,
1608 734 1701 770 sicut

123 799 232 836 supra
251 796 440 824 ostensum
462 797 516 824 est
537 789 618 834 (art.
633 801 662 836 5.
684 794 714 825 et
734 789 767 826 6.
789 789 859 836 huj.
881 800 911 837 q.
913 787 956 836 );
980 801 1067 836 ergo
1091 787 1255 824 consistit
1276 789 1312 823 in
1334 789 1438 824 bonis
1461 789 1616 823 animae.

194 851 228 878 2.
245 842 483 878 PRAETEREA.
502 842 608 886 Illud,
627 843 686 878 cui
700 843 903 890 appetimus
919 843 1065 890 aliquod
1083 843 1234 886 bonum,
1254 843 1370 889 magis
1393 854 1572 884 amamus,
1589 853 1700 889 quam

123 895 277 940 bonum,
297 896 396 944 quod
417 897 450 932 ei
471 897 694 944 appetimus:
715 897 808 933 sicut
829 898 947 944 magis
969 909 1137 932 amamus
1156 897 1328 939 amicum,
1347 897 1405 931 cui
1425 896 1626 942 appetimus
1646 907 1703 956 pc-

123 949 283 993 cuniam,
301 961 413 997 quam
431 951 643 998 pecuniam:
663 951 725 986 sed
744 951 990 1012 unusquisque
1018 951 1275 998 quodcumque
1299 951 1437 985 bonum
1457 950 1524 985 sibi
1547 950 1700 997 appetit:

123 1014 214 1052 ergo
235 1003 395 1052 seipsum
417 1012 517 1039 amat
546 1005 664 1051 magis
695 1016 805 1052 quam
833 1005 959 1040 omnia
982 1005 1052 1040 alia
1072 1005 1187 1040 bona:
1215 1005 1277 1040 sed
1303 1004 1490 1040 beatitudo
1517 1011 1582 1046 est,
1604 1004 1702 1050 quod

125 1057 284 1093 maxime
311 1065 474 1093 amatur:
501 1058 599 1105 quod
625 1066 724 1105 patet
749 1070 792 1094 ex
817 1059 903 1102 hoc,
929 1059 1026 1106 quod
1054 1066 1202 1106 propter
1227 1058 1344 1106 ipsam
1371 1058 1495 1093 omnia
1523 1066 1702 1099 amantur,

123 1116 166 1146 et'
179 1110 448 1155 desiderantur3
469 1122 558 1172 ergo
579 1112 766 1147 beatitudo
785 1113 951 1148 consistit
967 1113 1004 1148 in
1023 1112 1146 1165 aliquo
1173 1113 1272 1148 bono
1297 1112 1410 1160 ipsius
1436 1111 1614 1147 hominis:
1637 1111 1700 1146 sed

122 1175 199 1200 non
218 1164 256 1200 in
276 1164 382 1200 bonis
403 1166 587 1212 corporis3
609 1176 697 1212 ergo
719 1166 756 1200 in
777 1166 882 1201 bonis
905 1166 1061 1201 animae.

197 1229 227 1266 3.
248 1217 487 1254 PRAETEREA.
513 1217 695 1254 Perfectio
717 1227 771 1254 est
792 1219 927 1266 aliquid
954 1221 1042 1266 ejus,
1068 1219 1165 1267 quod
1191 1219 1397 1267 perficitur:
1425 1219 1487 1254 sed
1513 1218 1699 1254 beatitudo

123 1279 178 1308 est
196 1271 379 1319 quaedam
399 1271 574 1318 perfectio
595 1272 775 1316 hominis3
796 1284 885 1320 ergo
907 1273 1094 1309 beatitudo
1113 1281 1168 1308 est
1185 1273 1320 1320 aliquid
1341 1273 1523 1316 hominis;
1545 1273 1607 1308 sed
1625 1283 1700 1307 non

123 1333 178 1362 est
201 1325 337 1373 aliquid
362 1326 538 1373 corporis,
572 1334 612 1362 ut
644 1335 834 1362 ostensum
867 1335 921 1362 est
945 1328 1028 1373 (art.
1051 1339 1080 1374 5.
1107 1327 1177 1374 huj.
1204 1328 1251 1374 q.)
1260 1339 1273 1368 ,·
1310 1338 1398 1373 ergo
1433 1326 1619 1362 beatitudo
1647 1334 1701 1362 cst

124 1379 259 1428 aliquid
284 1379 447 1414 animae:
470 1388 506 1415 et
525 1379 575 1415 ita
596 1380 762 1415 consistit
781 1381 817 1415 in
838 1380 944 1416 bonis
967 1381 1122 1416 animae.

199 1432 276 1469 SED
294 1443 451 1469 CONTRA
472 1441 537 1476 est,
558 1434 668 1481 quod,
690 1433 783 1469 sicut
807 1434 1001 1481 Augustin.
1024 1434 1111 1470 dicit
1130 1434 1168 1469 in
1189 1433 1249 1469 lib.
1276 1445 1303 1469 1.
1326 1434 1370 1469 de
1396 1433 1575 1469 Doctrina
1597 1433 1700 1468 Chri-

124 1486 241 1523 stiana
263 1486 353 1535 (cap.
371 1487 445 1533 22.)
457 1499 468 1522 .·
482 1487 542 1531 -Id‚
560 1488 596 1522 in
613 1499 677 1535 quo
691 1489 900 1523 constituitur
919 1490 1014 1524 beata
1027 1489 1112 1531 vita,
1127 1493 1267 1536 propter
1287 1500 1317 1523 se
1337 1487 1537 1534 diligendum
1557 1492 1617 1523 est:
1637 1487 1699 1522 sed

123 1539 240 1576 homo
261 1551 336 1576 non
357 1548 412 1576 est
431 1549 579 1588 propter
604 1541 765 1588 seipsum
791 1541 1014 1589 diligendus;
1037 1542 1099 1577 sed
1121 1542 1294 1589 quidquid
1321 1549 1375 1577 est
1395 1542 1432 1576 in
1454 1541 1618 1584 homine,
1645 1549 1699 1577 est

122 1593 347 1641 diligendum
367 1602 514 1642 propter
533 1595 672 1638 Deum3
695 1606 782 1642 ergo
803 1595 840 1630 in
862 1595 964 1630 nullo
985 1596 1084 1631 bono
1107 1596 1251 1630 animae
1271 1595 1458 1630 beatitudo
1481 1595 1655 1630 consistit.

193 1647 424 1684 RESPONDEO
451 1648 658 1691 dicendum,
685 1650 794 1696 quod,
822 1649 915 1684 sicut
940 1661 1048 1697 supra
1074 1649 1212 1684 dictum
1239 1658 1293 1684 est
1320 1649 1366 1696 (q.
1387 1655 1501 1696 praec.
1534 1654 1598 1684 art.
1633 1649 1697 1695 8.),

122 1700 204 1737 finis
228 1701 404 1750 dupliciter
429 1701 570 1745 dicitur,
593 1702 731 1738 scilicet
752 1705 823 1750 ipsa
849 1716 910 1747 res,
939 1715 1049 1751 quam
1077 1703 1227 1751 adipisci
1253 1703 1500 1738 desideramus
1522 1731 1532 1746 ,
1554 1711 1588 1738 et
1609 1715 1696 1746 usus,

122 1765 186 1791 seu
207 1755 365 1803 adeptio,
378 1755 438 1791 vel
451 1756 633 1803 possessio
655 1755 752 1791 illius
773 1757 835 1792 rei.
855 1757 894 1792 Si
909 1769 996 1804 ergo
1011 1757 1206 1804 loquamur
1225 1758 1268 1792 de
1291 1757 1420 1792 ultimo
1443 1757 1514 1792 fine
1535 1757 1696 1792 hominis

122 1817 299 1856 quantum
326 1809 370 1844 ad
396 1809 514 1857 ipsam
535 1821 625 1852 rem,
652 1822 762 1857 quarn
790 1811 993 1858 appetimus
1015 1811 1108 1846 sicut
1129 1811 1299 1846 ultimum
1327 1811 1449 1854 finem,
1472 1811 1697 1858 impossibile

121 1870 187 1907 est,
213 1863 313 1911 quod
340 1863 490 1899 ultimus
518 1863 598 1899 finis
625 1864 787 1900 hominis
815 1865 860 1900 sit
880 1865 959 1912 ipsa
990 1865 1123 1907 anima,
1146 1865 1205 1900 vel
1227 1864 1360 1912 aliquid
1383 1866 1470 1911 ejus.
1498 1865 1579 1910 Ipsa
1601 1865 1699 1899 enim

122 1917 245 1952 anirna
257 1917 295 1952 in
308 1928 347 1954 se
362 1917 591 1953 considerata
605 1926 659 1953 est
673 1926 712 1953 ut
725 1919 762 1952 in
776 1919 938 1966 potentia
956 1919 1129 1954 existens:
1153 1918 1192 1954 fit
1212 1919 1311 1953 enim
1326 1919 1369 1953 de
1385 1919 1546 1965 potentia
1561 1918 1697 1954 sciente

121 1978 204 2006 actu
225 1971 355 2015 sciens,
377 1979 413 2007 et
433 1971 478 2007 de
499 1972 662 2019 potentia
688 1972 849 2007 virtuosa
877 1981 958 2007 actu
985 1973 1156 2008 virtuosa.
1185 1972 1283 2007 Cum
1314 1981 1435 2007 autem
1465 1972 1625 2019 potentia
1652 1972 1697 2007 sit

120 2031 242 2072 proter
268 2033 403 2068 actum,
429 2025 523 2061 sicut
548 2034 694 2073 propter
721 2026 1048 2073 complementum,
1071 2026 1296 2073 impossibile
1320 2035 1384 2068 est,
1411 2026 1509 2073 quod
1531 2026 1578 2068 id,
1601 2026 1698 2073 quod

121 2086 176 2114 est
195 2079 396 2114 secundum
418 2090 456 2114 se
476 2079 514 2114 in
535 2080 698 2127 potentia
719 2080 886 2122 existens,
903 2080 1036 2115 habeat
1054 2081 1233 2115 rationem
1256 2079 1374 2114 ultimi
1396 2079 1495 2122 finis3
1519 2080 1614 2114 unde
1635 2079 1700 2114 im-

119 2131 291 2180 possibile
311 2140 377 2176 est,
403 2133 500 2180 quod
526 2133 604 2180 ipsa
632 2133 753 2168 anima
785 2134 830 2169 sit
859 2133 1007 2169 ultimus
1035 2133 1114 2169 finis
1149 2134 1203 2168 sui
1232 2134 1361 2181 ipsius:
1393 2134 1559 2168 similiter
1587 2134 1696 2168 etiam

120 2196 238 2234 neque
265 2185 400 2234 aliquid
427 2187 516 2233 ejus,
542 2187 617 2222 sive
643 2187 689 2222 sit
713 2187 886 2234 potentia,
914 2188 988 2222 sive
1012 2196 1125 2230 actus,
1147 2188 1222 2222 sive
1244 2187 1407 2231 habitus3
1435 2188 1573 2222 bonum
1600 2188 1697 2222 enim

121 2239 220 2287 quod
241 2247 296 2275 est
315 2239 464 2276 ultimus
482 2240 575 2284 finis,
597 2249 650 2276 est
670 2241 809 2276 bonum
827 2240 1028 2289 perfectum
1044 2241 1233 2289 complens
1251 2242 1338 2276 boni
1353 2242 1570 2289 appetitum:
1595 2253 1699 2288 appe-

119 2291 206 2328 titus
226 2301 350 2329 autem
368 2293 564 2337 humanus,
586 2294 648 2342 qui
669 2303 723 2330 est
739 2295 920 2338 voluntas,
939 2304 993 2330 est
1013 2296 1100 2330 boni
1118 2295 1349 2330 universalis:
1373 2295 1561 2342 quodlibet
1575 2304 1697 2330 autem

120 2346 260 2382 bonum
284 2347 478 2383 inhaerens
504 2348 572 2396 ipsi
603 2348 745 2384 animae
775 2357 829 2384 est
853 2349 993 2384 bonum
1019 2349 1285 2397 participatum,
1315 2357 1351 2384 et
1378 2360 1442 2396 per
1469 2360 1698 2396 consequens

127 2399 403 2448 particulatam:
430 2401 525 2437 unde
551 2401 777 2450 impossibile
807 2411 872 2446 est,
901 2403 999 2450 quod
1030 2403 1178 2450 aliquod
1208 2414 1338 2438 eorum
1367 2403 1412 2438 sit
1442 2403 1590 2438 ultimus
1620 2402 1699 2438 finis

120 2453 293 2490 hominis.

192 2507 265 2544 Sed
285 2509 316 2544 si
336 2508 531 2556 loquamur
552 2509 596 2545 de
618 2510 749 2545 ultimo
771 2509 842 2546 fine
863 2510 1024 2546 hominis
1047 2519 1223 2557 quantum
1246 2511 1289 2545 ad
1312 2511 1429 2558 ipsam
1451 2511 1697 2558 adeptionem,

119 2561 179 2598 vel
203 2563 486 2610 possessionem,
508 2575 572 2599 seu
593 2575 864 2611 quemcumque
887 2576 993 2599 usum
1012 2565 1122 2611 ipsius
1146 2565 1207 2607 rei,
1230 2576 1322 2611 quae
1345 2565 1524 2611 appetitur
1546 2573 1583 2599 ut
1604 2564 1697 2606 finis,

120 2615 172 2651 sic
193 2615 238 2651 ad
259 2616 430 2652 ultimum
452 2616 562 2652 finem
589 2618 742 2665 pertinet
764 2618 898 2665 aliquid
922 2618 1082 2653 hominis
1104 2631 1146 2653 ex
1166 2627 1265 2665 parte
1288 2619 1451 2653 animae:
1475 2618 1558 2665 quia
1582 2619 1696 2652 homo

120 2679 184 2716 per
205 2669 368 2705 animam
381 2670 641 2706 beatitudinem
660 2673 904 2718 consequitur.
925 2672 997 2707 Res
1011 2683 1099 2716 ergo
1122 2673 1210 2719 ipsa,
1233 2684 1325 2719 quae
1346 2673 1524 2719 appetitur
1546 2681 1582 2706 ut
1605 2671 1696 2714 finis,

121 2729 175 2758 est
194 2722 242 2766 id,
263 2723 300 2758 in
321 2735 395 2770 quo
409 2724 594 2759 beatitudo
613 2725 788 2767 consistit,
811 2735 846 2760 ct
867 2726 963 2773 quod
983 2726 1129 2760 beatum
1153 2725 1255 2760 facit:
1276 2726 1337 2760 scd
1361 2727 1467 2769 liujus
1487 2726 1535 2760 rei
1552 2726 1696 2772 adeptio

120 2784 273 2812 vocatur
285 2777 483 2820 beatitudo,
501 2779 596 2813 unde
610 2778 805 2814 dicendum
827 2788 892 2821 cst,
914 2780 1010 2826 quod
1030 2780 1215 2814 beatitudo
1231 2788 1283 2814 cst
1298 2779 1432 2826 aliquid
1448 2780 1611 2822 animac3
1633 2781 1695 2814 sed

121 2827 170 2872 id,
190 2829 227 2864 in
248 2840 323 2877 quo
344 2831 509 2866 consistit
529 2831 726 2874 beatitudo,
749 2840 802 2867 est
825 2832 958 2879 aliquid
982 2841 1079 2867 extra
1103 2835 1275 2867 animam.

192 2882 254 2919 AD
274 2893 424 2920 PRIMUM
445 2895 533 2931 ergo
555 2885 762 2928 dicendum,
783 2886 880 2933 quod
903 2887 1103 2921 secundum
1119 2887 1216 2933 quod
1233 2887 1295 2921 sub
1319 2886 1378 2920 illa
1401 2886 1578 2922 divisione
1598 2898 1697 2921 com-

120 2934 393 2984 prehenduntur
413 2938 538 2973 omnia
558 2938 667 2982 bona,
689 2950 782 2986 quac
804 2939 946 2974 homini
968 2947 1050 2974 sunt
1077 2940 1294 2987 appetibilia,
1316 2941 1366 2975 sic
1389 2940 1527 2975 bonum
1551 2941 1694 2976 animae

269 3018 300 3050 S.
319 3018 443 3048 'raom
462 3019 568 3048 &mma
593 3020 754 3057 Theologica.
777 3021 842 3050 Vol.
866 3021 901 3050 ΙΙ.
1534 3033 1551 3056 4
