1907 3198
497 175 720 212 Quans’rio
754 174 839 205 ειν.
875 173 1118 205 Ακτῐευιυε
1152 173 1177 202 1.
1545 160 1625 216 783

641 331 986 379 ARTICULUS
1021 331 1054 375 Ι.
1567 340 1634 386 556

96 441 252 474 UTRUM
281 441 414 474 RATIO
441 441 790 473 PRAECEPTORUM
817 439 1102 484 JUDICIALIUM
1139 438 1386 469 CONSISTAT
1414 437 1457 467 IN
1489 436 1596 476 Hoc,

384 507 508 544 QUOD
537 507 650 538 SUNT
678 507 954 538 ORDINANTIA
980 507 1039 536 AD
1069 504 1313 536 PROXIMUM.

447 594 563 642 (Supr.
584 606 614 641 q.
638 606 694 641 99.
715 599 779 629 art.
803 606 835 639 4.
857 599 887 629 ct
908 594 986 629 locis
1007 594 1054 628 ibi
1080 592 1246 637 inductis).

139 684 200 720 An
212 693 363 721 Panum
384 683 434 719 sic
456 683 674 731 proceditur.
696 683 859 725 Videtur,
881 683 978 730 quod
1002 682 1092 717 ratio
1114 689 1391 729 praeceptorum
1413 678 1636 726 judicialium

66 747 142 774 non
163 738 338 774 consistat
357 737 394 772 in
415 737 499 780 hoc,
520 737 618 784 quod
647 745 730 772 sunt
759 736 962 771 ordinantia
996 736 1040 770 ad
1074 735 1296 783 proximum:
1325 732 1506 781 judicialia
1539 733 1637 768 enim

67 799 260 839 praecepta
280 801 301 826 a
320 790 456 838 judicio
478 790 664 826 dicuntur:
679 790 739 825 sed
756 789 870 824 multa
884 798 967 824 sunt
985 789 1066 832 alia,
1085 789 1213 836 quibus
1231 789 1346 823 homo
1367 787 1410 822 ad
1430 786 1636 834 proximum

67 843 265 888 ordinatur,
286 855 378 892 quae
398 855 473 880 non
495 844 675 892 pertinent
697 844 741 879 ad
762 844 1029 879 ordinationem
1052 843 1290 889 judiciorum;
1326 852 1399 876 non
1431 851 1519 887 ergo
1541 851 1640 888 prae-

59 905 174 946 cepta
194 897 376 945 judicialia
397 897 577 940 dicuntur,
599 898 727 945 quibus
749 898 865 932 homo
889 898 1075 932 ordinatur
1096 896 1140 931 ad
1163 896 1380 944 proximum.

139 961 173 988 2.
193 951 431 988 PRAETEREA.
461 951 660 999 Praecepta
693 951 874 997 judicialia
898 962 918 986 a
940 950 1139 986 moralibus
1173 950 1452 996 distinguuntur,
1474 956 1512 983 ut
1533 958 1638 994 supra

68 1005 207 1042 dictim
226 1013 281 1042 est
300 1005 348 1053 (q.
370 1017 427 1053 99.
448 1011 516 1041 art.
537 1006 604 1051 4.).·
626 1005 688 1040 sed
711 1004 824 1040 multa
846 1013 1039 1052 praecepta
1062 1003 1215 1039 moralia
1236 1011 1330 1045 sunt,
1360 1002 1489 1050 quibus
1523 1001 1639 1036 homo

68 1059 255 1096 ordinatur
275 1059 320 1095 ad
340 1059 568 1107 proximum3
589 1059 680 1094 sicut
701 1066 799 1105 patet
820 1059 856 1093 in
878 1066 1016 1106 septem
1039 1057 1238 1105 praeceptis
1261 1056 1441 1092 secundae
1474 1054 1639 1097 tabulae;

67 1123 144 1150 non
164 1123 254 1161 ergo
274 1120 467 1161 praecepta
488 1112 670 1159 judicialia
691 1113 859 1148 dicuntur
880 1124 923 1148 ex
945 1112 1030 1154 hoc,
1051 1111 1148 1158 quod
1167 1111 1210 1146 ad
1230 1110 1437 1158 proximum
1460 1109 1640 1144 ordinant.

143 1178 175 1215 3.
195 1166 433 1203 Pluinnam.
456 1166 558 1202 Sicut
579 1178 618 1202 se
639 1167 774 1202 habent
794 1174 986 1214 praecepta
1008 1164 1290 1200 caeremonialia
1312 1164 1356 1198 ad
1377 1164 1511 1206 Deum,
1532 1162 1581 1197 ita
1603 1173 1640 1197 se

70 1220 206 1256 habent
226 1220 409 1268 judicialia
430 1229 622 1268 praecepta
644 1220 687 1255 ad
710 1222 928 1266 proximum,
950 1228 988 1255 ut
1009 1231 1115 1267 supra
1137 1219 1274 1254 dictum
1303 1226 1357 1253 est
1384 1218 1430 1264 (q.
1450 1229 1506 1264 99.
1525 1222 1589 1252 art.
1605 1228 1638 1261 4.

70 1280 102 1311 et
121 1286 152 1322 q.
173 1286 244 1311 ιοι.
265 1279 332 1311 art.
352 1274 413 1321 1.).·
435 1274 498 1310 sed
519 1274 612 1309 inter
632 1282 824 1321 praecepta
843 1272 1124 1308 caeremonialia
1143 1281 1226 1308 sunt
1243 1272 1436 1319 quaedam,
1455 1282 1547 1318 quae
1566 1282 1641 1317 per-

70 1328 186 1364 tinent
206 1327 250 1363 ad
271 1327 451 1376 seipsum;
471 1328 565 1363 sicut
585 1327 836 1363 observantiae
859 1327 1037 1369 ciborum,
1059 1335 1094 1361 et
1115 1327 1428 1368 vestimentorum,
1448 1325 1491 1360 de
1513 1324 1643 1371 quibus

72 1392 179 1430 supra
201 1381 338 1417 dictum
359 1389 412 1417 est
434 1383 480 1429 (q.
501 1393 576 1418 102.
597 1387 663 1417 art.
686 1382 718 1417 6.
741 1381 784 1416 ad
804 1393 831 1417 1.
858 1386 887 1416 et
909 1380 951 1416 ad
972 1379 1038 1426 6.);
1063 1391 1150 1426 ergo
1165 1387 1356 1427 praecepta
1371 1378 1554 1425 judicialia
1569 1389 1643 1412 non

73 1446 116 1471 ex
136 1435 209 1470 hoc
230 1434 408 1478 dicuntur,
429 1434 526 1482 quod
549 1435 717 1470 ordinent
737 1434 928 1469 hominem
952 1434 995 1468 ad
1018 1435 1235 1480 proximum.

144 1487 221 1525 SED
241 1498 398 1525 CONTRA
419 1497 483 1532 est,
505 1488 603 1536 quod
625 1488 756 1524 dicitur
776 1487 907 1524 Ezech.
934 1487 986 1523 18.
1009 1487 1101 1522 inter
1128 1496 1270 1522 caetera
1303 1487 1398 1522 bona
1434 1498 1544 1534 opera
1578 1486 1643 1521 viri

72 1541 172 1590 justi:
193 1541 231 1579 St·
249 1541 416 1588 judicium
435 1554 554 1578 verum
567 1543 688 1590 jecerit
713 1543 799 1578 inter
819 1543 946 1585 virum,
969 1547 998 1577 et
1018 1543 1155 1579 virum.-
1178 1541 1240 1576 sed
1255 1540 1438 1588 judicialia
1452 1548 1645 1588 praecepta

74 1606 94 1632 a
114 1594 250 1643 judicio
271 1595 454 1640 dicuntur;
477 1607 565 1643 ergo
587 1604 779 1644 praecepta
801 1595 984 1642 judicialia
1005 1595 1172 1631 videntur
1193 1595 1276 1638 dici,
1311 1594 1383 1638 illa,
1418 1606 1510 1642 quae
1544 1594 1647 1641 perti-

73 1657 161 1686 nent
181 1649 225 1685 ad
247 1649 516 1686 ordinationem
536 1650 730 1685 hominum
754 1650 797 1685 ad
819 1650 989 1685 invicem.

144 1703 376 1740 RESPONDEO
401 1703 609 1747 dicendum,
631 1704 740 1751 quod,
763 1703 854 1738 sicut
877 1715 917 1738 ex
941 1714 1047 1750 supra
1077 1703 1180 1738 dictis
1215 1710 1312 1750 patet
1333 1703 1381 1750 (q.
1405 1714 1453 1749 95.
1477 1707 1540 1737 art.
1563 1713 1594 1737 2.
1616 1706 1645 1736 ct

73 1768 106 1806 q.
127 1769 185 1805 99.
206 1762 275 1794 art.
292 1768 321 1805 3.
341 1762 371 1793 et
390 1757 456 1803 4.),
478 1765 757 1805 praeceptorum
779 1757 1039 1804 cujuscumque
1061 1756 1152 1803 legis
1185 1757 1365 1804 quaedam
1399 1756 1534 1791 habent
1571 1755 1646 1789 vim

74 1810 262 1859 obligandi
281 1821 324 1846 ex
345 1811 425 1858 ipso
447 1810 643 1846 dictamine
665 1810 832 1846 rationis:
855 1811 939 1857 quia
956 1810 1130 1845 naturalis
1148 1811 1239 1845 ratio
1261 1810 1383 1851 dictat,
1401 1809 1474 1844 hoc
1494 1820 1572 1844 esse
1591 1808 1650 1843 de·

75 1864 192 1900 bitum
212 1863 301 1907 fieri,
321 1864 380 1900 vel
401 1864 524 1900 vitari:
547 1872 582 1900 et
603 1865 813 1910 hujusmodi
835 1873 1026 1911 praecepta
1060 1864 1227 1899 dicuntur
1261 1864 1416 1906 moralia,
1440 1875 1485 1899 co
1507 1863 1605 1910 quod
1628 1874 1647 1897 a

77 1918 218 1955 ratione
239 1918 407 1954 dicuntur
427 1929 550 1954 mores
571 1918 734 1953 humani.
757 1918 841 1952 Alia
862 1929 949 1953 vero
972 1926 1164 1965 praecepta
1185 1926 1278 1960 sunt,
1301 1929 1394 1965 quae
1416 1928 1490 1952 non
1511 1917 1646 1951 habent

75 1971 152 2008 vim
173 1971 360 2019 obligandi
380 1983 423 2007 ex
444 1972 524 2020 ipso
546 1972 742 2007 dictamine
764 1971 931 2014 rationis;
953 1971 1036 2018 quia
1058 1971 1198 2007 scilicet
1215 1971 1250 2006 in
1270 1982 1307 2006 se
1327 1971 1557 2006 considerata
1575 1981 1648 2005 non

75 2024 214 2062 habent
234 2024 398 2061 absolute
420 2026 600 2061 rationem
623 2025 744 2066 debiti,
765 2025 821 2060 vel
845 2024 1005 2067 indebiti,
1027 2025 1089 2060 sed
1111 2025 1246 2060 habent
1278 2025 1352 2059 vim
1389 2024 1574 2071 obligandi
1606 2035 1649 2059 ex

76 2078 199 2127 aliqua
218 2079 445 2116 institutione
465 2079 598 2122 divina,
620 2079 678 2114 vel
699 2079 879 2113 humana:
904 2086 938 2114 et
967 2079 1178 2125 hujusmodi
1211 2087 1293 2114 sunt
1327 2078 1648 2114 determinationes

77 2133 258 2181 quaedam
279 2132 475 2168 moralium
496 2141 784 2180 praeceptorum.
804 2132 842 2167 Si
857 2132 965 2179 igitur
983 2132 1269 2168 determinentur
1286 2132 1439 2167 moralia
1459 2139 1650 2179 praccepta

76 2197 142 2235 per
161 2186 425 2222 institutionem
447 2187 607 2222 divinam
629 2186 663 2221 in
686 2186 754 2228 his,
776 2198 839 2233 per
860 2197 952 2233 quae
975 2186 1161 2221 ordinatur
1194 2186 1309 2221 homo
1341 2186 1384 2221 ad
1408 2186 1540 2228 Deum,
1565 2185 1648 2220 talia

77 2239 244 2276 dicentur
257 2245 435 2289 praccepta
455 2240 734 2276 caeremonialia:
757 2240 785 2274 si
808 2248 929 2275 autem
952 2240 987 2274 in
1015 2240 1083 2281 his,
1118 2251 1210 2287 quac
1243 2240 1422 2287 pertinent
1445 2240 1488 2274 ad
1511 2239 1652 2274 ordina-

78 2293 218 2330 tionem
238 2293 433 2329 hominum
454 2294 498 2329 ad
519 2294 689 2336 invicem,
711 2293 795 2328 talia
818 2293 982 2329 dicentur
998 2300 1175 2341 praecepta
1201 2293 1380 2340 judicialia
1392 2306 1403 2334 ,·
1441 2293 1475 2328 in
1510 2293 1650 2327 duobus

77 2357 168 2395 ergo
189 2347 354 2384 consistit
372 2348 466 2383 ratio
488 2348 710 2394 judicialium
734 2356 1032 2395 praeceptorum;
1054 2347 1191 2384 scilicet
1213 2356 1250 2382 ut
1272 2348 1475 2395 pertineant
1497 2347 1540 2382 ad
1560 2346 1652 2381 ordi-

79 2402 267 2437 nationem
288 2401 481 2437 hominum
505 2402 547 2436 ad
571 2401 747 2442 inviccm;
770 2410 804 2436 et
827 2410 863 2436 ut
892 2413 965 2436 non
1000 2402 1158 2437 habeant
1190 2401 1264 2436 vim
1299 2401 1485 2448 obligandi
1507 2413 1550 2436 cx
1572 2399 1650 2436 sola

81 2454 234 2498 ratione,
253 2455 317 2491 sed
339 2466 383 2491 ex
403 2455 638 2490 institutione.

151 2508 213 2545 AD
232 2518 382 2545 Panum
404 2519 493 2556 ergo
515 2509 721 2550 dicendum,
751 2509 846 2555 quod
878 2509 1007 2554 judicia
1042 2518 1253 2544 exercentur
1287 2507 1409 2543 officio
1445 2508 1649 2555 aliquorum

81 2560 303 2610 Principum,
323 2562 384 2610 qui
405 2562 540 2598 habent
561 2570 775 2609 potestatem
798 2562 998 2608 judicandi:
1023 2563 1066 2597 ad
1102 2563 1308 2609 Principem
1343 2571 1463 2597 autem
1500 2561 1652 2609 pertinet

78 2625 157 2652 non
176 2614 299 2652 solum
318 2616 487 2652 ordinare
508 2616 552 2651 de
576 2616 643 2658 his,
665 2627 757 2663 quae
779 2616 926 2651 veniunt
948 2616 982 2651 in
1006 2616 1174 2661 litigium,
1210 2616 1270 2650 sed
1307 2617 1414 2650 etiam
1450 2616 1493 2650 de
1527 2614 1652 2649 volun-

80 2668 181 2706 tuiis
201 2669 458 2712 contractibus,
479 2670 539 2717 qui
561 2669 652 2704 inter
674 2669 842 2704 homines
876 2668 975 2712 fiunt,
997 2678 1031 2705 et
1053 2670 1096 2704 de
1119 2670 1288 2704 omnibus
1322 2668 1580 2716 pcrtinentibus
1603 2668 1646 2702 ad

80 2722 209 2771 populi
230 2723 545 2765 communitatem,
566 2731 600 2758 et
623 2723 803 2769 regimem
820 2723 913 2758 unde
932 2732 1122 2771 praecepta
1139 2723 1319 2769 judicialia
1338 2734 1411 2756 non
1434 2721 1552 2757 solum
1572 2731 1653 2757 sunt

82 2775 158 2820 illa,
178 2787 272 2825 quae
291 2777 471 2825 pertinent
492 2776 536 2811 ad
558 2775 638 2812 lites
660 2776 889 2823 judiciorum,
910 2777 973 2812 sed
995 2777 1104 2812 etiam
1127 2788 1377 2824 quaecumque
1407 2776 1585 2823 pertinent
1606 2776 1649 2811 ad

80 2830 353 2868 ordinationem
374 2830 568 2867 hominum
590 2830 633 2866 ad
657 2830 825 2873 invicem,
845 2841 938 2878 quac
960 2831 1081 2867 subest
1103 2830 1322 2865 ordinationi
1345 2829 1533 2876 Principis,
1563 2838 1651 2864 tam-

85 2894 197 2933 quam
217 2884 379 2933 supremi
400 2884 539 2931 judicis.
