1923 3198
0 1280 1 1294 „„
0 638 7 725 ,,Ἴ
0 589 5 619 ,-

597 199 820 235 QUAESTIO
855 199 898 230 11.
933 199 1179 230 ARTICULUS
1213 199 1268 230 IV.
1665 203 1715 245 33

224 290 255 315 2.
277 280 513 316 ΡκΛΕτΕιιεΑ.
538 279 728 314 Beatitudo
750 288 803 314 est
828 273 965 314 bonum
994 279 1213 327 perfectum:
1236 280 1298 315 sed
1321 280 1625 327 perfectissimum
1655 291 1719 324 est,

151 334 247 381 quod
270 334 385 368 homo
405 334 513 368 etiam
536 333 627 368 alios
649 344 810 379 congrue
829 334 942 380 possit
962 344 1105 379 regere;
1127 334 1224 380 quod
1245 335 1416 369 convenit
1438 335 1506 377 his,
1525 336 1585 382 qui
1604 336 1639 370 in
1659 347 1720 383 po-

150 395 277 423 testate
299 395 381 422 sunt
403 387 606 429 constitum
629 397 717 432 ergo
740 386 925 421 beatitudo
948 387 1112 422 consistit
1135 387 1169 421 in
1193 396 1382 433 potestne.

225 452 254 488 3.
276 441 512 476 PRAETEREA.
537 441 738 482 Beatitudo‚
761 452 846 475 cum
866 440 912 475 sit
933 424 1091 476 maxim‘e
1110 441 1323 488 appetibilis,
1345 442 1542 489 opponitur
1559 443 1603 485 ei,
1623 443 1720 490 quod

151 494 308 529 maxime
335 503 387 529 est
413 493 646 539 fugiendum.
675 494 736 528 sed
764 493 933 528 homines
961 494 1118 528 maxime
1146 493 1286 539 tugiunt
1310 495 1531 537 servitutem,
1555 496 1612 530 cui
1636 507 1721 530 con-

148 548 352 595 traponitur
372 555 551 594 potestas;
574 558 662 592 ergo
685 547 719 581 in
743 555 920 593 potestate
941 547 1126 582 beatitudo
1150 548 1324 582 consistit.

221 600 296 636 SED
319 611 484 636 CONTRA.
514 600 703 635 Beatitudo
731 608 785 635 est
810 600 1010 648 perfectum
1032 601 1190 635 bonum:
1218 601 1279 636 sed
1303 609 1462 647 potestas
1484 611 1537 637 cst
1559 603 1716 638 maxime

148 653 385 702 imperfecta„
395 663 432 689 ut
451 655 547 689 enim
570 654 656 688 dicit
678 654 825 688 Boetius
847 653 907 688 lib.
930 665 958 701 3.
974 654 1018 688 de
1034 654 1186 688 Consol.
1209 656 1309 701 (pros.
1321 667 1350 701 5.
1366 657 1425 690 cir.
1443 656 1562 701 ηιειί.);
1581 657 1722 691 Potestas

147 708 549 744 humanasolicitudinum
569 719 694 742 morsus
707 708 875 754 expellere,
883 707 1109 754 formidinum
1128 708 1255 743 aculeos
1265 710 1373 743 vitare
1391 710 1512 755 nequit.
1529 709 1571 744 Et
1583 718 1722 756 postea:

147 762 313 799 Potentem
339 773 453 804 censes,
480 763 538 808 qui
563 761 696 796 satellite
723 761 807 796 latus
839 762 970 796 ambit?
996 763 1054 808 qui
1075 773 1152 808 quos
1174 766 1273 797 terret
1295 763 1358 808 ipsc
1377 762 1454 810 plns
1475 764 1616 798 metuit?
1642 774 1715 798 non

147 815 258 862 igitur
277 814 462 851 beatitudo
485 815 650 850 consistit
671 815 706 849 in
726 822 915 861 potestate.

220 868 450 905 RESPONDEO
473 868 680 911 dicendum,
702 868 800 915 quod
824 869 1021 916 impossibile
1042 873 1097 911 est,
1126 868 1359 903 beatitudinem
1389 870 1421 903 in
1443 874 1596 916 potestate
1618 872 1719 905 consi-

145 927 238 966 stere,
260 930 407 970 propter
427 922 502 958 duo.
523 922 640 958 Primo
667 922 825 968 quidem,
847 922 931 968 quia
953 930 1112 968 potestas
1134 922 1242 957 habet
1269 922 1448 957 rationem
1476 923 1654 970 principii,
1682 932 1719 958 ut

147 983 247 1024 patet
269 975 306 1011 in
331 987 360 1022 5.
383 975 544 1023 Metaph.
568 975 647 1020 (tex.
670 977 760 1022 17.):
783 976 968 1010 beatitudo
1000 984 1121 1010 autem
1148 976 1257 1010 habet
1279 976 1458 1011 rationem
1482 977 1599 1011 ultimi
1622 976 1712 1011 finis.

146 1029 306 1072 Socand0,
330 1029 414 1077 quia
435 1038 594 1077 potestas
616 1041 653 1064 se
676 1029 785 1064 habet
807 1029 849 1064 ad
869 1029 1019 1072 bonum,
1034 1038 1069 1064 et
1084 1030 1126 1064 ad
1147 1029 1302 1064 malum:
1323 1030 1507 1065 beatitudo
1523 1039 1643 1065 autem
1663 1039 1716 1066 est

146 1083 346 1130 proprium,
365 1091 401 1118 et
421 1082 620 1130 perfectum
643 1083 803 1117 hominis
826 1083 982 1117 bonum:
1007 1083 1100 1117 unde
1127 1083 1244 1127 magis
1272 1091 1394 1130 posset
1415 1083 1612 1119 consistere
1634 1084 1715 1118 bea-

145 1136 262 1171 titudo
284 1135 404 1183 aliqua
426 1136 461 1170 in
483 1136 582 1170 bono
605 1147 670 1170 usu
693 1136 892 1182 potestatis,
915 1137 975 1183 qui
998 1144 1051 1171 est
1073 1148 1135 1183 per
1161 1137 1342 1178 virtutem,
1365 1149 1475 1183 quam
1497 1137 1532 1171 in
1555 1137 1630 1184 ipsa
1653 1149 1716 1184 po-

144 1197 284 1226 testate.
306 1189 465 1225 Possunt
491 1197 612 1224 autem
639 1195 784 1235 quatuor
809 1189 997 1235 generales
1025 1190 1184 1224 rationes
1212 1190 1334 1225 induci
1365 1191 1408 1225 ad
1436 1191 1715 1233 ostendendum,

144 1243 243 1291 quod
263 1243 301 1278 in
321 1242 424 1278 nullo
445 1242 731 1289 praemissorum
753 1243 972 1277 exteriorum
996 1243 1178 1277 bonorum
1201 1243 1386 1278 beatitudo
1409 1246 1593 1279 consistat.

217 1295 386 1338 Quarum
401 1297 518 1343 prima
539 1304 603 1338 est,
624 1295 735 1342 quod,
761 1307 846 1330 cum
875 1296 1060 1330 beatitudo
1089 1296 1133 1331 sit
1163 1308 1348 1330 summum
1378 1297 1538 1332 hominis
1566 1299 1717 1341 bonum,

147 1360 222 1385 non
243 1349 464 1396 compatitur
484 1361 609 1384 secum
632 1348 779 1396 aliquod
802 1349 960 1384 malum:
984 1350 1109 1384 omnia
1136 1358 1258 1384 autem
1285 1351 1468 1396 praedicta
1495 1360 1647 1396 possunt
1673 1353 1723 1386 in-

145 1402 261 1439 veniri
281 1411 317 1439 et
336 1403 374 1438 in
394 1403 512 1446 bonis,
533 1410 568 1438 et
590 1403 625 1437 in
647 1401 764 1437 malis.
787 1403 934 1438 Secunda
957 1403 1048 1438 ratio
1071 1411 1135 1446 est,
1158 1403 1241 1449 quia
1264 1415 1346 1438 cum
1375 1404 1418 1439 de
1447 1405 1586 1440 ratione
1614 1406 1722 1441 beati-

145 1456 279 1492 tudinis
299 1456 356 1499 sit,
377 1455 475 1503 quod
497 1456 542 1492 sit
562 1467 626 1503 per
646 1467 683 1491 se
706 1455 908 1499 sufficiens;
930 1464 968 1491 ut
989 1465 1087 1502 patet
1107 1457 1143 1491 in
1166 1457 1284 1503 primo
1308 1457 1423 1492 Ethic.
1452 1459 1543 1506 (rap.
1572 1460 1620 1505 7.)
1648 1460 1719 1494 hoc

145 1521 295 1546 necesse
317 1517 382 1553 est„
408 1509 506 1557 quod
531 1509 753 1545 beatitudine
788 1510 929 1556 adepta,
958 1509 1100 1544 nullum
1130 1510 1269 1544 bonum
1299 1512 1547 1546 necessarium
1576 1512 1718 1548 homini

143 1563 253 1607 desit3
271 1563 410 1611 adeptis
425 1571 546 1598 autem
562 1562 712 1609 singulis
727 1564 1024 1610 praemissorum,
1040 1571 1191 1610 possunt
1205 1564 1322 1598 adhuc
1338 1564 1452 1599 multa
1466 1565 1561 1599 bona
1576 1566 1717 1612 homini

141 1616 347 1657 necessaria
368 1617 505 1659 deesse,
527 1624 613 1664 puta
634 1616 821 1663 sapientia,
843 1617 977 1652 sanitas
999 1617 1175 1664 corporis,
1199 1626 1233 1652 et
1247 1618 1468 1663 hujusmodi.
1491 1619 1616 1662 Tertia,
1634 1621 1718 1666 quia

142 1681 228 1706 cum
247 1670 433 1706 beatitudo
454 1670 500 1706 sit
518 1670 656 1705 bonum
672 1669 884 1717 perfectum,
900 1682 942 1706 ex
958 1671 1179 1706 beatitudine
1193 1682 1268 1706 non
1282 1680 1401 1718 potest
1418 1672 1564 1719 aliquod
1580 1674 1718 1709 malum

141 1722 250 1759 alicui
270 1723 479 1771 provenire:
501 1723 600 1771 quod
619 1735 693 1758 non
716 1724 888 1758 convenit
908 1725 1132 1771 praemissis:
1152 1725 1282 1760 dicitur
1303 1726 1400 1760 enim
1427 1726 1525 1761 Eccl.
1557 1738 1584 1772 ς.
1612 1729 1721 1774 quod.

141 1777 281 1813 divitiae
302 1777 465 1812 interdum
488 1783 728 1813 conservantur
743 1779 775 1811 in
791 1778 915 1812 mulum
930 1777 1060 1812 domini
1073 1779 1124 1813 sui
1135 1791 1145 1812 .·
1161 1787 1196 1813 et
1210 1778 1327 1813 simile
1343 1787 1439 1826 patet
1452 1780 1487 1814 in
1504 1780 1582 1815 aliis
1597 1781 1709 1816 tribus

142 1831 281 1877 Quarta
307 1831 400 1866 ratio
427 1838 493 1873 est,
519 1830 603 1878 quia
630 1831 674 1866 ad
701 1831 960 1866 beatitudinem
988 1831 1103 1866 homo
1132 1832 1318 1866 ordinatur
1339 1844 1402 1878 per
1428 1833 1604 1880 principia
1630 1835 1718 1869 inte-

139 1883 256 1927 riora3
279 1895 364 1919 cum
387 1884 430 1919 ad
452 1884 570 1931 ipsam
591 1884 802 1920 naturaliter
829 1885 1032 1920 ordinetur:
1062 1886 1260 1932 praemissa
1289 1895 1410 1921 autem
1441 1896 1596 1934 quatuor
1623 1889 1718 1923 bona

140 1937 259 1985 magis
284 1945 368 1973 sunt
393 1949 413 1972 a
439 1938 556 1973 causis
583 1938 837 1981 exterioribus;
865 1946 899 1973 et
926 1947 963 1973 ut
989 1938 1187 1985 plurimum
1215 1951 1234 1974 a
1261 1939 1421 1975 fortuna:
1450 1942 1544 1977 unde
1572 1950 1607 1977 et
1633 1944 1719 1977 bona

131 1991 295 2039 fortunae
314 1991 492 2027 dicuntur.
529 1991 635 2026 Unde
669 1999 776 2039 patet,
813 1992 910 2038 quod
945 1992 981 2026 in
1018 1992 1225 2039 praemissis
1258 1993 1359 2028 nullo
1391 1995 1504 2029 modo
1532 1995 1717 2031 beatitudo

140 2044 315 2080 consistit.

210 2098 272 2134 AD
297 2108 448 2134 PRLMUM
469 2109 558 2145 ergo
579 2098 788 2140 dicendum,
810 2099 906 2145 quod
929 2099 1051 2133 divina
1078 2107 1238 2146 potestas
1261 2108 1316 2135 est
1342 2112 1406 2135 sua
1436 2101 1595 2136 bonitas:
1624 2103 1718 2138 unde

140 2151 192 2187 uti
207 2162 273 2187 sua
293 2159 472 2199 potestate
497 2163 572 2187 non
599 2160 718 2198 potest
744 2152 812 2186 nisi
838 2152 948 2194 bene;
975 2153 1037 2187 sed
1060 2153 1131 2187 hoc
1155 2153 1189 2187 in
1206 2154 1415 2188 hominibus
1431 2166 1504 2189 non
1518 2155 1718 2198 im·cnitur;

140 2204 236 2241 unde
255 2216 332 2240 non
349 2203 483 2240 sufficit
503 2205 546 2240 ad
570 2205 843 2248 beatitudinem,
865 2206 960 2252 quod
985 2206 1099 2241 homo
1123 2206 1342 2242 assimiletur
1363 2207 1445 2242 Deo
1467 2216 1643 2255 quantum
1671 2210 1715 2244 ad

139 2266 372 2306 potestatem,
392 2258 461 2293 nisi
483 2258 702 2294 assimiletur
724 2258 757 2294 ei
778 2267 954 2306 quantum
977 2259 1021 2294 ad
1043 2260 1256 2295 bonitatem.

211 2312 273 2348 An
299 2322 507 2348 SECUNDUM
535 2312 742 2355 dicendum,
768 2313 865 2360 quod
891 2313 985 2348 sicut
1011 2313 1192 2360 optimum
1220 2322 1285 2357 est,
1311 2315 1409 2361 quod
1437 2315 1566 2362 aliquis
1599 2323 1718 2351 utatur

138 2365 232 2401 bene
251 2373 432 2413 potestate
453 2365 489 2400 in
511 2365 690 2412 regimine
714 2366 932 2401 multorum:
956 2367 1004 2402 ita
1026 2367 1226 2414 pessimum
1245 2376 1311 2410 est,
1338 2369 1366 2403 si
1393 2369 1489 2403 male
1517 2377 1654 2404 utatur:
1682 2378 1718 2405 et

137 2419 189 2455 ita
214 2427 374 2467 potestas
395 2431 434 2455 se
455 2419 565 2455 habet
586 2420 630 2454 ad
652 2420 802 2463 bonum,
825 2428 859 2455 et
881 2420 924 2455 ad
948 2420 1099 2455 malum.

208 2472 270 2510 AD
289 2483 463 2509 TERTtuu
480 2473 689 2516 dicendum,
711 2473 808 2520 quod
831 2474 984 2509 servitus
1003 2483 1057 2509 est
1074 2474 1379 2521 impedimentum
1402 2476 1488 2510 boni
1508 2487 1591 2511 usus
1618 2484 1713 2523 pote-

137 2525 257 2562 statis:
285 2534 321 2563 et
345 2526 428 2562 ideo
456 2525 667 2562 naturaliter
693 2527 863 2562 homines
890 2538 972 2562 eam
998 2527 1152 2575 fugiunt,
1179 2537 1214 2564 et
1238 2540 1313 2564 non
1339 2529 1442 2576 quasi
1468 2529 1504 2563 in
1537 2538 1701 2576 potestat·

135 2579 299 2616 hominis
318 2579 366 2616 sit
385 2591 572 2616 summum
592 2579 742 2615 bonum.
