1875 3198
245 156 328 198 608
641 168 862 203 QUAESTIO
898 168 1056 197 LXXXV.
1090 167 1334 197 ARTICULUS
1368 167 1411 197 ΙΙ.

313 249 544 284 ΒΕεΡοΝΒΕΟ
560 249 765 291 dicendum,
782 249 890 294 quod,
906 249 998 283 sicut
1016 249 1153 283 dictum
1169 257 1222 283 est
1236 248 1316 292 (art.
1334 248 1476 294 praec),
1492 247 1631 282 bonurn
1645 255 1807 289 naturae,

243 303 340 348 quod
359 314 422 348 per
443 311 633 348 peccatum
657 302 876 343 diminuitur,
900 310 952 336 est
966 301 1136 336 naturalis
1151 301 1338 335 inclinatio
1359 302 1402 335 ad
1416 302 1605 343 virtutem3
1624 312 1716 347 quae
1737 301 1810 346 qui-

243 356 326 390 dem
336 358 507 390 convenit
520 356 663 390 homini
681 367 721 389 ex
737 356 807 389 hoc
822 356 913 400 ipso,
931 355 1027 401 quod
1042 355 1227 389 rationalis
1243 363 1313 389 est:
1326 355 1449 389 exhoc
1466 355 1564 389 enirn
1577 355 1697 397 habet,
1713 354 1809 400 quod

242 409 443 443 secundum
466 410 644 443 rationem
668 417 854 454 operetur3
878 409 975 454 quod
1003 417 1056 443 est
1082 420 1188 455 agere
1211 409 1410 443 secundum
1431 408 1613 443 virtutem.
1639 408 1710 443 Per
1731 419 1812 454 pec-

243 470 364 497 catum
392 470 512 496 autem
539 474 613 496 non
636 470 754 507 potest
775 462 933 496 totaliter
961 462 1002 495 ab
1029 463 1180 496 homine
1201 462 1281 496 tolli
1307 463 1404 508 quod
1425 462 1470 496 sit
1495 461 1699 503 rationalis;
1727 461 1810 507 quia

242 517 315 559 iam
337 527 411 549 non
434 523 526 550 esset
547 527 659 560 capax
687 515 845 560 peccati;
868 515 962 549 unde
984 527 1059 549 non
1081 524 1134 550 est
1167 515 1348 561 possibile,
1371 515 1468 561 quod
1500 515 1726 560 praedictum
1751 525 1813 548 na-

241 577 343 603 turae
366 570 502 603 bonum
516 568 674 602 totaliter
695 568 853 602 tollatur.
871 569 967 603 Cum
990 577 1110 603 autem
1125 568 1553 614 inveniaturhujusmodi
1568 568 1707 602 bonum
1729 579 1813 602 con·

241 623 340 656 tinue
352 623 504 656 diminui
518 634 581 667 per
593 630 796 667 peccatum,
812 622 960 668 quidam
971 623 1015 656 ad
1028 623 1133 668 hujus
1149 622 1481 656 manifestationem
1492 622 1546 656 usi
1557 629 1639 656 sunt
1650 621 1810 668 quodam

245 676 424 722 exemplo,
446 676 482 709 in
505 687 577 721 quo
601 676 781 709 invenitur
803 675 949 721 aliquod
972 676 1113 709 finitum
1135 677 1171 710 in
1192 675 1373 710 infinitum
1396 675 1559 717 diminui,
1574 683 1698 709 tamen
1711 685 1813 708 num-

245 740 356 774 quam
385 728 546 763 totaliter
574 729 758 771 consumi;
789 729 874 762 dicit
904 729 1002 763 enim
1031 729 1169 763 Philos.
1196 729 1233 763 in
1263 740 1291 763 1.
1321 729 1466 775 Physic.
1496 729 1572 773 (tex.
1603 729 1686 775 37.);
1714 728 1811 774 quod

245 782 273 816 si
297 782 338 815 ab
362 782 481 828 aliqua
503 782 753 827 magnitudine
772 782 871 816 finita
887 783 1058 817 continue
1078 782 1258 817 auferatur
1280 782 1413 828 aliquid
1428 782 1628 817 secundum
1643 782 1811 816 eamdem

248 836 498 881 quantitatem,
520 835 679 870 totaliter
705 836 853 870 tandem
881 845 1131 870 consumetur:
1155 844 1240 882 puta
1262 836 1291 870 si
1313 847 1332 870 a
1357 847 1587 882 quacumque
1614 837 1812 881 quantitate

245 889 343 922 finita
366 900 509 935 semper
531 890 739 924 subtraxero
763 900 972 923 mensuram
994 889 1124 936 palmi:
1149 890 1178 924 si
1200 901 1286 923 vero
1309 889 1371 923 fiat
1391 889 1588 924 subtractio
1610 889 1811 923 secundum

245 943 414 976 eamdem
440 943 728 988 proportionem,
756 951 790 976 et
816 955 890 977 non
917 943 1118 977 secundum
1147 943 1315 977 eamdem
1343 944 1592 989 quantitatem,
1619 943 1751 989 poterit
1775 942 1812 976 in

244 996 425 1030 infinitum
452 996 633 1031 subtrahi:
655 1004 740 1041 puta
766 997 794 1030 si
821 997 1001 1042 quantitas
1024 997 1202 1031 dividatur
1227 997 1264 1030 in
1291 997 1379 1031 duas
1406 1005 1536 1043 partes,
1559 1004 1594 1031 et
1615 1008 1635 1030 a
1661 996 1811 1030 dimidio

244 1050 474 1084 subtrahatur
489 1050 692 1091 dimidium,
712 1051 759 1084 ita
774 1050 905 1096 poterit
926 1050 963 1084 in
980 1050 1162 1084 infinitum
1181 1051 1345 1096 procedi:
1360 1051 1409 1084 ita
1422 1058 1546 1084 tamen
1560 1050 1657 1096 quod
1671 1060 1814 1096 semper

244 1104 341 1150 quod
364 1104 544 1150 posterius
566 1104 797 1146 subtrahitur,
822 1105 888 1138 erit
909 1104 1028 1138 minus
1051 1115 1106 1146 eo,
1135 1104 1231 1150 quod
1250 1104 1346 1150 prius
1368 1104 1655 1138 subtrahebatur.

317 1157 388 1192 Sed
402 1158 474 1191 hoc
493 1159 528 1191 in
543 1158 729 1204 proposito
744 1169 819 1191 non
838 1158 946 1192 habet
959 1157 1102 1192 locum:
1119 1169 1193 1191 non
1209 1158 1306 1191 enim
1321 1169 1475 1203 sequens
1489 1165 1681 1203 peccatum
1695 1156 1814 1190 minus

245 1211 413 1246 diminuit
426 1212 565 1246 bonum
583 1221 745 1254 naturae,
768 1223 877 1258 quam
900 1212 1110 1257 pracedens,
1133 1212 1194 1246 sed
1216 1211 1309 1245 forte
1327 1211 1456 1257 magis,
1478 1211 1508 1245 si
1529 1211 1574 1245 sit
1595 1210 1756 1257 gravius:
1780 1217 1815 1246 et

244 1265 328 1299 ideo
352 1264 454 1299 aliter
476 1273 529 1300 est
550 1265 756 1307 dicendum,
777 1265 872 1311 quod
888 1265 1073 1310 praedicta
1095 1265 1282 1299 inclinatio
1298 1264 1512 1310 intelligitur
1532 1272 1570 1298 ut
1591 1264 1711 1298 media
1723 1263 1816 1297 inter

245 1319 334 1353 duo:
356 1318 526 1353 fundatur
547 1319 657 1361 enim,
679 1319 772 1353 sicut
792 1319 828 1352 in
851 1319 982 1361 radice,
1005 1319 1042 1352 in
1062 1327 1191 1352 natura
1213 1318 1399 1361 rationali;
1421 1325 1456 1352 et
1482 1317 1597 1352 tendit
1616 1317 1654 1352 in
1674 1317 1814 1351 bonum

244 1372 396 1414 virtutis,
419 1372 511 1407 sicut
536 1373 572 1406 in
599 1372 808 1414 terminum,
831 1380 864 1406 et
886 1372 1007 1406 finem.
1022 1373 1213 1419 Dupliciter
1233 1372 1341 1418 igitur
1362 1379 1482 1417 potest
1501 1370 1657 1416 intelligi
1673 1371 1748 1416 ejus
1767 1370 1816 1404 di-

245 1425 419 1460 minutio:
439 1438 503 1460 uno
519 1426 614 1460 modo
631 1438 673 1460 ex
691 1434 791 1471 parte
807 1426 955 1460 radicis:
978 1426 1044 1460 alio
1059 1426 1154 1460 modo
1173 1437 1215 1460 ex
1230 1434 1329 1471 parte
1350 1425 1506 1460 termini.
1529 1426 1645 1460 Primo
1667 1424 1814 1470 quidem

246 1479 358 1514 modo
380 1491 455 1513 non
478 1479 688 1514 diminuitur
709 1491 772 1525 per
793 1487 1005 1525 peccatum3
1029 1491 1071 1513 eo
1092 1479 1189 1525 quod
1210 1488 1400 1526 peccatum
1415 1490 1490 1513 non
1510 1478 1678 1513 diminuit
1697 1478 1814 1524 ipsam

245 1542 425 1575 naturam,
447 1541 486 1567 ut
506 1545 613 1579 supra
637 1534 773 1567 dictum
797 1542 850 1568 est
873 1534 952 1577 (art.
971 1535 1119 1581 praem:
1142 1534 1204 1568 sed
1227 1534 1438 1568 diminuitur
1457 1533 1594 1568 secundo
1616 1533 1741 1575 modo,
1767 1533 1816 1566 in-

246 1594 422 1633 quantum
445 1586 584 1621 scilicet
605 1588 751 1632 ponitur
773 1587 1076 1634 impedimentum
1090 1588 1319 1634 pertingendi
1338 1588 1381 1621 ad
1403 1587 1620 1622 terminum:
1643 1587 1672 1621 si
1694 1594 1816 1621 autem

241 1641 355 1686 primo
371 1640 483 1674 modo
499 1641 769 1683 diminueretur,
792 1649 976 1686 oporteret
998 1642 1094 1687 quod
1117 1642 1334 1687 quandoque
1352 1640 1512 1675 totaliter
1529 1648 1815 1682 consumeretur,

244 1702 372 1728 natura
399 1694 567 1729 rationali
592 1695 752 1729 totaliter
782 1703 1017 1740 consumpta:
1045 1695 1107 1730 sed
1134 1696 1217 1742 quia
1244 1696 1454 1730 diminuitur
1480 1707 1522 1729 ex
1546 1703 1647 1741 parte
1668 1695 1817 1740 impedi—

245 1747 369 1789 menti,
397 1748 494 1794 quod
523 1749 714 1795 apponitur
734 1760 779 1782 ne
803 1750 981 1794 pertingat
1003 1749 1046 1783 ad
1068 1749 1276 1791 terminum,
1299 1748 1534 1784 manifestum
1555 1756 1619 1791 est,
1645 1748 1742 1795 quod
1769 1748 1818 1782 di-

245 1801 359 1835 minui
387 1802 534 1848 quidem
560 1800 678 1848 potest
703 1802 740 1836 in
767 1802 964 1844 infinitum3
998 1803 1081 1849 quia
1108 1803 1144 1836 in
1171 1802 1352 1837 infinitum
1378 1810 1529 1850 possunt
1553 1802 1817 1849 impedimenta

246 1855 390 1901 apponi,
410 1856 610 1890 secundum
630 1856 726 1902 quod
745 1856 860 1889 homo
884 1864 1002 1902 potest
1023 1857 1059 1890 in
1081 1855 1262 1890 infinitum
1281 1856 1413 1892 addere
1432 1864 1623 1902 peccatum
1644 1863 1814 1902 peccato:

245 1920 319 1942 non
340 1917 464 1943 tamen
488 1917 607 1954 potest
632 1909 792 1944 totaliter
815 1910 1000 1952 consumi;
1023 1910 1106 1956 quia
1134 1922 1278 1957 semper
1300 1919 1423 1945 manet
1445 1910 1545 1945 radix
1566 1909 1648 1945 talis
1670 1909 1819 1944 inclina·

244 1962 371 1996 tionis:
395 1963 487 1997 sicut
500 1971 597 2009 patet
615 1963 658 1997 de
678 1963 860 2010 diaphano
884 1975 1049 2010 corpore,
1073 1964 1170 2010 quod
1189 1964 1336 2010 quidem
1357 1964 1468 1999 habet
1480 1963 1756 1998 inclinationem
1773 1963 1816 1998 ad

245 2016 516 2061 susceptionem
538 2016 628 2050 lucis
648 2028 690 2051 ex
708 2017 778 2051 hoc
802 2017 880 2062 ipso
903 2017 1000 2064 quod
1020 2025 1073 2052 est
1091 2017 1332 2063 diaphanum3
1354 2018 1566 2052 diminuitur
1584 2025 1707 2053 autem
1724 2017 1815 2052 haec

245 2069 444 2112 inclinatio,
472 2069 530 2104 vel
559 2070 727 2105 habilitas
750 2082 792 2105 ex
822 2079 922 2117 parte
955 2071 1171 2106 nebularum
1205 2072 1548 2118 supervenientium,
1583 2083 1667 2106 curn
1693 2079 1816 2106 tamen

246 2134 390 2169 semper
412 2132 558 2158 maneat
578 2124 614 2158 in
637 2125 757 2159 radice
778 2133 940 2160 naturae.

317 2177 377 2211 AD
392 2188 543 2212 PRIMUM
559 2189 645 2224 ergo
661 2178 973 2224 dicendum,quod
985 2178 1142 2224 objectio
1156 2179 1217 2213 illa
1229 2179 1403 2225 procedit,
1415 2179 1560 2226 quando
1571 2178 1610 2214 fit
1623 2178 1815 2214 diminutio

246 2241 309 2276 per
330 2230 631 2265 subtractionem:
655 2232 713 2266 hic
743 2240 864 2266 autem
888 2232 925 2266 fit
953 2232 1144 2267 diminutio
1167 2244 1230 2279 per
1251 2233 1519 2279 appositionem
1544 2233 1816 2280 impedimenti3
1834 2258 1842 2264 .

246 2284 343 2329 quod
357 2295 473 2330 neque
488 2284 593 2327 tollit,
609 2297 725 2331 neque
738 2286 905 2320 diminuit
917 2286 1077 2320 radicem
1088 2286 1345 2328 inclinationis,
1356 2295 1394 2321 ut
1404 2287 1541 2321 dictum
1560 2288 1673 2332 est(in
1694 2287 1814 2333 corp).

319 2337 379 2372 AD
407 2348 614 2373 SECUNDUM
642 2339 848 2381 dicendum,
872 2340 967 2386 quod
991 2339 1179 2375 inclinatio
1201 2340 1374 2375 naturalis
1397 2348 1450 2375 est
1470 2341 1617 2387 quidem
1637 2348 1715 2375 tota
1742 2339 1817 2374 uni-

246 2388 384 2434 formis,
410 2393 471 2426 sed
493 2400 615 2426 tamen
642 2393 751 2427 habet
778 2402 985 2439 respectum
1014 2401 1049 2428 et
1075 2394 1118 2428 ad
1141 2394 1369 2440 principium,
1402 2402 1437 2429 et
1464 2394 1508 2428 ad
1535 2394 1744 2436 terminum,
1766 2404 1818 2428 se-

245 2445 405 2479 cundum
428 2457 537 2491 quam
560 2446 805 2480 diversitatem
833 2447 1110 2493 quodammodo
1133 2448 1356 2490 diminuitur,
1378 2456 1412 2482 et
1433 2447 1711 2494 quodammodo
1738 2458 1815 2482 non

248 2497 471 2533 diminuitur.

318 2552 377 2586 AD
416 2562 585 2588 TER-riuti
611 2553 817 2595 dicendum,
841 2554 937 2599 quod
961 2554 1070 2589 etiam
1098 2555 1133 2589 in
1161 2555 1341 2590 damnatis
1370 2563 1493 2590 manet
1518 2554 1692 2589 naturalis
1718 2554 1817 2589 incli·
1857 2558 1862 2563 ’

247 2605 346 2639 natio
363 2606 405 2640 ad
420 2607 609 2649 virtutem,
633 2607 793 2653 alioquin
809 2619 881 2641 non
903 2616 996 2642 esset
1019 2609 1052 2641 in
1076 2609 1126 2643 eis
1149 2610 1331 2643 remorsus
1347 2609 1610 2643 conscientiae:
1634 2609 1696 2643 sed
1719 2607 1815 2655 quod

246 2671 320 2693 non
344 2660 534 2694 reducatur
555 2661 590 2694 in
608 2669 740 2704 actum,
760 2662 948 2706 contingit,
969 2662 1050 2707 quia
1071 2663 1169 2696 deest
1184 2663 1298 2708 gratia
1317 2662 1516 2697 secundum
1540 2662 1699 2696 divinam
1722 2661 1817 2706 justi-

246 2714 354 2748 tiam:
378 2713 470 2748 sicut
492 2714 601 2748 etiam
625 2715 659 2748 in
683 2726 793 2749 caeco
814 2723 976 2748 remanet
996 2716 1158 2760 aptitudo
1181 2716 1224 2749 ad
1247 2716 1444 2750 videndum
1466 2716 1502 2749 in
1524 2716 1600 2762 ipsa
1623 2715 1744 2750 radice
1757 2725 1817 2748 na-

248 2776 359 2809 turae,
383 2768 596 2813 inquantum
620 2776 672 2802 est
695 2768 829 2802 animal
849 2769 1058 2803 naturaliter
1081 2769 1217 2803 habens
1239 2770 1374 2812 vi5um3
1397 2769 1458 2804 sed
1481 2780 1555 2804 non
1577 2769 1758 2803 reducitur
1779 2768 1814 2802 in

249 2829 381 2863 actum,
404 2822 486 2867 quia
510 2822 610 2856 deest
631 2833 751 2864 causa,
774 2833 865 2868 quae
889 2823 1061 2857 reducere
1081 2823 1202 2869 possit,
1222 2822 1414 2858 formando
1438 2833 1629 2869 organum,
1647 2823 1744 2868 quod
1765 2832 1816 2856 re-

249 2875 399 2920 quiritur
422 2875 463 2909 ad
486 2875 692 2909 videndum.
