1907 3198
535 198 759 235 QUAESTIO
794 197 864 227 Lx.
899 196 1146 227 ARTICULUS
1180 196 1237 226 1v.
1608 197 1695 240 417

181 281 414 318 RESPONDEO
437 281 646 323 dicendum,
663 279 760 327 quod
780 290 853 314 non
877 287 997 326 potest
1019 278 1102 321 dici,
1118 278 1216 325 quod
1237 277 1332 311 circa
1355 288 1485 312 omnes
1508 278 1698 325 passiones

111 337 156 372 sit
177 347 248 370 una
270 335 351 371 sola
367 335 480 370 virtus
511 334 684 368 moralis:
709 342 793 368 sunt
825 333 924 368 enim
955 333 1136 379 quaedam
1159 333 1347 379 passiones
1379 331 1423 365 ad
1450 331 1610 366 diversas
1633 343 1697 378 po-

109 390 240 426 tentias
260 389 501 437 pertinentes:
537 387 630 422 aliae
652 399 812 434 namque
844 387 1026 434 pertinent
1056 386 1100 420 ad
1123 385 1356 428 irascibilem,
1383 385 1476 420 aliae
1499 386 1543 420 ad
1566 396 1699 419 concu-

109 443 326 492 piscibilem,
348 451 387 478 ut
406 454 514 490 supra
537 442 675 476 dictum
697 449 750 476 est
773 441 818 488 (q.
830 453 878 488 23.
890 446 955 476 art.
971 440 1030 486 r.).
1052 440 1131 474 Nec
1147 448 1270 474 tamen
1291 447 1447 486 oportet,
1463 439 1560 486 quod
1577 439 1698 473 omnis

109 497 296 533 diversitas
318 497 531 544 passionum
553 495 708 530 sufficiat
731 495 774 530 ad
797 495 946 530 virtutes
970 493 1129 529 morales
1152 493 1467 528 diversificandas:
1484 494 1600 540 primo
1624 493 1700 539 qui-

110 552 206 595 dem,
228 551 314 598 quia
335 550 515 598 quaedam
537 550 726 597 passiones
749 558 842 592 sunt,
866 560 958 596 quae
981 548 1046 583 sibi
1075 556 1311 595 opponuntur
1333 547 1534 582 secundum
1559 555 1701 581 contra-

109 607 296 648 rietatem;
318 606 411 640 sicut
444 604 632 651 gaudium,
655 612 689 638 et
714 603 876 646 tristitia3
898 603 1022 645 timor,
1056 610 1091 637 et
1125 602 1289 644 audacia,
1318 610 1353 635 et
1375 600 1446 635 alia
1468 601 1698 647 hujusmodi:

110 667 146 695 et
167 661 263 694 circa
284 657 497 704 hujusmodi
523 658 711 704 passiones
746 658 795 692 sic
831 657 1018 704 oppositas
1041 664 1186 703 oportet
1216 667 1294 690 esse
1329 666 1440 689 unam
1469 663 1504 689 et
1526 655 1697 689 eamdem

109 714 300 756 virtutem;
323 723 408 748 curn
430 712 529 746 enim
551 712 664 746 virtus
687 711 838 746 moralis
866 713 899 745 in
923 711 1081 757 quadam
1103 710 1299 744 medietate
1323 710 1510 751 consistat,
1532 709 1696 743 medium

108 767 146 802 in
169 766 358 802 contrariis
384 765 613 813 passionibus
635 766 837 800 secundum
869 765 1038 799 eamdem
1062 764 1243 798 rationem
1269 763 1466 797 instituitur
1494 765 1586 797 sicut
1606 771 1641 797 et
1661 763 1698 797 in

109 819 334 856 naturalibus
355 819 455 854 idem
477 828 531 854 est
552 819 715 854 medium
739 819 831 854 inter
853 819 1047 861 contraria,
1074 826 1113 852 ut
1134 818 1227 852 inter
1254 817 1389 861 album,
1412 824 1447 851 et
1468 817 1627 863 nigrum.
1649 817 1701 852 Sa-

110 875 230 918 cundo,
249 875 334 922 quia
347 874 512 910 diversae
534 874 723 921 passiones
738 873 970 908 inveniuntur
981 871 1185 907 secundum
1204 872 1377 906 eumdem
1396 871 1550 906 modum
1567 870 1699 905 rationi

109 937 374 977 repugnantes;
396 936 482 976 puta
505 928 708 964 secundum
729 927 930 974 impulsum
946 927 990 962 ad
1011 927 1059 969 id,
1079 926 1176 973 quod
1199 934 1253 961 est
1275 934 1402 961 contra
1424 925 1618 968 rationem,
1639 924 1699 960 vel

109 983 313 1019 secundum
334 983 593 1018 retractionem
613 982 655 1017 ab
675 993 732 1025 eo,
747 982 845 1029 quod
865 990 918 1017 est
936 981 1138 1017 secundum
1152 981 1353 1024 rationem;
1376 989 1411 1015 et
1430 980 1514 1015 ideo
1535 981 1699 1015 diversae

109 1037 299 1085 passiones
329 1036 625 1084 concupiscibilis
658 1047 733 1071 non
755 1036 937 1083 pertinent
972 1036 1016 1070 ad
1047 1036 1206 1070 diversas
1236 1035 1388 1070 virtutes
1412 1034 1590 1076 morales;
1613 1034 1700 1080 quia

111 1103 238 1127 earum
253 1099 376 1126 motus
390 1091 593 1126 secundum
615 1091 812 1138 quemdam
841 1090 1008 1124 ordinem
1024 1101 1060 1124 se
1079 1089 1239 1124 invicem
1267 1097 1552 1135 consequuntur,
1572 1096 1698 1135 utpote

112 1145 156 1180 ad
170 1145 267 1180 idern
284 1145 451 1188 ordinati,
467 1144 605 1179 scilicet
625 1144 668 1178 ad
684 1144 985 1190 consequendum
1000 1143 1151 1185 bonurn,
1166 1142 1224 1177 vel
1240 1143 1282 1177 ad
1298 1142 1514 1189 fugiendum
1530 1142 1690 1176 malum:

111 1200 206 1235 sicut
226 1210 269 1234 ex
287 1209 414 1234 amore
435 1198 602 1246 procedit
623 1198 935 1245 concupiscentia,
959 1206 993 1232 et
1020 1209 1062 1231 ex
1090 1197 1388 1244 concupiscentia
1415 1197 1624 1244 pervenitur
1652 1196 1695 1230 ad

112 1253 408 1289 delectationem.
431 1252 475 1287 Et
493 1252 623 1287 eadem
646 1252 738 1286 ratio
761 1260 814 1286 est
836 1252 880 1286 de
902 1251 1101 1298 oppositis;
1124 1251 1207 1297 quia
1230 1262 1272 1285 ex
1295 1251 1382 1285 odio
1410 1252 1570 1297 sequitur
1597 1249 1697 1296 fuga,

110 1307 170 1342 vel
191 1306 430 1349 abominatio,
453 1317 546 1353 quae
564 1306 730 1352 perducit
745 1306 787 1340 ad
810 1305 1014 1340 tristitiam:
1031 1305 1094 1340 sed
1109 1305 1298 1352 passiones
1314 1304 1504 1339 irascibilis
1524 1316 1598 1339 non
1615 1312 1699 1339 sunt

111 1361 218 1396 unius
240 1360 389 1402 ordinis,
411 1361 474 1394 sed
497 1360 541 1394 ad
563 1360 706 1394 diversa
728 1359 960 1394 ordinantur:
983 1371 1070 1393 nam
1083 1359 1240 1401 audacia,
1262 1363 1290 1393 et
1305 1360 1406 1393 timor
1425 1359 1639 1393 ordinantur
1654 1358 1698 1392 ad

111 1414 260 1462 aliquod
282 1425 460 1461 magnum
481 1413 710 1461 periculum:
739 1420 819 1461 spes,
850 1419 880 1448 et
900 1413 1084 1460 desperatio
1115 1413 1159 1447 ad
1189 1412 1336 1459 aliquod
1359 1413 1499 1447 bonurn
1523 1413 1697 1446 arduum:

113 1464 167 1504 ira
185 1476 308 1504 autem
331 1468 375 1503 ad
396 1468 642 1515 superandum
662 1467 811 1514 aliquod
834 1467 1072 1509 contrarium,
1096 1467 1194 1513 quod
1216 1474 1486 1501 nocumentum
1507 1466 1638 1501 intulit.
1654 1466 1700 1500 Et

112 1522 197 1558 ideo
219 1522 317 1557 circa
326 1521 393 1557 has
403 1522 590 1569 passiones
607 1521 771 1556 diversae
786 1521 936 1556 virtutes
956 1521 1191 1555 ordinantur:
1212 1528 1337 1567 utpote
1361 1522 1582 1568 temperantia
1601 1521 1698 1554 circa

111 1576 301 1624 passiones
325 1575 639 1623 concupiscibilis:
654 1575 824 1623 fortitudo
845 1575 941 1610 circa
963 1575 1126 1617 timores,
1150 1583 1186 1610 et
1213 1575 1401 1609 audacias:
1437 1575 1699 1621 magnanimitas

112 1630 210 1666 circa
231 1641 347 1678 spem,
370 1637 405 1665 et
427 1629 742 1677 desperationem:
766 1629 978 1665 mansuetudo
1002 1629 1098 1664 circa
1120 1629 1201 1663 iras.

183 1684 244 1719 An
265 1695 416 1720 PRIMUM
439 1695 527 1731 ergo
556 1684 765 1726 dicendum,
796 1684 893 1731 quod
928 1694 1058 1718 omnes
1087 1683 1276 1730 passiones
1309 1683 1534 1717 conveniunt
1556 1683 1592 1717 in
1620 1694 1695 1717 uno

113 1738 304 1786 principio,
327 1745 363 1773 et
383 1737 455 1772 fine
478 1738 681 1780 communi,
703 1749 778 1772 non
802 1746 924 1772 autem
946 1738 983 1772 in
1016 1737 1268 1784 uno-‘proprio
1299 1737 1490 1784 principio,
1518 1748 1581 1772 seu
1604 1736 1696 1771 fine:

113 1793 209 1829 unde
231 1793 304 1828 hoc
326 1804 400 1828 non
423 1792 556 1828 sufficit
578 1794 622 1828 ad
646 1793 823 1828 unitatem
846 1793 986 1828 virtutis
1009 1792 1171 1828 moralis.

185 1847 246 1883 AD
269 1857 479 1883 SECUNDUM
501 1847 710 1890 dicendum,
733 1847 830 1894 quod
853 1847 946 1882 sicut
967 1847 1003 1881 in
1025 1847 1248 1881 naturalibus
1272 1847 1370 1881 idem
1390 1855 1442 1881 est
1465 1846 1698 1893 principium,

113 1913 187 1950 quo
209 1902 391 1937 receditur
412 1902 456 1937 ab
479 1913 553 1937 uno
576 1902 767 1949 principio,
791 1910 825 1936 et
847 1901 1032 1936 acceditur
1054 1901 1098 1935 ad
1121 1901 1230 1943 aliud,
1253 1909 1288 1935 et
1314 1901 1350 1935 in
1376 1900 1615 1935 rationalibus
1643 1908 1696 1935 est

114 1955 243 1991 eadem
266 1956 358 1991 ratio
381 1956 668 1991 contrariorum:
691 1956 740 1990 ita
763 1955 873 1990 etiam
895 1955 1007 1990 virtus
1030 1955 1194 1997 moralis,
1209 1967 1302 2002 quae
1321 1955 1357 1989 in
1377 1955 1530 1990 modum
1545 1963 1697 1990 naturae

113 2009 247 2045 rationi
269 2009 461 2053 consentit,
485 2018 539 2045 est
560 2010 691 2044 eadem
714 2010 982 2044 contrariarum
1004 2009 1230 2056 passionum.

185 2064 247 2099 Ao
266 2074 440 2100 TERTIUM
463 2064 672 2106 dicendum,
695 2063 793 2110 quod
815 2063 899 2098 illae
922 2072 994 2098 tres
1017 2063 1204 2111 passiones
1233 2063 1276 2097 ad
1303 2063 1401 2098 idem
1430 2063 1616 2109 objectum
1644 2074 1699 2098 or-

113 2118 284 2154 dinantur
305 2118 507 2154 secundum
529 2118 728 2166 quemdam
751 2118 930 2160 ordinem,
953 2126 991 2153 ut
1013 2118 1152 2152 dictum
1175 2125 1228 2153 est
1246 2118 1298 2163 (in
1321 2124 1413 2165 corp.
1436 2119 1533 2164 art.);
1558 2126 1592 2152 et
1613 2117 1697 2152 ideo

114 2173 160 2209 ad
181 2173 352 2209 eamdem
373 2173 546 2209 virtutem
569 2172 750 2208 moralem
772 2173 965 2220 pertinent.

682 2332 1032 2378 ARTICULUS
1069 2333 1124 2376 v.
1629 2355 1693 2391 321

269 2442 454 2474 UTRUM
493 2442 764 2474 VIRTUTES
808 2442 1052 2473 MORALES
1096 2442 1571 2473 DISTINGUANTUR

421 2509 663 2539 SECUNDUM
690 2508 878 2539 DIVERSA
904 2509 1098 2551 OBJECTA
1125 2508 1388 2538 PASSIONUM.

187 2597 248 2632 AD
269 2607 453 2637 QUINTUM
474 2596 526 2632 sic
548 2596 766 2643 proceditur.
790 2595 954 2639 Videtur,
977 2596 1075 2643 quod
1103 2596 1253 2631 virtutes
1283 2595 1442 2631 morales
1470 2607 1545 2630 non
1577 2596 1700 2630 distin-

115 2659 273 2698 guantur
294 2650 496 2686 secundum
519 2651 662 2696 objecta
684 2650 916 2697 passionum:
945 2651 1039 2685 sicut
1060 2650 1159 2685 enim
1186 2659 1270 2685 sunt
1295 2651 1437 2696 objecta
1472 2650 1696 2697 passionum,

115 2705 166 2740 ita
191 2713 275 2740 sunt
296 2705 440 2751 objecta
461 2704 739 2752 operationum:
763 2705 824 2739 sed
846 2706 996 2739 virtutes
1019 2704 1191 2746 morales,
1219 2716 1312 2751 quae
1339 2713 1421 2739 sunt
1449 2705 1543 2739 circa
1574 2715 1699 2752 opera-

115 2759 247 2802 tiones,
267 2771 344 2794 non
366 2759 637 2806 distinguuntur
658 2759 859 2793 secundum
883 2759 1026 2805 objecta
1045 2759 1321 2806 operationum:
1346 2758 1389 2792 ad
1409 2759 1577 2793 eamdem
1597 2759 1696 2793 enim

114 2813 287 2848 virtutem
308 2813 444 2860 justitia
470 2813 624 2860 pertinet
647 2823 781 2854 emere,
803 2812 861 2847 vel
882 2813 1039 2848 vendere
1061 2813 1227 2855 domum,
1243 2821 1278 2847 et
1300 2824 1455 2859 equum3
1478 2824 1565 2859 ergo
1586 2812 1697 2848 etiam

115 2878 184 2903 nec
205 2867 357 2903 virtutes
378 2867 551 2910 morales,
573 2878 666 2914 quae
689 2874 770 2902 sunt
798 2866 894 2901 circa
921 2867 1122 2914 passiones,
1149 2866 1437 2901 diversificantur
1463 2878 1526 2914 per
1555 2867 1698 2913 objecta

116 2932 343 2969 passionum.
