1875 3198
222 197 307 250 646
657 206 877 242 QUAESTIO
911 207 980 236 xc.
1015 206 1260 236 ARTICULUS
1293 206 1337 235 11.

219 288 430 334 prohibere:
452 289 515 322 sed
536 296 729 334 praecepta
752 288 964 322 ordinantur
987 288 1030 322 ad
1054 288 1233 334 quaedam
1255 287 1452 335 singularia
1466 288 1583 331 bona3
1604 300 1680 323 non
1699 299 1786 335 ergo

222 353 368 388 semper
389 341 469 376 finis
490 341 580 387 legis
604 350 656 376 est
677 342 815 376 bonum
838 353 1046 375 commune.

294 406 324 429 2.
347 395 584 430 PRAETEREA.
609 395 684 429 Lex
707 395 827 440 dirigit
839 395 1031 429 hominem
1047 395 1089 429 ad
1106 395 1306 441 agendum:
1331 396 1393 430 sed
1416 403 1517 430 actus
1538 395 1692 430 humani
1706 403 1788 430 sunt

219 449 255 483 in
274 449 567 495 particularibu53
591 460 677 494 ergo
701 456 736 483 et
756 448 812 482 lex
836 448 879 482 ad
902 448 1048 494 aliquod
1070 448 1287 495 particulare
1307 449 1447 483 bonum
1469 449 1665 484 ordinatur.

295 514 323 548 3.
347 503 583 537 PRAETEREA.
606 503 764 536 Isidorus
784 502 870 536 dicit
887 502 923 535 in
942 502 1001 536 lib.
1023 513 1052 546 5.
1072 502 1391 549 Etymologiarum
1410 503 1500 549 (cap.
1523 503 1590 548 3.):
1612 503 1647 537 Si
1660 504 1787 538 ratione

220 557 271 591 lex
293 561 429 599 constat,
453 557 503 590 lut
525 558 588 590 erit
609 568 713 597 omne,
734 556 819 601 quod
836 557 966 590 ratione
988 558 1187 590 constiterit:
1211 556 1273 590 sed
1295 556 1435 590 ratione
1455 556 1619 591 consistit
1638 568 1713 591 non
1735 568 1789 591 so-

221 609 298 643 lum
321 610 417 656 quod
442 610 627 644 ordinatur
650 609 693 643 ad
715 609 853 643 bonum
877 620 1085 651 commune,
1109 610 1170 644 sed
1192 610 1302 644 etiam
1324 609 1421 656 quod
1444 610 1630 644 ordinatur
1652 610 1696 644 ad
1722 611 1789 656 pri-

219 671 343 697 vatum
364 663 503 697 bonum
524 663 649 704 unius;
673 674 759 708 ergo
783 671 850 697 etc.

293 717 367 751 SED
396 727 551 751 CONTRA
576 724 639 758 est,
667 716 763 762 quod
778 716 937 750 Isidorus
960 716 1046 750 dicit
1066 716 1102 750 in
1121 727 1148 761 ς.
1164 716 1374 763 Etymolog.
1398 720 1488 764 (cap.
1512 718 1592 762 21),
1616 717 1714 763 quod
1729 716 1787 752 lex

222 777 275 804 est
296 769 396 803 nullo
419 770 559 816 privato
583 770 794 811 commodo,
817 770 878 804 sed
898 775 962 816 pro
986 770 1175 803 communi
1196 769 1348 804 utilitate
1371 770 1505 804 civium
1525 770 1739 817 conscripta.

291 823 521 858 RESPONDEO
545 823 750 865 dicendum,
774 824 883 870 quod,
905 823 998 858 sicut
1012 823 1150 857 dictum
1165 831 1218 858 est
1232 824 1313 869 (art.
1327 825 1472 870 praec),
1494 823 1551 858 lex
1568 824 1724 870 pertinet
1742 825 1785 858 ad

220 877 266 918 id,
290 877 386 922 quod
402 885 455 911 est
472 877 690 923 principium
712 877 960 911 humanorum
983 885 1142 919 actuum,
1165 888 1208 911 ex
1231 888 1274 911 eo
1297 877 1395 923 quod
1417 885 1470 912 est
1484 877 1620 924 regula,
1636 885 1670 912 et
1690 889 1788 912 men-

221 941 321 964 sura:
345 930 437 964 sicut
460 939 580 965 autem
604 931 694 964 ratio
711 938 763 965 est
777 931 994 977 principium
1010 931 1257 965 humanorum
1274 939 1440 974 actuum;
1463 931 1512 965 ita
1531 931 1641 966 etiam
1654 931 1691 965 in
1710 931 1788 978 ipsa

220 984 359 1018 ratione
382 992 435 1018 est
454 984 600 1030 aliquid,
623 985 720 1030 quod
743 992 795 1019 est
816 984 1035 1031 principium
1057 992 1222 1030 respectu
1244 985 1411 1018 omnium
1433 984 1608 1028 aliorum3
1630 985 1724 1019 unde
1743 986 1786 1019 ad

219 1037 290 1071 hoc
314 1046 457 1084 oportet
479 1038 577 1084 quod
591 1038 847 1084 principaliter,
864 1047 898 1072 et
913 1038 1070 1072 maxime
1085 1039 1263 1084 pertineat
1283 1038 1359 1073 lex:
1382 1039 1541 1085 primum
1557 1047 1679 1073 autem
1697 1039 1789 1085 prin-

219 1091 354 1136 cipium
375 1092 411 1125 in
434 1092 639 1138 operativis‚
662 1103 819 1138 quorum
842 1100 895 1126 est
916 1092 1008 1126 ratio
1031 1092 1201 1138 practica,
1224 1100 1278 1126 est
1298 1092 1378 1126 finis
1400 1092 1566 1128 ultimus:
1590 1101 1644 1127 est
1665 1101 1787 1127 autern

219 1144 367 1179 ultimus
389 1144 470 1180 finis
491 1145 674 1180 humanae
690 1146 784 1180 vitae
799 1145 964 1188 felicitas,
979 1146 1038 1180 vel
1053 1146 1250 1188 beatitudo,
1268 1153 1306 1180 ut
1327 1158 1434 1192 supra
1447 1146 1613 1180 habitum
1629 1154 1682 1181 est
1698 1147 1743 1193 (q.
1758 1160 1786 1182 I.

219 1204 282 1232 art.
307 1199 339 1234 6.
360 1204 387 1233 et
414 1210 442 1245 7.
466 1204 494 1234 ct
515 1211 544 1245 q.
571 1211 602 1234 2.
625 1205 689 1234 art.
713 1212 741 1246 5.
765 1205 795 1234 et
822 1201 891 1245 7.);
924 1200 1017 1234 unde
1049 1208 1203 1246 oportet,
1235 1200 1333 1246 quod
1355 1199 1413 1235 lex
1435 1200 1594 1234 maxime
1620 1200 1789 1246 respiciat

219 1252 397 1294 ordinem,
421 1253 481 1299 qui
503 1261 557 1287 est
577 1253 613 1286 in
635 1253 866 1287 beatitudine.
886 1253 1022 1287 Rursus
1045 1265 1129 1287 cum
1152 1253 1271 1288 omnis
1293 1265 1374 1300 pars
1397 1253 1583 1288 ordinetur
1605 1253 1649 1287 ad
1669 1262 1787 1288 totum

219 1306 311 1340 sicut
332 1306 586 1352 imperfectum
609 1307 651 1340 ad
674 1306 893 1353 perfectum3
916 1319 1008 1341 unus
1039 1315 1160 1341 autem
1188 1307 1303 1341 homo
1327 1315 1380 1341 est
1405 1318 1486 1353 pars
1516 1308 1788 1342 communitatis

219 1359 400 1406 perfectae
414 1373 421 1402 ;
444 1371 592 1394 necesse
615 1369 678 1403 est,
695 1360 791 1407 quod
813 1361 870 1395 lex
885 1361 1028 1407 proprie
1043 1361 1211 1407 respiciat
1225 1361 1391 1395 ordinem
1406 1361 1450 1395 ad
1464 1360 1676 1395 felicitatem
1691 1372 1788 1396 com-

219 1425 389 1456 munem;
412 1414 506 1448 unde
522 1422 556 1448 et
569 1414 817 1460 Philosophus
832 1415 1030 1461 praemissa
1049 1414 1258 1448 definitione
1273 1414 1447 1460 legalium
1462 1415 1689 1449 mentionem
1704 1414 1789 1449 facit

218 1467 262 1501 de
284 1466 467 1510 felicitate,
490 1476 524 1502 et
546 1468 808 1502 communione
830 1468 995 1514 politica:
1013 1468 1099 1502 dicit
1118 1468 1214 1502 enim
1236 1468 1272 1502 in
1299 1479 1326 1513 ς.
1348 1468 1465 1503 Ethic.
1491 1468 1578 1515 (cap.
1593 1481 1620 1504 Ι.
1636 1480 1656 1504 α
1674 1469 1787 1514 med),

218 1521 316 1567 quod
337 1520 468 1566 legalia
492 1523 584 1567 justa
606 1522 760 1555 dicimus
782 1521 927 1563 factiva,
947 1529 982 1556 et
996 1522 1247 1556 conservativa
1261 1521 1452 1564 felicitatis,
1468 1530 1502 1556 et
1516 1522 1788 1568 particularium

215 1574 326 1620 ipsius
341 1574 488 1621 politica
505 1575 858 1609 communicatione:
883 1574 1042 1622 perfecta
1065 1575 1163 1609 enim
1185 1576 1431 1610 communitas
1454 1576 1580 1610 civitas
1604 1584 1668 1618 est,
1683 1584 1722 1610 ut
1741 1576 1789 1610 di-

217 1628 310 1662 citur
331 1629 367 1662 in
394 1639 420 1662 1.
443 1628 550 1663 Polit.
576 1629 664 1675 (cap.
686 1630 744 1674 L).

289 1682 329 1716 In
348 1681 510 1728 quolibet
524 1691 645 1716 autem
660 1694 792 1727 genere
807 1683 842 1716 id
858 1682 955 1728 quod
977 1684 1136 1716 maxime
1159 1682 1298 1724 dicitur,
1314 1690 1367 1717 est
1381 1682 1598 1730 principium
1620 1683 1788 1725 aliorum,

218 1744 253 1770 et
275 1735 343 1770 alia
366 1737 532 1770 dicuntur
554 1737 755 1771 secundum
778 1737 945 1771 ordinem
973 1737 1016 1770 ad
1042 1737 1181 1783 ipsum:
1211 1736 1303 1771 sicut
1328 1737 1434 1782 ignis,
1460 1737 1522 1783 qui
1549 1745 1602 1771 est
1629 1737 1787 1771 maxime

218 1789 366 1831 calidus,
390 1798 441 1823 est
465 1802 571 1824 causa
592 1790 783 1824 caliditatis
803 1792 838 1824 in
858 1791 1068 1836 corporibus
1088 1790 1218 1832 mixtis,
1239 1801 1330 1836 quae
1349 1790 1529 1824 intantum
1553 1790 1721 1825 dicuntur
1736 1802 1790 1824 ca-

216 1842 300 1885 lida,
322 1843 537 1889 inquantum
560 1844 776 1890 participant
797 1845 839 1878 de
862 1844 965 1889 igne:
988 1844 1083 1877 unde
1111 1849 1250 1890 oportet,
1280 1855 1364 1878 cum
1385 1844 1442 1878 lex
1464 1844 1622 1878 maxime
1649 1844 1789 1878 dicatur

215 1897 416 1931 secundum
432 1897 597 1931 ordinem
613 1897 656 1931 ad
669 1898 807 1931 bonum
823 1909 1032 1939 commune,
1048 1897 1144 1943 quod
1160 1897 1418 1943 quodcumque
1434 1897 1530 1931 aliud
1552 1906 1788 1944 praeceptum

218 1950 260 1984 de
288 1950 498 1997 particulari
521 1962 629 1997 opere
656 1963 730 1985 non
757 1951 889 1985 habeat
915 1952 1094 1985 rationem
1117 1951 1219 1996 legis,
1239 1951 1307 1985 nisi
1328 1951 1529 1985 secundum
1552 1951 1717 1985 ordinem
1745 1951 1788 1986 ad

216 2004 355 2038 bonum
377 2016 592 2038 commune:
617 2013 651 2038 et
672 2005 754 2039 ideo
778 2005 897 2039 omnis
919 2005 975 2038 lex
998 2005 1042 2038 ad
1064 2005 1203 2038 bonum
1224 2015 1420 2038 commune
1440 2004 1635 2038 ordinatur.

289 2058 349 2092 AD
376 2068 525 2092 PR1ML'M
551 2069 638 2104 ergo
666 2059 872 2100 dicendum,
909 2058 1005 2104 quod
1036 2066 1270 2104 praeceptum
1300 2058 1474 2103 importat
1505 2057 1787 2104 applicationem

216 2111 306 2157 legis
326 2112 368 2145 ad
385 2123 438 2153 ea,
454 2123 545 2157 quae
568 2112 649 2157 lege
672 2112 900 2157 regulaintur:
924 2111 1013 2145 ordo
1039 2120 1159 2145 autem
1183 2111 1227 2145 ad
1248 2111 1387 2145 bonum
1403 2122 1612 2154 commune,
1632 2112 1692 2157 qui
1713 2123 1788 2158 per-

215 2165 305 2199 tinet
327 2165 370 2198 ad
392 2165 524 2210 legem,
547 2174 599 2199 est
622 2165 844 2211 applicabilis
868 2165 910 2199 ad
933 2164 1134 2209 singulares
1161 2164 1268 2199 fines:
1292 2173 1326 2199 et
1347 2165 1550 2199 secundum
1576 2165 1648 2199 hoc
1676 2165 1785 2200 etiam

217 2219 260 2254 de
283 2219 557 2266 particularibus
579 2220 795 2265 quibusdam
817 2227 1009 2265 praecepta
1032 2219 1171 2253 dantur.

289 2273 349 2307 AD
372 2284 579 2307 SECUNDUM
595 2273 801 2314 dicendum,
821 2273 917 2318 quod
933 2272 1163 2318 operationes
1179 2271 1326 2318 quidem
1341 2280 1424 2306 sunt
1437 2272 1474 2306 in
1493 2271 1785 2319 particularibus;

217 2326 281 2362 sed
303 2327 365 2361 illa
387 2326 615 2373 particularia
638 2326 761 2361 referri
784 2335 934 2373 possunt
953 2327 995 2360 ad
1019 2327 1156 2360 bonum
1184 2337 1394 2368 commune,
1421 2337 1496 2360 non
1523 2326 1670 2373 quidem
1689 2337 1786 2361 com-

218 2381 393 2415 munitate
416 2381 569 2426 generss,
584 2380 642 2414 vel
657 2381 801 2426 speciei,
821 2381 883 2414 sed
900 2380 1163 2414 communitate
1181 2391 1311 2414 causae
1325 2379 1460 2422 finalis3
1475 2380 1675 2415 secundum
1689 2379 1785 2427 quod

217 2436 356 2470 bonum
379 2447 575 2469 commune
598 2435 726 2469 dicitur
749 2435 828 2469 finis
852 2435 1069 2468 communis.

288 2490 348 2523 AD
377 2499 547 2524 TERTmM
570 2489 775 2530 dicendum,
791 2489 886 2534 quod
904 2489 996 2522 sicut
1017 2487 1107 2522 nihil
1129 2495 1272 2521 constat
1293 2486 1443 2522 firmiter
1465 2487 1664 2521 secundum
1682 2486 1786 2521 ratio-

217 2553 302 2576 nem
325 2542 598 2588 speculativam,
614 2543 681 2576 nisi
704 2554 764 2588 per
787 2542 1050 2576 resolutionem
1066 2541 1109 2575 ad
1129 2541 1244 2587 prima
1263 2541 1438 2587 principia
1456 2539 1783 2575 indemostrabilia:

218 2596 266 2630 ita
290 2595 438 2630 firmiter
464 2596 555 2630 nihil
577 2604 719 2630 constat
741 2608 802 2641 per
826 2593 1003 2629 rationem
1033 2597 1241 2641 practicam,
1268 2595 1336 2629 nisi
1363 2606 1426 2641 per
1452 2594 1719 2629 ordinationem
1741 2593 1784 2628 ad

218 2650 387 2683 ultimum
416 2650 537 2692 finem,
565 2649 625 2695 qui
653 2658 704 2683 est
731 2650 868 2683 bonum
900 2660 1109 2691 commune,
1137 2648 1232 2695 quod
1261 2656 1383 2682 autem
1409 2648 1480 2683 hoc
1508 2648 1621 2683 modo
1647 2647 1784 2682 ratione

218 2711 370 2745 constat,
393 2703 481 2749 legis
505 2703 683 2737 rationem
706 2702 823 2737 habet.
