1907 3198
457 203 679 240 QUAESTIO
713 202 863 233 Lxxm.
897 201 1142 233 ARTICULUS
1174 201 1248 231 VH.
1554 201 1635 244 525

145 286 222 324 SED
242 297 397 323 CONTRA
419 294 484 328 est,
501 286 597 332 quod
620 284 824 331 ignorantia
844 283 1137 318 circumstantiae
1159 282 1328 317 diminuit
1349 291 1558 328 peccatum:
1578 282 1638 328 qui

73 340 172 378 enim
191 348 319 388 peccat
335 351 377 375 ex
399 339 603 386 ignorantia
617 338 920 380 circumstantiae,
936 346 1094 372 meretur
1107 339 1265 378 veniam,
1281 345 1318 371 ut
1332 336 1462 370 dicitur
1483 335 1517 370 in
1532 335 1591 370 lib.
1610 347 1638 381 3.

73 392 191 431 Ethic.
211 394 303 442 (cap.
325 405 352 430 1.
374 394 435 428 cir.
458 405 502 427 m.
501 392 567 438 ·d).·
591 393 660 427 hoc
685 401 806 426 autem
828 403 901 426 non
921 399 1025 432 esset,
1044 390 1112 425 nisi
1133 390 1404 425 circumstantia
1427 398 1641 436 aggravaret

73 455 285 497 peccatum;
305 458 394 493 ergo
415 447 685 481 circumstantia
708 454 899 492 peccatum
923 453 1108 490 aggravat.

144 500 374 537 Respoxnzo
396 500 602 540 dicendum,
625 499 721 546 quod
745 499 1029 545 unumquodque
1051 510 1094 533 ex
1116 497 1247 532 eodem
1269 505 1395 532 natum
1423 504 1476 531 est
1503 496 1638 543 augeri,

75 565 201 603 exquo
219 562 398 596 causatur,
412 553 504 588 sicut
519 553 654 587 Philos.
670 553 756 587 dicit
769 552 812 586 de
834 552 957 586 habitu
973 552 1113 586 virtutis
1132 551 1166 585 in
1188 561 1218 585 2.
1239 550 1551 598 Ethic.(cap.1.et
1569 552 1642 595 2.).·

76 606 306 644 manifestum
327 614 381 642 est
402 614 536 648 autem,
557 606 654 653 quod
682 614 871 652 peccatum
895 613 1062 639 causatur
1083 616 1125 640 ex
1147 603 1290 639 defectu
1313 603 1465 649 alicujus
1487 603 1639 638 circum-

74 660 246 699 stantiae:
268 672 311 696 ex
331 660 403 695 hoc
421 660 519 694 enim
541 659 720 706 receditur
742 659 784 693 ab
806 659 932 693 ordine
954 658 1115 701 rationis,
1133 658 1230 705 quod
1249 657 1378 704 aliquis
1397 658 1432 691 in
1455 657 1642 704 operando

74 724 152 755 non
171 713 340 751 observat
358 713 495 749 debitas
521 712 828 754 circumstantias;
854 712 949 747 unde
976 711 1207 746 manifestum
1235 720 1299 753 est,
1327 711 1424 758 quod
1451 719 1642 758 peccatum

74 774 204 805 natum
223 767 479 814 estaggravari
492 778 555 813 per
568 765 890 802 circumstantiam.
913 765 984 800 Sed
1007 765 1077 800 hoc
1100 765 1248 812 quidem
1263 765 1441 811 contingit
1455 765 1643 812 tripliciter.

82 820 158 861 Uno
176 820 323 869 quidem
344 820 453 863 modo,
467 820 680 867 inquantum
703 819 975 854 circumstantia
996 818 1164 854 transfert
1185 820 1220 853 in
1239 818 1335 853 aliud
1355 830 1469 865 genus
1484 818 1642 865 peccati:

76 873 171 911 sicut
194 882 386 922 peccatum
410 872 660 908 fornicationis
686 873 850 908 consistit
876 873 911 907 in
943 873 1028 915 hoc,
1053 872 1151 919 quod
1181 872 1297 907 homo
1329 872 1469 907 accedit
1497 871 1540 906 ad
1567 883 1640 906 non

77 938 202 971 manu
222 927 253 963 si
273 935 395 963 autem
417 927 569 962 addatur
589 927 680 962 haec
702 927 985 969 circumstantia,
1007 935 1045 961 ut
1067 926 1139 968 illa,
1162 926 1206 960 ad
1228 937 1338 972 quam
1361 926 1512 967 accedit,
1535 926 1579 960 sit
1597 925 1643 960 al-

77 980 189 1019 terius
202 992 305 1024 uxor,
317 979 531 1017 transfertur
552 982 624 1026 jam
640 982 675 1016 in
693 980 789 1015 aliud
804 991 917 1027 genus
933 980 1083 1027 peccati,
1097 980 1235 1015 scilicet
1250 979 1473 1025 injustitiam,
1496 979 1646 1026 inquan-

76 1041 157 1072 tum
169 1034 286 1071 homo
299 1042 448 1081 usurpat
461 1045 539 1069 rem
561 1033 726 1077 alterius;
748 1042 783 1069 et
796 1034 996 1069 secundum
1011 1033 1083 1068 hoc
1106 1033 1322 1068 adulterium
1337 1042 1391 1068 est
1408 1033 1552 1080 gravius
1568 1043 1647 1080 pec-

79 1094 215 1131 catum,
227 1098 338 1136 quam
351 1086 555 1123 somieatio.
571 1087 763 1134 Aliquando
776 1098 863 1122 vero
878 1087 1149 1122 circumstantia
1163 1098 1236 1122 non
1253 1095 1427 1132 aggravat
1441 1094 1646 1133 peccatum,

79 1140 183 1189 quasi
206 1140 354 1177 trahens
373 1141 411 1176 in
437 1140 534 1176 aliud
561 1152 675 1187 genus
702 1140 851 1188 peccati,
878 1140 940 1176 sed
967 1140 1087 1175 solum
1114 1141 1198 1187 quia
1225 1139 1442 1187 multiplicat
1468 1140 1646 1175 rationem

79 1194 242 1243 peccati;
261 1194 355 1230 sicut
373 1195 403 1230 si
429 1194 602 1241 prodigus
623 1194 683 1229 det
703 1194 849 1241 quando
870 1205 944 1229 non
966 1194 1083 1236 debet,
1105 1203 1140 1229 et
1161 1193 1218 1228 cui
1240 1205 1313 1229 non
1341 1194 1457 1236 debet,
1479 1192 1648 1240 multipli-

81 1247 158 1284 cius
178 1255 307 1296 peccat
325 1247 457 1284 eodem
478 1248 603 1294 generi
625 1247 777 1295 peccati,
799 1259 906 1294 quam
929 1247 959 1282 si
980 1247 1100 1282 solum
1122 1247 1193 1289 det,
1215 1248 1272 1282 cui
1294 1258 1368 1282 non
1390 1247 1513 1282 debet:
1541 1255 1576 1282 et
1604 1258 1646 1281 ex

82 1301 156 1338 hoc
177 1301 258 1350 ipso
277 1309 469 1349 peceatum
490 1300 531 1336 fit
549 1301 714 1348 gravius:
736 1301 828 1336 sicut
841 1301 951 1336 etiam
966 1301 1155 1347 aegritudo
1170 1309 1223 1336 est
1237 1301 1395 1346 gravior,
1417 1311 1509 1348 quae
1528 1300 1648 1348 plures

84 1362 204 1404 partes
222 1355 388 1403 corporis
406 1354 539 1398 inficit;
561 1355 655 1390 unde
676 1362 712 1390 et
733 1353 878 1389 Tullius
898 1354 985 1389 dicit
1006 1354 1042 1389 in
1063 1354 1262 1389 Paradoxis
1283 1354 1418 1401 (parad.
1438 1367 1465 1401 3.
1487 1366 1507 1389 a
1530 1353 1645 1400 med),

86 1408 186 1457 quod
203 1407 242 1444 in
263 1408 374 1457 patris
393 1408 467 1444 vita
487 1407 658 1444 violanda
676 1407 791 1443 multa
812 1416 1026 1455 peccantur:
1048 1407 1205 1442 violatur
1225 1408 1323 1443 enim
1342 1408 1384 1450 is,
1402 1408 1463 1455 qui
1484 1418 1649 1455 procrea-

82 1462 146 1507 vit,
173 1461 237 1510 qui
255 1461 356 1506 aluit,
376 1462 439 1510 qui
458 1462 624 1505 erudivit,
645 1462 706 1509 qui
726 1462 762 1496 in
789 1462 885 1504 sede,
908 1473 949 1496 ac
972 1462 1097 1504 domo,
1119 1470 1226 1509 atque
1248 1462 1284 1497 in
1302 1474 1339 1497 re
1366 1462 1510 1509 publica
1537 1461 1648 1496 collo-

83 1515 192 1558 cavit.
219 1516 330 1552 Tertio
350 1515 447 1552 modo
469 1515 741 1551 circumstantia
763 1523 938 1562 aggravat
962 1524 1152 1563 peccatum
1179 1527 1222 1550 ex
1249 1527 1306 1558 eo,
1333 1516 1430 1563 quod
1457 1525 1566 1562 auget
1591 1515 1648 1550 de·

44 1589 46 1595 ·
82 1567 310 1614 formitatem
329 1569 605 1617 provenientem
626 1580 669 1604 ex
690 1568 761 1604 alia
779 1569 1069 1605 circumstantia:
1091 1569 1183 1604 sicut
1205 1570 1370 1617 accipere
1389 1569 1547 1605 alienum
1567 1580 1651 1604 con-

75 1621 200 1666 tituit
230 1630 424 1671 peccatum
455 1621 556 1666 furti3
591 1622 622 1658 si
655 1630 776 1658 autem
812 1623 963 1658 addatur
995 1623 1086 1658 haec
1114 1623 1398 1666 circumstantia,
1430 1631 1468 1658 ut
1493 1622 1649 1658 multum

80 1675 239 1724 mipiat
265 1676 311 1712 de
337 1675 472 1720 alieno,
500 1677 568 1712 erit
593 1685 784 1724 peccatum
814 1677 975 1723 gravius;
1003 1677 1169 1724 quamvis
1195 1677 1360 1725 accipere
1393 1676 1562 1719 multum,
1591 1676 1650 1711 vel

84 1739 215 1779 parum
235 1729 281 1766 de
301 1740 340 1766 se
360 1741 436 1766 non
457 1729 555 1765 dicat
575 1730 754 1765 rationem
776 1730 875 1772 boni,
900 1729 958 1765 vel
980 1730 1078 1765 mali.

152 1783 216 1820 AD
235 1793 387 1820 mlum
407 1794 496 1831 ergo
517 1783 724 1826 dicendum,
745 1783 842 1830 quod
865 1783 985 1831 aliqua
1006 1784 1277 1819 circumstantia
1299 1784 1359 1819 dat
1379 1783 1540 1831 speciem
1556 1783 1651 1818 actui

82 1835 229 1883 morali,
249 1844 289 1873 ut
307 1848 418 1885 supra
437 1837 602 1873 habitum
624 1845 679 1872 est
701 1837 747 1884 (q.
769 1838 820 1873 18.
844 1843 910 1873 art.
933 1839 1024 1876 10.:)
1048 1846 1083 1873 et
1103 1847 1226 1872 tamen
1249 1837 1532 1880 circumstantia,
1558 1849 1651 1884 quae

84 1900 162 1928 nou
174 1889 238 1927 dat
248 1891 422 1939 speciem,
435 1898 555 1939 potest
568 1902 767 1938 aggravare
782 1899 991 1938 peccatum:
1014 1891 1099 1938 quia
1112 1891 1205 1926 sicut
1218 1892 1359 1926 bonitas
1373 1891 1423 1926 rei
1439 1902 1513 1926 non
1531 1890 1651 1926 solum

76 1939 258 1994 {ematur
277 1955 322 1980 ex
341 1955 407 1980 sua
427 1944 560 1992 specie,
581 1945 644 1979 sed
665 1944 775 1979 etiam
797 1955 840 1979 ex
859 1944 980 1991 aliquo
999 1945 1205 1980 accidente:
1229 1946 1277 1980 ita
1298 1944 1437 1980 malitia
1459 1953 1560 1980 actus
1577 1956 1651 1980 non

80 1995 211 2042 solnm
230 2006 403 2046 pensatur
423 2009 467 2034 ex
492 1998 613 2045 specie
635 2006 748 2040 actus,
769 1998 830 2032 sed
852 1998 962 2033 etiam
984 2009 1026 2034 ex
1048 1998 1330 2034 circumstantia

84 2074 112 2100 :—
158 2050 222 2088 AD
241 2061 449 2088 secunnuu
476 2051 684 2094 dicendum,
709 2051 807 2098 quod
834 2060 988 2099 utroque
1014 2052 1126 2087 modo
1154 2053 1425 2088 circumstantia
1452 2061 1570 2100 potest
1596 2063 1655 2099 ag-

82 2114 240 2154 ‘avare
260 2113 472 2153 peccatum:
495 2105 525 2141 si
545 2105 643 2141 enim
665 2105 710 2140 sit
731 2104 839 2147 mala,
860 2116 933 2140 non
955 2114 1078 2141 tamen
1105 2115 1251 2153 propter
1276 2106 1347 2142 hoc
1375 2114 1530 2153 oportet,
1556 2106 1652 2153 quod

82 2158 288 2198 mutat
304 2159 466 2207 speciem
487 2159 649 2207 peccati:
676 2167 794 2206 potest
811 2159 908 2194 enirn
932 2159 1063 2195 addere
1086 2160 1264 2195 rationem
1287 2159 1447 2195 malitiae
1471 2161 1505 2194 in
1524 2160 1651 2195 eadem

87 2247 106 2251 .,
142 2235 151 2239 -
175 2211 223 2257 ie.
242 2220 284 2249 nt
300 2212 440 2249 dictum
460 2220 515 2249 est
536 2212 586 2258 (in
607 2219 698 2260 corp.
717 2213 821 2257 arl.):
843 2213 872 2248 si
894 2221 1015 2248 autem
1036 2225 1110 2248 non
1133 2214 1178 2249 sit
1192 2213 1300 2257 mala,
1315 2222 1434 2261 potest
1456 2225 1653 2261 aggravare

91 2267 93 2269 ’
124 2289 134 2292 —
157 2273 282 2303 catum
301 2266 339 2302 in
360 2266 487 2302 ordine
509 2267 553 2302 ad
575 2265 753 2301 malitiam
775 2265 920 2301 alterius
942 2267 1246 2302 circumstantiae.

71 2352 76 2362 .
106 2342 133 2367 2„
159 2318 222 2356 AD
242 2329 415 2357 mnuu
429 2320 638 2362 dicendum,
651 2319 748 2367 quod
770 2320 863 2355 ratio
884 2320 990 2356 debet
1003 2321 1170 2356 ordinare
1186 2330 1307 2356 actum
1322 2332 1395 2356 non
1410 2319 1530 2356 solum
1546 2331 1656 2367 quan-

105 2391 108 2396 ·
157 2391 160 2400 ·
197 2371 243 2409 ad
273 2372 473 2421 objectum,
499 2373 560 2409 sed
589 2373 699 2408 etiam
726 2381 901 2420 quantum
936 2373 980 2408 ad
1011 2385 1141 2410 omnes
1166 2375 1473 2410 circumstantias:
1508 2382 1543 2409 et
1572 2374 1654 2409 ideo

182 2443 196 2455 μ
216 2443 223 2455 ·
250 2427 431 2475 quaedam
453 2438 473 2462 a
495 2426 619 2473 regula
642 2427 790 2462 rationis
808 2427 1002 2463 attenditur
1022 2428 1223 2463 secundum
1246 2428 1517 2475 corruptionem
1537 2429 1655 2474 cujus-

102 2486 118 2498 ”
152 2501 163 2507 -
196 2479 512 2517 circumstantiae:
534 2489 619 2528 puta
633 2481 663 2516 si
677 2480 805 2527 aliquis
831 2490 1000 2529 operetur
1025 2482 1172 2529 quando
1189 2494 1262 2517 non
1285 2482 1402 2523 debet,
1421 2481 1477 2517 vel
1501 2482 1559 2516 ubi
1581 2493 1654 2516 non

146 2551 150 2558 «
170 2553 183 2562 -‹
203 2543 213 2567 :
229 2532 487 2581 “hujusmodi
502 2534 643 2570 aversio
657 2533 788 2570 sufficit
802 2535 845 2570 ad
865 2535 1043 2571 rationem
1059 2535 1163 2571 mali:
1182 2536 1274 2571 hanc
1292 2545 1411 2571 autem
1429 2536 1654 2570 aversionem

93 2622 110 2627 „
123 2584 416 2634 waradonis
428 2588 591 2635 sequitur
604 2587 745 2623 aversio
760 2599 780 2622 a
801 2588 895 2631 Deo,
918 2589 976 2624 cui
997 2589 1103 2625 debet
1117 2589 1232 2625 homo
1248 2601 1310 2636 per
1329 2597 1465 2624 rectam
1477 2589 1655 2624 rationem
