1907 3198
508 169 734 206 QUAESTIO
767 168 888 199 XXXI.
922 167 1171 198 ARTICULUS
1204 167 1248 196 ΙΙ.
1583 166 1667 210 235

85 253 226 290 ratione
247 264 323 288 non
343 252 454 287 habet
475 252 768 288 successionem:
791 262 866 286 non
889 250 988 285 enirn
1009 257 1065 285 est
1086 257 1220 292 motuS,
1244 247 1307 283 sed
1334 247 1512 283 terminus
1534 256 1671 290 motus,

87 308 146 344 vel
165 308 390 350 mutationis,
405 307 545 342 scilicet
566 307 814 354 generationis
835 305 971 353 ipsius:
994 304 1058 340 sed
1081 304 1166 351 quia
1186 303 1394 338 humanum
1416 314 1494 338 esse
1510 303 1672 349 subjacet

86 363 203 398 causis
224 361 570 403 transmutabilibus,
593 361 796 396 secundum
817 361 889 394 hoc
912 360 1079 394 hominem
1100 371 1160 393 essa
1183 366 1236 393 est
1258 358 1294 391 in
1315 366 1494 404 tempore.

158 417 218 452 Sic
239 416 350 464 igitur
370 416 567 451 dicendum
591 424 655 458 est,
678 415 775 462 quod
799 414 996 449 delectatio
1018 413 1223 448 secundum
1245 424 1283 447 se
1306 412 1455 459 quidem
1475 424 1549 447 non
1566 411 1670 447 estin

30 487 35 492 ’
85 479 271 518 tempore:
295 479 349 506 est
370 471 470 505 enim
493 469 688 505 delectatio
710 471 747 504 in
770 470 868 503 bono
895 470 970 515 jam
998 469 1143 515 adepto,
1170 467 1268 514 quod
1291 476 1345 502 est
1366 467 1470 513 quasi
1495 467 1672 501 terminus

31 562 33 566 Α
86 533 219 560 motus.
243 525 315 560 Sed
337 525 367 560 si
388 524 478 559 illud
499 525 639 558 bonum
662 524 835 570 adeptum
864 522 1163 558 transmutationi
1189 522 1362 567 subjacet,
1387 521 1455 556 erit
1476 520 1671 556 delectatio

37 594 40 599 ·
85 591 150 628 per
171 579 342 614 accidens
363 579 399 613 in
420 587 606 625 tempore:
630 579 660 614 si
675 587 797 613 autem
812 580 857 613 sit
872 577 1026 612 om'nino
1041 575 1371 619 intransmutabile,
1386 575 1581 611 delectatio
1597 587 1672 610 non

85 634 153 670 erit
172 634 210 669 in
231 642 409 680 tempore,
431 645 498 668 nec
521 644 585 680 per
606 644 656 676 se,
683 644 751 668 nec
774 644 838 680 per
859 632 1040 667 accidens.

157 688 219 724 AD
240 698 392 724 PRIMUM
413 699 502 734 ergo
525 687 734 730 dicendum,
757 686 870 734 quod,
892 686 986 721 sicut
1007 685 1138 721 dicitur
1159 685 1196 719 in
1215 696 1243 732 3.
1261 684 1304 719 de
1327 684 1465 719 Anima
1488 684 1569 730 (tex.
1584 683 1670 731 28),

86 750 209 778 motus
229 742 406 790 dupliciter
427 742 575 776 dicitur:
598 753 664 776 uno
686 741 792 783 modo,
822 741 883 788 qui
905 749 960 776 est
980 745 1072 776 actus
1090 740 1287 787 imperfecti,
1304 738 1443 774 scilicet
1461 740 1624 774 existentis
1638 740 1673 773 in

81 798 244 844 potentia,
266 798 466 844 inquantum
487 795 678 842 hujusmodi
689 809 699 831 .·
723 803 759 831 et
779 795 861 830 talis
883 803 1005 830 motus
1028 802 1082 829 est
1103 794 1343 836 successivus,
1366 801 1402 828 et
1422 793 1458 828 in
1485 802 1671 840 tempore:

85 851 171 887 alius
192 858 317 886 autem
338 858 462 886 motus
484 858 539 885 est
559 855 651 885 actus
673 850 825 897 perfecti,
848 849 942 884 idest
963 850 1127 884 existentis
1154 849 1189 883 in
1211 853 1287 884 actu
1303 861 1313 883 .·
1341 847 1436 883 sicut
1456 847 1674 894 intelligere,

86 905 230 948 sentire,
251 905 358 949 velle,
385 913 421 940 et
439 904 666 951 hujusmodi,
688 912 724 939 et
745 905 857 939 etiam
879 903 1069 943 delectari:
1093 911 1128 938 et
1148 902 1364 949 hujusmodi
1382 910 1505 938 motus
1526 914 1602 938 non
1621 910 1675 938 est

86 959 326 1002 successivus,
346 970 414 994 nec
436 970 500 1006 per
522 970 560 993 se
587 959 624 993 in
650 966 829 1006 ternpore.

153 1014 215 1050 An
245 1024 456 1050 SECUNDUM
470 1013 679 1056 dicendum,
702 1013 801 1060 quod
823 1012 1020 1048 delectatio
1043 1012 1173 1047 dicitur
1194 1023 1340 1056 morosa,
1359 1010 1419 1047 vel
1432 1011 1607 1055 diuturna,
1624 1022 1675 1046 se-

87 1069 248 1105 cundum
270 1068 369 1117 quod
390 1079 454 1116 per
476 1068 646 1103 accidens
669 1078 723 1103 est
743 1068 779 1102 in
802 1077 980 1115 tempore.

158 1124 219 1160 AD
246 1133 420 1160 TERTIUM
446 1122 656 1166 dicendum,
679 1123 776 1170 quod
813 1122 904 1157 aliae
935 1122 1136 1170 passiones,
1167 1133 1243 1157 non
1272 1122 1410 1157 habent
1435 1133 1500 1169 pro
1527 1121 1673 1168 objecto

85 1178 226 1214 bonum
247 1177 432 1226 adeptum,
454 1177 547 1212 sicut
568 1177 785 1220 delectati0;
808 1178 902 1212 unde
926 1177 1006 1224 plus
1029 1177 1166 1212 habent
1184 1177 1228 1211 de
1246 1177 1388 1212 ratione
1407 1185 1529 1212 motus
1547 1176 1676 1223 imper-

86 1231 184 1276 fecti,
207 1244 319 1280 quam
341 1231 557 1276 delectatio;
587 1240 622 1267 et
642 1243 706 1279 per
732 1243 962 1279 consequens
990 1231 1108 1278 magis
1136 1231 1374 1266 delectationi
1397 1231 1571 1266 convenit
1598 1242 1673 1266 non

88 1299 168 1324 esse
188 1287 227 1323 in
243 1295 420 1335 tempore.

658 1430 1008 1476 ARTICULUS
1044 1430 1125 1474 111.
1610 1440 1675 1487 176

390 1541 548 1572 UTRUM
573 1541 862 1572 DELECTATIO
891 1541 1109 1572 DIFFERAT
1131 1542 1159 1571 A
1182 1540 1372 1571 GAUDIO.

91 1630 198 1678 (Insr.
217 1642 247 1678 q.
258 1641 304 1678 35.
319 1635 383 1667 art.
398 1642 430 1666 2.
452 1635 482 1666 et
499 1642 529 1678 7.
552 1636 643 1678 corp.
658 1636 689 1666 et
702 1643 732 1677 q.
753 1642 804 1676 41.
825 1636 890 1666 art.
903 1643 931 1678 3.
954 1637 1043 1677 corp.
1066 1635 1096 1666 et
1109 1643 1138 1677 3.
1157 1631 1245 1665 Dist.
1264 1641 1315 1676 17.
1334 1641 1364 1676 q.
1383 1641 1436 1674 41.
1456 1634 1520 1664 art.
1539 1640 1571 1664 2.
1586 1628 1629 1664 ad
1643 1641 1672 1675 3.

497 1690 528 1720 et
547 1696 581 1730 4.
603 1686 694 1720 Dist.
715 1696 773 1732 49.
795 1697 827 1732 q.
845 1697 874 1732 3.
896 1690 963 1720 art.
985 1697 1010 1730 3.
1033 1696 1064 1731 q.
1087 1697 1115 1720 ι.
1138 1684 1181 1719 ad
1195 1686 1254 1731 3.).

158 1776 220 1811 AD
247 1786 421 1812 TERTIUM
444 1775 495 1811 sic
509 1775 729 1823 proceditur.
745 1774 910 1818 Videtur,
930 1775 1029 1822 quod
1044 1775 1220 1822 gaudium
1234 1774 1280 1809 sit
1293 1774 1447 1809 omnino
1462 1773 1560 1808 idem
1575 1773 1674 1820 quod

86 1829 300 1866 delectatio:
329 1830 519 1878 passiones
542 1830 641 1864 enim
663 1830 808 1864 animae
831 1829 1003 1865 differunt
1025 1829 1229 1865 secundum
1249 1829 1412 1876 objecta:
1432 1828 1607 1863 sedidem
1622 1836 1676 1863 est

85 1885 272 1932 objectum
293 1885 428 1932 gaudii,
444 1893 479 1920 et
500 1884 765 1927 delectationis,
787 1883 927 1919 scilicet
947 1884 1087 1919 bonum
1109 1884 1303 1931 adeptum3
1324 1894 1411 1930 ergo
1427 1883 1603 1930 gaudium
1622 1890 1676 1917 est

85 1939 239 1975 omnino
260 1938 360 1974 idem
382 1939 480 1986 quod
503 1938 711 1974 delectatio.

157 2003 190 2028 2.
212 1993 452 2029 PRAETEREA.
475 1993 581 2029 Unus
603 2002 727 2028 motus
748 2004 824 2028 non
846 1992 1062 2028 terminatur
1084 1992 1128 2027 ad
1151 1992 1243 2027 duos
1264 1992 1461 2027 terminos:
1494 1991 1556 2027 sed
1575 1991 1674 2026 idem

85 2055 142 2084 est
161 2055 296 2091 motus,
318 2047 380 2095 qui
400 2047 617 2083 terminatur
647 2047 692 2082 ad
720 2047 908 2094 gaudium,
939 2056 975 2081 et
1005 2047 1302 2089 delectationem,
1333 2046 1473 2082 scilicet
1500 2046 1675 2093 concupi-

85 2102 244 2146 scentia;
267 2114 355 2150 ergo
377 2101 586 2145 delectatio,
609 2110 644 2137 et
666 2102 843 2148 gaudium
866 2110 951 2136 sunt
973 2102 1126 2136 omnino
1150 2101 1262 2136 idem.

161 2168 190 2203 3.
213 2156 452 2192 PRAETEREA.
484 2156 523 2191 Si
549 2156 725 2204 gaudium
753 2164 807 2191 est
834 2156 930 2190 aliud
959 2167 979 2190 a
1006 2155 1262 2198 delectatione,
1288 2155 1442 2198 videtur,
1470 2155 1568 2202 quod
1596 2155 1674 2202 pari

86 2211 227 2246 ratione
249 2220 284 2246 et
304 2211 442 2254 laetitia,
468 2219 503 2246 et
523 2211 697 2254 exultatio,
722 2219 757 2245 et
774 2210 968 2257 jucunditas
990 2210 1198 2257 significent
1219 2210 1355 2257 aliquid
1372 2209 1468 2244 aliud
1485 2221 1505 2244 a
1519 2209 1675 2244 delecta-

85 2265 209 2302 tione:
232 2274 268 2301 et
288 2266 339 2301 sic
362 2273 468 2301 erunt
488 2277 618 2300 omnes
640 2265 804 2300 diversae
823 2265 1023 2312 passiones,
1047 2265 1145 2312 quod
1172 2265 1316 2300 videtur
1334 2276 1412 2300 esse
1428 2264 1579 2307 falsum3
1598 2275 1673 2298 non

86 2331 175 2368 ergo
197 2320 373 2367 gaudium
395 2319 516 2354 differt
537 2331 556 2354 a
578 2319 835 2354 delectatione.

160 2373 236 2410 SED
259 2385 416 2410 CONTRA
439 2382 504 2416 est,
527 2373 625 2420 quod
647 2374 684 2408 in
704 2373 817 2408 brutis
841 2373 1058 2408 animalibus
1080 2385 1155 2408 non
1177 2373 1333 2409 dicimus
1353 2373 1536 2420 gaudium:
1560 2373 1622 2408 sed
1637 2373 1673 2407 in

87 2428 138 2464 eis
158 2428 315 2464 dicimus
336 2428 606 2470 delectationam;
627 2439 703 2462 non
733 2439 821 2475 ergo
844 2436 898 2463 est
918 2428 1017 2463 idem
1040 2428 1227 2475 gaudium,
1251 2436 1286 2463 et
1307 2427 1515 2462 delectatio.

158 2482 390 2519 stponmzo
405 2482 614 2525 dicendum,
637 2483 735 2529 quod
760 2483 947 2529 gaudium,
970 2491 1009 2518 ut
1031 2483 1222 2517 Avicenna
1245 2482 1333 2517 dicit
1354 2482 1390 2516 in
1413 2482 1505 2517 libro
1534 2493 1600 2517 suo
1629 2481 1672 2516 de

88 2536 238 2581 Anima,
260 2546 314 2573 est
335 2536 518 2585 quaedam
540 2536 681 2584 species
711 2536 978 2572 delectationis.
1008 2536 1072 2572 Est
1099 2537 1197 2572 enim
1226 2536 1547 2579 considerandum,
1576 2535 1673 2583 quod

88 2591 181 2628 sicut
193 2599 277 2628 sunt
289 2592 472 2639 quaedam
491 2591 824 2638 concupiscientiae
843 2591 1039 2634 naturales,
1055 2592 1236 2638 quaedam
1252 2600 1374 2626 autem
1390 2602 1464 2625 non
1480 2589 1674 2632 naturales,

88 2646 152 2682 sed
174 2654 447 2694 consequuntur
469 2646 664 2689 rationem,
686 2654 724 2680 ut
746 2658 852 2693 supra
875 2646 1015 2681 dictum
1038 2654 1092 2681 est
1113 2647 1160 2693 (q.
1182 2653 1297 2693 praec.
1317 2651 1382 2681 art.
1399 2646 1467 2692 3.);
1492 2645 1541 2679 ita
1563 2645 1673 2679 etiarn

89 2700 377 2737 delectationum
398 2700 560 2748 quaedam
583 2708 665 2735 sunt
685 2700 883 2744 naturales,
906 2709 942 2736 et
968 2700 1130 2748 quandam
1154 2712 1229 2735 non
1252 2699 1447 2742 naturales,
1476 2711 1568 2746 quae
1592 2707 1676 2734 sunt

89 2766 174 2790 cum
198 2755 358 2791 ratione:
386 2754 445 2790 vel
471 2755 563 2790 sicut
588 2755 762 2790 Damasc.
792 2755 867 2800 (lib.
896 2768 926 2791 2.
958 2756 1056 2791 Orth.
1086 2755 1162 2790 Fid.
1187 2762 1260 2802 cap.
1282 2768 1326 2801 13.
1349 2760 1377 2790 et
1404 2756 1474 2800 22.)
1504 2763 1538 2789 et
1563 2754 1673 2801 Greg.

88 2808 198 2857 Nyss.
220 2809 290 2856 (vel
310 2810 440 2845 Nemes.
455 2809 513 2845 lib.
540 2809 578 2844 dc
600 2809 681 2845 Nat.
696 2810 799 2845 Hom.
819 2816 892 2857 cap.
920 2811 971 2846 18.
995 2811 1027 2844 in
1046 2809 1177 2857 princ.)
1215 2809 1357 2852 dicunt,
1378 2809 1589 2856 voluptatum
1617 2809 1677 2844 hae

88 2869 165 2900 sunt
183 2865 330 2907 animae,
358 2864 434 2899 illae
455 2865 626 2911 corporis:
654 2863 752 2911 quod
779 2864 816 2898 in
838 2864 937 2899 idem
965 2864 1074 2899 redit:
1103 2864 1330 2899 delectamur
1357 2863 1456 2898 enirn
1479 2871 1513 2898 et
1541 2863 1576 2897 in
1604 2863 1674 2905 his,

89 2928 182 2965 quae
203 2917 415 2954 naturaliter
436 2918 744 2965 concupiscimus,
759 2929 801 2954 ea
817 2918 1070 2966 adipiscentes,
1086 2926 1120 2953 et
1135 2918 1170 2953 in
1185 2918 1254 2961 his,
1270 2929 1361 2965 quae
1378 2917 1674 2964 concupiscimus
