<?xml version="1.0" encoding="UTF-8"?>
<!DOCTYPE html PUBLIC "-//W3C//DTD XHTML 1.0 Transitional//EN"
    "http://www.w3.org/TR/xhtml1/DTD/xhtml1-transitional.dtd">
<html xmlns="http://www.w3.org/1999/xhtml" xml:lang="en" lang="en">
 <head>
  <title>
</title>
<meta http-equiv="Content-Type" content="text/html;charset=utf-8" />
  <meta name='ocr-system' content='tesseract 3.04.00' />
  <meta name='ocr-capabilities' content='ocr_page ocr_carea ocr_par ocr_line ocrx_word'/>
</head>
<body>
  <div class='ocr_page' id='page_1' title='image "./divithomaeaquina02thomuoft_0589.png"; bbox 0 0 1907 3198; ppageno 0'>
   <div class='ocr_carea' id='block_1_1' title="bbox 0 0 49 349">
    <p class='ocr_par' dir='ltr' id='par_1_1' title="bbox 0 0 49 349">
     <span class='ocr_line' id='line_1_1' title="bbox 0 0 49 349; baseline 0 0"><span class='ocrx_word' id='word_1_1' title='bbox 0 0 49 349; x_wconf 95' lang='lat' dir='ltr'>  </span> 
     </span>
    </p>
   </div>
   <div class='ocr_carea' id='block_1_2' title="bbox 0 1584 50 1798">
    <p class='ocr_par' dir='ltr' id='par_1_2' title="bbox 0 1584 50 1798">
     <span class='ocr_line' id='line_1_2' title="bbox 0 1584 50 1747; baseline 0 -109"><span class='ocrx_word' id='word_1_2' title='bbox 0 1584 50 1747; x_wconf 95' lang='lat' dir='ltr'>   </span> 
     </span>
     <span class='ocr_line' id='line_1_3' title="bbox 0 1747 50 1798; baseline 0 1400"><span class='ocrx_word' id='word_1_3' title='bbox 0 1747 50 1798; x_wconf 95' lang='lat' dir='ltr'> </span> 
     </span>
    </p>
   </div>
   <div class='ocr_carea' id='block_1_3' title="bbox 0 1852 74 2879">
    <p class='ocr_par' dir='ltr' id='par_1_3' title="bbox 0 1852 74 2879">
     <span class='ocr_line' id='line_1_4' title="bbox 0 1852 51 2071; baseline 0 -54"><span class='ocrx_word' id='word_1_4' title='bbox 0 1852 51 2071; x_wconf 95' lang='lat' dir='ltr'>    </span> 
     </span>
     <span class='ocr_line' id='line_1_5' title="bbox 0 2071 54 2178; baseline 0 0"><span class='ocrx_word' id='word_1_5' title='bbox 0 2071 54 2178; x_wconf 95' lang='lat' dir='ltr'>  </span> 
     </span>
     <span class='ocr_line' id='line_1_6' title="bbox 0 2178 54 2284; baseline 0 -55"><span class='ocrx_word' id='word_1_6' title='bbox 0 2178 54 2284; x_wconf 95' lang='lat' dir='ltr'>  </span> 
     </span>
     <span class='ocr_line' id='line_1_7' title="bbox 0 2284 56 2392; baseline 0 0"><span class='ocrx_word' id='word_1_7' title='bbox 0 2284 56 2392; x_wconf 95' lang='lat' dir='ltr'>  </span> 
     </span>
     <span class='ocr_line' id='line_1_8' title="bbox 0 2392 68 2663; baseline 0 0"><span class='ocrx_word' id='word_1_8' title='bbox 0 2392 68 2663; x_wconf 95' lang='lat' dir='ltr'>     </span> 
     </span>
     <span class='ocr_line' id='line_1_9' title="bbox 0 2663 74 2879; baseline 0 -53"><span class='ocrx_word' id='word_1_9' title='bbox 0 2663 74 2879; x_wconf 95' lang='lat' dir='ltr'>    </span> 
     </span>
    </p>
   </div>
   <div class='ocr_carea' id='block_1_4' title="bbox 513 178 1675 234">
    <p class='ocr_par' dir='ltr' id='par_1_4' title="bbox 513 178 1675 234">
     <span class='ocr_line' id='line_1_10' title="bbox 513 178 1675 234; baseline -0.001 -11"><span class='ocrx_word' id='word_1_10' title='bbox 513 192 736 230; x_wconf 56' lang='lat' dir='ltr'>Quas-rto</span> <span class='ocrx_word' id='word_1_11' title='bbox 771 191 915 223; x_wconf 77' lang='lat' dir='ltr'>Lxxxr.</span> <span class='ocrx_word' id='word_1_12' title='bbox 951 191 1196 222; x_wconf 81' lang='lat' dir='ltr'>ARTICULUS</span> <span class='ocrx_word' id='word_1_13' title='bbox 1230 191 1272 221; x_wconf 85' lang='lat'>11.</span> <span class='ocrx_word' id='word_1_14' title='bbox 1596 178 1675 234; x_wconf 80' lang='lat'>585</span> 
     </span>
    </p>
   </div>
   <div class='ocr_carea' id='block_1_5' title="bbox 92 272 1726 2960">
    <p class='ocr_par' dir='ltr' id='par_1_5' title="bbox 110 272 1682 539">
     <span class='ocr_line' id='line_1_11' title="bbox 112 272 1682 324; baseline -0.004 -12"><span class='ocrx_word' id='word_1_15' title='bbox 112 286 314 324; x_wconf 83' lang='lat' dir='ltr'>numquam</span> <span class='ocrx_word' id='word_1_16' title='bbox 335 274 484 311; x_wconf 87' lang='lat' dir='ltr'>debetur</span> <span class='ocrx_word' id='word_1_17' title='bbox 508 275 575 310; x_wconf 88' lang='lat' dir='ltr'>nisi</span> <span class='ocrx_word' id='word_1_18' title='bbox 596 274 742 322; x_wconf 87' lang='lat' dir='ltr'>culpae:</span> <span class='ocrx_word' id='word_1_19' title='bbox 762 275 822 310; x_wconf 90' lang='lat' dir='ltr'>sed</span> <span class='ocrx_word' id='word_1_20' title='bbox 851 274 960 322; x_wconf 82' lang='lat' dir='ltr'>aliqui</span> <span class='ocrx_word' id='word_1_21' title='bbox 983 273 1177 321; x_wconf 89' lang='lat' dir='ltr'>puniuntur</span> <span class='ocrx_word' id='word_1_22' title='bbox 1197 273 1331 319; x_wconf 87' lang='lat' dir='ltr'>judicio</span> <span class='ocrx_word' id='word_1_23' title='bbox 1361 272 1483 307; x_wconf 86' lang='lat' dir='ltr'>divino</span> <span class='ocrx_word' id='word_1_24' title='bbox 1511 284 1576 319; x_wconf 87' lang='lat' dir='ltr'>pro</span> <span class='ocrx_word' id='word_1_25' title='bbox 1603 283 1682 319; x_wconf 84' lang='lat' dir='ltr'>pec-</span> 
     </span>
     <span class='ocr_line' id='line_1_12' title="bbox 112 326 1680 378; baseline -0.004 -12"><span class='ocrx_word' id='word_1_26' title='bbox 112 337 196 366; x_wconf 82' lang='lat' dir='ltr'>cato</span> <span class='ocrx_word' id='word_1_27' title='bbox 213 329 464 378; x_wconf 80' lang='lat' dir='ltr'>proximorum</span> <span class='ocrx_word' id='word_1_28' title='bbox 479 336 682 377; x_wconf 85' lang='lat' dir='ltr'>parentum,</span> <span class='ocrx_word' id='word_1_29' title='bbox 701 329 903 365; x_wconf 89' lang='lat' dir='ltr'>secundum</span> <span class='ocrx_word' id='word_1_30' title='bbox 922 327 1010 362; x_wconf 85' lang='lat' dir='ltr'>illud</span> <span class='ocrx_word' id='word_1_31' title='bbox 1032 327 1144 362; x_wconf 79' lang='lat' dir='ltr'>Exod.</span> <span class='ocrx_word' id='word_1_32' title='bbox 1165 337 1239 362; x_wconf 88' lang='lat'>20.:</span> <span class='ocrx_word' id='word_1_33' title='bbox 1262 327 1332 373; x_wconf 78' lang='lat' dir='ltr'>Ego</span> <span class='ocrx_word' id='word_1_34' title='bbox 1353 339 1422 362; x_wconf 84' lang='lat' dir='ltr'>sum</span> <span class='ocrx_word' id='word_1_35' title='bbox 1439 327 1529 361; x_wconf 71' lang='lat' dir='ltr'>Deus</span> <span class='ocrx_word' id='word_1_36' title='bbox 1555 326 1680 369; x_wconf 63' lang='lat' dir='ltr'>zelotes,</span> 
     </span>
     <span class='ocr_line' id='line_1_13' title="bbox 110 379 1681 431; baseline -0.004 -11"><span class='ocrx_word' id='word_1_37' title='bbox 110 383 252 420; x_wconf 72' lang='lat' dir='ltr'>visitans</span> <span class='ocrx_word' id='word_1_38' title='bbox 270 383 481 430; x_wconf 69' lang='lat' dir='ltr'>iniquitat-:m</span> <span class='ocrx_word' id='word_1_39' title='bbox 494 387 635 431; x_wconf 81' lang='lat' dir='ltr'>patrum</span> <span class='ocrx_word' id='word_1_40' title='bbox 658 383 690 418; x_wconf 80' lang='lat' dir='ltr'>in</span> <span class='ocrx_word' id='word_1_41' title='bbox 708 383 800 430; x_wconf 82' lang='lat' dir='ltr'>filios</span> <span class='ocrx_word' id='word_1_42' title='bbox 821 384 854 417; x_wconf 82' lang='lat' dir='ltr'>in</span> <span class='ocrx_word' id='word_1_43' title='bbox 877 383 1022 425; x_wconf 62' lang='lat' dir='ltr'>tsrtium,</span> <span class='ocrx_word' id='word_1_44' title='bbox 1036 386 1066 417; x_wconf 66' lang='lat' dir='ltr'>ct</span> <span class='ocrx_word' id='word_1_45' title='bbox 1087 386 1242 428; x_wconf 73' lang='lat' dir='ltr'>quat-lum</span> <span class='ocrx_word' id='word_1_46' title='bbox 1268 381 1524 427; x_wconf 64' lang='lat' dir='ltr'>genet-alionum:</span> <span class='ocrx_word' id='word_1_47' title='bbox 1546 379 1681 426; x_wconf 84' lang='lat' dir='ltr'>judicio</span> 
     </span>
     <span class='ocr_line' id='line_1_14' title="bbox 111 434 1681 482; baseline -0.003 -10"><span class='ocrx_word' id='word_1_48' title='bbox 111 436 223 473; x_wconf 84' lang='lat' dir='ltr'>etiam</span> <span class='ocrx_word' id='word_1_49' title='bbox 246 436 410 472; x_wconf 88' lang='lat' dir='ltr'>humano</span> <span class='ocrx_word' id='word_1_50' title='bbox 436 437 471 471; x_wconf 91' lang='lat' dir='ltr'>in</span> <span class='ocrx_word' id='word_1_51' title='bbox 499 436 651 471; x_wconf 89' lang='lat' dir='ltr'>crimine</span> <span class='ocrx_word' id='word_1_52' title='bbox 678 436 798 471; x_wconf 82' lang='lat' dir='ltr'>laesae</span> <span class='ocrx_word' id='word_1_53' title='bbox 828 435 1026 482; x_wconf 86' lang='lat' dir='ltr'>majestatis</span> <span class='ocrx_word' id='word_1_54' title='bbox 1048 434 1109 470; x_wconf 83' lang='lat' dir='ltr'>filii</span> <span class='ocrx_word' id='word_1_55' title='bbox 1132 434 1419 469; x_wconf 83' lang='lat' dir='ltr'>exhaeredantur</span> <span class='ocrx_word' id='word_1_56' title='bbox 1441 445 1506 479; x_wconf 92' lang='lat' dir='ltr'>pro</span> <span class='ocrx_word' id='word_1_57' title='bbox 1528 440 1681 480; x_wconf 84' lang='lat' dir='ltr'>peccato</span> 
     </span>
     <span class='ocr_line' id='line_1_15' title="bbox 111 488 1585 539; baseline -0.004 -12"><span class='ocrx_word' id='word_1_58' title='bbox 111 499 322 539; x_wconf 82' lang='lat' dir='ltr'>parentum3</span> <span class='ocrx_word' id='word_1_59' title='bbox 343 502 432 537; x_wconf 90' lang='lat' dir='ltr'>ergo</span> <span class='ocrx_word' id='word_1_60' title='bbox 454 491 563 526; x_wconf 89' lang='lat' dir='ltr'>etiam</span> <span class='ocrx_word' id='word_1_61' title='bbox 587 490 690 538; x_wconf 81' lang='lat' dir='ltr'>culpa</span> <span class='ocrx_word' id='word_1_62' title='bbox 714 491 964 538; x_wconf 78' lang='lat' dir='ltr'>proximorum</span> <span class='ocrx_word' id='word_1_63' title='bbox 985 496 1174 537; x_wconf 85' lang='lat' dir='ltr'>parentum</span> <span class='ocrx_word' id='word_1_64' title='bbox 1196 489 1322 523; x_wconf 79' lang='lat' dir='ltr'>transit</span> <span class='ocrx_word' id='word_1_65' title='bbox 1343 488 1387 522; x_wconf 89' lang='lat' dir='ltr'>ad</span> <span class='ocrx_word' id='word_1_66' title='bbox 1410 495 1585 534; x_wconf 87' lang='lat' dir='ltr'>posteros.</span> 
     </span>
    </p>

    <p class='ocr_par' dir='ltr' id='par_1_6' title="bbox 112 540 1681 754">
     <span class='ocr_line' id='line_1_16' title="bbox 184 540 1681 591; baseline -0.004 -11"><span class='ocrx_word' id='word_1_67' title='bbox 184 554 216 580; x_wconf 90' lang='lat'>2.</span> <span class='ocrx_word' id='word_1_68' title='bbox 238 544 475 580; x_wconf 73' lang='lat' dir='ltr'>PRAETEREA.</span> <span class='ocrx_word' id='word_1_69' title='bbox 499 544 616 590; x_wconf 85' lang='lat' dir='ltr'>Magis</span> <span class='ocrx_word' id='word_1_70' title='bbox 638 552 756 591; x_wconf 85' lang='lat' dir='ltr'>potest</span> <span class='ocrx_word' id='word_1_71' title='bbox 777 543 970 579; x_wconf 82' lang='lat' dir='ltr'>transferre</span> <span class='ocrx_word' id='word_1_72' title='bbox 994 544 1028 578; x_wconf 91' lang='lat' dir='ltr'>in</span> <span class='ocrx_word' id='word_1_73' title='bbox 1052 542 1204 577; x_wconf 86' lang='lat' dir='ltr'>alterum</span> <span class='ocrx_word' id='word_1_74' title='bbox 1229 542 1274 583; x_wconf 87' lang='lat' dir='ltr'>id,</span> <span class='ocrx_word' id='word_1_75' title='bbox 1297 542 1394 588; x_wconf 89' lang='lat' dir='ltr'>quod</span> <span class='ocrx_word' id='word_1_76' title='bbox 1417 541 1526 576; x_wconf 85' lang='lat' dir='ltr'>habet</span> <span class='ocrx_word' id='word_1_77' title='bbox 1553 540 1681 587; x_wconf 89' lang='lat' dir='ltr'>aliquis</span> 
     </span>
     <span class='ocr_line' id='line_1_17' title="bbox 113 594 1681 646; baseline -0.003 -12"><span class='ocrx_word' id='word_1_78' title='bbox 113 609 135 634; x_wconf 86' lang='lat' dir='ltr'>a</span> <span class='ocrx_word' id='word_1_79' title='bbox 160 599 292 646; x_wconf 85' lang='lat' dir='ltr'>seipso,</span> <span class='ocrx_word' id='word_1_80' title='bbox 312 609 423 646; x_wconf 90' lang='lat' dir='ltr'>quarn</span> <span class='ocrx_word' id='word_1_81' title='bbox 444 598 491 641; x_wconf 92' lang='lat' dir='ltr'>id,</span> <span class='ocrx_word' id='word_1_82' title='bbox 513 598 610 645; x_wconf 89' lang='lat' dir='ltr'>quod</span> <span class='ocrx_word' id='word_1_83' title='bbox 638 598 747 632; x_wconf 85' lang='lat' dir='ltr'>habet</span> <span class='ocrx_word' id='word_1_84' title='bbox 768 610 810 632; x_wconf 85' lang='lat' dir='ltr'>ex</span> <span class='ocrx_word' id='word_1_85' title='bbox 833 597 925 632; x_wconf 88' lang='lat' dir='ltr'>alio:</span> <span class='ocrx_word' id='word_1_86' title='bbox 954 598 1046 632; x_wconf 89' lang='lat' dir='ltr'>sicut</span> <span class='ocrx_word' id='word_1_87' title='bbox 1067 597 1159 643; x_wconf 89' lang='lat' dir='ltr'>ignis</span> <span class='ocrx_word' id='word_1_88' title='bbox 1187 596 1304 642; x_wconf 86' lang='lat' dir='ltr'>magis</span> <span class='ocrx_word' id='word_1_89' title='bbox 1331 604 1448 642; x_wconf 86' lang='lat' dir='ltr'>potest</span> <span class='ocrx_word' id='word_1_90' title='bbox 1470 594 1681 637; x_wconf 82' lang='lat' dir='ltr'>calefacere,</span> 
     </span>
     <span class='ocr_line' id='line_1_18' title="bbox 113 649 1681 700; baseline -0.003 -13"><span class='ocrx_word' id='word_1_91' title='bbox 113 662 224 700; x_wconf 87' lang='lat' dir='ltr'>quam</span> <span class='ocrx_word' id='word_1_92' title='bbox 245 663 339 700; x_wconf 89' lang='lat' dir='ltr'>aqua</span> <span class='ocrx_word' id='word_1_93' title='bbox 356 650 551 687; x_wconf 84' lang='lat' dir='ltr'>calefacta:</span> <span class='ocrx_word' id='word_1_94' title='bbox 570 651 633 686; x_wconf 91' lang='lat' dir='ltr'>sed</span> <span class='ocrx_word' id='word_1_95' title='bbox 654 651 770 686; x_wconf 88' lang='lat' dir='ltr'>homo</span> <span class='ocrx_word' id='word_1_96' title='bbox 785 650 951 686; x_wconf 82' lang='lat' dir='ltr'>transfert</span> <span class='ocrx_word' id='word_1_97' title='bbox 974 651 1008 685; x_wconf 91' lang='lat' dir='ltr'>in</span> <span class='ocrx_word' id='word_1_98' title='bbox 1032 650 1173 697; x_wconf 89' lang='lat' dir='ltr'>prolem</span> <span class='ocrx_word' id='word_1_99' title='bbox 1196 661 1258 697; x_wconf 89' lang='lat' dir='ltr'>per</span> <span class='ocrx_word' id='word_1_100' title='bbox 1279 649 1459 696; x_wconf 84' lang='lat' dir='ltr'>originem</span> <span class='ocrx_word' id='word_1_101' title='bbox 1478 656 1681 696; x_wconf 85' lang='lat' dir='ltr'>peccatum,</span> 
     </span>
     <span class='ocr_line' id='line_1_19' title="bbox 112 702 1632 754; baseline -0.003 -12"><span class='ocrx_word' id='word_1_102' title='bbox 112 705 211 754; x_wconf 86' lang='lat' dir='ltr'>quod</span> <span class='ocrx_word' id='word_1_103' title='bbox 231 705 343 742; x_wconf 86' lang='lat' dir='ltr'>habet</span> <span class='ocrx_word' id='word_1_104' title='bbox 363 705 406 741; x_wconf 92' lang='lat' dir='ltr'>ab</span> <span class='ocrx_word' id='word_1_105' title='bbox 427 705 570 749; x_wconf 82' lang='lat' dir='ltr'>Adam3</span> <span class='ocrx_word' id='word_1_106' title='bbox 592 716 681 752; x_wconf 87' lang='lat' dir='ltr'>ergo</span> <span class='ocrx_word' id='word_1_107' title='bbox 703 704 820 740; x_wconf 90' lang='lat' dir='ltr'>multo</span> <span class='ocrx_word' id='word_1_108' title='bbox 843 705 960 751; x_wconf 88' lang='lat' dir='ltr'>magis</span> <span class='ocrx_word' id='word_1_109' title='bbox 987 712 1191 752; x_wconf 85' lang='lat' dir='ltr'>peccatum,</span> <span class='ocrx_word' id='word_1_110' title='bbox 1214 703 1311 751; x_wconf 87' lang='lat' dir='ltr'>quod</span> <span class='ocrx_word' id='word_1_111' title='bbox 1339 703 1414 750; x_wconf 85' lang='lat' dir='ltr'>ipsc</span> <span class='ocrx_word' id='word_1_112' title='bbox 1436 702 1632 738; x_wconf 87' lang='lat' dir='ltr'>commisit.</span> 
     </span>
    </p>

    <p class='ocr_par' dir='ltr' id='par_1_7' title="bbox 112 755 1683 1075">
     <span class='ocr_line' id='line_1_20' title="bbox 187 755 1682 807; baseline -0.002 -12"><span class='ocrx_word' id='word_1_113' title='bbox 187 770 218 807; x_wconf 86' lang='lat'>3.</span> <span class='ocrx_word' id='word_1_114' title='bbox 243 757 482 795; x_wconf 75' lang='lat' dir='ltr'>PRAETEREA.</span> <span class='ocrx_word' id='word_1_115' title='bbox 510 758 596 794; x_wconf 67' lang='lat' dir='ltr'>ideo</span> <span class='ocrx_word' id='word_1_116' title='bbox 624 758 874 794; x_wconf 87' lang='lat' dir='ltr'>contrahimus</span> <span class='ocrx_word' id='word_1_117' title='bbox 903 770 921 792; x_wconf 86' lang='lat' dir='ltr'>a</span> <span class='ocrx_word' id='word_1_118' title='bbox 948 758 1067 805; x_wconf 92' lang='lat' dir='ltr'>primo</span> <span class='ocrx_word' id='word_1_119' title='bbox 1094 765 1242 805; x_wconf 87' lang='lat' dir='ltr'>parente</span> <span class='ocrx_word' id='word_1_120' title='bbox 1272 765 1464 804; x_wconf 87' lang='lat' dir='ltr'>peccatum</span> <span class='ocrx_word' id='word_1_121' title='bbox 1491 755 1682 803; x_wconf 71' lang='lat' dir='ltr'>originale,</span> 
     </span>
     <span class='ocr_line' id='line_1_21' title="bbox 113 810 1683 861; baseline -0.003 -13"><span class='ocrx_word' id='word_1_122' title='bbox 113 812 198 861; x_wconf 86' lang='lat' dir='ltr'>quia</span> <span class='ocrx_word' id='word_1_123' title='bbox 217 812 254 848; x_wconf 91' lang='lat' dir='ltr'>in</span> <span class='ocrx_word' id='word_1_124' title='bbox 274 823 321 848; x_wconf 88' lang='lat' dir='ltr'>eo</span> <span class='ocrx_word' id='word_1_125' title='bbox 341 811 476 848; x_wconf 87' lang='lat' dir='ltr'>fuimus</span> <span class='ocrx_word' id='word_1_126' title='bbox 497 812 590 848; x_wconf 88' lang='lat' dir='ltr'>sicut</span> <span class='ocrx_word' id='word_1_127' title='bbox 611 811 647 846; x_wconf 90' lang='lat' dir='ltr'>in</span> <span class='ocrx_word' id='word_1_128' title='bbox 669 811 847 859; x_wconf 89' lang='lat' dir='ltr'>principio</span> <span class='ocrx_word' id='word_1_129' title='bbox 873 820 1036 854; x_wconf 87' lang='lat' dir='ltr'>naturae,</span> <span class='ocrx_word' id='word_1_130' title='bbox 1062 823 1172 858; x_wconf 87' lang='lat' dir='ltr'>quam</span> <span class='ocrx_word' id='word_1_131' title='bbox 1194 811 1269 858; x_wconf 84' lang='lat' dir='ltr'>ipse</span> <span class='ocrx_word' id='word_1_132' title='bbox 1291 811 1470 858; x_wconf 87' lang='lat' dir='ltr'>corrupit:</span> <span class='ocrx_word' id='word_1_133' title='bbox 1498 811 1560 845; x_wconf 88' lang='lat' dir='ltr'>sed</span> <span class='ocrx_word' id='word_1_134' title='bbox 1587 810 1683 845; x_wconf 89' lang='lat' dir='ltr'>simi—</span> 
     </span>
     <span class='ocr_line' id='line_1_22' title="bbox 112 864 1682 915; baseline -0.003 -12"><span class='ocrx_word' id='word_1_135' title='bbox 112 866 193 903; x_wconf 87' lang='lat' dir='ltr'>liter</span> <span class='ocrx_word' id='word_1_136' title='bbox 205 865 362 902; x_wconf 87' lang='lat' dir='ltr'>fuimus</span> <span class='ocrx_word' id='word_1_137' title='bbox 353 877 389 902; x_wconf 89' lang='lat' dir='ltr'>1n</span> <span class='ocrx_word' id='word_1_138' title='bbox 402 866 577 915; x_wconf 85' lang='lat' dir='ltr'>proximis</span> <span class='ocrx_word' id='word_1_139' title='bbox 592 866 798 914; x_wconf 89' lang='lat' dir='ltr'>parentibus</span> <span class='ocrx_word' id='word_1_140' title='bbox 813 866 904 901; x_wconf 89' lang='lat' dir='ltr'>sicut</span> <span class='ocrx_word' id='word_1_141' title='bbox 926 867 960 901; x_wconf 91' lang='lat' dir='ltr'>in</span> <span class='ocrx_word' id='word_1_142' title='bbox 980 866 1195 913; x_wconf 88' lang='lat' dir='ltr'>quibusdam</span> <span class='ocrx_word' id='word_1_143' title='bbox 1212 874 1360 900; x_wconf 84' lang='lat' dir='ltr'>naturae</span> <span class='ocrx_word' id='word_1_144' title='bbox 1372 864 1570 912; x_wconf 86' lang='lat' dir='ltr'>principiis,</span> <span class='ocrx_word' id='word_1_145' title='bbox 1589 875 1682 911; x_wconf 89' lang='lat' dir='ltr'>quae</span> 
     </span>
     <span class='ocr_line' id='line_1_23' title="bbox 113 917 1682 968; baseline -0.003 -11"><span class='ocrx_word' id='word_1_146' title='bbox 113 920 180 957; x_wconf 88' lang='lat' dir='ltr'>etsi</span> <span class='ocrx_word' id='word_1_147' title='bbox 200 920 246 956; x_wconf 84' lang='lat' dir='ltr'>sit</span> <span class='ocrx_word' id='word_1_148' title='bbox 266 926 447 968; x_wconf 86' lang='lat' dir='ltr'>corrupta,</span> <span class='ocrx_word' id='word_1_149' title='bbox 460 927 580 968; x_wconf 85' lang='lat' dir='ltr'>potest</span> <span class='ocrx_word' id='word_1_150' title='bbox 595 920 712 954; x_wconf 84' lang='lat' dir='ltr'>adhuc</span> <span class='ocrx_word' id='word_1_151' title='bbox 735 921 852 967; x_wconf 88' lang='lat' dir='ltr'>magis</span> <span class='ocrx_word' id='word_1_152' title='bbox 875 919 1060 967; x_wconf 88' lang='lat' dir='ltr'>corrumpi</span> <span class='ocrx_word' id='word_1_153' title='bbox 1079 931 1142 967; x_wconf 89' lang='lat' dir='ltr'>per</span> <span class='ocrx_word' id='word_1_154' title='bbox 1156 928 1361 967; x_wconf 88' lang='lat' dir='ltr'>peccatum,</span> <span class='ocrx_word' id='word_1_155' title='bbox 1375 919 1576 954; x_wconf 86' lang='lat' dir='ltr'>secundum</span> <span class='ocrx_word' id='word_1_156' title='bbox 1595 917 1682 952; x_wconf 91' lang='lat' dir='ltr'>illud</span> 
     </span>
     <span class='ocr_line' id='line_1_24' title="bbox 112 969 1682 1022; baseline -0.002 -12"><span class='ocrx_word' id='word_1_157' title='bbox 112 973 267 1022; x_wconf 81' lang='lat' dir='ltr'>Apocal.</span> <span class='ocrx_word' id='word_1_158' title='bbox 287 973 369 1010; x_wconf 84' lang='lat' dir='ltr'>ult.-</span> <span class='ocrx_word' id='word_1_159' title='bbox 389 969 462 1020; x_wconf 79' lang='lat' dir='ltr'>Qui</span> <span class='ocrx_word' id='word_1_160' title='bbox 480 974 517 1009; x_wconf 77' lang='lat' dir='ltr'>in</span> <span class='ocrx_word' id='word_1_161' title='bbox 537 973 687 1009; x_wconf 78' lang='lat' dir='ltr'>sordibus</span> <span class='ocrx_word' id='word_1_162' title='bbox 706 979 763 1017; x_wconf 83' lang='lat' dir='ltr'>est,</span> <span class='ocrx_word' id='word_1_163' title='bbox 782 973 873 1008; x_wconf 83' lang='lat' dir='ltr'>sord</span> <span class='ocrx_word' id='word_1_164' title='bbox 868 978 943 1009; x_wconf 55' lang='lat' dir='ltr'>scat</span> <span class='ocrx_word' id='word_1_165' title='bbox 961 973 1081 1014; x_wconf 81' lang='lat' dir='ltr'>adlmc;</span> <span class='ocrx_word' id='word_1_166' title='bbox 1105 985 1193 1020; x_wconf 86' lang='lat' dir='ltr'>ergo</span> <span class='ocrx_word' id='word_1_167' title='bbox 1215 972 1278 1008; x_wconf 85' lang='lat' dir='ltr'>filii</span> <span class='ocrx_word' id='word_1_168' title='bbox 1301 972 1520 1008; x_wconf 86' lang='lat' dir='ltr'>contrahunt</span> <span class='ocrx_word' id='word_1_169' title='bbox 1533 980 1682 1020; x_wconf 87' lang='lat' dir='ltr'>peccata</span> 
     </span>
     <span class='ocr_line' id='line_1_25' title="bbox 112 1026 1365 1088; baseline -0.002 -24"><span class='ocrx_word' id='word_1_170' title='bbox 112 1027 365 1075; x_wconf 86' lang='lat' dir='ltr'>proximorum</span> <span class='ocrx_word' id='word_1_171' title='bbox 386 1035 576 1074; x_wconf 86' lang='lat' dir='ltr'>parentum</span> <span class='ocrx_word' id='word_1_172' title='bbox 599 1038 663 1075; x_wconf 92' lang='lat' dir='ltr'>per</span> <span class='ocrx_word' id='word_1_173' title='bbox 684 1027 878 1088; x_wconf 83' lang='lat' dir='ltr'>originem,</span> <span class='ocrx_word' id='word_1_174' title='bbox 900 1027 993 1062; x_wconf 88' lang='lat' dir='ltr'>sicut</span> <span class='ocrx_word' id='word_1_175' title='bbox 1014 1035 1050 1062; x_wconf 88' lang='lat' dir='ltr'>et</span> <span class='ocrx_word' id='word_1_176' title='bbox 1069 1027 1176 1074; x_wconf 92' lang='lat' dir='ltr'>primi</span> <span class='ocrx_word' id='word_1_177' title='bbox 1197 1026 1365 1074; x_wconf 87' lang='lat' dir='ltr'>parentis.</span> 
     </span>
    </p>

    <p class='ocr_par' dir='ltr' id='par_1_8' title="bbox 112 1079 1683 1237">
     <span class='ocr_line' id='line_1_26' title="bbox 184 1079 1683 1128; baseline -0.003 -10"><span class='ocrx_word' id='word_1_178' title='bbox 184 1081 262 1118; x_wconf 73' lang='lat' dir='ltr'>SED</span> <span class='ocrx_word' id='word_1_179' title='bbox 279 1091 448 1118; x_wconf 74' lang='lat' dir='ltr'>CONTRA.</span> <span class='ocrx_word' id='word_1_180' title='bbox 470 1081 614 1116; x_wconf 88' lang='lat' dir='ltr'>Bonum</span> <span class='ocrx_word' id='word_1_181' title='bbox 637 1088 690 1116; x_wconf 88' lang='lat' dir='ltr'>est</span> <span class='ocrx_word' id='word_1_182' title='bbox 711 1081 828 1128; x_wconf 84' lang='lat' dir='ltr'>magis</span> <span class='ocrx_word' id='word_1_183' title='bbox 844 1080 1052 1116; x_wconf 86' lang='lat' dir='ltr'>diffusivum</span> <span class='ocrx_word' id='word_1_184' title='bbox 1074 1081 1140 1123; x_wconf 89' lang='lat' dir='ltr'>sui,</span> <span class='ocrx_word' id='word_1_185' title='bbox 1163 1092 1272 1128; x_wconf 87' lang='lat' dir='ltr'>quam</span> <span class='ocrx_word' id='word_1_186' title='bbox 1288 1079 1445 1115; x_wconf 86' lang='lat' dir='ltr'>malum:</span> <span class='ocrx_word' id='word_1_187' title='bbox 1469 1080 1531 1115; x_wconf 88' lang='lat' dir='ltr'>sed</span> <span class='ocrx_word' id='word_1_188' title='bbox 1555 1081 1683 1115; x_wconf 89' lang='lat' dir='ltr'>merita</span> 
     </span>
     <span class='ocr_line' id='line_1_27' title="bbox 112 1134 1682 1184; baseline -0.001 -13"><span class='ocrx_word' id='word_1_189' title='bbox 112 1135 364 1184; x_wconf 84' lang='lat' dir='ltr'>proximorum</span> <span class='ocrx_word' id='word_1_190' title='bbox 396 1143 588 1183; x_wconf 84' lang='lat' dir='ltr'>parentum</span> <span class='ocrx_word' id='word_1_191' title='bbox 621 1145 696 1170; x_wconf 88' lang='lat' dir='ltr'>non</span> <span class='ocrx_word' id='word_1_192' title='bbox 729 1135 966 1170; x_wconf 86' lang='lat' dir='ltr'>traducuntur</span> <span class='ocrx_word' id='word_1_193' title='bbox 999 1135 1042 1169; x_wconf 86' lang='lat' dir='ltr'>ad</span> <span class='ocrx_word' id='word_1_194' title='bbox 1076 1143 1261 1182; x_wconf 88' lang='lat' dir='ltr'>posteros;</span> <span class='ocrx_word' id='word_1_195' title='bbox 1296 1145 1383 1181; x_wconf 84' lang='lat' dir='ltr'>ergo</span> <span class='ocrx_word' id='word_1_196' title='bbox 1411 1134 1528 1169; x_wconf 86' lang='lat' dir='ltr'>multo</span> <span class='ocrx_word' id='word_1_197' title='bbox 1562 1134 1682 1169; x_wconf 88' lang='lat' dir='ltr'>minus</span> 
     </span>
     <span class='ocr_line' id='line_1_28' title="bbox 112 1197 276 1237; baseline -0.012 -11"><span class='ocrx_word' id='word_1_198' title='bbox 112 1197 276 1237; x_wconf 85' lang='lat' dir='ltr'>peccata.</span> 
     </span>
    </p>

    <p class='ocr_par' dir='ltr' id='par_1_9' title="bbox 112 1242 1726 1614">
     <span class='ocr_line' id='line_1_29' title="bbox 183 1242 1679 1290; baseline -0.001 -11"><span class='ocrx_word' id='word_1_199' title='bbox 183 1242 414 1280; x_wconf 71' lang='lat' dir='ltr'>RESPONDEO</span> <span class='ocrx_word' id='word_1_200' title='bbox 448 1242 655 1286; x_wconf 86' lang='lat' dir='ltr'>dicendum,</span> <span class='ocrx_word' id='word_1_201' title='bbox 685 1243 782 1290; x_wconf 89' lang='lat' dir='ltr'>quod</span> <span class='ocrx_word' id='word_1_202' title='bbox 818 1242 1042 1290; x_wconf 84' lang='lat' dir='ltr'>Augustinus</span> <span class='ocrx_word' id='word_1_203' title='bbox 1076 1242 1169 1277; x_wconf 84' lang='lat' dir='ltr'>hanc</span> <span class='ocrx_word' id='word_1_204' title='bbox 1202 1243 1453 1289; x_wconf 87' lang='lat' dir='ltr'>quaestionem</span> <span class='ocrx_word' id='word_1_205' title='bbox 1486 1251 1610 1278; x_wconf 84' lang='lat' dir='ltr'>movet</span> <span class='ocrx_word' id='word_1_206' title='bbox 1643 1242 1679 1277; x_wconf 89' lang='lat' dir='ltr'>in</span> 
     </span>
     <span class='ocr_line' id='line_1_30' title="bbox 113 1295 1726 1346; baseline -0.002 -14"><span class='ocrx_word' id='word_1_207' title='bbox 113 1296 259 1332; x_wconf 88' lang='lat' dir='ltr'>Enchir.</span> <span class='ocrx_word' id='word_1_208' title='bbox 280 1297 372 1346; x_wconf 81' lang='lat' dir='ltr'>(cap.</span> <span class='ocrx_word' id='word_1_209' title='bbox 393 1296 451 1343; x_wconf 86' lang='lat'>46.</span> <span class='ocrx_word' id='word_1_210' title='bbox 477 1302 508 1333; x_wconf 82' lang='lat' dir='ltr'>et</span> <span class='ocrx_word' id='word_1_211' title='bbox 531 1298 603 1344; x_wconf 85' lang='lat'><em>47.)</em></span> <span class='ocrx_word' id='word_1_212' title='bbox 626 1304 662 1332; x_wconf 89' lang='lat' dir='ltr'>et</span> <span class='ocrx_word' id='word_1_213' title='bbox 682 1295 880 1332; x_wconf 87' lang='lat' dir='ltr'>insolutam</span> <span class='ocrx_word' id='word_1_214' title='bbox 902 1295 1081 1343; x_wconf 83' lang='lat' dir='ltr'>relinquit.</span> <span class='ocrx_word' id='word_1_215' title='bbox 1110 1296 1182 1331; x_wconf 87' lang='lat' dir='ltr'>Sed</span> <span class='ocrx_word' id='word_1_216' title='bbox 1208 1296 1238 1330; x_wconf 91' lang='lat' dir='ltr'>si</span> <span class='ocrx_word' id='word_1_217' title='bbox 1265 1296 1392 1343; x_wconf 87' lang='lat' dir='ltr'>aliquis</span> <span class='ocrx_word' id='word_1_218' title='bbox 1419 1296 1610 1343; x_wconf 82' lang='lat' dir='ltr'>diligenter</span> <span class='ocrx_word' id='word_1_219' title='bbox 1637 1305 1684 1332; x_wconf 90' lang='lat' dir='ltr'>at·</span> <span class='ocrx_word' id='word_1_220' title='bbox 1723 1326 1726 1328; x_wconf 77' lang='grc'>,</span> 
     </span>
     <span class='ocr_line' id='line_1_31' title="bbox 112 1349 1682 1398; baseline -0.001 -11"><span class='ocrx_word' id='word_1_221' title='bbox 112 1350 247 1395; x_wconf 89' lang='lat' dir='ltr'>tendat,</span> <span class='ocrx_word' id='word_1_222' title='bbox 263 1349 488 1398; x_wconf 89' lang='lat' dir='ltr'>impossibile</span> <span class='ocrx_word' id='word_1_223' title='bbox 507 1357 570 1394; x_wconf 88' lang='lat' dir='ltr'>est,</span> <span class='ocrx_word' id='word_1_224' title='bbox 585 1350 682 1398; x_wconf 92' lang='lat' dir='ltr'>quod</span> <span class='ocrx_word' id='word_1_225' title='bbox 698 1349 818 1398; x_wconf 85' lang='lat' dir='ltr'>aliqua</span> <span class='ocrx_word' id='word_1_226' title='bbox 836 1357 985 1397; x_wconf 88' lang='lat' dir='ltr'>peccata</span> <span class='ocrx_word' id='word_1_227' title='bbox 1000 1349 1251 1396; x_wconf 85' lang='lat' dir='ltr'>proximorum</span> <span class='ocrx_word' id='word_1_228' title='bbox 1270 1358 1471 1397; x_wconf 86' lang='lat' dir='ltr'>parentum,</span> <span class='ocrx_word' id='word_1_229' title='bbox 1494 1350 1551 1385; x_wconf 81' lang='lat' dir='ltr'>vel</span> <span class='ocrx_word' id='word_1_230' title='bbox 1573 1350 1682 1385; x_wconf 80' lang='lat' dir='ltr'>etiam</span> 
     </span>
     <span class='ocr_line' id='line_1_32' title="bbox 113 1403 1682 1453; baseline -0.001 -12"><span class='ocrx_word' id='word_1_231' title='bbox 113 1405 221 1453; x_wconf 84' lang='lat' dir='ltr'>primi</span> <span class='ocrx_word' id='word_1_232' title='bbox 243 1405 414 1453; x_wconf 84' lang='lat' dir='ltr'>parentis,</span> <span class='ocrx_word' id='word_1_233' title='bbox 439 1412 581 1452; x_wconf 89' lang='lat' dir='ltr'>praeter</span> <span class='ocrx_word' id='word_1_234' title='bbox 606 1404 777 1452; x_wconf 90' lang='lat' dir='ltr'>primum,</span> <span class='ocrx_word' id='word_1_235' title='bbox 799 1415 862 1451; x_wconf 88' lang='lat' dir='ltr'>per</span> <span class='ocrx_word' id='word_1_236' title='bbox 884 1403 1064 1451; x_wconf 84' lang='lat' dir='ltr'>originem</span> <span class='ocrx_word' id='word_1_237' title='bbox 1090 1404 1342 1439; x_wconf 84' lang='lat' dir='ltr'>traducantur:</span> <span class='ocrx_word' id='word_1_238' title='bbox 1371 1405 1472 1450; x_wconf 89' lang='lat' dir='ltr'>cujus</span> <span class='ocrx_word' id='word_1_239' title='bbox 1499 1404 1590 1439; x_wconf 84' lang='lat' dir='ltr'>ratio</span> <span class='ocrx_word' id='word_1_240' title='bbox 1618 1413 1682 1447; x_wconf 90' lang='lat' dir='ltr'>est,</span> 
     </span>
     <span class='ocr_line' id='line_1_33' title="bbox 114 1457 1681 1506; baseline -0.001 -12"><span class='ocrx_word' id='word_1_241' title='bbox 114 1458 200 1506; x_wconf 87' lang='lat' dir='ltr'>quia</span> <span class='ocrx_word' id='word_1_242' title='bbox 218 1457 337 1494; x_wconf 88' lang='lat' dir='ltr'>homo</span> <span class='ocrx_word' id='word_1_243' title='bbox 363 1465 513 1506; x_wconf 86' lang='lat' dir='ltr'>generat</span> <span class='ocrx_word' id='word_1_244' title='bbox 532 1457 599 1493; x_wconf 88' lang='lat' dir='ltr'>sibi</span> <span class='ocrx_word' id='word_1_245' title='bbox 619 1457 718 1493; x_wconf 89' lang='lat' dir='ltr'>idern</span> <span class='ocrx_word' id='word_1_246' title='bbox 739 1458 774 1492; x_wconf 91' lang='lat' dir='ltr'>in</span> <span class='ocrx_word' id='word_1_247' title='bbox 797 1457 929 1505; x_wconf 89' lang='lat' dir='ltr'>specie,</span> <span class='ocrx_word' id='word_1_248' title='bbox 955 1469 1030 1492; x_wconf 91' lang='lat' dir='ltr'>non</span> <span class='ocrx_word' id='word_1_249' title='bbox 1058 1466 1179 1493; x_wconf 89' lang='lat' dir='ltr'>autem</span> <span class='ocrx_word' id='word_1_250' title='bbox 1207 1458 1407 1493; x_wconf 87' lang='lat' dir='ltr'>secundum</span> <span class='ocrx_word' id='word_1_251' title='bbox 1435 1458 1681 1493; x_wconf 88' lang='lat' dir='ltr'>individuum:</span> 
     </span>
     <span class='ocr_line' id='line_1_34' title="bbox 114 1511 1683 1560; baseline -0.001 -12"><span class='ocrx_word' id='word_1_252' title='bbox 114 1519 151 1548; x_wconf 86' lang='lat' dir='ltr'>et</span> <span class='ocrx_word' id='word_1_253' title='bbox 169 1511 253 1548; x_wconf 84' lang='lat' dir='ltr'>ideo</span> <span class='ocrx_word' id='word_1_254' title='bbox 279 1522 333 1556; x_wconf 89' lang='lat' dir='ltr'>ea,</span> <span class='ocrx_word' id='word_1_255' title='bbox 359 1522 452 1560; x_wconf 87' lang='lat' dir='ltr'>quae</span> <span class='ocrx_word' id='word_1_256' title='bbox 478 1511 614 1547; x_wconf 85' lang='lat' dir='ltr'>directe</span> <span class='ocrx_word' id='word_1_257' title='bbox 640 1513 820 1559; x_wconf 87' lang='lat' dir='ltr'>pertinent</span> <span class='ocrx_word' id='word_1_258' title='bbox 842 1512 885 1546; x_wconf 88' lang='lat' dir='ltr'>ad</span> <span class='ocrx_word' id='word_1_259' title='bbox 908 1511 1146 1559; x_wconf 79' lang='lat' dir='ltr'>individuum,</span> <span class='ocrx_word' id='word_1_260' title='bbox 1168 1511 1260 1546; x_wconf 88' lang='lat' dir='ltr'>sicut</span> <span class='ocrx_word' id='word_1_261' title='bbox 1281 1511 1491 1558; x_wconf 82' lang='lat' dir='ltr'>personales</span> <span class='ocrx_word' id='word_1_262' title='bbox 1513 1520 1626 1554; x_wconf 88' lang='lat' dir='ltr'>actus,</span> <span class='ocrx_word' id='word_1_263' title='bbox 1648 1520 1683 1547; x_wconf 86' lang='lat' dir='ltr'>et</span> 
     </span>
     <span class='ocr_line' id='line_1_35' title="bbox 113 1565 1681 1614; baseline 0 -13"><span class='ocrx_word' id='word_1_264' title='bbox 113 1576 207 1613; x_wconf 83' lang='lat' dir='ltr'>quae</span> <span class='ocrx_word' id='word_1_265' title='bbox 233 1565 278 1601; x_wconf 85' lang='lat' dir='ltr'>ad</span> <span class='ocrx_word' id='word_1_266' title='bbox 312 1575 376 1601; x_wconf 86' lang='lat' dir='ltr'>eos</span> <span class='ocrx_word' id='word_1_267' title='bbox 404 1565 595 1614; x_wconf 87' lang='lat' dir='ltr'>pertinent,</span> <span class='ocrx_word' id='word_1_268' title='bbox 625 1576 700 1600; x_wconf 92' lang='lat' dir='ltr'>non</span> <span class='ocrx_word' id='word_1_269' title='bbox 729 1565 965 1600; x_wconf 85' lang='lat' dir='ltr'>traducuntur</span> <span class='ocrx_word' id='word_1_270' title='bbox 991 1577 1011 1600; x_wconf 86' lang='lat' dir='ltr'>a</span> <span class='ocrx_word' id='word_1_271' title='bbox 1037 1565 1244 1612; x_wconf 88' lang='lat' dir='ltr'>parentibus</span> <span class='ocrx_word' id='word_1_272' title='bbox 1274 1565 1310 1599; x_wconf 88' lang='lat' dir='ltr'>in</span> <span class='ocrx_word' id='word_1_273' title='bbox 1336 1565 1448 1601; x_wconf 82' lang='lat' dir='ltr'>filios:</span> <span class='ocrx_word' id='word_1_274' title='bbox 1480 1577 1554 1600; x_wconf 89' lang='lat' dir='ltr'>non</span> <span class='ocrx_word' id='word_1_275' title='bbox 1584 1566 1681 1602; x_wconf 84' lang='lat' dir='ltr'>enim</span> 
     </span>
    </p>

    <p class='ocr_par' dir='ltr' id='par_1_10' title="bbox 92 1618 1684 2529">
     <span class='ocr_line' id='line_1_36' title="bbox 92 1618 1682 1668; baseline 0 -13"><span class='ocrx_word' id='word_1_276' title='bbox 92 1632 96 1635; x_wconf 93' lang='lat'>·</span> <span class='ocrx_word' id='word_1_277' title='bbox 113 1618 374 1668; x_wconf 85' lang='lat' dir='ltr'>grammaticus</span> <span class='ocrx_word' id='word_1_278' title='bbox 391 1618 575 1654; x_wconf 86' lang='lat' dir='ltr'>traducit&#39;</span> <span class='ocrx_word' id='word_1_279' title='bbox 567 1631 603 1654; x_wconf 87' lang='lat' dir='ltr'>m</span> <span class='ocrx_word' id='word_1_280' title='bbox 625 1618 741 1654; x_wconf 87' lang='lat' dir='ltr'>filium</span> <span class='ocrx_word' id='word_1_281' title='bbox 763 1619 951 1654; x_wconf 86' lang='lat' dir='ltr'>scientiam</span> <span class='ocrx_word' id='word_1_282' title='bbox 971 1619 1245 1666; x_wconf 85' lang='lat' dir='ltr'>grammaticae,</span> <span class='ocrx_word' id='word_1_283' title='bbox 1267 1631 1377 1666; x_wconf 87' lang='lat' dir='ltr'>quam</span> <span class='ocrx_word' id='word_1_284' title='bbox 1398 1621 1545 1667; x_wconf 87' lang='lat' dir='ltr'>proprio</span> <span class='ocrx_word' id='word_1_285' title='bbox 1563 1619 1682 1655; x_wconf 87' lang='lat' dir='ltr'>studio</span> 
     </span>
     <span class='ocr_line' id='line_1_37' title="bbox 114 1672 1684 1734; baseline 0.001 -25"><span class='ocrx_word' id='word_1_286' title='bbox 114 1672 321 1726; x_wconf 85' lang='lat' dir='ltr'>acquisivit:</span> <span class='ocrx_word' id='word_1_287' title='bbox 348 1672 410 1709; x_wconf 88' lang='lat' dir='ltr'>sed</span> <span class='ocrx_word' id='word_1_288' title='bbox 432 1683 487 1717; x_wconf 88' lang='lat' dir='ltr'>ea,</span> <span class='ocrx_word' id='word_1_289' title='bbox 502 1683 600 1734; x_wconf 41' lang='lat' dir='ltr'>’quae</span> <span class='ocrx_word' id='word_1_290' title='bbox 627 1672 807 1720; x_wconf 89' lang='lat' dir='ltr'>pertinent</span> <span class='ocrx_word' id='word_1_291' title='bbox 829 1673 872 1707; x_wconf 89' lang='lat' dir='ltr'>ad</span> <span class='ocrx_word' id='word_1_292' title='bbox 894 1681 1060 1708; x_wconf 88' lang='lat' dir='ltr'>naturam</span> <span class='ocrx_word' id='word_1_293' title='bbox 1089 1673 1234 1720; x_wconf 86' lang='lat' dir='ltr'>speciei,</span> <span class='ocrx_word' id='word_1_294' title='bbox 1261 1674 1498 1708; x_wconf 88' lang='lat' dir='ltr'>traducuntur</span> <span class='ocrx_word' id='word_1_295' title='bbox 1518 1686 1538 1709; x_wconf 89' lang='lat' dir='ltr'>a</span> <span class='ocrx_word' id='word_1_296' title='bbox 1560 1686 1684 1721; x_wconf 88' lang='lat' dir='ltr'>paren-</span> 
     </span>
     <span class='ocr_line' id='line_1_38' title="bbox 112 1725 1683 1774; baseline 0 -11"><span class='ocrx_word' id='word_1_297' title='bbox 112 1726 233 1763; x_wconf 81' lang='lat' dir='ltr'>tibus</span> <span class='ocrx_word' id='word_1_298' title='bbox 222 1738 260 1762; x_wconf 84' lang='lat' dir='ltr'>m</span> <span class='ocrx_word' id='word_1_299' title='bbox 273 1725 463 1769; x_wconf 85' lang='lat' dir='ltr'>filios‚nisi</span> <span class='ocrx_word' id='word_1_300' title='bbox 483 1726 528 1762; x_wconf 87' lang='lat' dir='ltr'>sit</span> <span class='ocrx_word' id='word_1_301' title='bbox 549 1725 711 1762; x_wconf 89' lang='lat' dir='ltr'>defectus</span> <span class='ocrx_word' id='word_1_302' title='bbox 733 1734 898 1770; x_wconf 80' lang='lat' dir='ltr'>naturae3</span> <span class='ocrx_word' id='word_1_303' title='bbox 923 1727 1015 1762; x_wconf 84' lang='lat' dir='ltr'>sicut</span> <span class='ocrx_word' id='word_1_304' title='bbox 1037 1727 1202 1762; x_wconf 81' lang='lat' dir='ltr'>oculatus</span> <span class='ocrx_word' id='word_1_305' title='bbox 1225 1735 1374 1774; x_wconf 85' lang='lat' dir='ltr'>generat</span> <span class='ocrx_word' id='word_1_306' title='bbox 1395 1727 1593 1771; x_wconf 88' lang='lat' dir='ltr'>oculatum,</span> <span class='ocrx_word' id='word_1_307' title='bbox 1615 1729 1683 1763; x_wconf 90' lang='lat' dir='ltr'>nisi</span> 
     </span>
     <span class='ocr_line' id='line_1_39' title="bbox 112 1779 1682 1828; baseline 0 -11"><span class='ocrx_word' id='word_1_308' title='bbox 112 1789 241 1817; x_wconf 87' lang='lat' dir='ltr'>natura</span> <span class='ocrx_word' id='word_1_309' title='bbox 269 1779 431 1817; x_wconf 87' lang='lat' dir='ltr'>deficiat:</span> <span class='ocrx_word' id='word_1_310' title='bbox 454 1788 490 1816; x_wconf 90' lang='lat' dir='ltr'>et</span> <span class='ocrx_word' id='word_1_311' title='bbox 511 1780 540 1815; x_wconf 87' lang='lat' dir='ltr'>si</span> <span class='ocrx_word' id='word_1_312' title='bbox 561 1788 689 1815; x_wconf 88' lang='lat' dir='ltr'>natura</span> <span class='ocrx_word' id='word_1_313' title='bbox 715 1780 760 1815; x_wconf 91' lang='lat' dir='ltr'>sit</span> <span class='ocrx_word' id='word_1_314' title='bbox 785 1779 898 1823; x_wconf 87' lang='lat' dir='ltr'>fortis,</span> <span class='ocrx_word' id='word_1_315' title='bbox 927 1781 1036 1816; x_wconf 86' lang='lat' dir='ltr'>etiarn</span> <span class='ocrx_word' id='word_1_316' title='bbox 1067 1780 1186 1828; x_wconf 91' lang='lat' dir='ltr'>aliqua</span> <span class='ocrx_word' id='word_1_317' title='bbox 1215 1781 1417 1816; x_wconf 87' lang='lat' dir='ltr'>accidentia</span> <span class='ocrx_word' id='word_1_318' title='bbox 1448 1781 1682 1817; x_wconf 79' lang='lat' dir='ltr'>individualia</span> 
     </span>
     <span class='ocr_line' id='line_1_40' title="bbox 112 1832 1681 1884; baseline 0 -13"><span class='ocrx_word' id='word_1_319' title='bbox 112 1842 359 1884; x_wconf 83' lang='lat' dir='ltr'>propagantur</span> <span class='ocrx_word' id='word_1_320' title='bbox 384 1835 419 1869; x_wconf 89' lang='lat' dir='ltr'>in</span> <span class='ocrx_word' id='word_1_321' title='bbox 446 1832 552 1878; x_wconf 84' lang='lat' dir='ltr'>filios,</span> <span class='ocrx_word' id='word_1_322' title='bbox 580 1834 794 1880; x_wconf 87' lang='lat' dir='ltr'>pertinentia</span> <span class='ocrx_word' id='word_1_323' title='bbox 817 1834 860 1869; x_wconf 85' lang='lat' dir='ltr'>ad</span> <span class='ocrx_word' id='word_1_324' title='bbox 887 1834 1164 1881; x_wconf 85' lang='lat' dir='ltr'>dispositionem</span> <span class='ocrx_word' id='word_1_325' title='bbox 1191 1842 1359 1878; x_wconf 84' lang='lat' dir='ltr'>naturae;</span> <span class='ocrx_word' id='word_1_326' title='bbox 1387 1835 1479 1870; x_wconf 85' lang='lat' dir='ltr'>sicut</span> <span class='ocrx_word' id='word_1_327' title='bbox 1505 1836 1681 1872; x_wconf 87' lang='lat' dir='ltr'>velocitas</span> 
     </span>
     <span class='ocr_line' id='line_1_41' title="bbox 113 1887 1684 1938; baseline 0.001 -13"><span class='ocrx_word' id='word_1_328' title='bbox 113 1889 288 1938; x_wconf 88' lang='lat' dir='ltr'>corporis,</span> <span class='ocrx_word' id='word_1_329' title='bbox 308 1889 451 1924; x_wconf 88' lang='lat' dir='ltr'>bonitas</span> <span class='ocrx_word' id='word_1_330' title='bbox 466 1888 614 1936; x_wconf 88' lang='lat' dir='ltr'>ingenii,</span> <span class='ocrx_word' id='word_1_331' title='bbox 630 1896 665 1924; x_wconf 88' lang='lat' dir='ltr'>et</span> <span class='ocrx_word' id='word_1_332' title='bbox 684 1887 753 1923; x_wconf 85' lang='lat' dir='ltr'>alia</span> <span class='ocrx_word' id='word_1_333' title='bbox 775 1888 1004 1935; x_wconf 84' lang='lat' dir='ltr'>hujusmodi;</span> <span class='ocrx_word' id='word_1_334' title='bbox 1027 1888 1128 1923; x_wconf 91' lang='lat' dir='ltr'>nullo</span> <span class='ocrx_word' id='word_1_335' title='bbox 1148 1897 1267 1924; x_wconf 87' lang='lat' dir='ltr'>autem</span> <span class='ocrx_word' id='word_1_336' title='bbox 1288 1889 1400 1923; x_wconf 87' lang='lat' dir='ltr'>modo</span> <span class='ocrx_word' id='word_1_337' title='bbox 1419 1901 1473 1933; x_wconf 87' lang='lat' dir='ltr'>ea,</span> <span class='ocrx_word' id='word_1_338' title='bbox 1491 1901 1584 1937; x_wconf 87' lang='lat' dir='ltr'>quae</span> <span class='ocrx_word' id='word_1_339' title='bbox 1602 1899 1684 1926; x_wconf 90' lang='lat' dir='ltr'>sunt</span> 
     </span>
     <span class='ocr_line' id='line_1_42' title="bbox 112 1941 1684 1992; baseline 0 -13"><span class='ocrx_word' id='word_1_340' title='bbox 112 1953 202 1990; x_wconf 86' lang='lat' dir='ltr'>pure</span> <span class='ocrx_word' id='word_1_341' title='bbox 220 1941 438 1992; x_wconf 84' lang='lat' dir='ltr'>personalia,</span> <span class='ocrx_word' id='word_1_342' title='bbox 459 1949 498 1977; x_wconf 90' lang='lat' dir='ltr'>ut</span> <span class='ocrx_word' id='word_1_343' title='bbox 518 1941 654 1977; x_wconf 89' lang='lat' dir='ltr'>dictum</span> <span class='ocrx_word' id='word_1_344' title='bbox 677 1950 731 1977; x_wconf 89' lang='lat' dir='ltr'>est</span> <span class='ocrx_word' id='word_1_345' title='bbox 753 1941 822 1987; x_wconf 75' lang='lat' dir='ltr'>(bic</span> <span class='ocrx_word' id='word_1_346' title='bbox 850 1943 952 1990; x_wconf 68' lang='lat' dir='ltr'>sup).</span> <span class='ocrx_word' id='word_1_347' title='bbox 981 1942 1083 1977; x_wconf 89' lang='lat' dir='ltr'>Sicut</span> <span class='ocrx_word' id='word_1_348' title='bbox 1101 1951 1223 1978; x_wconf 83' lang='lat' dir='ltr'>autem</span> <span class='ocrx_word' id='word_1_349' title='bbox 1247 1943 1290 1978; x_wconf 84' lang='lat' dir='ltr'>ad</span> <span class='ocrx_word' id='word_1_350' title='bbox 1312 1954 1506 1990; x_wconf 84' lang='lat' dir='ltr'>personam</span> <span class='ocrx_word' id='word_1_351' title='bbox 1530 1943 1684 1991; x_wconf 87' lang='lat' dir='ltr'>pertinet</span> 
     </span>
     <span class='ocr_line' id='line_1_43' title="bbox 113 1995 1683 2046; baseline 0 -13"><span class='ocrx_word' id='word_1_352' title='bbox 113 1996 248 2046; x_wconf 83' lang='lat' dir='ltr'>aliquid</span> <span class='ocrx_word' id='word_1_353' title='bbox 261 1996 463 2034; x_wconf 82' lang='lat' dir='ltr'>secundum</span> <span class='ocrx_word' id='word_1_354' title='bbox 478 1997 647 2044; x_wconf 87' lang='lat' dir='ltr'>seipsam,</span> <span class='ocrx_word' id='word_1_355' title='bbox 669 2004 705 2032; x_wconf 92' lang='lat' dir='ltr'>et</span> <span class='ocrx_word' id='word_1_356' title='bbox 726 1995 860 2044; x_wconf 87' lang='lat' dir='ltr'>aliquid</span> <span class='ocrx_word' id='word_1_357' title='bbox 883 2009 924 2031; x_wconf 87' lang='lat' dir='ltr'>ex</span> <span class='ocrx_word' id='word_1_358' title='bbox 948 1996 1046 2031; x_wconf 91' lang='lat' dir='ltr'>dono</span> <span class='ocrx_word' id='word_1_359' title='bbox 1068 1997 1223 2044; x_wconf 83' lang='lat' dir='ltr'>gratiae:</span> <span class='ocrx_word' id='word_1_360' title='bbox 1246 1997 1294 2031; x_wconf 88' lang='lat' dir='ltr'>ita</span> <span class='ocrx_word' id='word_1_361' title='bbox 1317 1997 1426 2032; x_wconf 87' lang='lat' dir='ltr'>etiam</span> <span class='ocrx_word' id='word_1_362' title='bbox 1450 1998 1493 2032; x_wconf 89' lang='lat' dir='ltr'>ad</span> <span class='ocrx_word' id='word_1_363' title='bbox 1515 2006 1683 2033; x_wconf 89' lang='lat' dir='ltr'>naturam</span> 
     </span>
     <span class='ocr_line' id='line_1_44' title="bbox 112 2049 1683 2100; baseline 0 -13"><span class='ocrx_word' id='word_1_364' title='bbox 112 2057 233 2099; x_wconf 81' lang='lat' dir='ltr'>potest</span> <span class='ocrx_word' id='word_1_365' title='bbox 257 2049 392 2099; x_wconf 85' lang='lat' dir='ltr'>aliquid</span> <span class='ocrx_word' id='word_1_366' title='bbox 417 2050 598 2098; x_wconf 89' lang='lat' dir='ltr'>pertinere</span> <span class='ocrx_word' id='word_1_367' title='bbox 627 2049 826 2085; x_wconf 88' lang='lat' dir='ltr'>secundum</span> <span class='ocrx_word' id='word_1_368' title='bbox 853 2050 1023 2096; x_wconf 85' lang='lat' dir='ltr'>seipsam,</span> <span class='ocrx_word' id='word_1_369' title='bbox 1049 2050 1187 2086; x_wconf 83' lang='lat' dir='ltr'>scilicet</span> <span class='ocrx_word' id='word_1_370' title='bbox 1208 2051 1304 2098; x_wconf 87' lang='lat' dir='ltr'>quod</span> <span class='ocrx_word' id='word_1_371' title='bbox 1329 2059 1496 2086; x_wconf 84' lang='lat' dir='ltr'>causatur</span> <span class='ocrx_word' id='word_1_372' title='bbox 1522 2064 1564 2087; x_wconf 80' lang='lat' dir='ltr'>ex</span> <span class='ocrx_word' id='word_1_373' title='bbox 1591 2052 1683 2100; x_wconf 92' lang='lat' dir='ltr'>prin-</span> 
     </span>
     <span class='ocr_line' id='line_1_45' title="bbox 113 2103 1684 2153; baseline -0.001 -11"><span class='ocrx_word' id='word_1_374' title='bbox 113 2105 217 2153; x_wconf 83' lang='lat' dir='ltr'>cipiis</span> <span class='ocrx_word' id='word_1_375' title='bbox 237 2105 326 2152; x_wconf 78' lang='lat' dir='ltr'>ejus,</span> <span class='ocrx_word' id='word_1_376' title='bbox 347 2113 383 2140; x_wconf 87' lang='lat' dir='ltr'>et</span> <span class='ocrx_word' id='word_1_377' title='bbox 403 2103 537 2153; x_wconf 87' lang='lat' dir='ltr'>aliquid</span> <span class='ocrx_word' id='word_1_378' title='bbox 559 2115 602 2139; x_wconf 85' lang='lat' dir='ltr'>ex</span> <span class='ocrx_word' id='word_1_379' title='bbox 623 2103 721 2139; x_wconf 93' lang='lat' dir='ltr'>dono</span> <span class='ocrx_word' id='word_1_380' title='bbox 744 2104 899 2152; x_wconf 85' lang='lat' dir='ltr'>gratiae:</span> <span class='ocrx_word' id='word_1_381' title='bbox 923 2112 958 2139; x_wconf 88' lang='lat' dir='ltr'>et</span> <span class='ocrx_word' id='word_1_382' title='bbox 978 2104 1050 2139; x_wconf 89' lang='lat' dir='ltr'>hoc</span> <span class='ocrx_word' id='word_1_383' title='bbox 1074 2105 1187 2139; x_wconf 93' lang='lat' dir='ltr'>modo</span> <span class='ocrx_word' id='word_1_384' title='bbox 1208 2105 1342 2151; x_wconf 85' lang='lat' dir='ltr'>justitia</span> <span class='ocrx_word' id='word_1_385' title='bbox 1369 2105 1569 2153; x_wconf 88' lang='lat' dir='ltr'>originalis,</span> <span class='ocrx_word' id='word_1_386' title='bbox 1592 2106 1684 2141; x_wconf 89' lang='lat' dir='ltr'>sicut</span> 
     </span>
     <span class='ocr_line' id='line_1_46' title="bbox 113 2157 1683 2206; baseline 0 -11"><span class='ocrx_word' id='word_1_387' title='bbox 113 2158 152 2195; x_wconf 87' lang='lat' dir='ltr'>in</span> <span class='ocrx_word' id='word_1_388' title='bbox 176 2169 206 2195; x_wconf 79' lang='grc' dir='ltr'>ι.</span> <span class='ocrx_word' id='word_1_389' title='bbox 227 2157 366 2195; x_wconf 85' lang='lat' dir='ltr'>dictum</span> <span class='ocrx_word' id='word_1_390' title='bbox 386 2165 441 2194; x_wconf 75' lang='lat' dir='ltr'>et</span> <span class='ocrx_word' id='word_1_391' title='bbox 460 2158 509 2205; x_wconf 88' lang='lat' dir='ltr'>(q.</span> <span class='ocrx_word' id='word_1_392' title='bbox 532 2170 606 2194; x_wconf 81' lang='lat'><strong><em>100.</em></strong></span> <span class='ocrx_word' id='word_1_393' title='bbox 629 2163 692 2193; x_wconf 82' lang='lat' dir='ltr'>art.</span> <span class='ocrx_word' id='word_1_394' title='bbox 709 2158 768 2203; x_wconf 91' lang='lat'><em>1.)‚</em></span> <span class='ocrx_word' id='word_1_395' title='bbox 791 2166 867 2193; x_wconf 85' lang='lat' dir='ltr'>erat</span> <span class='ocrx_word' id='word_1_396' title='bbox 894 2158 1078 2205; x_wconf 90' lang='lat' dir='ltr'>quoddam</span> <span class='ocrx_word' id='word_1_397' title='bbox 1098 2157 1235 2193; x_wconf 91' lang='lat' dir='ltr'>donum</span> <span class='ocrx_word' id='word_1_398' title='bbox 1255 2158 1391 2206; x_wconf 85' lang='lat' dir='ltr'>gratiae</span> <span class='ocrx_word' id='word_1_399' title='bbox 1412 2161 1477 2194; x_wconf 90' lang='lat' dir='ltr'>toti</span> <span class='ocrx_word' id='word_1_400' title='bbox 1500 2160 1683 2195; x_wconf 85' lang='lat' dir='ltr'>humanae</span> 
     </span>
     <span class='ocr_line' id='line_1_47' title="bbox 114 2211 1683 2260; baseline 0.001 -11"><span class='ocrx_word' id='word_1_401' title='bbox 114 2220 264 2249; x_wconf 87' lang='lat' dir='ltr'>naturae</span> <span class='ocrx_word' id='word_1_402' title='bbox 293 2212 463 2248; x_wconf 88' lang='lat' dir='ltr'>divinitus</span> <span class='ocrx_word' id='word_1_403' title='bbox 492 2211 667 2247; x_wconf 85' lang='lat' dir='ltr'>collatum</span> <span class='ocrx_word' id='word_1_404' title='bbox 697 2211 732 2246; x_wconf 89' lang='lat' dir='ltr'>in</span> <span class='ocrx_word' id='word_1_405' title='bbox 763 2212 881 2258; x_wconf 90' lang='lat' dir='ltr'>primo</span> <span class='ocrx_word' id='word_1_406' title='bbox 910 2220 1068 2259; x_wconf 86' lang='lat' dir='ltr'>parente,</span> <span class='ocrx_word' id='word_1_407' title='bbox 1097 2213 1193 2260; x_wconf 84' lang='lat' dir='ltr'>quod</span> <span class='ocrx_word' id='word_1_408' title='bbox 1225 2213 1369 2260; x_wconf 86' lang='lat' dir='ltr'>quidem</span> <span class='ocrx_word' id='word_1_409' title='bbox 1399 2214 1534 2260; x_wconf 91' lang='lat' dir='ltr'>primus</span> <span class='ocrx_word' id='word_1_410' title='bbox 1568 2215 1683 2250; x_wconf 89' lang='lat' dir='ltr'>homo</span> 
     </span>
     <span class='ocr_line' id='line_1_48' title="bbox 115 2265 1683 2315; baseline 0.001 -12"><span class='ocrx_word' id='word_1_411' title='bbox 115 2266 237 2304; x_wconf 83' lang='lat' dir='ltr'>amisit</span> <span class='ocrx_word' id='word_1_412' title='bbox 260 2277 324 2315; x_wconf 86' lang='lat' dir='ltr'>per</span> <span class='ocrx_word' id='word_1_413' title='bbox 347 2265 534 2315; x_wconf 88' lang='lat' dir='ltr'>proprium</span> <span class='ocrx_word' id='word_1_414' title='bbox 559 2273 771 2314; x_wconf 87' lang='lat' dir='ltr'>peccatum;</span> <span class='ocrx_word' id='word_1_415' title='bbox 801 2265 894 2301; x_wconf 88' lang='lat' dir='ltr'>unde</span> <span class='ocrx_word' id='word_1_416' title='bbox 925 2268 1017 2301; x_wconf 88' lang='lat' dir='ltr'>sicut</span> <span class='ocrx_word' id='word_1_417' title='bbox 1046 2265 1107 2301; x_wconf 87' lang='lat' dir='ltr'>illa</span> <span class='ocrx_word' id='word_1_418' title='bbox 1137 2266 1322 2313; x_wconf 83' lang='lat' dir='ltr'>originalis</span> <span class='ocrx_word' id='word_1_419' title='bbox 1357 2267 1490 2314; x_wconf 83' lang='lat' dir='ltr'>justitia</span> <span class='ocrx_word' id='word_1_420' title='bbox 1519 2268 1683 2304; x_wconf 84' lang='lat' dir='ltr'>traducta</span> 
     </span>
     <span class='ocr_line' id='line_1_49' title="bbox 114 2319 1683 2368; baseline 0 -11"><span class='ocrx_word' id='word_1_421' title='bbox 114 2319 291 2357; x_wconf 78' lang='lat' dir='ltr'>fuissetin</span> <span class='ocrx_word' id='word_1_422' title='bbox 307 2327 474 2368; x_wconf 81' lang='lat' dir='ltr'>posteros</span> <span class='ocrx_word' id='word_1_423' title='bbox 494 2319 604 2356; x_wconf 88' lang='lat' dir='ltr'>simul</span> <span class='ocrx_word' id='word_1_424' title='bbox 622 2331 704 2354; x_wconf 92' lang='lat' dir='ltr'>cum</span> <span class='ocrx_word' id='word_1_425' title='bbox 722 2327 869 2363; x_wconf 81' lang='lat' dir='ltr'>natura3</span> <span class='ocrx_word' id='word_1_426' title='bbox 891 2319 939 2355; x_wconf 87' lang='lat' dir='ltr'>ita</span> <span class='ocrx_word' id='word_1_427' title='bbox 958 2320 1068 2355; x_wconf 87' lang='lat' dir='ltr'>etiam</span> <span class='ocrx_word' id='word_1_428' title='bbox 1088 2320 1308 2355; x_wconf 83' lang='lat' dir='ltr'>inordinatio</span> <span class='ocrx_word' id='word_1_429' title='bbox 1328 2323 1514 2368; x_wconf 81' lang='lat' dir='ltr'>opposita:</span> <span class='ocrx_word' id='word_1_430' title='bbox 1536 2322 1598 2357; x_wconf 87' lang='lat' dir='ltr'>sed</span> <span class='ocrx_word' id='word_1_431' title='bbox 1614 2322 1683 2357; x_wconf 85' lang='lat' dir='ltr'>alia</span> 
     </span>
     <span class='ocr_line' id='line_1_50' title="bbox 114 2372 1681 2424; baseline 0 -13"><span class='ocrx_word' id='word_1_432' title='bbox 114 2382 264 2424; x_wconf 83' lang='lat' dir='ltr'>peccata</span> <span class='ocrx_word' id='word_1_433' title='bbox 289 2373 446 2410; x_wconf 80' lang='lat' dir='ltr'>actualia</span> <span class='ocrx_word' id='word_1_434' title='bbox 465 2372 525 2409; x_wconf 82' lang='lat' dir='ltr'>vel</span> <span class='ocrx_word' id='word_1_435' title='bbox 545 2373 652 2421; x_wconf 91' lang='lat' dir='ltr'>primi</span> <span class='ocrx_word' id='word_1_436' title='bbox 673 2373 842 2421; x_wconf 85' lang='lat' dir='ltr'>parentis,</span> <span class='ocrx_word' id='word_1_437' title='bbox 870 2373 928 2409; x_wconf 78' lang='lat' dir='ltr'>vel</span> <span class='ocrx_word' id='word_1_438' title='bbox 956 2373 1110 2409; x_wconf 89' lang='lat' dir='ltr'>aliorum</span> <span class='ocrx_word' id='word_1_439' title='bbox 1137 2385 1213 2409; x_wconf 89' lang='lat' dir='ltr'>non</span> <span class='ocrx_word' id='word_1_440' title='bbox 1242 2384 1480 2421; x_wconf 86' lang='lat' dir='ltr'>corrumpunt</span> <span class='ocrx_word' id='word_1_441' title='bbox 1502 2385 1681 2419; x_wconf 83' lang='lat' dir='ltr'>naturam,</span> 
     </span>
     <span class='ocr_line' id='line_1_51' title="bbox 115 2427 1683 2477; baseline 0 -12"><span class='ocrx_word' id='word_1_442' title='bbox 115 2435 291 2477; x_wconf 87' lang='lat' dir='ltr'>quantum</span> <span class='ocrx_word' id='word_1_443' title='bbox 311 2427 356 2464; x_wconf 82' lang='lat' dir='ltr'>ad</span> <span class='ocrx_word' id='word_1_444' title='bbox 373 2427 408 2463; x_wconf 86' lang='lat' dir='ltr'>id</span> <span class='ocrx_word' id='word_1_445' title='bbox 427 2427 525 2476; x_wconf 86' lang='lat' dir='ltr'>quod</span> <span class='ocrx_word' id='word_1_446' title='bbox 545 2434 694 2463; x_wconf 87' lang='lat' dir='ltr'>naturae</span> <span class='ocrx_word' id='word_1_447' title='bbox 709 2434 774 2470; x_wconf 88' lang='lat' dir='ltr'>cst,</span> <span class='ocrx_word' id='word_1_448' title='bbox 788 2427 850 2462; x_wconf 90' lang='lat' dir='ltr'>sed</span> <span class='ocrx_word' id='word_1_449' title='bbox 865 2427 984 2463; x_wconf 90' lang='lat' dir='ltr'>solum</span> <span class='ocrx_word' id='word_1_450' title='bbox 1008 2436 1184 2475; x_wconf 86' lang='lat' dir='ltr'>quantum</span> <span class='ocrx_word' id='word_1_451' title='bbox 1203 2428 1247 2463; x_wconf 86' lang='lat' dir='ltr'>ad</span> <span class='ocrx_word' id='word_1_452' title='bbox 1263 2428 1298 2463; x_wconf 91' lang='lat' dir='ltr'>id</span> <span class='ocrx_word' id='word_1_453' title='bbox 1317 2429 1414 2476; x_wconf 89' lang='lat' dir='ltr'>quod</span> <span class='ocrx_word' id='word_1_454' title='bbox 1430 2441 1606 2475; x_wconf 83' lang='lat' dir='ltr'>personae</span> <span class='ocrx_word' id='word_1_455' title='bbox 1620 2438 1683 2472; x_wconf 87' lang='lat' dir='ltr'>est,</span> 
     </span>
     <span class='ocr_line' id='line_1_52' title="bbox 114 2480 1640 2535; baseline -0.001 -16"><span class='ocrx_word' id='word_1_456' title='bbox 114 2481 208 2535; x_wconf 61' lang='lat' dir='ltr'>idest</span> <span class='ocrx_word' id='word_1_457' title='bbox 226 2481 427 2519; x_wconf 81' lang='lat' dir='ltr'>secundum</span> <span class='ocrx_word' id='word_1_458' title='bbox 449 2480 666 2529; x_wconf 86' lang='lat' dir='ltr'>pronitatem</span> <span class='ocrx_word' id='word_1_459' title='bbox 689 2481 732 2515; x_wconf 82' lang='lat' dir='ltr'>ad</span> <span class='ocrx_word' id='word_1_460' title='bbox 756 2489 896 2516; x_wconf 85' lang='lat' dir='ltr'>actum:</span> <span class='ocrx_word' id='word_1_461' title='bbox 920 2482 1014 2517; x_wconf 90' lang='lat' dir='ltr'>unde</span> <span class='ocrx_word' id='word_1_462' title='bbox 1037 2481 1104 2516; x_wconf 82' lang='lat' dir='ltr'>alia</span> <span class='ocrx_word' id='word_1_463' title='bbox 1129 2490 1277 2529; x_wconf 84' lang='lat' dir='ltr'>peccata</span> <span class='ocrx_word' id='word_1_464' title='bbox 1300 2494 1373 2517; x_wconf 90' lang='lat' dir='ltr'>non</span> <span class='ocrx_word' id='word_1_465' title='bbox 1392 2483 1640 2519; x_wconf 85' lang='lat' dir='ltr'>traducuntur.</span> 
     </span>
    </p>

    <p class='ocr_par' dir='ltr' id='par_1_11' title="bbox 115 2534 1687 2854">
     <span class='ocr_line' id='line_1_53' title="bbox 187 2534 1683 2583; baseline -0.001 -10"><span class='ocrx_word' id='word_1_466' title='bbox 187 2536 249 2573; x_wconf 83' lang='lat' dir='ltr'>An</span> <span class='ocrx_word' id='word_1_467' title='bbox 273 2545 423 2573; x_wconf 70' lang='lat' dir='ltr'>numm</span> <span class='ocrx_word' id='word_1_468' title='bbox 450 2546 538 2583; x_wconf 87' lang='lat' dir='ltr'>ergo</span> <span class='ocrx_word' id='word_1_469' title='bbox 560 2534 768 2578; x_wconf 87' lang='lat' dir='ltr'>dicendum,</span> <span class='ocrx_word' id='word_1_470' title='bbox 786 2535 883 2582; x_wconf 91' lang='lat' dir='ltr'>quod</span> <span class='ocrx_word' id='word_1_471' title='bbox 903 2546 1021 2582; x_wconf 87' lang='lat' dir='ltr'>poena</span> <span class='ocrx_word' id='word_1_472' title='bbox 1042 2535 1231 2583; x_wconf 90' lang='lat' dir='ltr'>spirituali,</span> <span class='ocrx_word' id='word_1_473' title='bbox 1253 2536 1345 2571; x_wconf 87' lang='lat' dir='ltr'>sicut</span> <span class='ocrx_word' id='word_1_474' title='bbox 1367 2537 1520 2583; x_wconf 79' lang='lat' dir='ltr'>August</span> <span class='ocrx_word' id='word_1_475' title='bbox 1543 2537 1656 2573; x_wconf 87' lang='lat' dir='ltr'>dicit</span> <span class='ocrx_word' id='word_1_476' title='bbox 1648 2549 1683 2572; x_wconf 79' lang='lat' dir='ltr'>in</span> 
     </span>
     <span class='ocr_line' id='line_1_54' title="bbox 116 2588 1684 2651; baseline 0 -25"><span class='ocrx_word' id='word_1_477' title='bbox 116 2588 219 2638; x_wconf 76' lang='lat' dir='ltr'>epist.</span> <span class='ocrx_word' id='word_1_478' title='bbox 240 2589 287 2626; x_wconf 81' lang='lat' dir='ltr'>ad</span> <span class='ocrx_word' id='word_1_479' title='bbox 304 2589 453 2625; x_wconf 81' lang='lat' dir='ltr'>Avitum</span> <span class='ocrx_word' id='word_1_480' title='bbox 472 2588 545 2651; x_wconf 54' lang='lat' dir='ltr'>(seu</span> <span class='ocrx_word' id='word_1_481' title='bbox 565 2588 608 2624; x_wconf 85' lang='lat' dir='ltr'>ad</span> <span class='ocrx_word' id='word_1_482' title='bbox 627 2589 817 2633; x_wconf 67' lang='lat' dir='ltr'>Auxilium,</span> <span class='ocrx_word' id='word_1_483' title='bbox 834 2593 862 2624; x_wconf 74' lang='lat' dir='ltr'>cl</span> <span class='ocrx_word' id='word_1_484' title='bbox 877 2594 918 2625; x_wconf 80' lang='lat' dir='ltr'>est</span> <span class='ocrx_word' id='word_1_485' title='bbox 943 2590 1169 2637; x_wconf 79' lang='lat' dir='ltr'>75.1&#39;mp11c.),</span> <span class='ocrx_word' id='word_1_486' title='bbox 1190 2601 1390 2637; x_wconf 89' lang='lat' dir='ltr'>numquam</span> <span class='ocrx_word' id='word_1_487' title='bbox 1413 2591 1609 2637; x_wconf 86' lang='lat' dir='ltr'>puniuntur</span> <span class='ocrx_word' id='word_1_488' title='bbox 1622 2590 1684 2626; x_wconf 83' lang='lat' dir='ltr'>filii</span> 
     </span>
     <span class='ocr_line' id='line_1_55' title="bbox 116 2642 1686 2692; baseline 0 -12"><span class='ocrx_word' id='word_1_489' title='bbox 116 2653 184 2692; x_wconf 83' lang='lat' dir='ltr'>pro</span> <span class='ocrx_word' id='word_1_490' title='bbox 207 2642 426 2692; x_wconf 84' lang='lat' dir='ltr'>parentibus,</span> <span class='ocrx_word' id='word_1_491' title='bbox 446 2642 514 2679; x_wconf 88' lang='lat' dir='ltr'>nisi</span> <span class='ocrx_word' id='word_1_492' title='bbox 536 2642 810 2678; x_wconf 87' lang='lat' dir='ltr'>communicent</span> <span class='ocrx_word' id='word_1_493' title='bbox 831 2643 866 2678; x_wconf 94' lang='lat' dir='ltr'>in</span> <span class='ocrx_word' id='word_1_494' title='bbox 889 2642 993 2691; x_wconf 86' lang='lat' dir='ltr'>culpa</span> <span class='ocrx_word' id='word_1_495' title='bbox 1021 2643 1079 2678; x_wconf 75' lang='lat' dir='ltr'>vel</span> <span class='ocrx_word' id='word_1_496' title='bbox 1106 2655 1169 2690; x_wconf 84' lang='lat' dir='ltr'>per</span> <span class='ocrx_word' id='word_1_497' title='bbox 1190 2644 1382 2690; x_wconf 85' lang='lat' dir='ltr'>originem,</span> <span class='ocrx_word' id='word_1_498' title='bbox 1404 2644 1461 2680; x_wconf 79' lang='lat' dir='ltr'>vel</span> <span class='ocrx_word' id='word_1_499' title='bbox 1489 2657 1551 2691; x_wconf 83' lang='lat' dir='ltr'>per</span> <span class='ocrx_word' id='word_1_500' title='bbox 1573 2645 1686 2680; x_wconf 86' lang='lat' dir='ltr'>imita-</span> 
     </span>
     <span class='ocr_line' id='line_1_56' title="bbox 115 2696 1684 2746; baseline 0 -12"><span class='ocrx_word' id='word_1_501' title='bbox 115 2696 274 2734; x_wconf 78' lang='lat' dir='ltr'>tionem:</span> <span class='ocrx_word' id='word_1_502' title='bbox 295 2697 380 2746; x_wconf 86' lang='lat' dir='ltr'>quia</span> <span class='ocrx_word' id='word_1_503' title='bbox 405 2707 534 2733; x_wconf 88' lang='lat' dir='ltr'>omnes</span> <span class='ocrx_word' id='word_1_504' title='bbox 561 2696 703 2731; x_wconf 86' lang='lat' dir='ltr'>animae</span> <span class='ocrx_word' id='word_1_505' title='bbox 732 2696 941 2732; x_wconf 83' lang='lat' dir='ltr'>immediate</span> <span class='ocrx_word' id='word_1_506' title='bbox 962 2705 1045 2732; x_wconf 87' lang='lat' dir='ltr'>sunt</span> <span class='ocrx_word' id='word_1_507' title='bbox 1066 2697 1146 2740; x_wconf 88' lang='lat' dir='ltr'>Dei,</span> <span class='ocrx_word' id='word_1_508' title='bbox 1166 2706 1203 2732; x_wconf 89' lang='lat' dir='ltr'>ut</span> <span class='ocrx_word' id='word_1_509' title='bbox 1225 2697 1353 2732; x_wconf 85' lang='lat' dir='ltr'>dicitur</span> <span class='ocrx_word' id='word_1_510' title='bbox 1372 2697 1501 2733; x_wconf 78' lang='lat' dir='ltr'>Ezech.</span> <span class='ocrx_word' id='word_1_511' title='bbox 1531 2699 1601 2735; x_wconf 84' lang='lat'>18.:</span> <span class='ocrx_word' id='word_1_512' title='bbox 1623 2699 1684 2734; x_wconf 82' lang='lat' dir='ltr'>sed</span> 
     </span>
     <span class='ocr_line' id='line_1_57' title="bbox 116 2748 1687 2800; baseline 0.001 -13"><span class='ocrx_word' id='word_1_513' title='bbox 116 2760 238 2800; x_wconf 77' lang='lat' dir='ltr'>poena</span> <span class='ocrx_word' id='word_1_514' title='bbox 257 2749 440 2799; x_wconf 82' lang='lat' dir='ltr'>corporali</span> <span class='ocrx_word' id='word_1_515' title='bbox 457 2750 637 2786; x_wconf 84' lang='lat' dir='ltr'>interdurn</span> <span class='ocrx_word' id='word_1_516' title='bbox 659 2748 794 2796; x_wconf 81' lang='lat' dir='ltr'>judicio</span> <span class='ocrx_word' id='word_1_517' title='bbox 815 2750 951 2794; x_wconf 90' lang='lat' dir='ltr'>divino,</span> <span class='ocrx_word' id='word_1_518' title='bbox 973 2751 1031 2787; x_wconf 78' lang='lat' dir='ltr'>vel</span> <span class='ocrx_word' id='word_1_519' title='bbox 1052 2751 1216 2786; x_wconf 84' lang='lat' dir='ltr'>humano</span> <span class='ocrx_word' id='word_1_520' title='bbox 1239 2752 1436 2799; x_wconf 88' lang='lat' dir='ltr'>puniuntur</span> <span class='ocrx_word' id='word_1_521' title='bbox 1458 2751 1519 2787; x_wconf 79' lang='lat' dir='ltr'>filii</span> <span class='ocrx_word' id='word_1_522' title='bbox 1542 2764 1607 2799; x_wconf 88' lang='lat' dir='ltr'>pro</span> <span class='ocrx_word' id='word_1_523' title='bbox 1629 2763 1687 2800; x_wconf 87' lang='lat' dir='ltr'>pa-</span> 
     </span>
     <span class='ocr_line' id='line_1_58' title="bbox 116 2803 1390 2854; baseline -0.002 -12"><span class='ocrx_word' id='word_1_524' title='bbox 116 2804 289 2849; x_wconf 75' lang='lat' dir='ltr'>rentibus,</span> <span class='ocrx_word' id='word_1_525' title='bbox 309 2804 525 2854; x_wconf 66' lang='lat' dir='ltr'>inquantum</span> <span class='ocrx_word' id='word_1_526' title='bbox 546 2803 640 2840; x_wconf 83' lang='lat' dir='ltr'>filius</span> <span class='ocrx_word' id='word_1_527' title='bbox 662 2811 715 2840; x_wconf 86' lang='lat' dir='ltr'>est</span> <span class='ocrx_word' id='word_1_528' title='bbox 738 2803 870 2852; x_wconf 82' lang='lat' dir='ltr'>aliquid</span> <span class='ocrx_word' id='word_1_529' title='bbox 894 2805 1002 2852; x_wconf 84' lang='lat' dir='ltr'>patris</span> <span class='ocrx_word' id='word_1_530' title='bbox 1025 2804 1225 2841; x_wconf 84' lang='lat' dir='ltr'>secundum</span> <span class='ocrx_word' id='word_1_531' title='bbox 1249 2817 1390 2853; x_wconf 76' lang='lat' dir='ltr'>corpus.</span> 
     </span>
    </p>

    <p class='ocr_par' dir='ltr' id='par_1_12' title="bbox 117 2857 1687 2960">
     <span class='ocr_line' id='line_1_59' title="bbox 190 2857 1687 2907; baseline 0 -12"><span class='ocrx_word' id='word_1_532' title='bbox 190 2858 252 2895; x_wconf 81' lang='lat' dir='ltr'>AD</span> <span class='ocrx_word' id='word_1_533' title='bbox 269 2869 477 2897; x_wconf 66' lang='lat' dir='ltr'>sscuuoun</span> <span class='ocrx_word' id='word_1_534' title='bbox 495 2857 702 2901; x_wconf 85' lang='lat' dir='ltr'>dicendum,</span> <span class='ocrx_word' id='word_1_535' title='bbox 723 2858 820 2906; x_wconf 88' lang='lat' dir='ltr'>quod</span> <span class='ocrx_word' id='word_1_536' title='bbox 842 2857 942 2902; x_wconf 90' lang='lat' dir='ltr'>illud,</span> <span class='ocrx_word' id='word_1_537' title='bbox 961 2858 1186 2906; x_wconf 51' lang='lat' dir='ltr'>quodssiabet</span> <span class='ocrx_word' id='word_1_538' title='bbox 1206 2858 1334 2906; x_wconf 86' lang='lat' dir='ltr'>aliquis</span> <span class='ocrx_word' id='word_1_539' title='bbox 1356 2872 1396 2894; x_wconf 76' lang='lat' dir='ltr'>ex</span> <span class='ocrx_word' id='word_1_540' title='bbox 1420 2871 1469 2902; x_wconf 88' lang='lat' dir='ltr'>sc,</span> <span class='ocrx_word' id='word_1_541' title='bbox 1489 2859 1605 2907; x_wconf 83' lang='lat' dir='ltr'>magis</span> <span class='ocrx_word' id='word_1_542' title='bbox 1627 2871 1687 2907; x_wconf 90' lang='lat' dir='ltr'>po·</span> 
     </span>
     <span class='ocr_line' id='line_1_60' title="bbox 117 2911 1684 2960; baseline -0.001 -11"><span class='ocrx_word' id='word_1_543' title='bbox 117 2918 189 2949; x_wconf 67' lang='lat' dir='ltr'>test</span> <span class='ocrx_word' id='word_1_544' title='bbox 213 2912 403 2950; x_wconf 79' lang='lat' dir='ltr'>traducere</span> <span class='ocrx_word' id='word_1_545' title='bbox 429 2911 633 2949; x_wconf 81' lang='lat' dir='ltr'>dummodo</span> <span class='ocrx_word' id='word_1_546' title='bbox 660 2912 704 2949; x_wconf 88' lang='lat' dir='ltr'>sit</span> <span class='ocrx_word' id='word_1_547' title='bbox 730 2911 961 2948; x_wconf 88' lang='lat' dir='ltr'>traducibile:</span> <span class='ocrx_word' id='word_1_548' title='bbox 989 2911 1050 2949; x_wconf 87' lang='lat' dir='ltr'>sed</span> <span class='ocrx_word' id='word_1_549' title='bbox 1079 2921 1226 2960; x_wconf 81' lang='lat' dir='ltr'>peccata</span> <span class='ocrx_word' id='word_1_550' title='bbox 1255 2912 1408 2948; x_wconf 79' lang='lat' dir='ltr'>actualia</span> <span class='ocrx_word' id='word_1_551' title='bbox 1436 2913 1684 2959; x_wconf 57' lang='lat' dir='ltr'>proximorum</span> 
     </span>
    </p>
   </div>
  </div>
 </body>
</html>
