1907 3182
222 204 306 234 202
647 202 866 238 QUAESTIO
898 202 1000 232 XXV.
1034 201 1280 231 ARTICULUS
1314 200 1359 230 11.

218 285 388 331 passione
427 284 605 330 opposita,
627 284 710 330 quia
745 285 842 317 enim
873 284 1012 317 bonum
1043 283 1238 328 quaeritur,
1270 283 1351 316 ideo
1385 282 1560 316 refutatur
1582 282 1793 328 oppositum

220 337 371 372 malum.
390 338 537 372 Bonum
567 345 690 371 autem
710 337 820 371 habet
840 336 1021 370 rationem
1047 336 1139 377 finis,
1163 335 1224 381 qui
1247 335 1394 381 quidem
1417 344 1471 370 est
1500 335 1598 382 prior
1623 335 1660 369 in
1681 335 1797 369 inten-

220 391 331 433 tione,
353 391 415 425 sed
443 399 497 425 est
516 390 694 437 posterior
719 390 755 423 in
783 389 1016 432 executione3
1048 397 1169 435 potest
1191 399 1277 434 ergo
1306 388 1396 422 ordo
1427 388 1640 435 passionum
1663 399 1796 422 concu-

220 444 391 492 piscibilis
410 444 547 478 attendi
564 444 618 478 vel
639 443 839 478 secundum
865 442 1118 484 intentionem,
1136 442 1189 476 vel
1210 441 1413 476 secundum
1432 443 1745 477 consecutionem.

293 498 503 532 Secundum
525 497 673 543 quidem
696 496 997 530 consecutionem
1017 495 1106 529 illud
1134 503 1188 529 est
1208 495 1317 541 prius,
1345 495 1442 541 quod
1463 495 1582 542 primo
1609 495 1648 529 fit
1672 494 1711 528 in
1737 505 1795 536 eo,

223 551 320 596 quod
341 551 455 585 tendit
476 551 520 585 ad
549 550 680 584 finem:
711 548 945 583 manifestum
972 557 1025 583 est
1051 557 1185 590 autem,
1213 549 1311 594 quod
1338 559 1460 591 omne,
1486 549 1584 595 quod
1609 548 1726 583 tendit
1751 547 1796 581 ad

222 603 333 638 finem
352 604 522 650 aliquem,
537 605 651 650 primo
675 603 821 649 quidem
839 602 949 636 habet
971 602 1222 648 aptitudinem,
1238 613 1301 636 seu
1315 602 1592 648 proportionem
1607 602 1651 636 ad
1664 600 1794 635 finem:

222 657 314 691 nihil
336 658 433 691 enim
455 657 569 691 tendit
590 656 626 690 in
647 656 759 690 finem
779 667 855 689 non
877 655 1214 702 proportionatum:
1236 655 1372 690 secundo
1399 663 1568 690 movetur
1594 655 1639 689 ad
1663 654 1796 688 finem:

224 712 319 745 tertio
343 711 496 756 quiescit
515 710 553 743 in
575 709 645 744 fine
667 717 749 755 post
771 710 846 754 ejus
869 709 1190 743 consecutionem:
1206 708 1283 754 ipsa
1299 716 1421 743 autem
1440 708 1613 755 aptitudo,
1627 708 1703 742 sive
1717 718 1798 754 pro-

222 763 341 810 portio
364 764 542 810 appetitus
565 764 608 797 ad
626 763 764 797 bonum
787 770 839 796 est
861 773 975 803 amor,
999 762 1059 807 qui
1080 761 1172 795 nihil
1192 761 1288 795 aliud
1311 770 1376 804 est,
1399 773 1511 808 quam
1529 760 1797 807 complacentia

222 817 328 851 boni:
344 826 464 852 motus
485 825 605 851 autem
621 817 664 850 ad
679 816 817 850 bonum
833 824 886 850 est
900 815 1133 857 desiderium,
1149 814 1208 850 vel
1223 815 1537 862 concupiscentia:
1557 814 1658 861 quies
1674 822 1797 848 autem

222 870 260 904 in
280 871 378 904 bono
402 878 455 905 est
475 870 662 916 gaudium,
684 869 743 904 vel
764 868 978 903 delectatio:
1000 876 1034 903 et
1054 869 1137 902 ideo
1160 869 1363 903 secundum
1384 869 1482 903 hunc
1505 869 1673 903 ordinem
1692 879 1798 902 amor

223 924 408 970 praecedit
425 923 657 964 desiderium,
680 931 715 957 et
733 922 951 956 desiderium
972 922 1159 968 praecedit
1179 922 1474 957 delectationem.

296 977 366 1012 Sed
385 977 585 1012 secundum
604 976 769 1010 ordinem
787 976 997 1010 intentionis
1013 984 1066 1010 est
1084 987 1103 1009 e
1122 987 1320 1010 converso:
1339 987 1426 1010 nam
1445 975 1640 1010 delectatio
1659 975 1798 1008 intenta

224 1039 348 1065 causat
370 1030 599 1075 desiderium,
623 1038 657 1064 et
679 1040 863 1064 amorem:
888 1029 1081 1064 delectatio
1105 1031 1203 1064 enim
1231 1037 1285 1064 est
1309 1028 1432 1063 fruitio
1461 1029 1522 1074 [al.
1537 1029 1664 1075 fruitio
1691 1028 1799 1073 boni],

224 1096 314 1131 quae
338 1084 612 1130 quodammodo
636 1091 689 1118 est
706 1083 797 1126 finis,
813 1083 906 1117 sicut
921 1090 956 1117 et
978 1083 1099 1129 ipsum
1116 1083 1269 1125 bonum,
1284 1091 1323 1117 ut
1344 1094 1451 1129 supra
1466 1083 1604 1117 dictum
1622 1089 1676 1116 est
1691 1081 1735 1127 (q.
1751 1093 1797 1116 rr.

225 1143 289 1173 art.
307 1150 335 1184 3.
359 1137 400 1171 ad
414 1139 472 1184 3).
1382 1166 1385 1167 γ

294 1192 354 1225 AD
374 1201 524 1226 PRIMUM
541 1201 627 1236 ergo
651 1190 857 1232 dicendum,
873 1190 969 1236 quod
988 1190 1060 1224 hoc
1083 1189 1196 1224 modo
1211 1189 1423 1223 nominatur
1436 1189 1584 1235 aliquid,
1597 1188 1798 1223 secundum

224 1245 320 1292 quod
347 1245 450 1279 nobis
483 1244 693 1278 innotescit:
720 1255 813 1278 voces
842 1244 940 1278 enim
964 1249 1040 1278 sunt
1065 1245 1159 1289 signa
1183 1244 1420 1286 intellectuum,
1450 1243 1652 1278 secundum
1677 1240 1800 1275 Philo-

224 1299 381 1344 sophum
403 1298 477 1343 (lz'b.
500 1311 525 1333 1.
541 1298 650 1332 Perih.
666 1297 868 1344 inpr1'12c.):
887 1308 954 1331 nos
978 1305 1100 1331 autem
1121 1306 1160 1331 ut
1178 1296 1376 1342 plurimum
1388 1308 1452 1343 per
1473 1295 1645 1331 effectum
1665 1306 1801 1341 cogno-

224 1353 358 1387 scimus
381 1363 547 1385 causam:
569 1350 717 1385 effectus
741 1359 861 1384 autem
884 1351 1028 1394 amoris,
1053 1350 1198 1396 quando
1221 1350 1367 1396 quidem
1387 1350 1540 1384 habetur
1561 1349 1681 1396 ipsum
1704 1359 1801 1382 ama-

224 1414 314 1447 tum,
342 1413 394 1439 est
421 1404 632 1438 delectatio:
661 1404 806 1450 quando
832 1415 919 1438 vero
947 1415 1021 1437 non
1048 1404 1212 1445 habetur,
1243 1412 1296 1438 est
1322 1403 1554 1445 desiderium,
1581 1402 1642 1437 vel
1669 1413 1801 1436 concu-

224 1458 417 1505 piscentia:
446 1466 484 1491 ut
505 1466 627 1492 autem
649 1458 802 1502 August.
826 1457 910 1491 dicit
931 1457 967 1490 in
995 1467 1046 1491 10.
1076 1457 1118 1490 de
1144 1456 1272 1491 Trinit.
1305 1456 1392 1503 (cap.
1415 1468 1464 1491 12.
1487 1468 1508 1490 α
1540 1455 1662 1501 med.):
1690 1456 1801 1490 Amor

224 1513 334 1558 magis
353 1512 503 1553 sentitur,
527 1523 599 1545 cum
622 1523 693 1545 eum
711 1510 828 1556 prodit
847 1510 1049 1555 indigentia:
1078 1510 1172 1544 unde
1194 1510 1286 1544 inter
1309 1521 1436 1544 omnes
1458 1509 1646 1555 passiones
1670 1519 1801 1543 concu-

224 1564 395 1612 piscibilis
423 1564 539 1610 magis
562 1572 614 1598 est
635 1564 813 1598 sensibilis
837 1563 1147 1609 concupiscentia:
1177 1571 1211 1597 et
1236 1572 1383 1610 propter
1404 1563 1476 1597 hoc
1504 1563 1546 1596 ab
1570 1573 1612 1596 ea
1634 1561 1798 1596 denomi-

224 1628 330 1653 natur
350 1618 523 1664 potentia.

296 1672 355 1706 AD
384 1681 590 1706 SECUNDUM
617 1670 824 1712 dicendum,
847 1671 944 1716 quod
971 1670 1092 1717 duplex
1116 1678 1170 1704 est
1191 1670 1278 1704 unio
1301 1669 1413 1704 amati
1435 1670 1478 1703 ad
1501 1677 1709 1703 amantem:
1732 1681 1800 1703 una

225 1725 372 1772 quidem
393 1724 511 1766 realis,
529 1724 730 1758 secundum
752 1723 890 1758 scilicet
912 1724 1210 1769 conjunctionem
1233 1723 1276 1757 ad
1294 1735 1372 1757 rem
1393 1723 1530 1769 ipsam:
1555 1730 1590 1757 et
1609 1722 1690 1757 talis
1712 1722 1800 1756 unio

224 1779 376 1826 pertinet
394 1778 437 1811 ad
457 1778 640 1824 gaudium,
659 1777 716 1810 vel
739 1776 1032 1819 delectationem,
1048 1788 1139 1823 quae
1156 1777 1316 1823 sequitur
1338 1776 1579 1811 desiderium:
1595 1776 1664 1810 alia
1679 1784 1800 1810 autern

227 1840 279 1867 est
312 1832 398 1865 unio
431 1830 607 1872 affectiva,
635 1831 835 1864 secundum
863 1830 1001 1865 scilicet
1031 1830 1128 1876 quod
1161 1830 1297 1876 aliquid
1323 1830 1434 1864 habet
1465 1829 1714 1875 aptitudinem,
1741 1829 1801 1863 vel

226 1885 519 1932 proportionem,
537 1892 645 1930 prout
663 1883 801 1918 scilicet
822 1895 864 1918 ex
886 1884 957 1917 hoc
980 1883 1077 1930 quod
1102 1883 1238 1929 aliquid
1259 1883 1370 1918 habet
1389 1882 1629 1929 aptitudinem
1651 1883 1695 1917 ad
1718 1881 1801 1917 alte—

226 1951 316 1981 rum,
345 1947 380 1973 et
399 1938 688 1979 inclinationem,
710 1938 783 1982 jam
806 1937 994 1983 participat
1016 1937 1151 1983 aliquid
1170 1938 1264 1982 ejus:
1289 1945 1324 1971 et
1344 1937 1395 1971 sic
1419 1947 1524 1971 amor
1542 1936 1720 1971 unionem
1737 1937 1802 1970 im-

225 2000 362 2040 portat3
385 2003 477 2038 quae
499 1991 646 2037 quidem
670 1991 755 2024 unio
777 1991 959 2036 praecedit
982 1999 1125 2024 motum
1148 1990 1326 2024 desiderii.

297 2046 357 2079 AD
377 2055 549 2079 TERT1UM
572 2044 778 2086 dicendum,
798 2044 896 2090 quod
918 2044 1112 2078 delectatio
1133 2052 1258 2078 causat
1280 2055 1457 2086 amorem,
1480 2043 1682 2078 secundum
1703 2043 1802 2090 quod

227 2107 280 2134 est
299 2099 397 2144 prior
417 2099 453 2132 in
476 2098 691 2132 intentione.

781 2238 1127 2284 ARTICULUS
1163 2239 1243 2282 ΠΙ.
1738 2251 1802 2295 148

409 2347 559 2377 UTRL‘M
577 2347 673 2377 SPES
699 2348 765 2377 SIT
793 2349 924 2378 PRIMA
947 2349 1077 2378 INTER
1096 2348 1330 2378 PASSIONES
1352 2348 1620 2378 IRASCIBILIS.

751 2435 868 2482 (Supr.
897 2447 926 2481 q.
949 2447 996 2481 23.
1019 2440 1082 2469 art.
1105 2447 1138 2479 4.
1161 2435 1283 2481 corp).

298 2525 359 2559 AD
393 2534 566 2558 TERTmM
588 2523 637 2558 sic
659 2523 879 2570 proceditur.
900 2523 1063 2566 Videtur,
1085 2524 1184 2570 quod
1207 2535 1289 2570 spes
1310 2534 1385 2558 non
1407 2524 1453 2558 sit
1473 2523 1590 2570 prima
1611 2523 1704 2558 inter
1725 2535 1802 2570 pas-

227 2578 347 2612 siones
369 2576 574 2611 irascibilis:
598 2577 650 2610 vis
674 2577 771 2610 enim
790 2577 979 2611 irascibilis
998 2577 1039 2610 ab
1060 2577 1110 2611 ira
1133 2577 1407 2620 denominatur3
1426 2588 1510 2612 cum
1531 2587 1620 2623 ergo
1640 2577 1803 2612 denomi-

226 2631 326 2666 natio
348 2630 410 2664 fiat
432 2641 451 2664 a
472 2630 616 2676 potiori,
639 2630 790 2672 videtur,
814 2631 910 2676 quod
933 2631 985 2664 ira
1007 2631 1051 2664 sit
1074 2631 1205 2677 potior,
1229 2638 1263 2665 et
1283 2630 1392 2677 prior,
1415 2641 1525 2677 quam
1547 2641 1640 2677 spes.

299 2694 330 2718 2.
352 2684 589 2718 PRAETEREA.
617 2683 773 2718 Arduum
801 2692 854 2717 est
875 2684 1059 2729 objectum
1087 2683 1296 2719 irascibilis:
1323 2683 1386 2718 sed
1413 2684 1531 2730 magis
1559 2683 1701 2718 videtur
1722 2695 1800 2719 esse

227 2737 391 2778 arduum,
413 2737 509 2783 quod
531 2736 660 2783 aliquis
688 2745 840 2771 conetur
869 2748 1037 2783 superare
1066 2736 1205 2771 malum
1229 2737 1464 2779 contrarium,
1495 2736 1592 2783 quod
1618 2736 1799 2780 imminet,

229 2798 266 2824 ut
287 2790 445 2824 futurum
469 2790 586 2836 (qnod
608 2790 761 2836 pertinet
788 2791 831 2824 ad
860 2790 1067 2833 audaciam)
1096 2790 1154 2824 vel
1181 2791 1278 2836 quod
1305 2791 1437 2836 injacet
1458 2791 1545 2836 jam,
1571 2798 1610 2824 ut
1630 2801 1801 2836 praesens

230 2843 342 2889 (quod
373 2843 526 2888 pertinet
553 2843 597 2877 ad
624 2844 744 2887 iram),
767 2854 876 2889 quam
899 2843 995 2889 quod
1024 2852 1175 2878 conetur
1202 2844 1388 2890 acquirere
1419 2842 1631 2890 simpliciter
1652 2843 1799 2890 aliquod

228 2897 385 2932 bonum:
409 2905 443 2931 et
456 2896 620 2931 similiter
638 2897 754 2943 magis
772 2897 912 2931 videtur
927 2908 1004 2931 esse
1020 2897 1185 2939 arduum,
1205 2897 1301 2943 quod
1324 2904 1476 2932 conetur
1496 2896 1641 2932 vincere
1660 2896 1799 2932 malum
