1875 3198
240 223 327 277 776
669 232 891 268 QUAESTIO
926 232 1015 261 C111.
1050 231 1296 261 ARTICULUS
1329 231 1357 261 1.

240 315 308 349 alia
335 326 462 349 eorum
495 322 607 360 gesta,
635 314 835 349 secundum
868 313 956 348 illud
983 324 1010 348 1.
1037 313 1123 348 Cor.
1156 323 1226 348 10.:
1253 313 1381 348 Omnia
1399 313 1559 359 infigura
1579 314 1809 360 contingebant

240 370 323 409 illis;
343 368 487 402 fuerunt
512 369 620 414 igitur
642 376 724 402 ante
747 367 867 414 legem
889 367 1070 414 quaedam
1089 367 1355 409 caeremoniae,
1382 378 1458 401 non
1479 375 1603 402 tamen
1626 378 1809 402 caeremo-

239 422 320 456 niae
339 421 449 468 legis:
469 422 552 468 quia
573 433 647 456 non
671 429 771 455 erant
791 432 854 467 per
876 421 1035 467 aliquam
1062 421 1152 467 legis
1179 420 1355 455 lationem
1376 420 1570 455 institutae.

311 476 370 510 AD
392 486 542 510 PRIMUM
565 486 651 521 ergo
675 475 880 516 dicendum,
903 475 1000 521 quod
1022 474 1233 520 hujusmodi
1267 473 1480 517 oblationes,
1503 482 1538 509 et
1564 474 1751 517 sacrificia,
1774 483 1808 509 et

239 529 455 564 holocausta
478 528 677 563 offerebant
699 528 835 574 antiqui
858 535 938 562 ante
961 528 1083 574 legem
1105 539 1147 562 ex
1169 527 1327 574 quadam
1349 528 1542 562 devotione
1563 529 1729 575 propriae
1750 539 1811 563 vo-

240 582 397 624 luntatis,
419 582 620 617 secundum
643 582 740 628 quod
763 581 812 615 eis
834 581 1022 616 videbatur
1045 581 1282 623 conveniens3
1305 589 1343 615 ut
1368 581 1405 615 in
1426 581 1542 624 rebus,
1565 593 1654 628 quas
1680 593 1700 616 a
1725 582 1807 616 Deo

241 644 465 683 acceperant,
488 647 575 682 quas
597 635 633 669 in
652 635 891 670 reverentiam
911 635 1070 670 divinam
1094 635 1306 677 offerebant,
1326 642 1611 682 protestarentur
1632 647 1670 671 se
1689 635 1810 671 colere

189 685 192 689 ’
240 691 373 732 Deum,
396 690 455 735 qui
477 697 530 723 est
552 689 717 723 omnium
738 689 968 735 principium,
992 697 1026 723 et
1052 689 1143 723 finis.
1722 718 1726 721 .

313 744 372 777 AD
393 753 600 778 SECUNDUM
623 743 828 784 dicendum,
851 743 948 788 quod
971 743 1081 777 etiam
1104 754 1206 776 sacra
1235 742 1415 789 quaedam
1448 742 1694 786 instituerunt3
1727 743 1812 790 quia

240 797 426 831 videbatur
448 797 497 830 eis
521 796 752 838 conveniens,
782 803 820 830 ut
842 796 877 830 in
899 796 1141 830 reverentiam
1176 796 1336 830 divinam
1364 804 1484 831 essent
1510 796 1630 844 aliqua
1659 797 1742 832 loca
1769 798 1811 831 ab

243 850 321 885 aliis
343 851 509 884 distincta
531 850 653 884 divino
677 849 789 884 cultui
811 850 1028 896 mancipata.

309 904 368 938 AD
389 914 560 938 TERT1UM
582 904 788 945 dicendum,
811 904 908 950 quod
930 911 1199 938 sacramentum
1221 903 1510 938 circumcisionis
1543 911 1738 951 praecepto
1767 903 1814 938 di-

242 957 327 991 vino
346 957 412 992 fuit
432 965 605 992 statutum
621 965 702 991 ante
725 956 865 1002 legem;
888 958 982 992 unde
1004 969 1078 991 non
1101 964 1219 1003 potest
1241 957 1312 992 dici
1332 963 1579 992 sacramentum
1601 958 1689 1004 legis,
1713 958 1815 1004 quasi

243 1012 277 1045 in
300 1011 380 1056 lege
401 1011 616 1053 institutum,
638 1010 700 1045 sed
723 1010 843 1045 solum
865 1011 967 1057 quasi
980 1011 1016 1045 in
1031 1010 1111 1057 lege
1135 1011 1387 1045 observatum:
1407 1018 1442 1045 et
1462 1011 1536 1045 hoc
1557 1019 1611 1046 est
1631 1011 1729 1058 quod
1742 1011 1816 1045 Do-

243 1065 362 1099 minus
384 1064 469 1099 dicit
486 1065 616 1110 Joann.
640 1075 688 1110 7.:
713 1064 935 1099 Circnnzcisio
960 1077 1026 1099 non
1047 1077 1085 1100 ex
1108 1066 1219 1111 Moyse
1240 1070 1296 1107 est,
1317 1064 1370 1099 sed
1388 1077 1427 1100 ex
1441 1066 1618 1111 patribus:
1652 1065 1816 1100 sacerdo-

242 1119 332 1152 tium
355 1118 465 1152 etiam
487 1126 561 1152 erat
583 1126 664 1153 ante
686 1118 808 1163 legem
831 1118 925 1164 apud
949 1118 1110 1153 colentes
1133 1118 1254 1153 Deum
1270 1118 1472 1153 secundum
1487 1118 1689 1153 humanam
1704 1119 1816 1154 deter-

243 1172 494 1214 minationem,
516 1172 577 1218 qui
602 1172 696 1206 hanc
719 1171 933 1218 dignitatem
955 1172 1206 1219 primogenitis
1229 1172 1480 1207 attribuebant.

315 1225 374 1259 AD
390 1236 577 1265 QUARTUM
593 1226 798 1268 dicendum,
818 1226 915 1272 quod
931 1226 1114 1261 distinctio
1131 1226 1352 1260 mundorum
1368 1225 1594 1269 animalium,
1609 1234 1644 1261 et
1661 1226 1817 1260 immun-

244 1280 373 1314 dorum
394 1291 469 1313 non
491 1279 557 1314 fuit
579 1287 659 1314 ante
682 1279 803 1325 legem
838 1287 1014 1325 quantum
1042 1280 1086 1314 ad
1116 1291 1231 1322 esum,
1255 1291 1338 1314 cum
1366 1279 1504 1314 dictum
1533 1279 1579 1314 sit
1605 1279 1738 1315 Genes.
1761 1291 1814 1327 9.:

247 1334 353 1368 Omne
374 1333 459 1379 qnod
480 1339 643 1375 movetur,
667 1338 695 1368 et
711 1334 810 1375 vivit,
831 1334 895 1368 erit
915 1334 1009 1368 vobis
1027 1335 1062 1368 in
1081 1335 1212 1375 cibnnz;
1233 1334 1296 1368 sed
1315 1332 1436 1368 solum
1454 1341 1629 1380 quantum
1649 1334 1693 1368 ad
1712 1334 1817 1368 sacri—

244 1387 411 1421 ficiorum
433 1387 670 1429 oblationem,
697 1387 781 1433 quia
803 1387 846 1421 de
876 1388 1092 1434 quibusdam
1119 1387 1366 1422 determinatis
1394 1386 1610 1422 animalibus
1639 1388 1816 1422 sacrificia

246 1440 462 1475 offerebant:
486 1441 515 1475 si
540 1448 664 1475 tamen
686 1448 861 1487 quantum
884 1441 926 1475 ad
949 1452 1051 1475 esum
1072 1449 1148 1475 erat
1169 1441 1289 1488 aliqua
1311 1441 1526 1475 animalium
1547 1441 1729 1484 discretio,
1743 1441 1816 1476 hoc

245 1506 320 1528 non
348 1502 433 1537 erat,
455 1495 538 1541 quia
566 1506 647 1529 esus
670 1494 815 1528 illorum
838 1502 1062 1540 reputaretur
1078 1494 1236 1537 illicitus,
1259 1506 1343 1529 cum
1364 1494 1464 1528 nulla
1482 1493 1562 1540 lege
1585 1502 1678 1529 esset
1699 1495 1818 1542 prohi-

245 1548 352 1590 bitus,
367 1549 427 1582 sed
443 1556 586 1595 propter
601 1548 925 1590 abominationem,
940 1548 998 1583 vel
1020 1548 1340 1583 consuetudinem:
1370 1548 1462 1583 sicut
1482 1555 1517 1582 et
1535 1559 1631 1582 nunc
1651 1548 1817 1583 videmus

246 1603 344 1648 quod
372 1601 490 1648 aliqua
519 1602 650 1636 cibaria
676 1609 758 1636 sunt
784 1601 820 1635 in
848 1602 1024 1648 aliquibus
1051 1602 1153 1637 terris
1182 1601 1452 1644 abominabilia,
1479 1613 1572 1649 quae
1598 1601 1635 1636 in
1663 1601 1741 1637 aliis
1761 1613 1818 1637 co-

247 1656 449 1690 metiuntur.

811 1804 1158 1849 ARTICULUS
1187 1804 1243 1848 11.
1754 1826 1814 1862 553

349 1927 502 1956 UTRUM
530 1926 841 1956 CAEREMONIAE
869 1926 1049 1956 VETERIS
1074 1926 1197 1956 LEGIS
1222 1925 1472 1957 HABUERINT
1495 1925 1721 1956 VIRTUTEM

681 1992 984 2034 JUSTIFICANDI
1008 1992 1212 2023 TEMPORE
1240 1991 1379 2022 LEGIS.

454 2093 572 2139 (Snpr.
595 2105 624 2139 q.
644 2093 699 2139 98.
722 2098 787 2128 art.
808 2105 834 2128 1.
856 2098 886 2128 et
905 2104 935 2139 q.
954 2104 1029 2128 100.
1048 2097 1111 2127 art.
1131 2103 1180 2127 12.
1199 2096 1228 2127 et
1243 2104 1269 2138 3.
1289 2091 1378 2127 Dist.
1392 2102 1450 2136 40.
1471 2096 1534 2126 art.
1553 2091 1611 2138 3.).

320 2195 379 2228 Ar>
402 2204 609 2228 SECUNDUM
631 2193 681 2228 sic
716 2193 931 2240 proceditur.
961 2192 1122 2235 Videtur,
1157 2192 1255 2239 quod
1284 2191 1538 2227 caeremoniae
1566 2191 1697 2226 veteris
1727 2190 1817 2238 legis

248 2248 428 2282 habebant
449 2248 617 2282 virtutem
639 2247 857 2293 justificandi
877 2255 1042 2294 tempore
1061 2246 1170 2293 legis:
1193 2246 1349 2293 expiatio
1364 2246 1462 2280 enirn
1477 2257 1497 2280 a
1510 2253 1673 2292 peccato,
1688 2253 1723 2280 et
1736 2256 1820 2280 con-

247 2302 400 2336 secratio
428 2301 586 2335 hominis
615 2301 657 2334 ad
692 2301 987 2346 justificationem
1022 2301 1215 2347 pertinent:
1252 2300 1314 2335 sed
1340 2299 1453 2334 Exod.
1476 2310 1531 2347 29.
1553 2299 1694 2342 dicitur,
1721 2300 1818 2346 quod

241 2363 303 2403 pei·
324 2357 544 2402 aspersionem
565 2356 747 2400 sanguinis,
770 2360 798 2390 et
820 2357 1046 2390 innnctIOnem
1068 2355 1130 2390 olei
1151 2352 1437 2390 consecrabantur
1451 2353 1652 2395 Sacerdotes,
1674 2358 1703 2388 et
1722 2358 1819 2388 vestes

247 2422 379 2445 eornm:
404 2417 438 2444 et
453 2410 537 2443 Lev.
559 2407 610 2443 16,
626 2409 765 2451 dicitur,
780 2409 877 2455 quod
892 2409 1051 2444 Sacerdos
1057 2415 1118 2455 per
1132 2409 1350 2455 aspersionem
1363 2408 1532 2453 sanguinis
1544 2407 1645 2442 vituli
1662 2408 1819 2454 expiabat

249 2464 487 2499 Sanctnarinm
509 2464 549 2498 ab
571 2462 792 2497 inmunditiis
805 2463 961 2508 J‘iliormn
985 2463 1090 2497 lsrael
1109 2468 1140 2497 et
1157 2473 1178 2497 a
1195 2461 1548 2509 praevaricationibus
1567 2472 1695 2504 eorzcm,
1723 2466 1820 2508 atque

246 2519 406 2566 peccatis;
427 2527 514 2563 ergo
537 2516 790 2551 caeremoniae
812 2516 942 2550 veteris
963 2516 1054 2562 legis
1075 2516 1258 2550 habebant
1278 2515 1448 2550 virtutem
1473 2514 1702 2561 justificandi.

320 2581 350 2605 2.
378 2571 615 2605 PRAETEREA.
639 2570 688 2612 Id,
712 2581 774 2616 per
797 2570 893 2615 quod
917 2570 1032 2604 homo
1060 2569 1179 2616 placet
1205 2569 1299 2611 Deo,
1323 2568 1366 2603 ad
1387 2567 1563 2614 justitiam
1588 2567 1743 2614 pertinet
1768 2579 1820 2602 se-

249 2625 406 2658 cundum
429 2623 515 2658 illud
532 2624 588 2658 Ps.
617 2634 686 2658 1o.:
707 2624 818 2667 Justns
840 2624 1021 2666 Dominus,
1045 2629 1074 2659 et
1091 2624 1238 2669 justitias
1252 2622 1385 2657 dilexit:
1409 2621 1471 2656 sed
1485 2632 1548 2668 per
1569 2621 1818 2656 caeremonias

250 2677 359 2724 aliqui
380 2678 462 2712 Deo
482 2677 684 2723 placebant,
706 2676 905 2711 secundum
929 2676 1016 2710 illud
1041 2677 1154 2711 Lex-it.
1182 2686 1232 2711 10.
1247 2689 1254 2711 :
1270 2675 1730 2723 Quomodopotui...placere
1750 2675 1820 2710 Do-

250 2733 338 2766 mino
365 2733 399 2765 in
420 2732 635 2766 caeremoniis
658 2735 759 2766 mente
781 2730 940 2776 lugubri?
962 2731 1058 2776 Ergo
1090 2729 1344 2765 caeremoniae
1370 2729 1500 2764 veteris
1522 2727 1612 2775 legis
1637 2728 1819 2763 habebant

249 2786 416 2819 virtutem
440 2784 667 2831 justificandi.

324 2851 351 2884 3.
375 2839 610 2873 PRAETEREA.
634 2838 685 2872 Ea
707 2849 798 2884 quac
825 2846 909 2872 sunt
930 2837 1041 2871 divini
1070 2836 1198 2879 cultus,
1227 2836 1342 2883 magis
1365 2836 1545 2883 pertinent
1571 2835 1614 2870 ad
1645 2835 1817 2878 animam,

251 2904 359 2939 quam
383 2893 425 2926 ad
449 2903 592 2938 corpus,
614 2891 814 2926 secundum
834 2890 920 2925 illud
944 2891 1001 2925 Ps.
1030 2891 1100 2925 18.:
1126 2891 1194 2925 Lex
1215 2891 1360 2925 Domini
1378 2889 1609 2932 irnmaculata,
1629 2895 1819 2925 convertens

251 2948 402 2981 intimas:
426 2946 486 2980 sed
516 2958 578 2992 per
600 2945 850 2980 caeremonias
871 2945 1001 2979 veteris
1030 2944 1120 2990 legis
1151 2944 1392 2980 mundabatur
1420 2942 1596 2990 leprosus,
1625 2951 1664 2978 ut
1691 2942 1819 2978 dicitur
