1875 3198
222 167 308 208 606
627 175 851 211 QUAESTIO
885 175 1045 203 Lxxxv.
1079 172 1324 203 ARTICULUS
1358 172 1386 201 1.

294 257 432 292 Tertio.
451 257 507 291 De
530 265 684 303 quatuor
704 255 923 299 vulneribus,
947 266 1039 301 quae
1066 254 1164 289 Beda
1186 253 1298 300 ponit,
1326 252 1453 299 quibus
1473 259 1601 286 natura
1626 251 1787 286 humana

219 311 409 346 vulnerata
431 318 484 345 est
505 319 652 357 propter
669 318 874 356 peccatum.

295 365 449 405 Quarto.
473 365 604 398 Utrum
626 363 780 409 privatio
802 362 915 404 modi,
937 361 1082 408 speciei,
1101 369 1136 395 et
1157 360 1292 395 ordinis
1314 361 1384 394 sint
1405 358 1553 393 effectus
1573 358 1724 405 peccati.

295 418 446 459 Quinto.
471 417 604 451 Utrum
627 427 737 457 mors,
761 424 795 450 et
817 415 877 449 alii
899 415 1060 449 defectus
1084 413 1292 460 corporales
1314 413 1385 447 sint
1405 412 1555 447 effectus
1576 411 1728 459 peccati.

294 472 416 506 Sexto.
440 471 573 505 Utrum
595 470 665 504 sint
686 456 808 516 aliquo
831 469 943 503 modo
965 468 1110 502 homini
1130 467 1324 502 naturales.

803 627 1149 673 ARTICULUS
1184 627 1219 670 I.
1722 647 1791 682 452

460 748 615 778 UTRUM
640 748 879 779 PECCATUM
905 747 1127 778 DIMINUAT
1155 747 1310 777 BONUM
1333 746 1553 777 NATURAE·

225 848 337 893 (Part.
360 860 387 882 I.
410 859 440 894 q.
462 848 518 892 48.
541 853 606 882 art.
628 859 660 892 4.
677 852 705 882 et
725 848 877 893 Dist.30.
894 859 925 893 q.
940 859 968 884 1.
987 851 1050 881 art.
1065 859 1092 882 Ι.
1111 846 1154 881 ad
1166 858 1198 882 2.
1214 851 1280 893 et3.
1296 846 1384 880 Dist.
1403 857 1458 881 20.
1477 857 1507 891 q.
1529 857 1557 880 I.
1576 849 1642 880 art.
1661 856 1688 880 1.
1705 843 1747 878 ad
1761 854 1792 878 2.

532 906 560 936 et
582 901 636 936 lib.
656 913 684 948 3.
710 901 828 936 Contr.
847 913 878 947 g.
902 908 972 947 cap.
996 912 1045 947 17.
1067 905 1097 936 et
1114 900 1198 935 Mal.
1221 912 1251 946 q.
1273 911 1305 935 2.
1325 903 1388 934 art.
1411 898 1487 944 11.)-

295 1002 356 1037 AD
378 1013 529 1037 PRJML'M
551 1003 602 1037 sic
624 1003 842 1049 proceditur.
861 1003 1022 1045 Videtur,
1045 1002 1142 1048 quod
1161 1009 1352 1047 peccatum
1367 1012 1442 1035 non
1460 1000 1638 1034 diminuat
1656 999 1795 1033 bonum

224 1063 394 1090 naturae:
418 1064 610 1102 peccatum
633 1056 730 1090 enim
745 1056 906 1090 hominis
921 1068 994 1090 non
1010 1064 1063 1090 est
1085 1055 1241 1101 gravius,
1257 1066 1367 1101 quam
1384 1062 1575 1101 peccatum
1589 1053 1794 1088 daemonis:

225 1109 288 1144 sed
311 1110 405 1144 bona
425 1109 663 1155 naturaliain
686 1110 926 1144 daemonibus
942 1117 1092 1143 manent
1112 1109 1252 1155 integra
1267 1117 1348 1155 post
1361 1116 1566 1155 peccatum,
1583 1116 1623 1142 ut
1642 1107 1796 1154 Dionys.

225 1163 311 1196 dicit
331 1173 364 1205 4.
388 1174 464 1209 cap.
498 1163 541 1197 de
562 1163 645 1197 Div.
673 1163 783 1197 Nom.
807 1164 914 1210 (part.
933 1175 966 1208 4.
994 1163 1062 1198 lect.
1085 1163 1178 1209 19.),·
1202 1173 1290 1208 ergo
1312 1170 1504 1209 peccatum
1527 1161 1638 1196 etiam
1658 1161 1797 1195 bonum

224 1225 374 1250 naturae
396 1217 580 1250 humanae
602 1228 676 1250 non
699 1217 877 1251 diminuit.

296 1280 328 1304 2.
358 1270 594 1304 PRAETEREA.
629 1269 891 1304 Transmutato
918 1269 1121 1316 posteriori,
1147 1280 1222 1304 non
1251 1276 1510 1303 transmutatur
1530 1270 1648 1315 prius:
1675 1275 1800 1302 manet

226 1323 324 1358 enim
351 1323 548 1357 substantia
583 1323 723 1366 eadem,
756 1323 1005 1358 transmutatis
1039 1322 1305 1365 accidentibu33
1340 1322 1401 1356 sed
1435 1330 1562 1356 natura
1594 1321 1800 1369 praeexistit

229 1377 364 1411 actioni
396 1377 644 1419 voluntariae3
673 1389 772 1424 ergo,
798 1377 894 1424 facta
922 1377 1196 1411 deordinatione
1223 1377 1319 1410 circa
1347 1376 1530 1410 actionem
1555 1375 1800 1410 voluntariam

229 1442 293 1477 per
314 1439 519 1477 peccatum,
541 1442 615 1465 non
637 1439 898 1466 transmutatur
916 1438 1062 1477 propter
1074 1431 1146 1465 hoc
1160 1438 1300 1472 natura,
1314 1429 1363 1464 ita
1385 1429 1481 1476 quod
1495 1429 1634 1464 bonum
1650 1436 1800 1463 naturae

229 1485 460 1519 diminuatur.

304 1550 333 1585 3.
353 1538 591 1573 PRAETEREA.
614 1538 813 1573 Peccatum
836 1546 890 1572 est
912 1546 1012 1572 actus
1034 1534 1202 1584 quidam3
1225 1537 1418 1571 diminutio
1441 1544 1563 1571 autem
1586 1544 1640 1571 est
1659 1535 1799 1583 passio:

227 1591 370 1626 nullum
393 1600 515 1626 autem
539 1603 649 1638 agens
669 1603 710 1626 ex
732 1592 803 1626 hoc
826 1592 905 1638 ipso
925 1591 1022 1637 quod
1043 1591 1127 1637 agit,
1141 1591 1291 1637 patitur:
1309 1598 1427 1637 potest
1442 1598 1563 1625 autem
1578 1590 1800 1636 contingere,

230 1646 327 1692 quod
349 1646 385 1679 in
407 1657 520 1679 unum
543 1654 637 1691 agat,
672 1654 707 1680 et
729 1646 770 1679 ab
795 1645 866 1679 alio
889 1646 1062 1692 patiatur3
1086 1656 1174 1690 ergo
1196 1643 1256 1678 ille
1279 1644 1340 1691 qui
1365 1652 1504 1691 peccat,
1525 1654 1589 1689 per
1609 1651 1801 1690 peccatum

230 1711 305 1734 non
328 1699 496 1733 diminuit
513 1699 651 1733 bonum
674 1710 761 1734 suae
783 1707 943 1733 naturae.

301 1763 333 1795 4.
356 1753 593 1787 PRAETEREA.
617 1752 768 1787 Nullum
793 1753 961 1787 accidens
983 1753 1056 1799 agit
1077 1752 1113 1786 in
1135 1763 1241 1786 suum
1263 1751 1483 1797 subiectum:
1507 1751 1591 1797 quia
1617 1751 1713 1797 quod
1740 1762 1803 1797 pa-

227 1807 322 1848 titur,
346 1814 399 1840 est
420 1807 581 1852 potentia
604 1807 699 1852 ejus:
719 1807 816 1852 quod
840 1814 961 1841 autem
984 1806 1171 1851 subjicitur
1193 1805 1382 1847 accidenti,
1404 1806 1476 1851 jam
1493 1813 1545 1839 est
1567 1812 1649 1839 actu
1671 1815 1733 1839 ens
1751 1815 1804 1839 se-

230 1860 388 1894 cundum
412 1860 581 1894 accidens
604 1860 711 1894 illud:
735 1860 798 1894 sed
821 1869 1014 1905 peccatum
1037 1868 1090 1894 est
1111 1860 1147 1893 in
1167 1859 1265 1893 bono
1281 1867 1442 1901 naturae,
1465 1858 1558 1896 sicut
1580 1858 1748 1893 accidens
1766 1857 1802 1891 in

229 1914 414 1959 subjecto;
449 1925 537 1959 ergo
563 1922 765 1960 *peccatum
800 1925 874 1948 non
902 1913 1069 1948 diminuit
1101 1913 1240 1948 bonum
1266 1921 1435 1947 naturae:
1470 1912 1671 1947 diminuere
1704 1911 1801 1946 enim

229 1967 414 2014 quoddam
437 1979 545 2013 agere
568 1975 631 2003 est.
950 1979 953 1983 *

306 2021 380 2055 SED
404 2031 560 2056 CONTRA
583 2029 647 2063 est,
670 2021 779 2066 quod,
802 2021 895 2055 sicut
916 2020 1045 2055 dicitur
1067 2020 1154 2054 Luc.
1182 2030 1253 2054 10.:
1276 2019 1389 2054 Homo
1411 2019 1600 2055 descendens
1619 2020 1661 2054 ab
1682 2019 1805 2054 Hieru-

228 2075 327 2110 salem
350 2076 382 2108 1'11
401 2075 547 2119 saricho,
570 2075 661 2108 idest
682 2075 718 2108 in
737 2073 918 2108 defectum
941 2074 1093 2120 peccati,
1111 2074 1299 2121 expoliatur
1314 2074 1484 2119 gratuitis,
1504 2078 1533 2108 et
1551 2073 1748 2107 vulneratur
1768 2074 1804 2106 in

230 2129 453 2169 naturalibus,
477 2137 515 2162 ut
538 2128 637 2162 Beda
664 2128 812 2175 exponit
834 2128 886 2173 (ut
912 2129 1005 2163 habet
1034 2128 1123 2163 Glos.
1152 2127 1260 2162 ordin.
1286 2126 1338 2162 sed
1363 2139 1429 2161 non
1454 2128 1511 2162 sub
1538 2128 1606 2172 ejus
1630 2127 1802 2172 nomt'ne);
1845 2138 1850 2143 ·

232 2193 320 2229 ergo
343 2190 534 2228 peccatum
557 2181 726 2216 diminuit
746 2182 883 2216 bonum
907 2190 1068 2215 naturae.
1832 2181 1836 2192 ¹

303 2236 533 2270 RESPONDEO
555 2236 760 2278 dicendum,
778 2235 875 2281 quod
888 2235 1025 2269 bonum
1041 2242 1190 2269 naturae
1202 2234 1387 2268 humanae
1402 2241 1521 2280 potest
1531 2234 1707 2281 tripliciter
1721 2232 1802 2267 dici.

233 2290 348 2325 Primo
372 2289 448 2335 ipsa
471 2289 644 2335 principia
668 2297 831 2331 naturae,
854 2301 895 2323 ex
918 2289 1046 2335 quibus
1074 2289 1150 2335 ipsa
1176 2296 1304 2322 natura
1327 2287 1568 2330 constituitur,
1591 2295 1625 2322 et
1646 2286 1805 2333 proprie-

232 2351 322 2377 tates
346 2355 387 2377 (ὲκ
409 2343 465 2377 his
482 2350 669 2384 causatae;
690 2343 782 2376 sicut
797 2343 980 2389 potentiae
995 2342 1150 2384 animae,
1173 2349 1207 2376 et
1222 2342 1291 2376 alia
1306 2341 1528 2387 hujusmodi.
1547 2341 1705 2383 Secundo,
1722 2340 1804 2387 quia

233 2397 348 2431 homo
371 2396 392 2430 ‘a
413 2404 541 2430 natura
564 2396 673 2430 habet
696 2396 971 2430 inclinationem
989 2396 1031 2429 ad
1055 2397 1236 2437 virtutem,
1258 2402 1296 2429 ut
1311 2406 1416 2441 supra
1431 2394 1596 2429 habitum
1619 2403 1671 2429 est
1692 2395 1740 2440 (q.
1756 2394 1804 2440 63.

233 2455 295 2485 art.
320 2451 384 2496 1.).·
408 2450 484 2496 ipsa
507 2457 628 2484 autem
644 2449 830 2483 inclinatio
847 2449 891 2483 ad
906 2450 1076 2484 virtutem
1093 2457 1145 2484 est
1160 2448 1344 2495 quoddam
1360 2448 1498 2482 bonum
1512 2455 1673 2483 naturae.
1695 2448 1804 2482 Tertio

234 2503 345 2537 modo
361 2511 479 2549 potest
493 2503 562 2537 dici
576 2503 713 2536 bonum
728 2511 876 2536 naturae
894 2503 1030 2536 donum
1046 2502 1232 2547 originalis
1250 2501 1418 2548 justitiae,
1433 2502 1530 2547 quod
1549 2500 1614 2535 fuit
1629 2501 1663 2535 in
1683 2501 1802 2547 primo

231 2557 382 2591 homine
405 2556 579 2590 collatum
601 2556 667 2590 toti
688 2564 837 2590 naturae
864 2556 1057 2590 humanae.
1082 2556 1245 2590 Primum
1272 2555 1382 2601 igitur
1402 2555 1541 2589 bonum
1563 2562 1712 2589 naturae
1734 2565 1800 2588 nec
1844 2550 1865 2565 ⁸

232 2610 381 2652 tollitur,
400 2622 465 2644 nec
489 2610 700 2644 diminuitur
721 2621 783 2655 per
802 2617 1011 2654 peccatum:
1035 2609 1180 2644 tertium
1202 2620 1290 2643 vero
1312 2608 1452 2642 bonum
1474 2616 1624 2642 naturae
1645 2607 1806 2642 totaliter

235 2673 287 2698 est
309 2663 467 2698 ablatum
491 2675 552 2709 per
574 2671 764 2708 peccatum
788 2663 890 2708 primi
920 2663 1087 2708 parentis.
1112 2663 1182 2696 Sed
1206 2662 1368 2696 medium
1391 2662 1528 2695 bonurn
1555 2669 1717 2703 naturae,
1741 2660 1805 2695 sci-

234 2717 320 2752 licet
341 2718 415 2763 ipsa
430 2717 601 2751 naturalis
621 2717 807 2750 inclinatio
828 2716 870 2750 ad
887 2718 1068 2758 virtutem,
1084 2716 1295 2750 diminuitur
1313 2727 1376 2761 per
1397 2722 1605 2761 peccatum:
1626 2726 1687 2760 per
1706 2721 1805 2748 actus

236 2771 331 2805 enim
355 2771 536 2805 humanos
558 2770 595 2804 tit
617 2770 795 2816 quaedam
828 2770 1014 2803 inclinatio
1038 2770 1080 2804 ad
1104 2769 1240 2804 similes
1264 2777 1376 2810 actus,
1396 2777 1433 2803 ut
1454 2779 1561 2814 supra
1584 2769 1721 2802 dictum
1753 2774 1806 2802 est

238 2825 341 2871 (q.51.
357 2830 420 2859 art.
437 2826 507 2870 2.).·
528 2832 670 2869 oportet
697 2831 829 2864 autem,
853 2823 948 2869 quod
973 2835 1013 2857 ex
1036 2823 1106 2857 hoc
1130 2824 1226 2869 quod
1255 2822 1388 2869 aliquid
1412 2821 1605 2857 inclinatur
1627 2821 1670 2855 ad
1693 2831 1803 2855 unum

238 2878 514 2920 contrariorum,
537 2877 758 2912 diminuatur
792 2876 980 2911 inclinatio
1004 2877 1079 2922 ejus
1118 2877 1160 2910 ad
1185 2876 1292 2918 aliud,
1315 2876 1409 2910 unde
1445 2886 1529 2910 cum
1550 2882 1740 2922 peccatum
1763 2874 1807 2908 sit
