<?xml version="1.0" encoding="UTF-8"?>
<!DOCTYPE html PUBLIC "-//W3C//DTD XHTML 1.0 Transitional//EN"
    "http://www.w3.org/TR/xhtml1/DTD/xhtml1-transitional.dtd">
<html xmlns="http://www.w3.org/1999/xhtml" xml:lang="en" lang="en">
 <head>
  <title>
</title>
<meta http-equiv="Content-Type" content="text/html;charset=utf-8" />
  <meta name='ocr-system' content='tesseract 3.04.00' />
  <meta name='ocr-capabilities' content='ocr_page ocr_carea ocr_par ocr_line ocrx_word'/>
</head>
<body>
  <div class='ocr_page' id='page_1' title='image "./divithomaeaquina02thomuoft_0758.png"; bbox 0 0 1875 3198; ppageno 0'>
   <div class='ocr_carea' id='block_1_1' title="bbox 207 173 1333 219">
    <p class='ocr_par' dir='ltr' id='par_1_1' title="bbox 207 173 1333 219">
     <span class='ocr_line' id='line_1_1' title="bbox 207 173 1333 219; baseline -0.003 -14"><span class='ocrx_word' id='word_1_1' title='bbox 207 174 292 219; x_wconf 68' lang='lat'>754</span> <span class='ocrx_word' id='word_1_2' title='bbox 631 175 853 210; x_wconf 90' lang='lat' dir='ltr'><strong>QUAESTIO</strong></span> <span class='ocrx_word' id='word_1_3' title='bbox 889 175 962 204; x_wconf 87' lang='lat' dir='ltr'><strong>CII.</strong></span> <span class='ocrx_word' id='word_1_4' title='bbox 997 173 1242 204; x_wconf 87' lang='lat' dir='ltr'><strong>ARTICULUS</strong></span> <span class='ocrx_word' id='word_1_5' title='bbox 1277 174 1333 203; x_wconf 86' lang='lat' dir='ltr'>IV.</span> 
     </span>
    </p>
   </div>
   <div class='ocr_carea' id='block_1_2' title="bbox 205 247 1809 2934">
    <p class='ocr_par' dir='ltr' id='par_1_2' title="bbox 205 247 1781 773">
     <span class='ocr_line' id='line_1_2' title="bbox 205 247 1776 304; baseline -0.001 -13"><span class='ocrx_word' id='word_1_6' title='bbox 205 257 241 292; x_wconf 70' lang='lat' dir='ltr'>de</span> <span class='ocrx_word' id='word_1_7' title='bbox 257 269 353 300; x_wconf 72' lang='grc' dir='ltr'>αιινο,</span> <span class='ocrx_word' id='word_1_8' title='bbox 369 257 465 304; x_wconf 89' lang='lat' dir='ltr'>quod</span> <span class='ocrx_word' id='word_1_9' title='bbox 488 257 557 292; x_wconf 92' lang='lat' dir='ltr'>soli</span> <span class='ocrx_word' id='word_1_10' title='bbox 580 257 795 291; x_wconf 79' lang='lat' dir='ltr'>Sacerdotes</span> <span class='ocrx_word' id='word_1_11' title='bbox 807 256 976 290; x_wconf 86' lang='lat' dir='ltr'>videbant</span> <span class='ocrx_word' id='word_1_12' title='bbox 989 269 995 291; x_wconf 90' lang='lat'>:</span> <span class='ocrx_word' id='word_1_13' title='bbox 1009 267 1075 290; x_wconf 90' lang='lat' dir='ltr'>nec</span> <span class='ocrx_word' id='word_1_14' title='bbox 1096 263 1171 290; x_wconf 86' lang='lat' dir='ltr'>erat</span> <span class='ocrx_word' id='word_1_15' title='bbox 1188 263 1287 289; x_wconf 87' lang='lat' dir='ltr'>tanta</span> <span class='ocrx_word' id='word_1_16' title='bbox 1309 255 1513 302; x_wconf 80' lang='lat' dir='ltr'>pretiositas</span> <span class='ocrx_word' id='word_1_17' title='bbox 1533 255 1635 297; x_wconf 86' lang='lat' dir='ltr'>aeris,</span> <span class='ocrx_word' id='word_1_18' title='bbox 1655 262 1692 290; x_wconf 91' lang='lat' dir='ltr'>ut</span> <span class='ocrx_word' id='word_1_19' title='bbox 1713 247 1776 301; x_wconf 77' lang='lat' dir='ltr'>per</span> 
     </span>
     <span class='ocr_line' id='line_1_3' title="bbox 206 308 1775 358; baseline -0.001 -13"><span class='ocrx_word' id='word_1_20' title='bbox 206 312 281 356; x_wconf 78' lang='lat' dir='ltr'>ejus</span> <span class='ocrx_word' id='word_1_21' title='bbox 299 311 442 358; x_wconf 89' lang='lat' dir='ltr'>copiam</span> <span class='ocrx_word' id='word_1_22' title='bbox 457 311 612 357; x_wconf 88' lang='lat' dir='ltr'>populus</span> <span class='ocrx_word' id='word_1_23' title='bbox 629 312 671 344; x_wconf 88' lang='lat' dir='ltr'>ad</span> <span class='ocrx_word' id='word_1_24' title='bbox 689 311 849 356; x_wconf 86' lang='lat' dir='ltr'>aliquam</span> <span class='ocrx_word' id='word_1_25' title='bbox 864 309 1111 343; x_wconf 77' lang='lat' dir='ltr'>idololatriam</span> <span class='ocrx_word' id='word_1_26' title='bbox 1126 316 1401 355; x_wconf 80' lang='lat' dir='ltr'>provocaretur:</span> <span class='ocrx_word' id='word_1_27' title='bbox 1417 309 1479 343; x_wconf 89' lang='lat' dir='ltr'>sed</span> <span class='ocrx_word' id='word_1_28' title='bbox 1494 309 1577 355; x_wconf 90' lang='lat' dir='ltr'>quia</span> <span class='ocrx_word' id='word_1_29' title='bbox 1591 308 1703 343; x_wconf 84' lang='lat' dir='ltr'>Exod.</span> <span class='ocrx_word' id='word_1_30' title='bbox 1720 319 1775 344; x_wconf 91' lang='lat'>20.</span> 
     </span>
     <span class='ocr_line' id='line_1_4' title="bbox 206 363 1775 410; baseline -0.001 -12"><span class='ocrx_word' id='word_1_31' title='bbox 206 364 351 410; x_wconf 87' lang='lat' dir='ltr'>ponitur</span> <span class='ocrx_word' id='word_1_32' title='bbox 372 376 437 410; x_wconf 90' lang='lat' dir='ltr'>pro</span> <span class='ocrx_word' id='word_1_33' title='bbox 462 365 601 398; x_wconf 88' lang='lat' dir='ltr'>ratione</span> <span class='ocrx_word' id='word_1_34' title='bbox 623 365 729 409; x_wconf 81' lang='lat' dir='ltr'>hujus</span> <span class='ocrx_word' id='word_1_35' title='bbox 752 365 955 409; x_wconf 77' lang='lat' dir='ltr'>praecepti:</span> <span class='ocrx_word' id='word_1_36' title='bbox 979 364 1057 398; x_wconf 76' lang='lat' dir='ltr'>Non</span> <span class='ocrx_word' id='word_1_37' title='bbox 1079 363 1226 398; x_wconf 70' lang='lat' dir='ltr'>ascendes</span> <span class='ocrx_word' id='word_1_38' title='bbox 1240 369 1303 409; x_wconf 73' lang='lat' dir='ltr'>per</span> <span class='ocrx_word' id='word_1_39' title='bbox 1322 363 1444 408; x_wconf 72' lang='lat' dir='ltr'>gradus</span> <span class='ocrx_word' id='word_1_40' title='bbox 1466 363 1508 397; x_wconf 78' lang='lat' dir='ltr'>ad</span> <span class='ocrx_word' id='word_1_41' title='bbox 1528 363 1634 398; x_wconf 75' lang='lat' dir='ltr'>altare</span> <span class='ocrx_word' id='word_1_42' title='bbox 1654 375 1775 404; x_wconf 79' lang='lat' dir='ltr'>meum,</span> 
     </span>
     <span class='ocr_line' id='line_1_5' title="bbox 205 416 1777 464; baseline -0.001 -12"><span class='ocrx_word' id='word_1_43' title='bbox 205 418 240 452; x_wconf 88' lang='lat' dir='ltr'>id</span> <span class='ocrx_word' id='word_1_44' title='bbox 269 418 365 464; x_wconf 89' lang='lat' dir='ltr'>quod</span> <span class='ocrx_word' id='word_1_45' title='bbox 393 419 574 452; x_wconf 79' lang='lat' dir='ltr'>subditur:</span> <span class='ocrx_word' id='word_1_46' title='bbox 602 419 651 452; x_wconf 67' lang='lat' dir='ltr'>Na</span> <span class='ocrx_word' id='word_1_47' title='bbox 679 418 840 451; x_wconf 45' lang='lat' dir='ltr'>servietur</span> <span class='ocrx_word' id='word_1_48' title='bbox 867 417 1035 464; x_wconf 69' lang='lat' dir='ltr'>turpitudo</span> <span class='ocrx_word' id='word_1_49' title='bbox 1064 422 1131 459; x_wconf 75' lang='lat' dir='ltr'>tim,</span> <span class='ocrx_word' id='word_1_50' title='bbox 1160 417 1465 451; x_wconf 85' lang='lat' dir='ltr'>considerandum</span> <span class='ocrx_word' id='word_1_51' title='bbox 1493 424 1555 459; x_wconf 88' lang='lat' dir='ltr'>est,</span> <span class='ocrx_word' id='word_1_52' title='bbox 1583 416 1680 463; x_wconf 88' lang='lat' dir='ltr'>quod</span> <span class='ocrx_word' id='word_1_53' title='bbox 1704 416 1777 450; x_wconf 89' lang='lat' dir='ltr'>hoc</span> 
     </span>
     <span class='ocr_line' id='line_1_6' title="bbox 205 470 1778 516; baseline -0.001 -11"><span class='ocrx_word' id='word_1_54' title='bbox 205 471 315 505; x_wconf 89' lang='lat' dir='ltr'>etiam</span> <span class='ocrx_word' id='word_1_55' title='bbox 336 471 402 505; x_wconf 85' lang='lat' dir='ltr'>fuit</span> <span class='ocrx_word' id='word_1_56' title='bbox 423 472 626 505; x_wconf 85' lang='lat' dir='ltr'>institutum</span> <span class='ocrx_word' id='word_1_57' title='bbox 651 471 694 504; x_wconf 90' lang='lat' dir='ltr'>ad</span> <span class='ocrx_word' id='word_1_58' title='bbox 717 470 981 504; x_wconf 73' lang='lat' dir='ltr'><strong>excludendam</strong></span> <span class='ocrx_word' id='word_1_59' title='bbox 1000 470 1265 505; x_wconf 77' lang='lat' dir='ltr'>idololatriam:</span> <span class='ocrx_word' id='word_1_60' title='bbox 1287 482 1373 504; x_wconf 90' lang='lat' dir='ltr'>nam</span> <span class='ocrx_word' id='word_1_61' title='bbox 1394 470 1430 504; x_wconf 92' lang='lat' dir='ltr'>in</span> <span class='ocrx_word' id='word_1_62' title='bbox 1453 471 1564 505; x_wconf 86' lang='lat' dir='ltr'>sacris</span> <span class='ocrx_word' id='word_1_63' title='bbox 1582 470 1697 516; x_wconf 85' lang='lat' dir='ltr'>priapi</span> <span class='ocrx_word' id='word_1_64' title='bbox 1714 481 1778 504; x_wconf 89' lang='lat' dir='ltr'>sua</span> 
     </span>
     <span class='ocr_line' id='line_1_7' title="bbox 205 524 1780 571; baseline 0 -13"><span class='ocrx_word' id='word_1_65' title='bbox 205 524 372 571; x_wconf 87' lang='lat' dir='ltr'>pudenda</span> <span class='ocrx_word' id='word_1_66' title='bbox 389 525 551 559; x_wconf 72' lang='lat' dir='ltr'>Gentiles</span> <span class='ocrx_word' id='word_1_67' title='bbox 571 524 707 570; x_wconf 89' lang='lat' dir='ltr'>populo</span> <span class='ocrx_word' id='word_1_68' title='bbox 728 525 976 559; x_wconf 84' lang='lat' dir='ltr'>denudabant:</span> <span class='ocrx_word' id='word_1_69' title='bbox 996 524 1232 570; x_wconf 89' lang='lat' dir='ltr'>postmodum</span> <span class='ocrx_word' id='word_1_70' title='bbox 1252 532 1373 558; x_wconf 87' lang='lat' dir='ltr'>autem</span> <span class='ocrx_word' id='word_1_71' title='bbox 1400 524 1554 558; x_wconf 87' lang='lat' dir='ltr'>indictus</span> <span class='ocrx_word' id='word_1_72' title='bbox 1582 531 1636 558; x_wconf 87' lang='lat' dir='ltr'>est</span> <span class='ocrx_word' id='word_1_73' title='bbox 1657 524 1780 558; x_wconf 84' lang='lat' dir='ltr'>Sacer-</span> 
     </span>
     <span class='ocr_line' id='line_1_8' title="bbox 206 576 1780 624; baseline -0.001 -13"><span class='ocrx_word' id='word_1_74' title='bbox 206 578 349 612; x_wconf 82' lang='lat' dir='ltr'>dotibus</span> <span class='ocrx_word' id='word_1_75' title='bbox 375 578 628 612; x_wconf 82' lang='lat' dir='ltr'>foeminalium</span> <span class='ocrx_word' id='word_1_76' title='bbox 651 589 735 612; x_wconf 89' lang='lat' dir='ltr'>usus</span> <span class='ocrx_word' id='word_1_77' title='bbox 757 578 800 611; x_wconf 89' lang='lat' dir='ltr'>ad</span> <span class='ocrx_word' id='word_1_78' title='bbox 823 586 970 623; x_wconf 80' lang='lat' dir='ltr'>tegmen</span> <span class='ocrx_word' id='word_1_79' title='bbox 992 577 1265 623; x_wconf 82' lang='lat' dir='ltr'>pudendorum3</span> <span class='ocrx_word' id='word_1_80' title='bbox 1289 585 1323 611; x_wconf 90' lang='lat' dir='ltr'>et</span> <span class='ocrx_word' id='word_1_81' title='bbox 1343 577 1426 611; x_wconf 88' lang='lat' dir='ltr'>ideo</span> <span class='ocrx_word' id='word_1_82' title='bbox 1449 577 1524 612; x_wconf 88' lang='lat' dir='ltr'>sine</span> <span class='ocrx_word' id='word_1_83' title='bbox 1547 576 1709 624; x_wconf 89' lang='lat' dir='ltr'>periculo</span> <span class='ocrx_word' id='word_1_84' title='bbox 1730 577 1780 610; x_wconf 89' lang='lat' dir='ltr'>in-</span> 
     </span>
     <span class='ocr_line' id='line_1_9' title="bbox 205 630 1778 677; baseline -0.001 -12"><span class='ocrx_word' id='word_1_85' title='bbox 205 632 303 666; x_wconf 88' lang='lat' dir='ltr'>stitui</span> <span class='ocrx_word' id='word_1_86' title='bbox 324 640 465 677; x_wconf 85' lang='lat' dir='ltr'>poterat</span> <span class='ocrx_word' id='word_1_87' title='bbox 483 640 581 665; x_wconf 84' lang='lat' dir='ltr'>tanta</span> <span class='ocrx_word' id='word_1_88' title='bbox 601 631 722 665; x_wconf 83' lang='lat' dir='ltr'>altaris</span> <span class='ocrx_word' id='word_1_89' title='bbox 742 631 906 674; x_wconf 81' lang='lat' dir='ltr'>altitudo,</span> <span class='ocrx_word' id='word_1_90' title='bbox 925 639 963 665; x_wconf 90' lang='lat' dir='ltr'>ut</span> <span class='ocrx_word' id='word_1_91' title='bbox 982 643 1045 677; x_wconf 88' lang='lat' dir='ltr'>per</span> <span class='ocrx_word' id='word_1_92' title='bbox 1065 631 1206 677; x_wconf 90' lang='lat' dir='ltr'>aliquos</span> <span class='ocrx_word' id='word_1_93' title='bbox 1226 631 1357 677; x_wconf 80' lang='lat' dir='ltr'>gradus</span> <span class='ocrx_word' id='word_1_94' title='bbox 1375 630 1518 677; x_wconf 83' lang='lat' dir='ltr'>ligneos</span> <span class='ocrx_word' id='word_1_95' title='bbox 1535 642 1611 665; x_wconf 88' lang='lat' dir='ltr'>non</span> <span class='ocrx_word' id='word_1_96' title='bbox 1631 638 1778 672; x_wconf 88' lang='lat' dir='ltr'>stantes,</span> 
     </span>
     <span class='ocr_line' id='line_1_10' title="bbox 206 684 1781 731; baseline -0.001 -12"><span class='ocrx_word' id='word_1_97' title='bbox 206 685 269 720; x_wconf 91' lang='lat' dir='ltr'>sed</span> <span class='ocrx_word' id='word_1_98' title='bbox 291 685 476 731; x_wconf 81' lang='lat' dir='ltr'>portatiles</span> <span class='ocrx_word' id='word_1_99' title='bbox 498 685 533 718; x_wconf 92' lang='lat' dir='ltr'>in</span> <span class='ocrx_word' id='word_1_100' title='bbox 552 685 643 719; x_wconf 87' lang='lat' dir='ltr'>hora</span> <span class='ocrx_word' id='word_1_101' title='bbox 662 685 829 719; x_wconf 82' lang='lat' dir='ltr'>sacrificii</span> <span class='ocrx_word' id='word_1_102' title='bbox 848 685 1063 719; x_wconf 83' lang='lat' dir='ltr'>Sacerdotes</span> <span class='ocrx_word' id='word_1_103' title='bbox 1084 685 1127 719; x_wconf 86' lang='lat' dir='ltr'>ad</span> <span class='ocrx_word' id='word_1_104' title='bbox 1148 684 1258 719; x_wconf 87' lang='lat' dir='ltr'>altare</span> <span class='ocrx_word' id='word_1_105' title='bbox 1282 685 1519 719; x_wconf 82' lang='lat' dir='ltr'>ascenderent</span> <span class='ocrx_word' id='word_1_106' title='bbox 1536 684 1712 719; x_wconf 88' lang='lat' dir='ltr'>sacrificia</span> <span class='ocrx_word' id='word_1_107' title='bbox 1732 684 1781 718; x_wconf 85' lang='lat' dir='ltr'>of-</span> 
     </span>
     <span class='ocr_line' id='line_1_11' title="bbox 206 738 372 773; baseline 0 -1"><span class='ocrx_word' id='word_1_108' title='bbox 206 738 372 773; x_wconf 87' lang='lat' dir='ltr'>ferentes.</span> 
     </span>
    </p>

    <p class='ocr_par' dir='ltr' id='par_1_3' title="bbox 208 792 1785 1525">
     <span class='ocr_line' id='line_1_12' title="bbox 280 792 1779 839; baseline 0 -13"><span class='ocrx_word' id='word_1_109' title='bbox 280 793 339 826; x_wconf 83' lang='lat' dir='ltr'>AD</span> <span class='ocrx_word' id='word_1_110' title='bbox 363 802 551 827; x_wconf 60' lang='lat' dir='ltr'>OCTAVUM</span> <span class='ocrx_word' id='word_1_111' title='bbox 574 793 780 835; x_wconf 86' lang='lat' dir='ltr'>dicendum,</span> <span class='ocrx_word' id='word_1_112' title='bbox 797 793 893 839; x_wconf 89' lang='lat' dir='ltr'>quod</span> <span class='ocrx_word' id='word_1_113' title='bbox 910 804 1040 839; x_wconf 86' lang='lat' dir='ltr'>corpus</span> <span class='ocrx_word' id='word_1_114' title='bbox 1059 792 1283 826; x_wconf 81' lang='lat' dir='ltr'>tabernaculi</span> <span class='ocrx_word' id='word_1_115' title='bbox 1305 792 1494 826; x_wconf 84' lang='lat' dir='ltr'>constabat</span> <span class='ocrx_word' id='word_1_116' title='bbox 1508 803 1550 826; x_wconf 83' lang='lat' dir='ltr'>ex</span> <span class='ocrx_word' id='word_1_117' title='bbox 1564 792 1779 838; x_wconf 87' lang='lat' dir='ltr'>quibusdam</span> 
     </span>
     <span class='ocr_line' id='line_1_13' title="bbox 208 845 1780 893; baseline -0.001 -13"><span class='ocrx_word' id='word_1_118' title='bbox 208 845 321 880; x_wconf 85' lang='lat' dir='ltr'>tabuli</span> <span class='ocrx_word' id='word_1_119' title='bbox 347 846 382 879; x_wconf 92' lang='lat' dir='ltr'>in</span> <span class='ocrx_word' id='word_1_120' title='bbox 404 845 670 891; x_wconf 81' lang='lat' dir='ltr'>longitudinem</span> <span class='ocrx_word' id='word_1_121' title='bbox 694 847 840 881; x_wconf 87' lang='lat' dir='ltr'>erectis:</span> <span class='ocrx_word' id='word_1_122' title='bbox 864 858 955 893; x_wconf 86' lang='lat' dir='ltr'>quae</span> <span class='ocrx_word' id='word_1_123' title='bbox 983 847 1130 892; x_wconf 83' lang='lat' dir='ltr'>quidem</span> <span class='ocrx_word' id='word_1_124' title='bbox 1156 846 1304 880; x_wconf 90' lang='lat' dir='ltr'>interius</span> <span class='ocrx_word' id='word_1_125' title='bbox 1331 846 1544 891; x_wconf 83' lang='lat' dir='ltr'>tegebantur</span> <span class='ocrx_word' id='word_1_126' title='bbox 1564 846 1780 892; x_wconf 86' lang='lat' dir='ltr'>quibusdam</span> 
     </span>
     <span class='ocr_line' id='line_1_14' title="bbox 209 899 1779 946; baseline 0 -13"><span class='ocrx_word' id='word_1_127' title='bbox 209 899 356 934; x_wconf 90' lang='lat' dir='ltr'>cortinis</span> <span class='ocrx_word' id='word_1_128' title='bbox 385 910 426 933; x_wconf 77' lang='lat' dir='ltr'>ex</span> <span class='ocrx_word' id='word_1_129' title='bbox 449 905 592 945; x_wconf 68' lang='lat' dir='ltr'>quatuor</span> <span class='ocrx_word' id='word_1_130' title='bbox 619 899 802 934; x_wconf 91' lang='lat' dir='ltr'>coloribus</span> <span class='ocrx_word' id='word_1_131' title='bbox 828 900 985 942; x_wconf 81' lang='lat' dir='ltr'>variatis,</span> <span class='ocrx_word' id='word_1_132' title='bbox 1009 899 1162 934; x_wconf 88' lang='lat' dir='ltr'>scilicet:</span> <span class='ocrx_word' id='word_1_133' title='bbox 1187 900 1230 933; x_wconf 91' lang='lat' dir='ltr'>de</span> <span class='ocrx_word' id='word_1_134' title='bbox 1258 901 1345 946; x_wconf 71' lang='lat' dir='ltr'>bysso</span> <span class='ocrx_word' id='word_1_135' title='bbox 1373 904 1507 942; x_wconf 77' lang='lat' dir='ltr'>retorta,</span> <span class='ocrx_word' id='word_1_136' title='bbox 1531 907 1566 933; x_wconf 89' lang='lat' dir='ltr'>et</span> <span class='ocrx_word' id='word_1_137' title='bbox 1592 899 1779 945; x_wconf 77' lang='lat' dir='ltr'>hyacintho,</span> 
     </span>
     <span class='ocr_line' id='line_1_15' title="bbox 210 952 1781 1000; baseline -0.001 -13"><span class='ocrx_word' id='word_1_138' title='bbox 210 965 250 987; x_wconf 87' lang='lat' dir='ltr'>ac</span> <span class='ocrx_word' id='word_1_139' title='bbox 268 960 435 1000; x_wconf 71' lang='lat' dir='ltr'>purpura,</span> <span class='ocrx_word' id='word_1_140' title='bbox 460 965 616 999; x_wconf 63' lang='lat' dir='ltr'>fuscoque</span> <span class='ocrx_word' id='word_1_141' title='bbox 632 955 678 988; x_wconf 82' lang='lat' dir='ltr'>I⁷is</span> <span class='ocrx_word' id='word_1_142' title='bbox 694 956 814 989; x_wconf 75' lang='lat' dir='ltr'>tincto:</span> <span class='ocrx_word' id='word_1_143' title='bbox 839 954 901 988; x_wconf 89' lang='lat' dir='ltr'>sed</span> <span class='ocrx_word' id='word_1_144' title='bbox 922 954 1135 999; x_wconf 84' lang='lat' dir='ltr'>hujusmodi</span> <span class='ocrx_word' id='word_1_145' title='bbox 1157 954 1318 987; x_wconf 85' lang='lat' dir='ltr'>cortinae</span> <span class='ocrx_word' id='word_1_146' title='bbox 1340 953 1510 999; x_wconf 85' lang='lat' dir='ltr'>tegebant</span> <span class='ocrx_word' id='word_1_147' title='bbox 1531 952 1651 987; x_wconf 87' lang='lat' dir='ltr'>solum</span> <span class='ocrx_word' id='word_1_148' title='bbox 1669 952 1781 987; x_wconf 85' lang='lat' dir='ltr'>latera</span> 
     </span>
     <span class='ocr_line' id='line_1_16' title="bbox 208 1006 1782 1053; baseline -0.001 -12"><span class='ocrx_word' id='word_1_149' title='bbox 208 1007 449 1041; x_wconf 82' lang='lat' dir='ltr'>tabernaculi:</span> <span class='ocrx_word' id='word_1_150' title='bbox 473 1007 508 1040; x_wconf 92' lang='lat' dir='ltr'>in</span> <span class='ocrx_word' id='word_1_151' title='bbox 531 1016 628 1042; x_wconf 88' lang='lat' dir='ltr'>tecto</span> <span class='ocrx_word' id='word_1_152' title='bbox 652 1016 773 1041; x_wconf 88' lang='lat' dir='ltr'>autem</span> <span class='ocrx_word' id='word_1_153' title='bbox 800 1007 1026 1042; x_wconf 78' lang='lat' dir='ltr'>tabernaculi</span> <span class='ocrx_word' id='word_1_154' title='bbox 1053 1015 1128 1041; x_wconf 89' lang='lat' dir='ltr'>erat</span> <span class='ocrx_word' id='word_1_155' title='bbox 1155 1007 1425 1053; x_wconf 86' lang='lat' dir='ltr'>operimentum</span> <span class='ocrx_word' id='word_1_156' title='bbox 1451 1018 1566 1040; x_wconf 88' lang='lat' dir='ltr'>unum</span> <span class='ocrx_word' id='word_1_157' title='bbox 1587 1006 1623 1041; x_wconf 74' lang='lat' dir='ltr'>de</span> <span class='ocrx_word' id='word_1_158' title='bbox 1643 1007 1782 1053; x_wconf 60' lang='lat' dir='ltr'>pellibus</span> 
     </span>
     <span class='ocr_line' id='line_1_17' title="bbox 210 1060 1782 1108; baseline 0 -14"><span class='ocrx_word' id='word_1_159' title='bbox 210 1061 442 1107; x_wconf 69' lang='lat' dir='ltr'>hyacinthinis,</span> <span class='ocrx_word' id='word_1_160' title='bbox 460 1069 494 1095; x_wconf 89' lang='lat' dir='ltr'>et</span> <span class='ocrx_word' id='word_1_161' title='bbox 512 1072 619 1107; x_wconf 88' lang='lat' dir='ltr'>super</span> <span class='ocrx_word' id='word_1_162' title='bbox 634 1061 704 1095; x_wconf 91' lang='lat' dir='ltr'>hoc</span> <span class='ocrx_word' id='word_1_163' title='bbox 722 1061 818 1095; x_wconf 88' lang='lat' dir='ltr'>aliud</span> <span class='ocrx_word' id='word_1_164' title='bbox 833 1062 868 1095; x_wconf 64' lang='lat' dir='ltr'>de</span> <span class='ocrx_word' id='word_1_165' title='bbox 881 1062 1021 1108; x_wconf 60' lang='lat' dir='ltr'>pellibus</span> <span class='ocrx_word' id='word_1_166' title='bbox 1036 1062 1175 1095; x_wconf 61' lang='lat' dir='ltr'>arietum</span> <span class='ocrx_word' id='word_1_167' title='bbox 1195 1062 1398 1102; x_wconf 72' lang='lat' dir='ltr'>rubricatis;</span> <span class='ocrx_word' id='word_1_168' title='bbox 1419 1068 1453 1095; x_wconf 90' lang='lat' dir='ltr'>et</span> <span class='ocrx_word' id='word_1_169' title='bbox 1471 1060 1624 1107; x_wconf 89' lang='lat' dir='ltr'>desuper</span> <span class='ocrx_word' id='word_1_170' title='bbox 1636 1062 1782 1094; x_wconf 88' lang='lat' dir='ltr'>tertium</span> 
     </span>
     <span class='ocr_line' id='line_1_18' title="bbox 209 1113 1783 1161; baseline -0.001 -13"><span class='ocrx_word' id='word_1_171' title='bbox 209 1114 244 1149; x_wconf 58' lang='lat' dir='ltr'>da</span> <span class='ocrx_word' id='word_1_172' title='bbox 266 1114 461 1160; x_wconf 67' lang='lat' dir='ltr'>quibusdam</span> <span class='ocrx_word' id='word_1_173' title='bbox 483 1116 568 1160; x_wconf 74' lang='lat' dir='ltr'>sagis</span> <span class='ocrx_word' id='word_1_174' title='bbox 587 1115 740 1157; x_wconf 75' lang='lat' dir='ltr'>cilicinis,</span> <span class='ocrx_word' id='word_1_175' title='bbox 764 1127 855 1161; x_wconf 88' lang='lat' dir='ltr'>quae</span> <span class='ocrx_word' id='word_1_176' title='bbox 878 1126 952 1148; x_wconf 86' lang='lat' dir='ltr'>non</span> <span class='ocrx_word' id='word_1_177' title='bbox 980 1123 1121 1149; x_wconf 81' lang='lat' dir='ltr'>tantum</span> <span class='ocrx_word' id='word_1_178' title='bbox 1150 1115 1361 1161; x_wconf 88' lang='lat' dir='ltr'>operiebant</span> <span class='ocrx_word' id='word_1_179' title='bbox 1385 1122 1523 1148; x_wconf 88' lang='lat' dir='ltr'>tectum</span> <span class='ocrx_word' id='word_1_180' title='bbox 1547 1113 1783 1156; x_wconf 78' lang='lat' dir='ltr'>tabernaculi,</span> 
     </span>
     <span class='ocr_line' id='line_1_19' title="bbox 210 1167 1784 1214; baseline -0.001 -12"><span class='ocrx_word' id='word_1_181' title='bbox 210 1168 271 1202; x_wconf 88' lang='lat' dir='ltr'>sed</span> <span class='ocrx_word' id='word_1_182' title='bbox 295 1168 403 1201; x_wconf 82' lang='lat' dir='ltr'>etiam</span> <span class='ocrx_word' id='word_1_183' title='bbox 428 1168 694 1202; x_wconf 79' lang='lat' dir='ltr'>descendebant</span> <span class='ocrx_word' id='word_1_184' title='bbox 710 1180 821 1214; x_wconf 86' lang='lat' dir='ltr'>usque</span> <span class='ocrx_word' id='word_1_185' title='bbox 837 1169 881 1202; x_wconf 88' lang='lat' dir='ltr'>ad</span> <span class='ocrx_word' id='word_1_186' title='bbox 900 1177 1046 1211; x_wconf 87' lang='lat' dir='ltr'>terram,</span> <span class='ocrx_word' id='word_1_187' title='bbox 1063 1177 1097 1202; x_wconf 90' lang='lat' dir='ltr'>et</span> <span class='ocrx_word' id='word_1_188' title='bbox 1110 1169 1280 1213; x_wconf 78' lang='lat' dir='ltr'>tegebant</span> <span class='ocrx_word' id='word_1_189' title='bbox 1294 1168 1433 1202; x_wconf 88' lang='lat' dir='ltr'>tabulas</span> <span class='ocrx_word' id='word_1_190' title='bbox 1451 1167 1675 1202; x_wconf 83' lang='lat' dir='ltr'>tabernaculi</span> <span class='ocrx_word' id='word_1_191' title='bbox 1693 1175 1784 1201; x_wconf 74' lang='lat' dir='ltr'>exte-</span> 
     </span>
     <span class='ocr_line' id='line_1_20' title="bbox 212 1221 1782 1268; baseline -0.001 -13"><span class='ocrx_word' id='word_1_192' title='bbox 212 1222 301 1255; x_wconf 81' lang='lat' dir='ltr'>rius:</span> <span class='ocrx_word' id='word_1_193' title='bbox 325 1221 457 1255; x_wconf 88' lang='lat' dir='ltr'>horum</span> <span class='ocrx_word' id='word_1_194' title='bbox 481 1230 601 1256; x_wconf 92' lang='lat' dir='ltr'>autem</span> <span class='ocrx_word' id='word_1_195' title='bbox 630 1223 941 1268; x_wconf 87' lang='lat' dir='ltr'>operimentorum</span> <span class='ocrx_word' id='word_1_196' title='bbox 964 1223 1055 1256; x_wconf 87' lang='lat' dir='ltr'>ratio</span> <span class='ocrx_word' id='word_1_197' title='bbox 1083 1222 1230 1256; x_wconf 85' lang='lat' dir='ltr'>literalis</span> <span class='ocrx_word' id='word_1_198' title='bbox 1251 1222 1288 1255; x_wconf 92' lang='lat' dir='ltr'>in</span> <span class='ocrx_word' id='word_1_199' title='bbox 1312 1222 1501 1255; x_wconf 86' lang='lat' dir='ltr'>communi</span> <span class='ocrx_word' id='word_1_200' title='bbox 1527 1229 1603 1255; x_wconf 90' lang='lat' dir='ltr'>erat</span> <span class='ocrx_word' id='word_1_201' title='bbox 1624 1229 1782 1263; x_wconf 87' lang='lat' dir='ltr'>ornatus,</span> 
     </span>
     <span class='ocr_line' id='line_1_21' title="bbox 212 1275 1784 1321; baseline -0.001 -12"><span class='ocrx_word' id='word_1_202' title='bbox 212 1284 247 1309; x_wconf 88' lang='lat' dir='ltr'>et</span> <span class='ocrx_word' id='word_1_203' title='bbox 268 1275 446 1321; x_wconf 86' lang='lat' dir='ltr'>protectio</span> <span class='ocrx_word' id='word_1_204' title='bbox 469 1276 704 1318; x_wconf 77' lang='lat' dir='ltr'>tabernaculi,</span> <span class='ocrx_word' id='word_1_205' title='bbox 726 1285 764 1310; x_wconf 93' lang='lat' dir='ltr'>ut</span> <span class='ocrx_word' id='word_1_206' title='bbox 790 1277 826 1310; x_wconf 89' lang='lat' dir='ltr'>in</span> <span class='ocrx_word' id='word_1_207' title='bbox 853 1277 1054 1310; x_wconf 78' lang='lat' dir='ltr'>reverentia</span> <span class='ocrx_word' id='word_1_208' title='bbox 1080 1276 1292 1310; x_wconf 85' lang='lat' dir='ltr'>haberetur:</span> <span class='ocrx_word' id='word_1_209' title='bbox 1316 1276 1352 1309; x_wconf 91' lang='lat' dir='ltr'>in</span> <span class='ocrx_word' id='word_1_210' title='bbox 1379 1275 1529 1321; x_wconf 87' lang='lat' dir='ltr'>speciali</span> <span class='ocrx_word' id='word_1_211' title='bbox 1550 1286 1637 1309; x_wconf 91' lang='lat' dir='ltr'>vero</span> <span class='ocrx_word' id='word_1_212' title='bbox 1660 1286 1784 1309; x_wconf 85' lang='lat' dir='ltr'>secun-</span> 
     </span>
     <span class='ocr_line' id='line_1_22' title="bbox 213 1328 1784 1376; baseline 0 -14"><span class='ocrx_word' id='word_1_213' title='bbox 213 1329 300 1362; x_wconf 87' lang='lat' dir='ltr'>dum</span> <span class='ocrx_word' id='word_1_214' title='bbox 323 1329 501 1374; x_wconf 84' lang='lat' dir='ltr'>quosdam</span> <span class='ocrx_word' id='word_1_215' title='bbox 528 1341 591 1376; x_wconf 87' lang='lat' dir='ltr'>per</span> <span class='ocrx_word' id='word_1_216' title='bbox 613 1332 759 1365; x_wconf 65' lang='lat' dir='ltr'>cortinas</span> <span class='ocrx_word' id='word_1_217' title='bbox 780 1330 1035 1375; x_wconf 79' lang='lat' dir='ltr'>designabatur</span> <span class='ocrx_word' id='word_1_218' title='bbox 1053 1329 1199 1364; x_wconf 86' lang='lat' dir='ltr'>coelum</span> <span class='ocrx_word' id='word_1_219' title='bbox 1226 1329 1420 1372; x_wconf 85' lang='lat' dir='ltr'>sidereum,</span> <span class='ocrx_word' id='word_1_220' title='bbox 1443 1329 1540 1376; x_wconf 84' lang='lat' dir='ltr'>quod</span> <span class='ocrx_word' id='word_1_221' title='bbox 1562 1337 1615 1363; x_wconf 86' lang='lat' dir='ltr'>est</span> <span class='ocrx_word' id='word_1_222' title='bbox 1635 1328 1784 1363; x_wconf 87' lang='lat' dir='ltr'>diversis</span> 
     </span>
     <span class='ocr_line' id='line_1_23' title="bbox 211 1382 1785 1430; baseline 0 -13"><span class='ocrx_word' id='word_1_223' title='bbox 211 1382 324 1417; x_wconf 84' lang='lat' dir='ltr'>stellis</span> <span class='ocrx_word' id='word_1_224' title='bbox 342 1383 540 1416; x_wconf 84' lang='lat' dir='ltr'>variatum:</span> <span class='ocrx_word' id='word_1_225' title='bbox 565 1395 627 1429; x_wconf 84' lang='lat' dir='ltr'>per</span> <span class='ocrx_word' id='word_1_226' title='bbox 647 1395 739 1430; x_wconf 71' lang='lat' dir='ltr'>sagn,</span> <span class='ocrx_word' id='word_1_227' title='bbox 764 1395 877 1430; x_wconf 84' lang='lat' dir='ltr'>aquae</span> <span class='ocrx_word' id='word_1_228' title='bbox 894 1395 985 1430; x_wconf 86' lang='lat' dir='ltr'>quae</span> <span class='ocrx_word' id='word_1_229' title='bbox 1008 1392 1090 1418; x_wconf 89' lang='lat' dir='ltr'>sunt</span> <span class='ocrx_word' id='word_1_230' title='bbox 1111 1395 1218 1430; x_wconf 87' lang='lat' dir='ltr'>supra</span> <span class='ocrx_word' id='word_1_231' title='bbox 1234 1383 1527 1418; x_wconf 85' lang='lat' dir='ltr'>firmamentum:</span> <span class='ocrx_word' id='word_1_232' title='bbox 1546 1394 1610 1429; x_wconf 90' lang='lat' dir='ltr'>per</span> <span class='ocrx_word' id='word_1_233' title='bbox 1619 1383 1717 1430; x_wconf 73' lang='lat' dir='ltr'>pelles</span> <span class='ocrx_word' id='word_1_234' title='bbox 1731 1395 1785 1417; x_wconf 78' lang='lat' dir='ltr'>rzc-</span> 
     </span>
     <span class='ocr_line' id='line_1_24' title="bbox 211 1436 1783 1484; baseline 0 -14"><span class='ocrx_word' id='word_1_235' title='bbox 211 1438 367 1478; x_wconf 57' lang='lat' dir='ltr'>brit-atas,</span> <span class='ocrx_word' id='word_1_236' title='bbox 386 1437 530 1470; x_wconf 87' lang='lat' dir='ltr'>coelum</span> <span class='ocrx_word' id='word_1_237' title='bbox 551 1449 776 1484; x_wconf 81' lang='lat' dir='ltr'>empyreum,</span> <span class='ocrx_word' id='word_1_238' title='bbox 799 1438 835 1471; x_wconf 93' lang='lat' dir='ltr'>in</span> <span class='ocrx_word' id='word_1_239' title='bbox 850 1449 922 1484; x_wconf 87' lang='lat' dir='ltr'>quo</span> <span class='ocrx_word' id='word_1_240' title='bbox 938 1437 1173 1484; x_wconf 60' lang='lat' dir='ltr'>sunt3angeli:</span> <span class='ocrx_word' id='word_1_241' title='bbox 1194 1450 1258 1484; x_wconf 90' lang='lat' dir='ltr'>per</span> <span class='ocrx_word' id='word_1_242' title='bbox 1267 1438 1366 1484; x_wconf 58' lang='lat' dir='ltr'>pelles</span> <span class='ocrx_word' id='word_1_243' title='bbox 1380 1437 1620 1483; x_wconf 71' lang='lat' dir='ltr'>hyacinthinas,</span> <span class='ocrx_word' id='word_1_244' title='bbox 1637 1436 1783 1471; x_wconf 90' lang='lat' dir='ltr'>coelum</span> 
     </span>
     <span class='ocr_line' id='line_1_25' title="bbox 213 1490 587 1525; baseline 0.003 -1"><span class='ocrx_word' id='word_1_245' title='bbox 213 1490 368 1524; x_wconf 86' lang='lat' dir='ltr'>Sanctae</span> <span class='ocrx_word' id='word_1_246' title='bbox 389 1490 587 1525; x_wconf 84' lang='lat' dir='ltr'>Trinitatis.</span> 
     </span>
    </p>

    <p class='ocr_par' dir='ltr' id='par_1_4' title="bbox 208 1544 1789 2130">
     <span class='ocr_line' id='line_1_26' title="bbox 284 1544 1785 1592; baseline 0 -15"><span class='ocrx_word' id='word_1_247' title='bbox 284 1544 460 1589; x_wconf 81' lang='lat' dir='ltr'>Figuralis</span> <span class='ocrx_word' id='word_1_248' title='bbox 477 1553 597 1580; x_wconf 86' lang='lat' dir='ltr'>autem</span> <span class='ocrx_word' id='word_1_249' title='bbox 614 1545 704 1579; x_wconf 89' lang='lat' dir='ltr'>ratio</span> <span class='ocrx_word' id='word_1_250' title='bbox 723 1545 856 1579; x_wconf 91' lang='lat' dir='ltr'>horum</span> <span class='ocrx_word' id='word_1_251' title='bbox 877 1554 940 1588; x_wconf 88' lang='lat' dir='ltr'>est,</span> <span class='ocrx_word' id='word_1_252' title='bbox 956 1546 1039 1592; x_wconf 83' lang='lat' dir='ltr'>quia</span> <span class='ocrx_word' id='word_1_253' title='bbox 1054 1557 1116 1592; x_wconf 89' lang='lat' dir='ltr'>per</span> <span class='ocrx_word' id='word_1_254' title='bbox 1136 1545 1289 1588; x_wconf 85' lang='lat' dir='ltr'>tabulas,</span> <span class='ocrx_word' id='word_1_255' title='bbox 1304 1557 1347 1580; x_wconf 82' lang='lat' dir='ltr'>ex</span> <span class='ocrx_word' id='word_1_256' title='bbox 1361 1545 1488 1591; x_wconf 89' lang='lat' dir='ltr'>quibus</span> <span class='ocrx_word' id='word_1_257' title='bbox 1510 1544 1785 1579; x_wconf 83' lang='lat' dir='ltr'>construebatur</span> 
     </span>
     <span class='ocr_line' id='line_1_27' title="bbox 213 1597 1786 1645; baseline 0 -14"><span class='ocrx_word' id='word_1_258' title='bbox 213 1598 500 1640; x_wconf 86' lang='lat' dir='ltr'>tabernaculum,</span> <span class='ocrx_word' id='word_1_259' title='bbox 519 1599 768 1645; x_wconf 76' lang='lat' dir='ltr'>significantur</span> <span class='ocrx_word' id='word_1_260' title='bbox 787 1599 1063 1642; x_wconf 86' lang='lat' dir='ltr'>Christifideles,</span> <span class='ocrx_word' id='word_1_261' title='bbox 1079 1610 1120 1633; x_wconf 84' lang='lat' dir='ltr'>ex</span> <span class='ocrx_word' id='word_1_262' title='bbox 1140 1600 1268 1645; x_wconf 88' lang='lat' dir='ltr'>quibus</span> <span class='ocrx_word' id='word_1_263' title='bbox 1284 1599 1504 1633; x_wconf 84' lang='lat' dir='ltr'>construitur</span> <span class='ocrx_word' id='word_1_264' title='bbox 1522 1598 1697 1632; x_wconf 88' lang='lat' dir='ltr'>Ecclesia.</span> <span class='ocrx_word' id='word_1_265' title='bbox 1718 1597 1786 1631; x_wconf 91' lang='lat' dir='ltr'>Te-</span> 
     </span>
     <span class='ocr_line' id='line_1_28' title="bbox 213 1646 1785 1700; baseline 0 -15"><span class='ocrx_word' id='word_1_266' title='bbox 213 1651 390 1697; x_wconf 79' lang='lat' dir='ltr'>gebantur</span> <span class='ocrx_word' id='word_1_267' title='bbox 412 1646 533 1686; x_wconf 87' lang='lat' dir='ltr'>autem</span> <span class='ocrx_word' id='word_1_268' title='bbox 555 1653 702 1687; x_wconf 89' lang='lat' dir='ltr'>interius</span> <span class='ocrx_word' id='word_1_269' title='bbox 722 1653 864 1687; x_wconf 84' lang='lat' dir='ltr'>tabulae</span> <span class='ocrx_word' id='word_1_270' title='bbox 883 1654 1031 1688; x_wconf 90' lang='lat' dir='ltr'>cortinis</span> <span class='ocrx_word' id='word_1_271' title='bbox 1053 1653 1386 1700; x_wconf 87' lang='lat' dir='ltr'>quadricoloribus:</span> <span class='ocrx_word' id='word_1_272' title='bbox 1411 1653 1494 1699; x_wconf 87' lang='lat' dir='ltr'>quia</span> <span class='ocrx_word' id='word_1_273' title='bbox 1508 1651 1624 1686; x_wconf 87' lang='lat' dir='ltr'>fidelis</span> <span class='ocrx_word' id='word_1_274' title='bbox 1637 1651 1785 1686; x_wconf 89' lang='lat' dir='ltr'>interius</span> 
     </span>
     <span class='ocr_line' id='line_1_29' title="bbox 214 1705 1786 1753; baseline 0.001 -15"><span class='ocrx_word' id='word_1_275' title='bbox 214 1713 388 1739; x_wconf 88' lang='lat' dir='ltr'>ornantur</span> <span class='ocrx_word' id='word_1_276' title='bbox 410 1714 565 1751; x_wconf 81' lang='lat' dir='ltr'>quatuor</span> <span class='ocrx_word' id='word_1_277' title='bbox 586 1707 788 1749; x_wconf 87' lang='lat' dir='ltr'>virtutibus,</span> <span class='ocrx_word' id='word_1_278' title='bbox 807 1719 892 1741; x_wconf 86' lang='lat' dir='ltr'>nam</span> <span class='ocrx_word' id='word_1_279' title='bbox 915 1709 949 1741; x_wconf 75' lang='lat' dir='ltr'>in</span> <span class='ocrx_word' id='word_1_280' title='bbox 973 1709 1059 1753; x_wconf 66' lang='lat' dir='ltr'>bysso</span> <span class='ocrx_word' id='word_1_281' title='bbox 1082 1712 1218 1750; x_wconf 67' lang='lat' dir='ltr'>retorta,</span> <span class='ocrx_word' id='word_1_282' title='bbox 1241 1715 1279 1741; x_wconf 91' lang='lat' dir='ltr'>ut</span> <span class='ocrx_word' id='word_1_283' title='bbox 1298 1706 1431 1741; x_wconf 88' lang='lat' dir='ltr'>Glossa</span> <span class='ocrx_word' id='word_1_284' title='bbox 1448 1706 1571 1751; x_wconf 81' lang='lat' dir='ltr'>(ordin.</span> <span class='ocrx_word' id='word_1_285' title='bbox 1587 1705 1693 1741; x_wconf 83' lang='lat' dir='ltr'>Exod.</span> <span class='ocrx_word' id='word_1_286' title='bbox 1713 1705 1786 1748; x_wconf 88' lang='lat'><em>26.)</em></span> 
     </span>
     <span class='ocr_line' id='line_1_30' title="bbox 213 1759 1787 1807; baseline 0.001 -15"><span class='ocrx_word' id='word_1_287' title='bbox 213 1759 310 1801; x_wconf 88' lang='lat' dir='ltr'>dicit,</span> <span class='ocrx_word' id='word_1_288' title='bbox 331 1760 540 1805; x_wconf 67' lang='lat' dir='ltr'>significatur</span> <span class='ocrx_word' id='word_1_289' title='bbox 561 1772 639 1794; x_wconf 78' lang='lat' dir='ltr'>raro</span> <span class='ocrx_word' id='word_1_290' title='bbox 662 1762 810 1795; x_wconf 62' lang='lat' dir='ltr'>castitate</span> <span class='ocrx_word' id='word_1_291' title='bbox 836 1762 997 1795; x_wconf 64' lang='lat' dir='ltr'>renitens.-</span> <span class='ocrx_word' id='word_1_292' title='bbox 1026 1762 1059 1794; x_wconf 85' lang='lat' dir='ltr'>in</span> <span class='ocrx_word' id='word_1_293' title='bbox 1086 1761 1272 1807; x_wconf 58' lang='lat' dir='ltr'>hyacintho,</span> <span class='ocrx_word' id='word_1_294' title='bbox 1300 1772 1387 1795; x_wconf 72' lang='lat' dir='ltr'>mens</span> <span class='ocrx_word' id='word_1_295' title='bbox 1411 1766 1553 1807; x_wconf 72' lang='lat' dir='ltr'>superna</span> <span class='ocrx_word' id='word_1_296' title='bbox 1579 1761 1729 1806; x_wconf 75' lang='lat' dir='ltr'>cupiens:</span> <span class='ocrx_word' id='word_1_297' title='bbox 1751 1760 1787 1793; x_wconf 79' lang='lat' dir='ltr'>in</span> 
     </span>
     <span class='ocr_line' id='line_1_31' title="bbox 208 1814 1788 1860; baseline 0.001 -14"><span class='ocrx_word' id='word_1_298' title='bbox 208 1819 377 1859; x_wconf 69' lang='lat' dir='ltr'>pua-picra,</span> <span class='ocrx_word' id='word_1_299' title='bbox 395 1825 472 1848; x_wconf 73' lang='lat' dir='ltr'>caro</span> <span class='ocrx_word' id='word_1_300' title='bbox 489 1815 698 1860; x_wconf 74' lang='lat' dir='ltr'>passionibus</span> <span class='ocrx_word' id='word_1_301' title='bbox 715 1816 904 1859; x_wconf 50' lang='lat' dir='ltr'>subjacui-iffi</span> <span class='ocrx_word' id='word_1_302' title='bbox 929 1816 960 1848; x_wconf 73' lang='lat' dir='ltr'>in</span> <span class='ocrx_word' id='word_1_303' title='bbox 981 1827 1074 1849; x_wconf 70' lang='lat' dir='ltr'>corso</span> <span class='ocrx_word' id='word_1_304' title='bbox 1095 1816 1142 1850; x_wconf 59' lang='lat' dir='ltr'>liis</span> <span class='ocrx_word' id='word_1_305' title='bbox 1161 1816 1271 1856; x_wconf 70' lang='lat' dir='ltr'>tincto,</span> <span class='ocrx_word' id='word_1_306' title='bbox 1288 1826 1376 1849; x_wconf 70' lang='lat' dir='ltr'>mens</span> <span class='ocrx_word' id='word_1_307' title='bbox 1393 1816 1479 1849; x_wconf 73' lang='lat' dir='ltr'>inter</span> <span class='ocrx_word' id='word_1_308' title='bbox 1487 1815 1654 1860; x_wconf 74' lang='lat' dir='ltr'>passiones</span> <span class='ocrx_word' id='word_1_309' title='bbox 1674 1814 1742 1847; x_wconf 70' lang='lat' dir='ltr'>Dei</span> <span class='ocrx_word' id='word_1_310' title='bbox 1758 1818 1788 1848; x_wconf 71' lang='lat' dir='ltr'>et</span> 
     </span>
     <span class='ocr_line' id='line_1_32' title="bbox 208 1866 1787 1914; baseline 0.001 -15"><span class='ocrx_word' id='word_1_311' title='bbox 208 1868 361 1912; x_wconf 74' lang='lat' dir='ltr'>proximi</span> <span class='ocrx_word' id='word_1_312' title='bbox 383 1867 551 1902; x_wconf 53' lang='lat' dir='ltr'>dilectione</span> <span class='ocrx_word' id='word_1_313' title='bbox 573 1868 792 1914; x_wconf 63' lang='lat' dir='ltr'>pricasiaelgeizs.</span> <span class='ocrx_word' id='word_1_314' title='bbox 816 1868 885 1902; x_wconf 89' lang='lat' dir='ltr'>Per</span> <span class='ocrx_word' id='word_1_315' title='bbox 911 1870 1110 1914; x_wconf 64' lang='lat' dir='ltr'>operimenta</span> <span class='ocrx_word' id='word_1_316' title='bbox 1132 1879 1219 1902; x_wconf 90' lang='lat' dir='ltr'>vero</span> <span class='ocrx_word' id='word_1_317' title='bbox 1246 1869 1331 1903; x_wconf 89' lang='lat' dir='ltr'>tecti</span> <span class='ocrx_word' id='word_1_318' title='bbox 1358 1868 1592 1914; x_wconf 82' lang='lat' dir='ltr'>designantur</span> <span class='ocrx_word' id='word_1_319' title='bbox 1618 1866 1787 1909; x_wconf 87' lang='lat' dir='ltr'>Praelati‚</span> 
     </span>
     <span class='ocr_line' id='line_1_33' title="bbox 214 1920 1788 1968; baseline 0 -14"><span class='ocrx_word' id='word_1_320' title='bbox 214 1929 249 1954; x_wconf 76' lang='lat' dir='ltr'>et</span> <span class='ocrx_word' id='word_1_321' title='bbox 270 1921 467 1963; x_wconf 81' lang='lat' dir='ltr'>Doctores3</span> <span class='ocrx_word' id='word_1_322' title='bbox 489 1921 525 1955; x_wconf 87' lang='lat' dir='ltr'>in</span> <span class='ocrx_word' id='word_1_323' title='bbox 548 1922 676 1968; x_wconf 88' lang='lat' dir='ltr'>quibus</span> <span class='ocrx_word' id='word_1_324' title='bbox 698 1922 803 1956; x_wconf 88' lang='lat' dir='ltr'>debet</span> <span class='ocrx_word' id='word_1_325' title='bbox 825 1923 969 1956; x_wconf 89' lang='lat' dir='ltr'>retineri</span> <span class='ocrx_word' id='word_1_326' title='bbox 994 1922 1159 1957; x_wconf 83' lang='lat' dir='ltr'>coelestis</span> <span class='ocrx_word' id='word_1_327' title='bbox 1182 1922 1425 1965; x_wconf 87' lang='lat' dir='ltr'>conversatio,</span> <span class='ocrx_word' id='word_1_328' title='bbox 1447 1921 1544 1968; x_wconf 89' lang='lat' dir='ltr'>quod</span> <span class='ocrx_word' id='word_1_329' title='bbox 1566 1920 1788 1968; x_wconf 82' lang='lat' dir='ltr'>significatur</span> 
     </span>
     <span class='ocr_line' id='line_1_34' title="bbox 214 1975 1789 2023; baseline 0 -15"><span class='ocrx_word' id='word_1_330' title='bbox 214 1986 278 2020; x_wconf 84' lang='lat' dir='ltr'>per</span> <span class='ocrx_word' id='word_1_331' title='bbox 294 1975 392 2021; x_wconf 68' lang='lat' dir='ltr'>pelles</span> <span class='ocrx_word' id='word_1_332' title='bbox 414 1975 664 2020; x_wconf 69' lang='lat' dir='ltr'>hyacinthinas;</span> <span class='ocrx_word' id='word_1_333' title='bbox 689 1977 935 2022; x_wconf 89' lang='lat' dir='ltr'>promptitudo</span> <span class='ocrx_word' id='word_1_334' title='bbox 956 1976 999 2010; x_wconf 90' lang='lat' dir='ltr'>ad</span> <span class='ocrx_word' id='word_1_335' title='bbox 1015 1976 1241 2023; x_wconf 78' lang='lat' dir='ltr'>martyrium,</span> <span class='ocrx_word' id='word_1_336' title='bbox 1269 1976 1366 2022; x_wconf 90' lang='lat' dir='ltr'>quod</span> <span class='ocrx_word' id='word_1_337' title='bbox 1393 1975 1599 2022; x_wconf 84' lang='lat' dir='ltr'>significant</span> <span class='ocrx_word' id='word_1_338' title='bbox 1617 1975 1714 2022; x_wconf 70' lang='lat' dir='ltr'>pelles</span> <span class='ocrx_word' id='word_1_339' title='bbox 1735 1987 1789 2009; x_wconf 75' lang='lat' dir='ltr'>ru.-</span> 
     </span>
     <span class='ocr_line' id='line_1_35' title="bbox 217 2029 1789 2076; baseline 0 -14"><span class='ocrx_word' id='word_1_340' title='bbox 217 2030 384 2069; x_wconf 64' lang='lat' dir='ltr'>bricam,-</span> <span class='ocrx_word' id='word_1_341' title='bbox 402 2029 589 2063; x_wconf 83' lang='lat' dir='ltr'>austeritas</span> <span class='ocrx_word' id='word_1_342' title='bbox 604 2030 710 2072; x_wconf 84' lang='lat' dir='ltr'>vitae,</span> <span class='ocrx_word' id='word_1_343' title='bbox 727 2039 760 2063; x_wconf 89' lang='lat' dir='ltr'>et</span> <span class='ocrx_word' id='word_1_344' title='bbox 778 2029 969 2064; x_wconf 83' lang='lat' dir='ltr'>tolerantia</span> <span class='ocrx_word' id='word_1_345' title='bbox 987 2030 1235 2072; x_wconf 87' lang='lat' dir='ltr'>adversorum,</span> <span class='ocrx_word' id='word_1_346' title='bbox 1258 2042 1349 2076; x_wconf 89' lang='lat' dir='ltr'>quae</span> <span class='ocrx_word' id='word_1_347' title='bbox 1372 2029 1621 2076; x_wconf 80' lang='lat' dir='ltr'>significantur</span> <span class='ocrx_word' id='word_1_348' title='bbox 1635 2040 1698 2075; x_wconf 87' lang='lat' dir='ltr'>per</span> <span class='ocrx_word' id='word_1_349' title='bbox 1710 2039 1789 2075; x_wconf 80' lang='lat' dir='ltr'>saga</span> 
     </span>
     <span class='ocr_line' id='line_1_36' title="bbox 215 2082 1691 2130; baseline 0.001 -14"><span class='ocrx_word' id='word_1_350' title='bbox 215 2082 362 2125; x_wconf 75' lang='lat' dir='ltr'>cilicina,</span> <span class='ocrx_word' id='word_1_351' title='bbox 385 2094 476 2128; x_wconf 83' lang='lat' dir='ltr'>quae</span> <span class='ocrx_word' id='word_1_352' title='bbox 499 2091 599 2117; x_wconf 84' lang='lat' dir='ltr'>erant</span> <span class='ocrx_word' id='word_1_353' title='bbox 621 2083 784 2130; x_wconf 77' lang='lat' dir='ltr'>exposita</span> <span class='ocrx_word' id='word_1_354' title='bbox 802 2084 930 2126; x_wconf 84' lang='lat' dir='ltr'>ventis,</span> <span class='ocrx_word' id='word_1_355' title='bbox 953 2093 987 2118; x_wconf 89' lang='lat' dir='ltr'>et</span> <span class='ocrx_word' id='word_1_356' title='bbox 1007 2083 1148 2130; x_wconf 82' lang='lat' dir='ltr'>pluviis,</span> <span class='ocrx_word' id='word_1_357' title='bbox 1172 2092 1209 2118; x_wconf 87' lang='lat' dir='ltr'>ut</span> <span class='ocrx_word' id='word_1_358' title='bbox 1232 2083 1334 2118; x_wconf 91' lang='lat' dir='ltr'>Glos.</span> <span class='ocrx_word' id='word_1_359' title='bbox 1357 2083 1487 2118; x_wconf 83' lang='lat' dir='ltr'>dicitur</span> <span class='ocrx_word' id='word_1_360' title='bbox 1504 2083 1583 2128; x_wconf 83' lang='lat' dir='ltr'>(loc.</span> <span class='ocrx_word' id='word_1_361' title='bbox 1606 2082 1691 2127; x_wconf 71' lang='lat' dir='ltr'>cit).</span> 
     </span>
    </p>

    <p class='ocr_par' dir='ltr' id='par_1_5' title="bbox 215 2136 1790 2399">
     <span class='ocr_line' id='line_1_37' title="bbox 287 2136 1790 2183; baseline 0.001 -14"><span class='ocrx_word' id='word_1_362' title='bbox 287 2136 348 2170; x_wconf 87' lang='lat' dir='ltr'>AD</span> <span class='ocrx_word' id='word_1_363' title='bbox 369 2147 509 2171; x_wconf 73' lang='lat' dir='ltr'>NONUM</span> <span class='ocrx_word' id='word_1_364' title='bbox 534 2137 740 2179; x_wconf 86' lang='lat' dir='ltr'>dicendum,</span> <span class='ocrx_word' id='word_1_365' title='bbox 763 2138 859 2183; x_wconf 88' lang='lat' dir='ltr'>quod</span> <span class='ocrx_word' id='word_1_366' title='bbox 882 2137 1121 2172; x_wconf 78' lang='lat' dir='ltr'>sanctificatio</span> <span class='ocrx_word' id='word_1_367' title='bbox 1143 2137 1378 2180; x_wconf 85' lang='lat' dir='ltr'>tabernaculi,</span> <span class='ocrx_word' id='word_1_368' title='bbox 1398 2145 1433 2172; x_wconf 86' lang='lat' dir='ltr'>et</span> <span class='ocrx_word' id='word_1_369' title='bbox 1453 2148 1625 2171; x_wconf 87' lang='lat' dir='ltr'>vasorum</span> <span class='ocrx_word' id='word_1_370' title='bbox 1641 2137 1716 2182; x_wconf 86' lang='lat' dir='ltr'>ejus</span> <span class='ocrx_word' id='word_1_371' title='bbox 1729 2136 1790 2170; x_wconf 86' lang='lat' dir='ltr'>ha-</span> 
     </span>
     <span class='ocr_line' id='line_1_38' title="bbox 215 2189 1790 2237; baseline 0.001 -15"><span class='ocrx_word' id='word_1_372' title='bbox 215 2189 322 2223; x_wconf 86' lang='lat' dir='ltr'>bebat</span> <span class='ocrx_word' id='word_1_373' title='bbox 349 2201 495 2224; x_wconf 87' lang='lat' dir='ltr'>causam</span> <span class='ocrx_word' id='word_1_374' title='bbox 518 2189 709 2233; x_wconf 81' lang='lat' dir='ltr'>literalem,</span> <span class='ocrx_word' id='word_1_375' title='bbox 737 2199 774 2225; x_wconf 90' lang='lat' dir='ltr'>ut</span> <span class='ocrx_word' id='word_1_376' title='bbox 796 2191 830 2225; x_wconf 92' lang='lat' dir='ltr'>in</span> <span class='ocrx_word' id='word_1_377' title='bbox 858 2192 987 2237; x_wconf 80' lang='lat' dir='ltr'>majori</span> <span class='ocrx_word' id='word_1_378' title='bbox 1015 2191 1215 2225; x_wconf 80' lang='lat' dir='ltr'>reverentia</span> <span class='ocrx_word' id='word_1_379' title='bbox 1242 2191 1444 2233; x_wconf 86' lang='lat' dir='ltr'>haberetur,</span> <span class='ocrx_word' id='word_1_380' title='bbox 1471 2190 1574 2237; x_wconf 84' lang='lat' dir='ltr'>quasi</span> <span class='ocrx_word' id='word_1_381' title='bbox 1591 2202 1653 2237; x_wconf 88' lang='lat' dir='ltr'>per</span> <span class='ocrx_word' id='word_1_382' title='bbox 1670 2190 1790 2235; x_wconf 84' lang='lat' dir='ltr'>hujus-</span> 
     </span>
     <span class='ocr_line' id='line_1_39' title="bbox 217 2243 1789 2291; baseline 0.001 -15"><span class='ocrx_word' id='word_1_383' title='bbox 217 2243 319 2277; x_wconf 88' lang='lat' dir='ltr'>modi</span> <span class='ocrx_word' id='word_1_384' title='bbox 348 2244 663 2278; x_wconf 88' lang='lat' dir='ltr'>consecrationem</span> <span class='ocrx_word' id='word_1_385' title='bbox 699 2245 821 2279; x_wconf 70' lang='lat' dir='ltr'>divino</span> <span class='ocrx_word' id='word_1_386' title='bbox 859 2244 969 2279; x_wconf 85' lang='lat' dir='ltr'>cultui</span> <span class='ocrx_word' id='word_1_387' title='bbox 998 2245 1221 2291; x_wconf 84' lang='lat' dir='ltr'>deputatum.</span> <span class='ocrx_word' id='word_1_388' title='bbox 1251 2244 1428 2291; x_wconf 80' lang='lat' dir='ltr'>Figuralis</span> <span class='ocrx_word' id='word_1_389' title='bbox 1459 2252 1579 2279; x_wconf 80' lang='lat' dir='ltr'>autern</span> <span class='ocrx_word' id='word_1_390' title='bbox 1609 2243 1701 2278; x_wconf 87' lang='lat' dir='ltr'>ratio</span> <span class='ocrx_word' id='word_1_391' title='bbox 1724 2251 1789 2285; x_wconf 90' lang='lat' dir='ltr'>est,</span> 
     </span>
     <span class='ocr_line' id='line_1_40' title="bbox 217 2297 1790 2345; baseline 0 -15"><span class='ocrx_word' id='word_1_392' title='bbox 217 2297 299 2343; x_wconf 86' lang='lat' dir='ltr'>quia</span> <span class='ocrx_word' id='word_1_393' title='bbox 326 2308 389 2343; x_wconf 87' lang='lat' dir='ltr'>per</span> <span class='ocrx_word' id='word_1_394' title='bbox 414 2297 624 2343; x_wconf 87' lang='lat' dir='ltr'>hujusmodi</span> <span class='ocrx_word' id='word_1_395' title='bbox 651 2298 978 2333; x_wconf 81' lang='lat' dir='ltr'>sanctificationem</span> <span class='ocrx_word' id='word_1_396' title='bbox 1006 2298 1229 2344; x_wconf 77' lang='lat' dir='ltr'>significatur</span> <span class='ocrx_word' id='word_1_397' title='bbox 1255 2298 1449 2345; x_wconf 87' lang='lat' dir='ltr'>spiritualis</span> <span class='ocrx_word' id='word_1_398' title='bbox 1475 2297 1716 2333; x_wconf 85' lang='lat' dir='ltr'>sanctificatio</span> <span class='ocrx_word' id='word_1_399' title='bbox 1741 2297 1790 2330; x_wconf 79' lang='lat' dir='ltr'>vi-</span> 
     </span>
     <span class='ocr_line' id='line_1_41' title="bbox 217 2351 1742 2399; baseline 0.001 -15"><span class='ocrx_word' id='word_1_400' title='bbox 217 2351 332 2385; x_wconf 84' lang='lat' dir='ltr'>ventis</span> <span class='ocrx_word' id='word_1_401' title='bbox 350 2351 584 2394; x_wconf 80' lang='lat' dir='ltr'>tabernaculi,</span> <span class='ocrx_word' id='word_1_402' title='bbox 607 2351 745 2386; x_wconf 83' lang='lat' dir='ltr'>scilicet</span> <span class='ocrx_word' id='word_1_403' title='bbox 764 2352 937 2395; x_wconf 83' lang='lat' dir='ltr'>fidelium,</span> <span class='ocrx_word' id='word_1_404' title='bbox 954 2364 996 2386; x_wconf 80' lang='lat' dir='ltr'>ex</span> <span class='ocrx_word' id='word_1_405' title='bbox 1015 2353 1142 2399; x_wconf 91' lang='lat' dir='ltr'>quibus</span> <span class='ocrx_word' id='word_1_406' title='bbox 1162 2353 1391 2387; x_wconf 87' lang='lat' dir='ltr'>constituitur</span> <span class='ocrx_word' id='word_1_407' title='bbox 1409 2352 1573 2387; x_wconf 86' lang='lat' dir='ltr'>Ecclesia</span> <span class='ocrx_word' id='word_1_408' title='bbox 1595 2351 1742 2386; x_wconf 87' lang='lat' dir='ltr'>Christi.</span> 
     </span>
    </p>

    <p class='ocr_par' dir='ltr' id='par_1_6' title="bbox 219 2404 1809 2934">
     <span class='ocr_line' id='line_1_42' title="bbox 290 2404 1790 2453; baseline 0.001 -15"><span class='ocrx_word' id='word_1_409' title='bbox 290 2404 349 2439; x_wconf 79' lang='lat' dir='ltr'>AD</span> <span class='ocrx_word' id='word_1_410' title='bbox 373 2415 548 2439; x_wconf 81' lang='lat' dir='ltr'>DECIMUM</span> <span class='ocrx_word' id='word_1_411' title='bbox 566 2405 772 2447; x_wconf 88' lang='lat' dir='ltr'>dicendum,</span> <span class='ocrx_word' id='word_1_412' title='bbox 786 2406 882 2452; x_wconf 85' lang='lat' dir='ltr'>quod</span> <span class='ocrx_word' id='word_1_413' title='bbox 898 2406 933 2439; x_wconf 89' lang='lat' dir='ltr'>in</span> <span class='ocrx_word' id='word_1_414' title='bbox 948 2407 1060 2440; x_wconf 79' lang='lat' dir='ltr'>veteri</span> <span class='ocrx_word' id='word_1_415' title='bbox 1076 2406 1156 2451; x_wconf 69' lang='lat' dir='ltr'>lege</span> <span class='ocrx_word' id='word_1_416' title='bbox 1172 2414 1273 2440; x_wconf 84' lang='lat' dir='ltr'>erant</span> <span class='ocrx_word' id='word_1_417' title='bbox 1287 2414 1425 2453; x_wconf 85' lang='lat' dir='ltr'>septem</span> <span class='ocrx_word' id='word_1_418' title='bbox 1440 2406 1690 2441; x_wconf 84' lang='lat' dir='ltr'>solemnitates</span> <span class='ocrx_word' id='word_1_419' title='bbox 1703 2414 1790 2439; x_wconf 86' lang='lat' dir='ltr'>tem-</span> 
     </span>
     <span class='ocr_line' id='line_1_43' title="bbox 219 2457 1790 2507; baseline 0.001 -16"><span class='ocrx_word' id='word_1_420' title='bbox 219 2457 374 2504; x_wconf 85' lang='lat' dir='ltr'>porales,</span> <span class='ocrx_word' id='word_1_421' title='bbox 397 2466 431 2493; x_wconf 88' lang='lat' dir='ltr'>ct</span> <span class='ocrx_word' id='word_1_422' title='bbox 452 2470 523 2492; x_wconf 91' lang='lat' dir='ltr'>una</span> <span class='ocrx_word' id='word_1_423' title='bbox 547 2459 728 2501; x_wconf 84' lang='lat' dir='ltr'>continua,</span> <span class='ocrx_word' id='word_1_424' title='bbox 752 2468 789 2493; x_wconf 91' lang='lat' dir='ltr'>ut</span> <span class='ocrx_word' id='word_1_425' title='bbox 811 2467 929 2505; x_wconf 86' lang='lat' dir='ltr'>potest</span> <span class='ocrx_word' id='word_1_426' title='bbox 951 2459 1076 2503; x_wconf 72' lang='lat' dir='ltr'>colligi</span> <span class='ocrx_word' id='word_1_427' title='bbox 1091 2461 1240 2494; x_wconf 73' lang='lat' dir='ltr'>Numer.</span> <span class='ocrx_word' id='word_1_428' title='bbox 1258 2460 1314 2494; x_wconf 83' lang='lat'>28.</span> <span class='ocrx_word' id='word_1_429' title='bbox 1329 2468 1363 2494; x_wconf 89' lang='lat' dir='ltr'>et</span> <span class='ocrx_word' id='word_1_430' title='bbox 1378 2470 1453 2507; x_wconf 56' lang='lat'>²9*</span> <span class='ocrx_word' id='word_1_431' title='bbox 1477 2468 1552 2494; x_wconf 89' lang='lat' dir='ltr'>erat</span> <span class='ocrx_word' id='word_1_432' title='bbox 1572 2459 1669 2494; x_wconf 90' lang='lat' dir='ltr'>enim</span> <span class='ocrx_word' id='word_1_433' title='bbox 1688 2458 1790 2506; x_wconf 86' lang='lat' dir='ltr'>quasi</span> 
     </span>
     <span class='ocr_line' id='line_1_44' title="bbox 219 2512 1791 2560; baseline 0 -14"><span class='ocrx_word' id='word_1_434' title='bbox 219 2512 434 2546; x_wconf 86' lang='lat' dir='ltr'>continuum</span> <span class='ocrx_word' id='word_1_435' title='bbox 449 2512 593 2555; x_wconf 77' lang='lat' dir='ltr'>festum,</span> <span class='ocrx_word' id='word_1_436' title='bbox 609 2512 691 2559; x_wconf 87' lang='lat' dir='ltr'>quia</span> <span class='ocrx_word' id='word_1_437' title='bbox 707 2513 867 2559; x_wconf 86' lang='lat' dir='ltr'>quotidie</span> <span class='ocrx_word' id='word_1_438' title='bbox 887 2525 1005 2555; x_wconf 79' lang='lat' dir='ltr'>mane,</span> <span class='ocrx_word' id='word_1_439' title='bbox 1023 2522 1057 2548; x_wconf 86' lang='lat' dir='ltr'>et</span> <span class='ocrx_word' id='word_1_440' title='bbox 1079 2525 1227 2560; x_wconf 83' lang='lat' dir='ltr'>vespere</span> <span class='ocrx_word' id='word_1_441' title='bbox 1251 2514 1511 2548; x_wconf 85' lang='lat' dir='ltr'>immolabatur</span> <span class='ocrx_word' id='word_1_442' title='bbox 1532 2524 1664 2560; x_wconf 85' lang='lat' dir='ltr'>agnus:</span> <span class='ocrx_word' id='word_1_443' title='bbox 1680 2520 1715 2547; x_wconf 91' lang='lat' dir='ltr'>et</span> <span class='ocrx_word' id='word_1_444' title='bbox 1728 2523 1791 2559; x_wconf 86' lang='lat' dir='ltr'>per</span> 
     </span>
     <span class='ocr_line' id='line_1_45' title="bbox 219 2565 1809 2614; baseline 0.001 -15"><span class='ocrx_word' id='word_1_445' title='bbox 219 2565 306 2599; x_wconf 91' lang='lat' dir='ltr'>illud</span> <span class='ocrx_word' id='word_1_446' title='bbox 331 2566 546 2600; x_wconf 86' lang='lat' dir='ltr'>continuum</span> <span class='ocrx_word' id='word_1_447' title='bbox 576 2565 708 2600; x_wconf 83' lang='lat' dir='ltr'>festum</span> <span class='ocrx_word' id='word_1_448' title='bbox 736 2567 828 2612; x_wconf 73' lang='lat' dir='ltr'>jugis</span> <span class='ocrx_word' id='word_1_449' title='bbox 859 2567 1024 2601; x_wconf 78' lang='lat' dir='ltr'>sacrificii</span> <span class='ocrx_word' id='word_1_450' title='bbox 1052 2567 1387 2613; x_wconf 83' lang='lat' dir='ltr'>repraesentabatur</span> <span class='ocrx_word' id='word_1_451' title='bbox 1408 2567 1626 2614; x_wconf 86' lang='lat' dir='ltr'>perpetuitas</span> <span class='ocrx_word' id='word_1_452' title='bbox 1649 2566 1809 2607; x_wconf 36' lang='lat' dir='ltr'>divinae.</span> 
     </span>
     <span class='ocr_line' id='line_1_46' title="bbox 219 2620 1792 2668; baseline 0.001 -15"><span class='ocrx_word' id='word_1_453' title='bbox 219 2620 460 2654; x_wconf 86' lang='lat' dir='ltr'>beatitudinis.</span> <span class='ocrx_word' id='word_1_454' title='bbox 484 2620 673 2655; x_wconf 86' lang='lat' dir='ltr'>Festorum</span> <span class='ocrx_word' id='word_1_455' title='bbox 698 2628 819 2654; x_wconf 80' lang='lat' dir='ltr'>autem</span> <span class='ocrx_word' id='word_1_456' title='bbox 833 2621 1091 2667; x_wconf 86' lang='lat' dir='ltr'>temporalium</span> <span class='ocrx_word' id='word_1_457' title='bbox 1107 2622 1264 2667; x_wconf 90' lang='lat' dir='ltr'>primum</span> <span class='ocrx_word' id='word_1_458' title='bbox 1280 2630 1366 2664; x_wconf 87' lang='lat' dir='ltr'>erat,</span> <span class='ocrx_word' id='word_1_459' title='bbox 1381 2621 1477 2668; x_wconf 91' lang='lat' dir='ltr'>quod</span> <span class='ocrx_word' id='word_1_460' title='bbox 1493 2621 1688 2656; x_wconf 85' lang='lat' dir='ltr'>iterabatur</span> <span class='ocrx_word' id='word_1_461' title='bbox 1708 2631 1792 2667; x_wconf 90' lang='lat' dir='ltr'>qua-</span> 
     </span>
     <span class='ocr_line' id='line_1_47' title="bbox 219 2673 1791 2721; baseline 0 -14"><span class='ocrx_word' id='word_1_462' title='bbox 219 2673 305 2708; x_wconf 82' lang='lat' dir='ltr'>libet</span> <span class='ocrx_word' id='word_1_463' title='bbox 326 2674 547 2720; x_wconf 82' lang='lat' dir='ltr'>septimana:</span> <span class='ocrx_word' id='word_1_464' title='bbox 571 2682 605 2708; x_wconf 90' lang='lat' dir='ltr'>et</span> <span class='ocrx_word' id='word_1_465' title='bbox 619 2674 709 2708; x_wconf 88' lang='lat' dir='ltr'>haec</span> <span class='ocrx_word' id='word_1_466' title='bbox 733 2682 807 2708; x_wconf 88' lang='lat' dir='ltr'>erat</span> <span class='ocrx_word' id='word_1_467' title='bbox 824 2675 1013 2709; x_wconf 55' lang='lat' dir='ltr'>solemnitas</span> <span class='ocrx_word' id='word_1_468' title='bbox 1034 2676 1194 2716; x_wconf 48' lang='lat' dir='ltr'>Sabinum</span> <span class='ocrx_word' id='word_1_469' title='bbox 1214 2675 1311 2721; x_wconf 88' lang='lat' dir='ltr'>quod</span> <span class='ocrx_word' id='word_1_470' title='bbox 1327 2675 1575 2709; x_wconf 81' lang='lat' dir='ltr'>celebrabatur</span> <span class='ocrx_word' id='word_1_471' title='bbox 1595 2675 1631 2708; x_wconf 92' lang='lat' dir='ltr'>in</span> <span class='ocrx_word' id='word_1_472' title='bbox 1654 2684 1791 2708; x_wconf 88' lang='lat' dir='ltr'>memo-</span> 
     </span>
     <span class='ocr_line' id='line_1_48' title="bbox 220 2727 1789 2775; baseline 0.001 -15"><span class='ocrx_word' id='word_1_473' title='bbox 220 2727 311 2760; x_wconf 87' lang='lat' dir='ltr'>riam</span> <span class='ocrx_word' id='word_1_474' title='bbox 334 2727 527 2762; x_wconf 80' lang='lat' dir='ltr'>creationis</span> <span class='ocrx_word' id='word_1_475' title='bbox 549 2739 682 2769; x_wconf 86' lang='lat' dir='ltr'>rerum,</span> <span class='ocrx_word' id='word_1_476' title='bbox 706 2736 743 2762; x_wconf 88' lang='lat' dir='ltr'>ut</span> <span class='ocrx_word' id='word_1_477' title='bbox 765 2739 871 2773; x_wconf 87' lang='lat' dir='ltr'>supra</span> <span class='ocrx_word' id='word_1_478' title='bbox 894 2728 1031 2762; x_wconf 85' lang='lat' dir='ltr'>dictum</span> <span class='ocrx_word' id='word_1_479' title='bbox 1054 2737 1107 2763; x_wconf 86' lang='lat' dir='ltr'>est</span> <span class='ocrx_word' id='word_1_480' title='bbox 1125 2730 1172 2775; x_wconf 86' lang='lat' dir='ltr'>(q.</span> <span class='ocrx_word' id='word_1_481' title='bbox 1195 2741 1270 2764; x_wconf 83' lang='lat'><em>100.</em></span> <span class='ocrx_word' id='word_1_482' title='bbox 1293 2734 1358 2763; x_wconf 78' lang='lat' dir='ltr'>art.</span> <span class='ocrx_word' id='word_1_483' title='bbox 1373 2741 1401 2775; x_wconf 81' lang='lat'>5.</span> <span class='ocrx_word' id='word_1_484' title='bbox 1421 2728 1463 2764; x_wconf 80' lang='lat' dir='ltr'>ad</span> <span class='ocrx_word' id='word_1_485' title='bbox 1484 2729 1553 2774; x_wconf 86' lang='lat'><em>2.).·</em></span> <span class='ocrx_word' id='word_1_486' title='bbox 1577 2728 1646 2762; x_wconf 85' lang='lat' dir='ltr'>alia</span> <span class='ocrx_word' id='word_1_487' title='bbox 1669 2735 1789 2761; x_wconf 88' lang='lat' dir='ltr'>autem</span> 
     </span>
     <span class='ocr_line' id='line_1_49' title="bbox 220 2780 1792 2829; baseline 0.001 -15"><span class='ocrx_word' id='word_1_488' title='bbox 220 2780 432 2815; x_wconf 85' lang='lat' dir='ltr'>solemnitas</span> <span class='ocrx_word' id='word_1_489' title='bbox 455 2781 648 2815; x_wconf 78' lang='lat' dir='ltr'>iterabatur</span> <span class='ocrx_word' id='word_1_490' title='bbox 670 2781 830 2827; x_wconf 84' lang='lat' dir='ltr'>quolibet</span> <span class='ocrx_word' id='word_1_491' title='bbox 844 2793 981 2823; x_wconf 79' lang='lat' dir='ltr'>mense,</span> <span class='ocrx_word' id='word_1_492' title='bbox 997 2782 1136 2817; x_wconf 83' lang='lat' dir='ltr'>scilicet</span> <span class='ocrx_word' id='word_1_493' title='bbox 1149 2783 1271 2829; x_wconf 71' lang='lat' dir='ltr'>fistum</span> <span class='ocrx_word' id='word_1_494' title='bbox 1292 2783 1504 2824; x_wconf 51' lang='lat' dir='ltr'>Neomeniaae</span> <span class='ocrx_word' id='word_1_495' title='bbox 1519 2782 1616 2829; x_wconf 92' lang='lat' dir='ltr'>quod</span> <span class='ocrx_word' id='word_1_496' title='bbox 1636 2781 1792 2816; x_wconf 84' lang='lat' dir='ltr'>celebra-</span> 
     </span>
     <span class='ocr_line' id='line_1_50' title="bbox 220 2835 1790 2883; baseline 0.003 -16"><span class='ocrx_word' id='word_1_497' title='bbox 220 2835 323 2868; x_wconf 85' lang='lat' dir='ltr'>batur</span> <span class='ocrx_word' id='word_1_498' title='bbox 345 2835 387 2868; x_wconf 81' lang='lat' dir='ltr'>ad</span> <span class='ocrx_word' id='word_1_499' title='bbox 412 2835 781 2869; x_wconf 82' lang='lat' dir='ltr'>commemorandum</span> <span class='ocrx_word' id='word_1_500' title='bbox 803 2846 894 2881; x_wconf 89' lang='lat' dir='ltr'>opus</span> <span class='ocrx_word' id='word_1_501' title='bbox 917 2835 1059 2870; x_wconf 77' lang='lat' dir='ltr'>divinae</span> <span class='ocrx_word' id='word_1_502' title='bbox 1088 2837 1377 2881; x_wconf 72' lang='lat' dir='ltr'>gubernationis:</span> <span class='ocrx_word' id='word_1_503' title='bbox 1401 2848 1487 2871; x_wconf 84' lang='lat' dir='ltr'>nam</span> <span class='ocrx_word' id='word_1_504' title='bbox 1507 2837 1598 2871; x_wconf 88' lang='lat' dir='ltr'>haec</span> <span class='ocrx_word' id='word_1_505' title='bbox 1614 2836 1790 2883; x_wconf 49' lang='lat' dir='ltr'>,inferiora</span> 
     </span>
     <span class='ocr_line' id='line_1_51' title="bbox 221 2888 1790 2934; baseline 0.003 -15"><span class='ocrx_word' id='word_1_506' title='bbox 221 2888 412 2934; x_wconf 80' lang='lat' dir='ltr'>praecipue</span> <span class='ocrx_word' id='word_1_507' title='bbox 427 2889 610 2923; x_wconf 84' lang='lat' dir='ltr'>variantur</span> <span class='ocrx_word' id='word_1_508' title='bbox 626 2889 825 2923; x_wconf 80' lang='lat' dir='ltr'>secundum</span> <span class='ocrx_word' id='word_1_509' title='bbox 842 2897 982 2923; x_wconf 83' lang='lat' dir='ltr'>motum</span> <span class='ocrx_word' id='word_1_510' title='bbox 1000 2890 1124 2928; x_wconf 78' lang='lat' dir='ltr'>lunae:</span> <span class='ocrx_word' id='word_1_511' title='bbox 1147 2898 1182 2925; x_wconf 85' lang='lat' dir='ltr'>et</span> <span class='ocrx_word' id='word_1_512' title='bbox 1202 2890 1284 2925; x_wconf 84' lang='lat' dir='ltr'>idco</span> <span class='ocrx_word' id='word_1_513' title='bbox 1308 2890 1556 2925; x_wconf 85' lang='lat' dir='ltr'>celebrabatur</span> <span class='ocrx_word' id='word_1_514' title='bbox 1569 2891 1640 2926; x_wconf 89' lang='lat' dir='ltr'>hoc</span> <span class='ocrx_word' id='word_1_515' title='bbox 1658 2889 1790 2925; x_wconf 88' lang='lat' dir='ltr'>festum</span> 
     </span>
    </p>
   </div>
  </div>
 </body>
</html>
