1907 3198
541 220 763 258 Quansrto
797 220 837 252 c.
871 195 1114 251 Auricutus
1146 220 1187 250 v.
1559 220 1641 263 719

76 302 122 340 ‘h
143 302 263 351 aliqua
284 302 547 338 communitate
569 302 660 338 bene
683 310 944 344 commoretur,
965 301 1029 336 duo
1050 301 1297 348 requiruntur:
1320 311 1476 347 quorum
1492 302 1643 348 primum

85 362 150 400 est,
167 363 207 392 ut
225 356 316 392 bene
337 367 375 392 se
396 356 527 391 habeat
548 355 591 390 ad
613 367 710 398 eum,
732 355 793 403 qui
815 363 955 402 praeest
977 354 1248 390 communitati:
1270 353 1363 389 aliud
1381 362 1500 389 autem
1524 362 1588 396 est,
1607 362 1645 388 ut

82 409 200 446 homo
218 410 310 446 bene
330 420 369 445 se
394 410 526 444 habeat
553 409 596 444 ad
624 409 714 444 alios
741 409 1014 444 communitatis
1045 408 1250 450 consocios,
1281 415 1316 442 et
1343 407 1642 454 comparticipes:

56 467 60 470 '
81 467 207 512 oportet
227 464 345 511 igitur,
366 462 453 510 quod
474 464 508 497 in
530 463 594 508 lege
614 462 731 497 divina
749 463 864 509 primo
883 462 1043 508 serantur
1068 461 1229 508 quaedam
1250 466 1425 508 praecepta
1450 460 1644 496 ordinantia

69 515 247 553 hominem
268 516 312 552 ad
333 517 456 559 Deum,
483 521 512 552 et
533 516 606 551 inde
626 516 695 550 alia
721 515 882 562 quaedam
905 521 1085 562 praccepta
1112 515 1303 549 ordinantia
1326 514 1490 549 Imminem
1508 514 1551 548 ad
1563 514 1645 549 alios

76 571 251 620 Μήνιος
274 570 374 606 simul
397 571 604 606 conviventes
628 571 686 604 sub
714 570 797 604 Deo.
824 569 983 615 Principi
1009 577 1129 603 autem
1152 568 1425 603 communitatis
1447 569 1514 603 tria
1540 568 1646 602 debet

82 623 329 672 homo,prs'm0
339 622 561 665 fidelitatem,
571 623 706 658 secundo
721 622 972 664 reverentiam,
987 624 1082 657 tertio
1094 621 1482 657 famulatumzfidelitas
1497 621 1644 668 quidem

83 675 128 713 ad
148 676 339 712 dominum
359 678 395 712 in
417 677 488 711 hoc
511 676 686 719 consistit,
708 683 747 710 ut
767 676 948 710 honorem
970 675 1188 722 principatus
1208 676 1252 710 ad
1268 674 1379 709 alium
1394 686 1468 709 non
1482 675 1641 710 deserat:

81 737 119 766 et
137 737 312 778 quantum
333 730 378 765 ad
403 729 475 765 hoc
500 730 674 777 accipitur
694 730 849 777 primum
869 737 1116 776 praeceptum,
1135 740 1219 764 cum
1241 728 1390 763 dicitur:
1413 729 1492 764 Non
1513 729 1645 764 habebis

82 783 171 820 Deos
190 783 333 820 alienos.-
354 783 554 819 reverentia
576 790 697 818 autem
719 782 763 817 ad
785 782 977 817 dominum
998 782 1147 829 requirit
1169 781 1230 828 [al.
1254 782 1469 828 requiritur],
1496 789 1534 817 ut
1554 781 1644 817 nihil

81 835 295 885 Iniuriosum
313 836 350 873 in
364 847 448 873 eum
466 838 733 872 committatur:
752 843 787 871 et
808 842 982 882 quantum
1004 835 1048 870 ad
1070 835 1142 870 hoc
1161 835 1337 882 accipitur
1351 835 1529 871 secundum
1547 847 1646 882 prae-

82 898 240 939 ceptum,
260 890 358 938 quod
378 898 450 926 est:
477 890 555 926 Non
575 900 714 925 assumes
739 901 857 924 nomen
883 890 1027 924 Domini
1054 889 1121 924 Dan·
1146 890 1194 924 tui
1219 890 1253 923 in
1274 901 1413 924 vanum.
1435 888 1644 924 Famulatus

82 951 204 981 autem
221 943 372 980 debetur
390 943 543 979 domino
563 943 600 978 in
618 943 999 991 recompensationem
1012 941 1287 984 beneficiorum,
1309 953 1402 989 quae
1417 942 1460 976 ab
1475 942 1554 988 ipso
1569 953 1646 989 per·

55 996 62 1012 ⁸
81 996 220 1046 cipiunt
238 997 388 1033 subditi:
410 1005 445 1033 et
466 997 510 1033 ad
531 997 604 1032 hoc
623 997 776 1044 pertinet
794 998 929 1032 tertium
943 1004 1177 1043 praeceptum
1193 995 1236 1031 de
1254 995 1539 1031 sanctificatione
1559 995 1645 1030 Sab-

80 1049 155 1087 bati
174 1051 211 1086 in
225 1051 444 1087 memoriam
459 1050 652 1086 creationis
665 1061 797 1085 rerum.
811 1050 869 1085 Ad
884 1050 1070 1097 proximos
1085 1057 1206 1084 autem
1223 1049 1351 1096 aliquis
1370 1049 1462 1084 bene
1474 1060 1512 1084 se
1524 1049 1644 1091 habet,

53 1110 120 1140 'et
135 1104 351 1152 specialiter,
371 1112 407 1140 et
427 1104 660 1152 generaliter:
682 1104 866 1152 specialiter
886 1103 1033 1150 quidem
1055 1111 1230 1150 quantum
1250 1103 1294 1138 ad
1312 1102 1407 1145 illos,
1420 1114 1576 1150 quorum
1591 1111 1645 1138 est

51 1199 55 1206 ,
80 1157 234 1202 debitor,
254 1165 295 1194 ut
313 1158 366 1194 eis
385 1157 546 1194 debitum
568 1157 711 1193 reddat:
734 1165 770 1193 et
790 1166 967 1204 quantum
989 1156 1032 1192 ad
1054 1157 1126 1191 hoc
1150 1157 1324 1204 accipitur
1349 1163 1581 1204 praeceptum
1607 1156 1645 1191 de

80 1211 297 1248 honoratione
308 1217 511 1260 parentum:
530 1212 727 1259 generaliter
749 1219 871 1246 autem
901 1219 1078 1258 quantum
1105 1210 1149 1245 ad
1176 1221 1317 1253 omnes,
1345 1218 1384 1245 ut
1412 1210 1502 1245 nulli
1531 1221 1645 1245 nocu-

79 1273 246 1302 mentum
270 1264 443 1301 inferatur
466 1277 583 1313 neque
609 1276 731 1313 opere,
751 1276 870 1312 neque
892 1275 967 1307 ore,
988 1275 1106 1312 neque
1125 1264 1248 1300 corde.
1271 1265 1396 1312 Opere
1418 1265 1566 1312 quidem
1594 1265 1645 1299 in-

80 1318 193 1355 fertur
199 1327 463 1355 nocumentum
470 1319 650 1367 proximo,
660 1318 853 1366 quandoque
859 1318 1006 1366 quidem
1016 1318 1053 1353 in
1063 1320 1244 1365 propriam
1253 1329 1460 1365 personam,
1469 1327 1644 1365 quantum

80 1372 127 1409 ad
147 1372 420 1408 consistentiam
444 1383 640 1421 personae:
662 1381 698 1408 et
717 1372 789 1407 hoc
811 1372 1022 1420 prohibetur
1042 1383 1107 1419 per
1126 1372 1197 1406 hoc
1213 1373 1310 1419 quod
1324 1372 1471 1407 dicitur:
1495 1373 1573 1408 Non
1595 1384 1645 1407 oc-

80 1424 187 1467 cides:
198 1425 395 1474 quandoque
407 1433 528 1462 autem
546 1426 582 1461 in
601 1437 795 1474 personam
815 1426 1060 1472 conjunctam,
1075 1433 1250 1472 quantum
1277 1425 1322 1460 ad
1343 1426 1642 1473 propagationem

79 1478 212 1528 prolis:
233 1487 270 1515 et
287 1478 362 1515 hoc
382 1479 604 1527 prohibetur,
625 1491 709 1515 cum
731 1480 877 1514 dicitur:
900 1480 979 1514 Non
999 1479 1246 1515 moechaberis:
1264 1479 1458 1526 quandoque
1472 1488 1594 1515 autem
1609 1482 1642 1515 in

79 1543 159 1569 rem
182 1543 402 1581 possessam,
427 1544 520 1581 quae
545 1533 731 1569 ordinatur
757 1534 800 1568 ad
827 1540 1039 1580 utrumque:
1067 1540 1101 1568 et
1127 1541 1303 1580 quantum
1331 1533 1374 1568 ad
1401 1533 1472 1568 hoc
1496 1533 1642 1568 dicitur:

79 1586 161 1623 Non
170 1586 443 1635 surlumsacies;
464 1589 871 1623 nocumentum‘autem
893 1586 966 1621 oris
986 1586 1207 1634 prohibetur,
1229 1598 1314 1621 cum
1332 1587 1480 1622 dicitur:
1502 1588 1579 1623 Non
1602 1588 1645 1622 lo-

79 1641 189 1689 queris
207 1645 325 1677 contra
339 1642 538 1690 proximum
559 1646 652 1677 tuum
666 1641 793 1688 salsum
815 1642 1056 1676 testimonium:
1083 1649 1347 1676 nocumentum
1374 1650 1495 1676 autem
1523 1642 1643 1676 cordis

79 1693 304 1743 prohibetur,
329 1705 414 1730 cum
439 1694 586 1730 dicitur:
609 1695 687 1731 Non
707 1696 932 1742 concupisce53
954 1701 988 1729 et
1009 1694 1209 1729 secundum
1231 1694 1325 1729 hanc
1348 1694 1458 1730 etiam
1481 1694 1645 1730 differen-

78 1747 170 1783 tiam
189 1755 339 1796 possent
357 1748 528 1795 distingui
555 1749 622 1784 tria
647 1756 838 1796 praecepta
865 1747 1069 1783 ordinantia
1091 1748 1127 1782 in
1148 1747 1289 1783 Deum:
1312 1759 1468 1795 quorum
1490 1750 1643 1796 primum

78 1800 235 1850 pertinet
253 1800 299 1837 ad
319 1812 430 1849 opus;
452 1801 547 1837 unde
567 1801 617 1836 ibi
637 1801 783 1837 dicitur:
806 1801 884 1837 Non
894 1802 1001 1848 jacies
1014 1801 1181 1848 sculptile:
1202 1801 1379 1836 secundum
1400 1801 1444 1836 ad
1467 1813 1528 1844 os;
1549 1803 1644 1837 unde

76 1854 227 1892 dicitur:
249 1855 328 1891 Non
347 1865 487 1890 assumes
511 1867 629 1891 nomen
655 1856 722 1890 Dei
747 1856 796 1890 tui
822 1856 856 1889 in
880 1867 1030 1890 vanum:
1053 1856 1186 1890 tertium
1208 1855 1362 1903 pertinet
1383 1855 1426 1889 ad
1449 1867 1532 1890 cor:
1559 1855 1644 1903 quia

78 1907 118 1944 in
132 1907 419 1944 sanctificatione
434 1907 593 1952 Sabbati,
611 1908 811 1944 secundum
827 1908 924 1956 quod
943 1916 996 1943 est
1011 1907 1151 1944 morale
1166 1916 1412 1955 praeceptum,
1427 1909 1645 1956 praecipitur

25 1974 28 1979 ·
62 1961 182 2010 quies
202 1961 322 1998 cordis
342 1962 379 1997 in
399 1961 532 1997 Deum.
554 1961 623 1998 Vel
645 1962 845 1998 secundum
865 1962 960 2008 Aug.
983 1962 1092 2008 (conc.
1114 1974 1140 1998 ι.
1164 1963 1199 1996 in
1217 1962 1267 1997 Ps.
1284 1974 1334 2009 32.
1353 1968 1429 1998 ante
1450 1962 1560 2007 med),
1580 1975 1644 2010 per

26 2017 28 2027 ¹
125 2018 134 2026 ‘
169 2028 225 2053 um
244 2025 478 2065 praeceptum
498 2028 707 2052 reveremur
732 2017 908 2052 unitatem
934 2017 1042 2064 primi
1068 2017 1246 2064 principii,
1273 2028 1336 2063 per
1361 2017 1535 2053 secundum
1557 2018 1646 2052 veri-

78 2076 191 2107 tatem
211 2070 386 2114 divinam,
406 2081 470 2119 per
490 2071 625 2107 tertium
646 2072 722 2118 ejus
743 2071 957 2113 bonitatem,
973 2082 1043 2118 qua
1058 2070 1338 2114 sanctificamur,
1357 2079 1392 2106 et
1409 2071 1444 2105 in
1460 2082 1529 2118 qua
1549 2071 1646 2118 quie-

26 2154 28 2168 ,
78 2123 217 2162 κίωιιε
235 2123 330 2160 sicut
350 2124 386 2160 in
408 2123 490 2160 fine.

151 2177 212 2214 An
237 2187 387 2214 utinm
414 2189 503 2226 ergo
529 2185 647 2226 potest
673 2177 882 2224 responderi
908 2177 1094 2226 dupliciter.
1121 2178 1238 2214 Primo
1259 2178 1419 2225 quidem,
1441 2179 1524 2225 quia
1547 2190 1645 2225 prae-

80 2231 186 2281 ὄψα
207 2231 374 2279 decalogi
394 2231 597 2268 referuntur
618 2232 661 2267 ad
683 2239 875 2279 praecepta
897 2232 1123 2267 dilectionis:
1147 2231 1212 2267 suit
1230 2240 1352 2268 autem
1367 2233 1526 2267 dandum
1546 2244 1645 2280 prac-

80 2292 226 2334 ceptum
246 2284 391 2321 homini
415 2285 461 2321 de
485 2284 680 2320 dilectione
710 2285 791 2327 Dei,
821 2293 856 2320 et
883 2286 1058 2333 proximi;
1089 2286 1172 2332 quia
1199 2294 1375 2332 quantum
1405 2286 1448 2320 ad
1480 2287 1550 2320 hoc
1586 2285 1643 2321 lex

91 2360 95 2369 ι
112 2338 252 2376 mralis
265 2339 456 2376 obscurata
470 2347 547 2376 erat
559 2348 706 2387 propter
720 2347 927 2387 peccatum:
943 2350 1016 2374 non
1029 2348 1149 2374 autem
1165 2348 1339 2386 quantum
1356 2340 1397 2374 ad
1410 2339 1642 2374 dilectionem

109 2415 113 2422 ·
154 2394 283 2443 ipsius;
303 2394 387 2442 quia
409 2402 584 2442 quantum
601 2394 644 2429 ad
664 2394 734 2428 hoc
754 2393 810 2429 lex
825 2393 997 2428 naturalis
1011 2394 1176 2439 vigebat3
1197 2393 1255 2428 vel
1270 2394 1353 2440 quia
1369 2394 1478 2428 ctiam
1495 2392 1643 2428 dilectio

95 2447 134 2475 ··’
155 2447 267 2509 ipsius
286 2447 510 2484 includitur‘
502 2459 538 2483 in
560 2447 754 2483 dilectione
774 2448 854 2490 Dei,
876 2456 910 2483 et
932 2448 1087 2509 proximi
1107 2448 1142 2482 in
1164 2448 1235 2482 hoc
1258 2448 1354 2482 enim
1378 2448 1492 2481 homo
1508 2459 1590 2482 vere
1605 2458 1643 2482 sc

27 2493 31 2501 ⁴
74 2514 81 2522 ’
106 2511 120 2530 ⁸
152 2501 209 2545 :it,
229 2501 327 2550 quod
348 2512 387 2537 se
407 2501 550 2537 ordinat
576 2502 611 2536 in
638 2502 779 2543 Deum3
807 2509 842 2537 ct
867 2501 949 2536 ideo
977 2502 1012 2536 in
1043 2502 1241 2548 praeceptis
1268 2501 1434 2546 decalogi
1462 2509 1644 2548 ponuntur

29 2583 32 2604 3
71 2573 80 2589 ι
105 2553 198 2591 lum
220 2563 412 2603 praecepta
432 2555 647 2603 pertinentia
670 2555 714 2590 ad
741 2555 961 2601 proximum,
987 2564 1021 2590 et
1050 2556 1092 2590 ad
1121 2555 1252 2590 Deum.
1281 2556 1363 2590 «nst
1364 2568 1390 2589 ·r
1416 2563 1534 2601 potest
1560 2555 1643 2596 dici,

115 2608 176 2644 ··d
198 2617 390 2657 praecepta
411 2607 578 2656 decalogi
605 2617 686 2644 sunt
711 2608 784 2651 illa,
811 2620 902 2656 quae
929 2609 1140 2643 immediate
1166 2608 1321 2656 populus
1349 2608 1473 2655 recipit
1496 2620 1514 2642 a
1542 2609 1643 2650 Deo;

91 2682 94 2689 =
114 2680 120 2693 v
137 2673 175 2698 e
195 2661 325 2699 dicitur
344 2661 454 2698 Deut.
481 2673 549 2699 10.:
571 2662 710 2710 Scripsit
729 2664 761 2697 in
780 2663 901 2698 tabulis
915 2665 1013 2709 jutta
1036 2662 1079 2704 id,
1103 2662 1188 2709 quod
1205 2664 1301 2710 prius
1326 2663 1512 2709 scripserat,
1540 2664 1642 2697 verba

189 2743 200 2759 ,
220 2726 304 2764 quae
323 2715 449 2752 locutus
467 2720 512 2752 est
531 2715 574 2751 ad
594 2728 651 2752 vos
670 2717 858 2757 Dominus,·
881 2717 975 2751 unde
997 2724 1141 2763 oportet
1161 2725 1351 2763 praccepta
1374 2715 1540 2759 decalogi
1557 2715 1642 2750 talia

189 2779 283 2817 quae
303 2769 426 2806 statim
447 2768 484 2805 in
505 2778 666 2805 mentem
689 2769 813 2818 populi
828 2771 957 2806 cadere
972 2770 1125 2818 possint:
1149 2778 1381 2817 praeceptum
1398 2778 1519 2805 autem
1535 2770 1642 2806 habet

156 2838 164 2851 ι
183 2831 260 2858 em
285 2821 406 2866 debiti,
427 2823 523 2872 qnod
551 2831 672 2859 nutem
698 2823 814 2858 homo
841 2835 881 2859 ex
908 2824 1122 2859 necessitate
1150 2824 1279 2858 debeat
1305 2823 1437 2870 aliquid
1466 2824 1558 2866 Deo,
1584 2824 1641 2858 vel

130 2893 137 2902 υ
193 2884 262 2921 uo,
276 2875 352 2914 hoc
373 2875 419 2912 de
438 2874 534 2912 sacili
556 2876 653 2913 cadit
673 2877 707 2912 in
735 2877 1211 2925 conceptionemhominis,
1233 2885 1267 2911 et
1293 2877 1484 2924 praecipue
1506 2876 1639 2912 fidelis:

83 2930 91 2935 “
110 2947 133 2955 -·
163 2927 261 2977 quod
282 2928 418 2977 aliquid
439 2939 483 2966 ex
500 2930 714 2967 necessitate
736 2930 780 2966 sit
800 2930 961 2966 debitum
983 2930 1124 2966 homini
1144 2931 1187 2966 dc
1210 2930 1276 2972 his,
1295 2941 1388 2977 quae
1403 2930 1582 2977 pertinent
1596 2930 1639 2965 ad
