1907 3198
0 156 7 227 ——v
0 72 6 106 v.

532 170 756 208 QUAES‘rro
791 170 907 201 thv.
942 169 1188 201 Alimentus
1222 169 1278 199 lv.
1609 167 1691 212 443

121 255 219 291 enim
233 262 357 290 nostra
372 253 557 301 regulatur
570 253 772 288 secundum
786 253 978 288 veritatem
993 252 1170 287 divinam:
1189 251 1345 286 charitas
1360 258 1481 285 autem
1493 250 1696 285 secundum

119 309 321 345 bonitatem
340 310 433 355 ejus:
454 319 536 355 spes
559 316 682 342 autem
703 307 906 342 secundum
928 307 1221 353 magnitudinem
1245 305 1546 352 omnipotentiae,
1570 312 1605 339 et
1625 304 1697 350 pie-

120 364 202 399 tatis
224 364 314 409 ejus:
339 371 374 398 et
394 364 462 397 ista
484 371 538 396 est
558 373 730 396 mensura
751 361 930 396 excedens
952 372 1103 395 omnem
1125 360 1328 394 humanam
1350 358 1581 400 facultatem;
1600 358 1695 392 unde

119 429 321 465 numquam
347 425 468 465 potest
493 417 608 451 homo
635 425 776 451 tantum
804 415 954 462 diligere
982 415 1116 457 Deum,
1144 422 1320 460 quantum
1349 413 1449 459 diligi
1477 412 1599 454 debet;
1627 423 1695 446 nec

119 479 257 506 tantum
282 471 440 513 credere,
459 478 520 505 aut
541 481 685 517 sperare
704 470 739 504 in
763 471 893 516 ipsum,
913 477 1088 515 quantum
1108 468 1233 510 debet;
1252 467 1347 501 unde
1363 467 1479 501 multo
1500 466 1620 500 minus
1635 477 1697 512 po-

118 533 188 561 test
203 526 253 560 ibi
270 537 348 561 esse
370 536 557 560 excessus:
580 533 615 559 et
635 525 685 559 sic
708 524 846 558 bonum
861 523 942 558 talis
964 523 1104 557 virtutis
1123 533 1198 557 non
1221 521 1386 556 consistit
1407 521 1442 555 in
1465 521 1611 555 medio:
1632 520 1694 554 sed

117 587 220 614 tanto
240 587 294 614 est
310 579 451 622 melius,
474 587 610 626 quanto
633 578 750 624 magis
773 577 956 612 acceditur
979 577 1021 611 ad
1045 587 1243 611 summum.
1268 575 1350 611 Alia
1371 586 1458 609 vero
1481 573 1618 620 regula,
1638 573 1696 608 vel

118 644 289 668 mensura
302 633 442 668 virtutis
455 633 689 680 theologicae
704 641 756 667 est
771 644 813 666 ex
828 640 928 678 parte
950 640 1092 666 nostra:
1116 632 1200 677 quia
1223 631 1289 665 etsi
1311 641 1384 664 non
1401 640 1596 676 possumus
1610 627 1696 664 ferri

117 687 154 722 in
174 687 309 730 Deum,
332 695 509 734 quantum
531 687 721 722 debemus:
745 686 918 721 debemus
946 693 1069 720 tamen
1091 684 1173 719 ferri
1200 684 1236 719 in
1259 685 1378 731 ipsum
1402 683 1596 725 credendo,
1620 694 1696 730 spe-

116 741 243 784 rando,
265 749 300 776 et
322 741 480 776 amando
499 741 703 776 secundum
725 750 936 775 mensuram
964 747 1110 774 nostrae
1133 738 1374 781 conditionis;
1402 738 1496 772 unde
1519 748 1582 784 per
1603 738 1696 771 acci-

116 795 205 831 dens
230 802 350 842 potest
375 796 413 830 in
438 796 570 830 virtute
592 794 804 842 theologica
832 794 1054 829 considerari
1082 793 1257 837 medium,
1281 801 1316 828 et
1341 800 1504 827 extrema
1530 803 1571 826 ex
1594 799 1694 838 parte

115 857 251 885 nostra.

188 904 250 939 AD
263 914 414 939 PRIMUM
437 914 525 950 ergo
548 903 756 945 dicendum,
770 902 868 949 quod
882 902 1020 937 bonum
1036 901 1208 936 virtutum
1233 899 1548 943 intellectualium,
1567 908 1602 934 et
1619 911 1696 934 mo·

115 957 246 994 ralium
261 958 425 994 consistit
440 959 475 992 in
490 958 612 993 medio
627 969 690 1005 per
704 957 1001 992 conformitatem
1018 956 1061 991 ad
1077 955 1254 1002 regulam,
1269 955 1327 991 vel
1338 966 1561 997 mensuram,
1584 965 1693 1001 quam

113 1012 368 1048 transcendere
383 1012 579 1059 contingit:
595 1012 692 1059 quod
707 1023 782 1047 non
797 1019 850 1046 est
864 1011 899 1045 in
915 1011 1106 1046 virtutibus
1116 1010 1349 1057 theologicis,
1366 1021 1428 1057 per
1443 1020 1480 1044 se
1495 1008 1694 1055 loquendo,

116 1073 155 1102 ut
175 1066 314 1101 dictum
337 1074 391 1101 est
409 1066 460 1111 (in
482 1067 603 1113 corp).

187 1121 248 1156 AD
266 1130 474 1156 SECUNDUM
493 1119 701 1162 dicendum,
716 1120 814 1167 quod
828 1119 978 1154 virtutes
992 1118 1163 1161 morales,
1179 1127 1214 1153 et
1227 1117 1492 1153 intellectuales
1505 1117 1695 1165 perficiunt

115 1173 354 1217 intellectum,
373 1182 408 1209 et
426 1174 626 1221 appetitum
649 1182 815 1209 nostrum
837 1174 873 1208 in
900 1173 1027 1208 ordine
1046 1173 1090 1207 ad
1113 1184 1336 1215 mensuram,
1358 1181 1393 1207 et
1414 1172 1579 1219 regulam
1599 1183 1695 1206 crea-

115 1236 210 1264 tam:
231 1229 381 1263 virtutes
403 1236 524 1263 autem
546 1228 779 1274 theologicae
802 1228 838 1262 in
861 1227 988 1262 ordine
1011 1227 1054 1261 ad
1071 1238 1293 1269 mensuram,
1316 1235 1351 1261 et
1371 1226 1538 1273 regulam
1559 1226 1696 1260 increa-

116 1290 213 1325 tam;
235 1282 330 1317 unde
351 1293 427 1317 non
448 1291 502 1317 est
523 1282 651 1317 similis
674 1282 776 1316 ratio.

188 1336 249 1371 AD
268 1346 440 1372 'ri-:rmum
455 1336 663 1377 dicendum,
679 1336 776 1382 quod
791 1347 872 1382 spes
895 1343 949 1370 est
970 1335 1090 1370 media
1104 1335 1198 1370 inter
1220 1335 1568 1382 praesumptionem,
1587 1343 1622 1370 et
1636 1335 1694 1370 de-

114 1390 359 1437 sperationem
381 1401 424 1425 ex
446 1398 546 1437 parte
567 1397 710 1433 nostra;
737 1390 955 1437 inquantum
981 1389 1121 1424 scilicet
1142 1389 1272 1436 aliquis
1299 1401 1532 1436 praesumere
1561 1390 1692 1424 dicitur

115 1454 158 1478 ex
179 1454 224 1479 eo
246 1443 343 1490 quod
359 1451 479 1490 sperat
497 1455 515 1478 a
530 1443 613 1478 Deo
627 1444 778 1486 bonum,
793 1444 890 1490 quod
911 1443 1052 1479 excedit
1073 1455 1177 1478 suam
1201 1444 1471 1486 conditionem;
1489 1443 1547 1478 vel
1569 1444 1691 1490 despe-

113 1507 204 1541 rare,
223 1497 307 1544 quia
327 1509 402 1532 nou
424 1505 544 1544 sperat
557 1498 656 1545 quod
677 1499 879 1532 secundum
899 1509 1001 1532 suam
1023 1498 1274 1533 conditionem
1294 1509 1438 1544 sperare
1461 1507 1692 1544 possetznon

113 1558 235 1586 autem
255 1559 376 1598 potest
397 1563 475 1586 esse
502 1552 832 1598 superabundantia
855 1552 931 1599 spei
953 1564 996 1586 ex
1018 1561 1118 1599 parte
1145 1552 1227 1594 Dei,
1255 1553 1356 1597 cujus
1378 1552 1521 1587 bonitas
1544 1561 1597 1588 est
1619 1552 1693 1587 infi—

111 1605 198 1640 nita.
218 1605 393 1640 Similiter
411 1606 522 1641 etiam
539 1605 628 1641 fides
650 1614 703 1641 est
726 1607 845 1641 media
868 1607 960 1640 inter
983 1606 1184 1641 contrarias
1206 1606 1396 1649 haereses3
1419 1618 1493 1641 non
1513 1618 1576 1653 per
1595 1618 1693 1641 com-

111 1659 340 1706 parationem
361 1660 406 1695 ad
427 1660 624 1707 objectum,
644 1660 741 1707 quod
759 1668 812 1695 est
824 1660 938 1702 Deus,
954 1661 1012 1694 cui
1027 1672 1102 1695 non
1117 1668 1236 1707 potest
1251 1660 1380 1707 aliquis
1396 1661 1506 1695 nimis
1525 1661 1692 1703 credere3

111 1713 173 1749 sed
194 1713 411 1761 inquantum
437 1714 515 1760 ipsa
534 1715 660 1762 opinio
682 1715 844 1749 humana
866 1723 920 1750 est
941 1715 1062 1750 media
1085 1715 1177 1750 inter
1199 1715 1400 1750 contrarias
1428 1715 1631 1762 opiniones,
1655 1724 1692 1750 ut

111 1778 154 1803 ex
175 1768 390 1815 supradictis
411 1776 510 1816 patet
530 1769 614 1815 (art.
631 1775 745 1816 praec.
768 1769 811 1803 ad
828 1770 886 1816 3.).

615 2090 975 2152 QUAESTIO
1018 2091 1176 2138 LXV.

110 2221 174 2254 DE
212 2221 528 2254 CONNEXIONE
567 2221 832 2262 VIRTUTUM,
864 2222 914 2253 IN
954 2221 1174 2262 QUINQUE
1216 2220 1480 2253 ARTICULOS
1509 2221 1683 2253 DWISA.

179 2364 323 2400 Deinde
345 2364 654 2400 considerandum
676 2372 730 2399 est
752 2364 796 2399 de
818 2364 1046 2399 connexione
1068 2364 1254 2399 virtutum.

578 2455 622 2490 Et
644 2456 737 2490 circa
757 2455 815 2490 hoc
837 2460 1045 2502 quaeruntur
1067 2456 1220 2502 quinque.

180 2526 318 2561 Primo.
342 2526 475 2561 Utrum
495 2526 645 2561 virtutes
667 2525 827 2562 morales
849 2527 920 2561 sint
942 2528 985 2561 ad
1009 2527 1167 2561 invicem
1191 2538 1389 2561 connexae.

181 2579 364 2616 Secundo.
387 2580 521 2615 Utrum
541 2581 690 2615 virtutes
713 2580 871 2615 morales
893 2581 1032 2627 possint
1053 2592 1131 2615 esse
1153 2581 1229 2615 sine
1253 2581 1438 2615 charitate.

181 2633 320 2669 Tertio.
344 2633 477 2668 Utrum
499 2634 655 2668 charitas
679 2634 792 2680 possit
814 2646 891 2669 esse
914 2635 990 2670 sine
1013 2635 1076 2670 eis.

181 2687 337 2729 Quarto.
361 2687 493 2722 Utrum
515 2687 615 2729 fides,
637 2696 672 2722 et
693 2699 772 2734 spes
795 2689 934 2735 possint
956 2700 1034 2724 csse
1057 2689 1133 2723 sine
1156 2688 1342 2723 charitate.

182 2741 335 2783 Quinto.
355 2741 487 2776 Utrum
510 2741 668 2776 charitas
689 2742 803 2788 possit
824 2753 901 2777 esse
923 2743 1000 2778 sinc
1023 2743 1086 2778 eis.
