1907 3198
510 180 735 217 QUAESTIO
767 180 856 211 XCI.
891 180 1136 211 ARTICULUS
1169 180 1225 210 1v.
1557 170 1638 224 653

148 272 181 298 2.
202 262 441 299 PRAETEREA.
464 261 576 298 Eccli.
603 273 654 308 15.
677 262 818 307 dicitur,
839 263 937 310 quod
956 264 1047 299 Deus
1067 262 1192 298 dimisit
1213 262 1378 298 hominem
1400 263 1434 296 in
1452 273 1555 297 manu
1570 274 1646 298 con-

76 316 145 353 sitii
156 318 210 352 sui
219 329 230 352 .·
249 316 443 352 consilium
460 325 582 351 autem
597 325 650 352 est
664 325 764 352 actus
778 317 939 359 rationis,
955 325 993 351 ut
1006 328 1112 364 supra
1126 316 1291 351 habitum
1307 323 1360 350 est
1376 315 1421 362 (q.
1437 326 1488 361 14.
1504 321 1570 351 art.
1585 317 1646 362 1.),·

78 381 167 418 ergo
192 370 308 406 homo
330 370 500 405 dimissus
530 378 584 406 est
612 370 883 417 gubernationis
905 382 991 406 suae
1014 370 1186 405 rationis:
1210 369 1271 405 sed
1293 370 1475 404 dictamen
1498 369 1648 404 rationis

77 423 261 460 humanae
283 432 337 459 est
357 423 413 458 lex
435 424 607 466 humana,
626 432 664 459 ut
685 424 821 459 dictum
840 432 894 459 est
916 424 996 469 (art.
1010 425 1161 471 praec.);
1184 434 1272 470 ergo
1290 434 1365 458 non
1387 431 1530 470 oportet
1550 423 1648 470 quod

77 476 194 514 homo
215 477 335 524 aliqua
356 477 437 524 lege
458 477 579 512 divina
601 477 830 524 gubernetur.

152 543 182 579 3.
203 531 440 568 PRAETEREA.
462 532 599 567 Natura
621 533 782 567 humana
805 542 858 568 est
880 532 1115 568 sufficientior
1132 532 1436 568 irrationabilibus
1455 531 1647 566 creaturis:

78 585 141 622 sed
162 586 388 622 irrationales
409 595 594 622 creaturae
616 597 690 621 non
712 587 847 622 habent
873 587 1031 634 aliquam
1059 587 1180 633 legem
1202 587 1361 621 divinam
1389 594 1531 633 praeter
1552 585 1650 620 incli-

77 638 266 676 nationem
287 639 490 675 naturalem
512 640 563 675 eis
584 640 753 682 inditam;
775 651 863 687 ergo
883 640 999 675 multo
1018 641 1137 675 minus
1156 649 1319 675 creatura
1338 639 1523 674 rationalis
1545 639 1650 674 debet

77 692 213 729 habere
234 693 394 741 aliquam
415 693 536 740 legem
557 693 716 728 divinam
738 702 882 740 praeter
902 694 1105 729 naturalem
1127 693 1259 741 legem.

151 745 227 782 San
260 757 415 783 coerA
449 754 515 790 est,
548 746 645 794 quod
678 747 796 782 David
825 748 957 794 expetit
990 747 1111 794 legem
1145 759 1165 782 a
1199 748 1280 783 Deo
1307 747 1373 782 sibi
1399 746 1498 795 poni,
1525 746 1649 781 dicens

79 799 175 836 Psal.
205 800 302 837 118.:
323 801 440 848 Legem
457 807 544 849 pone
564 801 659 844 mihi,
683 802 840 845 Domine,
861 804 954 836 viam
977 803 1254 848 justificationum
1281 806 1426 836 tuarum.

149 854 379 891 Ruspounno
393 855 600 897 dicendum,
616 855 713 901 quod
728 864 869 902 praeter
890 855 1009 902 legem
1024 855 1238 898 naturalem,
1255 864 1289 891 et
1302 854 1422 901 legem
1437 854 1650 896 humanam,

78 908 323 944 necessarium
353 907 419 944 fuit
448 909 492 943 ad
519 908 758 944 directionem
785 909 968 945 humanae
994 909 1089 944 vitae
1111 909 1245 944 habere
1267 908 1386 956 legem
1409 908 1580 943 divinam.
1606 907 1652 942 Et

78 962 151 998 hoc
171 970 320 1010 propter
339 967 483 1009 quatuor
502 962 672 997 rationes.
697 963 812 997 Primo
834 963 994 1009 quidem,
1016 963 1100 1010 quia
1122 975 1186 1010 per
1207 962 1327 1009 legem
1350 962 1514 1008 dirigitur
1534 962 1650 996 homo

79 1015 124 1052 ad
144 1022 246 1051 actus
266 1016 434 1063 proprios
453 1015 490 1050 in
512 1015 639 1050 ordine
662 1015 706 1050 acl
728 1015 898 1051 ultimum
925 1015 1053 1052 finem:
1081 1024 1117 1051 et
1141 1018 1169 1051 si
1196 1016 1343 1063 quidem
1370 1015 1485 1050 homo
1507 1015 1652 1050 ordina-

78 1076 177 1105 retur
194 1077 337 1104 tantum
364 1069 408 1104 ad
434 1069 557 1112 finem,
584 1070 645 1116 qui
671 1081 745 1104 non
768 1070 958 1106 excederet
979 1070 1255 1117 proportionem
1278 1069 1451 1104 naturalis
1471 1068 1652 1104 facultatis

78 1122 253 1166 hominis,
273 1133 349 1158 non
369 1130 555 1170 oporteret
576 1123 674 1170 quod
696 1123 811 1158 homo
833 1123 982 1159 haberet
1012 1123 1146 1171 aliquid
1173 1123 1388 1159 directivum
1411 1135 1453 1158 ex
1479 1131 1580 1170 parte
1601 1133 1653 1157 ra-

78 1175 189 1212 tionis
209 1187 317 1224 supra
337 1176 459 1222 legem
479 1176 694 1220 naturalem,
717 1185 752 1212 et
773 1177 893 1223 legem
919 1177 1129 1212 humanitus
1155 1177 1325 1224 positam,
1352 1188 1444 1224 quae
1467 1176 1510 1210 ab
1532 1187 1574 1211 ea
1596 1176 1654 1210 de·

79 1229 233 1265 rivatur:
255 1229 319 1265 sed
336 1229 421 1277 quia
438 1230 553 1265 homo
572 1231 757 1265 ordinatur
777 1231 820 1264 ad
839 1230 950 1266 finem
964 1230 1194 1266 beatitudinis
1210 1238 1389 1272 aeternae,
1407 1241 1499 1277 quae
1514 1230 1654 1264 excedit

79 1284 353 1330 proportionem
367 1283 541 1318 naturalis
555 1282 734 1318 facultatis
748 1284 944 1327 humanae,
959 1292 997 1318 ut
1011 1295 1119 1331 supra
1140 1284 1305 1319 habitum
1328 1293 1382 1319 est
1404 1284 1450 1330 (q.
1461 1295 1490 1330 5.
1505 1289 1570 1319 art.
1582 1284 1651 1330 5.),·

79 1335 163 1371 ideo
187 1336 434 1372 necessarium
459 1336 536 1379 fuit,
562 1344 602 1372 ut
625 1348 734 1383 supra
760 1337 882 1383 legem
908 1337 1125 1380 naturalem,
1152 1345 1187 1372 et
1212 1338 1414 1372 humanam
1441 1337 1653 1383 dirigeretur

80 1389 192 1425 etiam
213 1389 258 1426 ad
277 1400 385 1426 suum
397 1389 508 1426 finem
530 1389 611 1437 lege
625 1390 796 1425 divinitus
811 1391 904 1425 data.
918 1391 1078 1433 Secundo,
1093 1393 1176 1438 quia
1195 1399 1343 1438 propter
1360 1391 1651 1426 incenitudinem

79 1443 232 1479 humani
251 1443 386 1490 judicii,
400 1444 592 1491 praecipue
611 1444 655 1478 de
673 1444 779 1479 rebus
798 1445 1105 1491 contingentibus,
1124 1453 1159 1480 et
1173 1445 1460 1492 particularibus,
1476 1445 1654 1490 contingit

79 1495 126 1532 de
146 1496 285 1532 actibus
305 1497 476 1533 humanis
493 1498 722 1533 diversorum
737 1509 814 1533 esse
831 1498 972 1534 diversa
987 1499 1131 1544 judicia,
1145 1510 1189 1534 ex
1203 1499 1332 1545 quibus
1351 1499 1460 1533 etiam
1479 1499 1653 1541 diversae,

79 1557 117 1586 et
135 1550 339 1586 contrariae
358 1550 459 1598 leges
479 1551 698 1598 procedunt3
725 1559 763 1586 ut
789 1563 877 1598 ergo
896 1552 1011 1587 homo
1035 1552 1169 1599 absque
1192 1552 1294 1587 omni
1316 1552 1539 1587 dubitatione
1562 1552 1653 1586 scire

78 1603 205 1652 possit,
221 1603 306 1651 quid
325 1604 359 1639 ei
375 1604 422 1639 sit
442 1604 635 1652 agendum,
655 1613 690 1640 et
706 1605 791 1652 quid
813 1606 1013 1648 vitandum,
1034 1606 1282 1641 necessarium
1300 1605 1376 1648 fuit,
1399 1614 1437 1641 ut
1458 1606 1494 1641 in
1516 1605 1654 1640 actibus

78 1657 234 1705 propriis
253 1657 467 1705 dirigeretur
487 1669 551 1705 per
571 1657 691 1705 legem
713 1658 883 1694 divinitus
905 1660 1039 1702 datam,
1059 1660 1102 1695 de
1121 1671 1192 1706 qua
1211 1668 1363 1704 constat,
1382 1659 1480 1707 quod
1497 1671 1572 1694 non
1594 1670 1656 1706 po-

78 1718 150 1747 test
174 1721 304 1746 errare.
340 1711 467 1755 Tertio,
494 1711 578 1758 quia
599 1712 643 1746 de
669 1711 726 1747 his
748 1720 868 1759 potest
888 1712 1004 1748 homo
1025 1712 1147 1759 legem
1169 1712 1300 1755 facere,
1322 1714 1365 1748 de
1387 1714 1515 1760 quibus
1537 1721 1656 1760 potest

78 1764 263 1812 judicare3
292 1765 468 1812 judicium
498 1774 620 1801 autem
646 1765 807 1801 hominis
834 1778 912 1802 esse
938 1778 1012 1801 non
1040 1775 1158 1814 potest
1184 1768 1228 1802 de
1255 1767 1483 1802 interioribus
1505 1767 1655 1809 actibus,

79 1818 142 1866 qui
166 1817 291 1862 latent,
319 1819 382 1854 sed
407 1818 529 1854 solum
555 1819 599 1854 de
627 1819 863 1855 exterioribus
890 1821 1061 1863 motibus,
1095 1821 1156 1867 qui
1183 1829 1374 1868 apparent;
1400 1830 1435 1856 et
1460 1829 1583 1856 tamen
1610 1821 1654 1855 ad

79 1870 341 1920 perfectionem
361 1872 502 1908 virtutis
523 1872 726 1919 requiritur,
740 1874 837 1920 quod
854 1874 888 1908 in
904 1874 1064 1921 utrisque
1079 1874 1217 1909 actibus
1234 1875 1350 1909 homo
1368 1882 1486 1910 rectus
1508 1875 1654 1917 existat;

80 1932 118 1961 et
141 1925 225 1961 ideo
250 1925 307 1961 lex
333 1925 495 1961 humana
519 1937 595 1961 non
620 1927 737 1973 potuit
763 1926 946 1969 cohibere,
969 1936 1004 1962 et
1029 1928 1198 1963 ordinare
1221 1927 1442 1963 sufficienter
1467 1929 1655 1964 interiores

81 1986 206 2023 actus3
231 1979 294 2014 sed
321 1980 569 2015 necessarium
599 1978 676 2021 fuit,
703 1979 800 2026 quod
832 1981 875 2015 ad
906 1981 977 2015 hoc
1005 1982 1252 2028 superveniret
1273 1982 1328 2017 lex
1350 1982 1482 2016 divina.
1507 1983 1654 2027 Quarto,

81 2033 178 2080 quia,
197 2032 293 2068 sicut
311 2032 538 2080 Augustinus
559 2033 646 2068 dicit
663 2033 699 2067 in
721 2044 749 2068 1.
765 2033 809 2068 de
828 2033 958 2069 Libero
978 2034 1137 2069 Arbitrio
1151 2037 1240 2082 (cap.
1255 2040 1324 2082 5.ct
1338 2037 1401 2081 6.),
1424 2035 1479 2070 lex
1494 2035 1655 2070 humana

81 2096 157 2122 non
177 2093 296 2133 potest
315 2086 441 2121 omnia
466 2097 559 2133 quae
581 2085 677 2121 male
696 2086 796 2129 fiunt,
819 2087 957 2134 punire,
975 2087 1034 2122 vel
1056 2088 1271 2135 prohibere:
1295 2089 1379 2135 quia
1400 2089 1487 2123 dum
1514 2089 1654 2124 auferre

81 2138 193 2175 vellet
211 2139 337 2175 omnia
362 2139 471 2183 mala,
492 2147 703 2187 sequeretur
723 2141 820 2187 quod
843 2141 953 2176 etiam
975 2141 1090 2176 multa
1110 2142 1207 2177 bona
1233 2142 1458 2185 tollerentur,
1485 2151 1520 2178 et
1546 2144 1655 2190 impe-

41 2197 43 2203 ‘
83 2193 218 2229 ditetur
253 2192 387 2229 utilitas
418 2193 506 2228 boni
532 2193 752 2236 communis,
782 2195 880 2241 quod
909 2203 962 2230 est
988 2196 1235 2231 necessarium
1263 2196 1307 2230 ad
1339 2197 1654 2232 conservationem

82 2246 304 2290 humanam3
325 2255 364 2282 ut
388 2258 476 2294 ergo
502 2246 642 2282 nullum
670 2247 809 2282 malum
835 2248 1123 2295 improhibitum‚
1150 2258 1185 2284 et
1211 2250 1430 2297 impunitum
1456 2259 1656 2294 remaneat,

83 2300 329 2336 necessarium
348 2299 416 2336 fuit
435 2301 667 2348 supervenire
688 2301 808 2347 legem
831 2302 1004 2345 divinam,
1031 2314 1094 2350 per
1119 2315 1229 2350 quam
1250 2304 1375 2339 omnia
1402 2313 1551 2351 peccata
1577 2316 1656 2352 pro-

83 2354 263 2391 hibentur.
283 2353 328 2391 Et
347 2354 437 2392 istae
457 2361 602 2402 quatuor
624 2366 754 2390 causae
775 2364 972 2402 tanguntur
993 2357 1028 2392 in
1051 2357 1146 2392 Psal.
1170 2357 1222 2393 18.
1246 2358 1306 2392 ubi
1327 2358 1474 2393 dicitur:
1497 2359 1566 2394 Let
1588 2359 1657 2393 Do-

83 2409 169 2445 mini
187 2408 419 2452 immaculata,
446 2408 481 2444 id
510 2417 564 2444 est
592 2408 731 2443 null-un
762 2411 900 2456 peccati
926 2410 1187 2457 turpitudinem
1210 2411 1441 2458 permittens:
1464 2417 1657 2447 conteret-ns

83 2462 226 2505 am‘mas,
247 2462 332 2509 quia
352 2473 427 2497 non
445 2461 564 2497 solum
587 2463 783 2497 exteriores
804 2471 916 2508 actus,
938 2464 999 2499 sed
1022 2464 1132 2499 etiam
1150 2465 1338 2499 interiores
1358 2465 1494 2510 dirigit:
1518 2467 1657 2500 &tetimo-

82 2516 179 2551 nium
196 2515 339 2551 Domini
355 2515 464 2563 fidele,
487 2524 634 2563 propter
659 2516 912 2552 certitudinem
933 2517 1105 2560 veritatis,
1128 2526 1162 2553 et
1190 2519 1430 2553 rectitudinis:
1458 2521 1655 2566 sapientiam

82 2574 259 2618 praestans
277 2569 447 2617 parvulis,
464 2569 679 2616 inquantum
703 2569 846 2605 ordinat
867 2570 1056 2606 hominem
1085 2571 1129 2606 ad
1150 2571 1462 2619 supernaturalem
1482 2572 1603 2615 finem,
1623 2580 1658 2607 et

84 2621 264 2658 divinum.

159 2676 223 2712 An
241 2685 392 2712 ιηιικυιι
413 2687 501 2723 ergo
523 2676 730 2718 dicendum,
752 2677 848 2724 quod
870 2689 934 2724 per
955 2678 1159 2714 naturalem
1190 2679 1310 2724 legem
1339 2679 1573 2727 participatur
1599 2680 1657 2716 lex

85 2736 234 2766 aeterna
253 2729 453 2765 secundum
479 2729 754 2777 proportionem
782 2732 991 2778 capacitatis
1014 2732 1197 2767 humanae
1219 2741 1387 2768 naturae:
1411 2734 1472 2768 sed
1500 2742 1657 2780 oportet,

87 2790 128 2819 nt
147 2781 266 2819 altiori
286 2782 400 2818 modo
419 2782 593 2829 dirigatur
618 2783 733 2818 horno
763 2783 798 2818 in
822 2784 990 2820 ultimum
1017 2785 1126 2821 finem
1153 2786 1483 2833 supernaturalem3
1511 2796 1545 2823 et
1573 2788 1656 2823 idco

87 2835 339 2884 superaddimr
354 2835 412 2872 lex
421 2835 593 2872 divinitus
607 2837 701 2878 data,
715 2848 778 2884 per
791 2849 900 2885 quam
915 2838 971 2874 lex
986 2847 1130 2874 aeterna
1147 2840 1382 2887 participatur
1397 2840 1516 2876 altiori
1532 2842 1656 2877 modo.

159 2889 450 2927 Autumnum!
474 2890 681 2934 dicendum,
706 2892 803 2938 quod
830 2892 1025 2928 consilium
1046 2902 1100 2929 est
1126 2894 1312 2940 inquisitio
1335 2895 1539 2942 quaedam3
1562 2897 1657 2931 unde
