1907 3182
237 147 319 187 262
632 156 850 191 QUAESTIO
883 156 1029 184 XXXIV.
1063 154 1307 184 ARTICULUS
1341 154 1397 184 IV.

234 237 390 284 perfecte
410 238 518 280 bona,
539 237 608 271 nisi
630 237 738 272 etiam
761 237 851 271 adsit
873 236 1065 270 delectatio
1088 236 1124 269 in
1147 236 1256 277 bonO,
1279 247 1364 269 nam
1385 235 1526 270 bonitas
1548 235 1600 269 rei
1620 235 1798 282 dependet

233 303 275 325 ex
296 291 382 326 fine:
406 300 440 326 et
460 292 510 326 sic
533 290 807 337 quodammodo
830 290 971 324 bonitas
993 289 1243 323 delectationis
1263 296 1315 323 est
1337 300 1444 324 causa
1465 289 1636 323 bonitatis
1657 290 1693 323 in
1715 300 1797 335 ope-

234 345 384 379 ratione.

709 629 1064 690 QUAESTIO
1106 628 1327 676 XXXV.

481 766 545 797 DE
582 765 787 803 DOLORE,
829 764 888 795 ET
925 764 1159 795 TRISTITIA
1197 763 1457 795 SECUNDUM
1489 764 1556 802 SE,

659 836 710 866 IN
749 835 871 867 OCTO
903 835 1164 867 ARTICULOS
1191 835 1365 865 DIVISA.

303 982 444 1017 Deinde
467 981 770 1016 considerandum
789 989 842 1016 est
862 981 905 1015 de
927 981 1065 1024 dolore,
1088 989 1122 1016 et
1142 981 1294 1016 tristitia.

303 1036 347 1070 Et
370 1036 463 1070 circa
485 1036 575 1070 hoc:
593 1037 706 1082 primo
728 1035 1031 1070 considerandum
1054 1042 1106 1069 est
1127 1035 1170 1068 de
1192 1034 1343 1078 tristitia,
1365 1046 1427 1069 seu
1449 1033 1576 1069 dolore
1596 1033 1796 1068 secundum

233 1102 286 1124 se:
309 1089 444 1124 secundo
460 1089 502 1123 de
519 1089 635 1123 causis
651 1090 744 1134 ejus:
766 1091 859 1123 tertio
875 1088 918 1122 de
938 1088 1122 1123 effectibus
1140 1088 1267 1134 ipsius:
1287 1093 1404 1134 quarto
1423 1088 1466 1122 de
1484 1088 1669 1123 remediis:
1685 1089 1796 1134 quinto

232 1144 274 1178 de
296 1143 468 1185 bonitate,
490 1142 548 1177 vel
570 1142 707 1177 malitia
729 1144 815 1188 ejus.

718 1233 819 1267 Circa
832 1233 985 1279 primum
1006 1236 1212 1278 quaeruntur
1234 1236 1314 1266 octo.

301 1305 436 1339 Primo.
460 1304 592 1338 Utrum
615 1303 720 1338 dolor
741 1304 785 1338 sit
806 1304 925 1349 passio
948 1303 1101 1338 animae.

302 1358 482 1392 Secundo.
506 1358 637 1392 Utrum
658 1358 801 1391 tristitia
822 1359 866 1391 sit
888 1357 995 1399 idem,
1018 1357 1115 1402 quod
1137 1356 1253 1391 dolor.

301 1411 440 1447 Tertio.
460 1412 592 1445 Utrum
614 1411 766 1453 tristitia,
786 1422 848 1445 seu
870 1410 987 1452 dolor,
1009 1411 1078 1444 sint
1101 1410 1280 1445 contraria
1303 1409 1545 1444 delectationi.

303 1465 457 1506 Quarto.
480 1466 611 1499 Utrum
631 1465 750 1499 omnis
771 1464 913 1498 tristitia
935 1464 1036 1498 omni
1057 1463 1289 1498 delectationi
1309 1463 1556 1497 contrarietur.

303 1519 454 1560 Quinto.
478 1519 609 1553 Utrum
632 1518 864 1552 delectationi
886 1517 1210 1565 contemplationis
1227 1518 1270 1551 sit
1292 1516 1411 1562 aliqua
1437 1517 1577 1551 tristitia
1605 1517 1794 1551 contraria.

302 1573 423 1607 Sexto.
447 1573 579 1607 Utrum
601 1572 717 1616 magis
740 1571 909 1617 fugienda
931 1571 975 1605 sit
995 1571 1147 1612 tristitia,
1171 1582 1281 1617 quam
1304 1569 1496 1604 delectatio
1519 1570 1731 1616 appetenda.

301 1626 475 1672 Septimo.
500 1626 631 1660 Utrum
654 1625 759 1659 dolor
781 1625 937 1659 exterior
958 1625 1003 1659 sit
1029 1625 1158 1670 maior,
1181 1635 1291 1670 quam
1313 1623 1419 1658 dolor
1441 1623 1601 1658 interior.

301 1680 458 1715 Octavo.
480 1680 536 1714 De
558 1679 744 1726 speciebus
766 1678 941 1713 tristitiae.

801 1817 1148 1863 ARTICULUS
1183 1818 1216 1861 Ῑ.
1732 1831 1796 1878 198

611 1926 763 1956 UTRUM
787 1926 938 1957 DOLOR
967 1926 1035 1956 SIT
1062 1925 1211 1955 PASSIO
1235 1925 1414 1956 ANIMAE.

529 2013 639 2059 (Part.
660 2026 687 2060 3.
710 2026 738 2059 q.
755 2025 807 2060 34.
830 2019 893 2049 art.
916 2015 948 2050 8.
970 2019 998 2049 et
1018 2026 1049 2060 9.
1069 2019 1099 2050 et
1120 2027 1148 2060 q.
1171 2015 1219 2061 85.
1243 2019 1306 2048 art.
1329 2027 1356 2050 Ι.
1376 2015 1498 2061 corp).

302 2102 362 2137 AD
384 2113 533 2137 PRtMUM
555 2102 606 2136 sic
628 2102 844 2148 proceditur.
867 2102 1029 2145 Videtur,
1057 2103 1154 2149 quod
1181 2102 1287 2137 dolor
1311 2114 1387 2137 non
1413 2103 1458 2138 sit
1484 2103 1604 2149 passio
1632 2103 1795 2146 animae3

230 2155 329 2190 nulla
351 2156 449 2190 enim
471 2156 591 2202 passio
614 2156 756 2190 animae
777 2165 829 2191 est
850 2157 886 2190 in
909 2168 1080 2203 corpore:
1104 2158 1166 2191 sed
1189 2157 1294 2191 dolor
1315 2165 1434 2204 potest
1455 2168 1532 2192 esse
1558 2157 1595 2191 in
1623 2168 1794 2204 corpore:

231 2210 317 2244 dicit
339 2209 436 2243 enim
458 2209 552 2253 Aug.
576 2210 611 2243 in
634 2209 693 2243 lib.
716 2210 759 2243 de
782 2210 877 2244 Vera
899 2210 1016 2255 Relig.
1040 2211 1128 2257 (cap.
1152 2223 1200 2246 12.
1223 2217 1348 2257 parum
1366 2212 1538 2257 aprina),
1561 2211 1659 2257 quod
1678 2211 1795 2253 dolor,

231 2263 292 2309 qui
313 2263 441 2297 dicitur
456 2263 630 2309 corporis,
650 2271 702 2297 est
718 2264 900 2310 corruptio
917 2265 1102 2310 repentina
1118 2264 1241 2299 salutis
1257 2266 1332 2310 ejus
1347 2265 1409 2307 rei,
1425 2276 1534 2311 quam
1550 2264 1645 2299 male
1660 2265 1794 2300 utendo

231 2317 352 2352 anima
375 2318 597 2363 corruptioni
620 2317 703 2351 secit
725 2318 940 2360 obnoxiam3
960 2330 1047 2363 ergo
1070 2319 1175 2353 dolor
1196 2330 1270 2353 non
1293 2327 1345 2353 est
1367 2319 1486 2365 passio
1509 2319 1664 2353 animae.

303 2381 334 2404 2.
358 2371 593 2405 PRAETEREA.
620 2370 754 2405 Omnis
783 2372 903 2417 passio
932 2372 1074 2406 animae
1102 2372 1255 2418 pertinet
1283 2372 1325 2406 ad
1352 2372 1427 2406 vim
1454 2372 1706 2419 appetitivam:
1733 2373 1795 2407 sed

232 2423 337 2458 dolor
355 2435 431 2458 non
454 2425 607 2470 pertinet
629 2424 672 2458 ad
695 2425 769 2457 vim
793 2426 1038 2471 appetitivam,
1061 2426 1122 2460 sed
1146 2426 1262 2472 magis
1286 2426 1329 2460 ad
1357 2426 1680 2472 apprehensivam:
1709 2426 1796 2460 dicit

234 2478 331 2512 enim
354 2478 449 2523 Aug.
478 2478 512 2511 in
540 2477 599 2511 lib.
627 2478 671 2511 de
698 2478 834 2512 Natura
863 2479 955 2512 Boni
983 2480 1072 2526 (cap.
1100 2491 1154 2514 20.
1175 2485 1250 2526 post
1271 2480 1414 2526 prima),
1442 2480 1539 2526 quod
1567 2479 1733 2514 dolorem
1759 2480 1795 2514 in

233 2543 385 2577 corpore
407 2531 493 2566 facit
514 2542 638 2566 sensus
661 2531 828 2565 resistens
852 2533 996 2578 corpori
1020 2533 1235 2579 potentiori3
1257 2544 1344 2579 ergo
1367 2533 1473 2567 dolor
1499 2544 1573 2568 non
1596 2541 1649 2568 est
1675 2533 1794 2579 passio

234 2596 387 2619 animae.

308 2650 335 2684 3.
359 2639 595 2673 PRAETEREA.
625 2639 758 2673 Omnis
786 2639 905 2684 passio
933 2640 1075 2674 animae
1103 2641 1256 2686 pertinet
1284 2640 1326 2674 ad
1355 2641 1553 2687 appetitum
1581 2639 1794 2674 animalem:

234 2694 294 2727 sed
318 2693 423 2727 dolor
445 2704 518 2727 non
542 2694 694 2739 pertinet
717 2693 759 2726 ati
783 2693 980 2738 appetitum
1005 2695 1213 2734 animalem,
1237 2694 1298 2728 sed
1315 2695 1431 2739 magis
1453 2694 1497 2728 ad
1520 2694 1717 2740 appetitum
1736 2705 1796 2728 na-

233 2746 404 2781 turalem:
429 2747 515 2781 dicit
537 2747 635 2781 enim
657 2747 810 2790 August.
835 2747 866 2780 8.
890 2758 997 2793 super
1021 2748 1112 2782 Gen.
1137 2749 1179 2782 ad
1203 2748 1346 2782 literam
1367 2747 1458 2794 (cap.
1486 2759 1536 2792 14.
1564 2749 1643 2782 circ.
1667 2747 1765 2793 med.)
1783 2760 1793 2782 .-

235 2801 309 2835 Nisi
330 2801 463 2846 aliquod
486 2802 605 2834 bonum
626 2801 825 2834 rcnmnsissc!
841 2801 872 2833 in
894 2806 1026 2842 nulum,
1047 2802 1168 2836 nullius
1187 2803 1264 2837 boni
1284 2803 1396 2837 czntissi
1410 2806 1484 2837 essct
1502 2801 1596 2836 dolor
1617 2802 1650 2835 in
1665 2807 1792 2849 poetam

235 2866 322 2901 ergo
344 2853 449 2889 dolor
470 2866 543 2888 non
567 2862 619 2888 est
639 2854 759 2900 passio
787 2853 939 2888 animae.
