1907 3198
519 196 744 232 QUAESTIO
778 196 849 225 XL.
884 194 1136 225 ARTICULUS
1169 194 1245 224 VII.
1587 193 1672 236 299

635 368 986 414 ARTICULUS
1015 368 1118 411 vn.
1607 388 1674 425 229

499 477 656 507 UTRUM
683 477 781 507 SPES
810 477 879 507 SIT
907 477 1051 507 CAUSA
1077 476 1257 506 AMORIS.

97 565 210 614 (Supr.
233 577 264 612 q.
286 577 339 612 27·
363 571 428 600 art.
450 578 483 611 4.
506 566 550 600 ad
567 578 594 613 3.
618 572 648 601 et
670 567 750 613 infr.
774 579 804 613 q.
829 567 884 602 62.
907 571 972 601 art.
995 578 1028 611 4.
1052 565 1095 600 acl
1112 578 1140 612 3.
1163 571 1192 600 ct
1214 577 1279 600 2-2.
1303 578 1332 611 q.
1356 578 1405 612 17.
1429 570 1493 599 art.
1517 565 1549 601 8.
1572 572 1662 613 corp.

381 625 410 655 et
431 633 461 667 q.
485 621 543 656 66.
567 626 632 656 art.
657 621 688 656 6.
713 621 756 656 ad
778 633 808 656 2.
832 626 862 656 et
889 621 976 656 Veri.
999 633 1029 667 q.
1052 632 1086 665 4.
1109 625 1172 654 art.
1193 633 1221 667 3.
1245 621 1367 666 corp).

153 709 215 745 An
242 720 437 745 SEPTIMUM
459 710 510 744 sic
532 710 752 756 proceditur.
776 710 941 753 Videtur,
970 709 1067 757 quod
1096 721 1177 756 spes
1204 720 1279 743 non
1308 709 1352 743 sit
1379 720 1489 743 causa
1518 708 1675 751 amoris3

82 764 167 812 quia
180 764 383 798 secundum
397 764 494 810 Aug.
514 774 566 807 14.
583 764 627 799 de
644 763 724 799 Civ.
741 764 811 798 Dei
826 764 917 811 (cap.
942 775 971 811 7.
994 769 1025 799 et
1045 764 1118 811 9.),·
1139 764 1256 810 prima
1274 762 1512 797 affectionum
1531 762 1676 797 animae
1729 806 1735 810 ,

81 826 136 854 est
155 829 278 853 amor:
301 817 364 853 sed
387 829 468 865 spes
488 826 542 853 est
560 819 741 865 quaedam
762 817 908 853 affectio
927 818 1092 853 animae:
1113 829 1218 852 amor
1237 829 1324 864 ergo
1345 817 1532 864 praecedit
1551 828 1676 864 spem3

81 883 157 908 non
178 883 267 918 ergo
289 882 371 919 spes
394 880 521 907 causat
543 884 722 907 amorem.

97 927 101 931 ’
153 936 185 961 2.
207 926 449 962 PRAETEREA.
472 926 707 961 Desiderium
727 926 914 973 praecedit
935 938 1061 973 spem:
1090 926 1152 961 sed
1181 926 1403 960 desiderium
1432 933 1604 960 causatur
1633 936 1674 959 ex

80 991 220 1023 amore,
234 988 274 1015 ut
287 980 428 1015 dictum
450 989 504 1015 est
527 980 572 1027 (q.
595 982 650 1016 28.
673 986 738 1015 art.
758 981 791 1016 6.
812 981 854 1015 ad
876 982 946 1026 2.);
971 992 1060 1027 ergo
1084 981 1195 1015 etiam
1211 992 1292 1027 spes
1307 980 1470 1027 sequitur
1485 990 1676 1021 amorem;

80 1045 158 1070 non
180 1046 270 1082 ergo
293 1043 420 1070 causat
440 1035 572 1082 ipsum.

156 1100 185 1136 3.
201 1089 442 1124 PRAETEREA.
460 1088 551 1136 Spes
568 1096 694 1123 causat
708 1088 1006 1131 delectationem,
1019 1097 1058 1124 ut
1071 1089 1329 1136 supradictum
1345 1097 1399 1123 est
1413 1089 1461 1135 (q.
1474 1101 1525 1136 32.
1539 1093 1603 1123 art.
1616 1089 1677 1135 3.).·

85 1143 149 1178 sed
171 1142 366 1178 delectatio
387 1155 463 1178 non
485 1151 539 1178 est
559 1143 631 1178 nisi
652 1143 696 1177 de
716 1151 860 1186 amato;
883 1154 972 1190 ergo
995 1155 1101 1178 amor
1122 1143 1308 1190 praecedit
1329 1154 1444 1189 spem.

153 1197 230 1233 SED
253 1207 411 1233 CONTRA
433 1205 498 1240 est,
520 1197 619 1244 quod
641 1197 771 1231 Matth.
799 1208 827 1231 1.
850 1208 959 1244 super
981 1197 1089 1231 illud:
1113 1197 1293 1232 Abraham
1313 1198 1427 1243 genuit
1449 1197 1557 1239 Isaac,
1579 1197 1678 1231 Isaac

83 1257 196 1288 autem
211 1253 325 1299 genuit
340 1252 460 1296 Jacob,
484 1251 570 1285 dicit
594 1250 718 1286 Gloss.
743 1251 887 1297 (interl.)
911 1251 1003 1286 idest
1020 1251 1104 1298 fides
1129 1258 1229 1298 spem,
1253 1257 1320 1298 spes
1347 1251 1568 1286 charitatem:
1597 1250 1680 1284 cha-

80 1306 167 1341 ritas
189 1313 312 1340 autem
334 1313 389 1340 est
409 1316 531 1348 amor;
555 1316 643 1352 ergo
667 1316 772 1339 amor
794 1313 964 1340 causatur
987 1316 1007 1339 a
1029 1316 1103 1352 spe.

152 1359 386 1395 RESPONDEO
409 1359 618 1402 dicendum,
641 1359 740 1406 quod
755 1370 837 1406 spes
851 1359 916 1394 duo
931 1359 1113 1406 respicere
1136 1367 1276 1405 potest:
1301 1359 1448 1406 respicit
1462 1359 1563 1393 enim
1581 1359 1680 1393 sicut

83 1415 270 1462 objectum
291 1416 415 1450 bonum
436 1422 643 1461 speratum:
663 1414 725 1449 sed
749 1414 833 1460 quia
854 1414 993 1448 bonum
1022 1422 1208 1461 speratum
1232 1421 1286 1448 est
1308 1413 1462 1447 arduum
1490 1412 1679 1459 possibile,

81 1468 280 1516 aliquando
308 1476 431 1503 autem
453 1468 492 1503 fit
519 1468 668 1515 aliquod
691 1468 846 1502 arduum
874 1467 1046 1514 possibile
1073 1468 1192 1510 nobis,
1218 1479 1294 1502 non
1322 1479 1386 1514 per
1412 1478 1493 1509 nos,
1521 1466 1584 1501 sed
1611 1478 1676 1514 per

80 1522 184 1566 alios,
206 1523 290 1558 ideo
312 1534 394 1569 spes
417 1523 529 1557 etiam
551 1523 698 1569 respicit
719 1522 821 1565 illud,
844 1534 908 1569 per
929 1522 1027 1569 quod
1050 1522 1088 1556 fit
1110 1522 1216 1556 nobis
1244 1522 1379 1568 aliquid
1407 1520 1592 1568 possibile.
1622 1521 1677 1555 In-

79 1585 258 1625 quantum
279 1577 390 1624 igitur
411 1588 493 1621 spes
514 1577 662 1624 respicit
682 1577 823 1611 bonum
845 1584 1044 1623 speratum,
1067 1588 1149 1623 spes
1172 1588 1215 1610 ex
1238 1587 1365 1620 amore
1389 1583 1576 1610 causatur:
1599 1586 1674 1609 non

79 1632 179 1667 enim
201 1639 255 1667 est
275 1643 356 1678 spes
378 1632 447 1666 nisi
462 1631 506 1666 de
523 1631 624 1666 bono
647 1631 865 1673 desiderato,
882 1639 917 1665 et
932 1639 1068 1665 amato.
1091 1631 1314 1678 inquantum
1329 1641 1417 1664 vero
1433 1641 1514 1677 spes
1529 1629 1676 1676 respicit

79 1685 197 1729 illum,
218 1697 283 1733 per
303 1697 414 1733 quem
436 1685 476 1720 fit
497 1685 634 1732 aliquid
657 1686 763 1720 nobis
784 1685 970 1732 possibile,
994 1685 1045 1719 sic
1069 1696 1175 1719 amor
1202 1692 1372 1719 causatur
1395 1695 1437 1718 ex
1459 1695 1534 1730 spe,
1551 1692 1586 1718 et
1599 1695 1674 1718 non

79 1751 99 1775 e
121 1751 314 1776 converso.
337 1740 390 1774 Ex
410 1740 484 1775 hoc
507 1740 606 1774 enirn
627 1741 726 1786 quod
748 1751 812 1787 per
835 1739 998 1786 aliquem
1019 1750 1209 1786 speramus
1228 1739 1334 1773 nobis
1354 1750 1461 1785 posse
1484 1738 1678 1784 provenire

77 1794 188 1838 bona,
209 1805 406 1829 movemur
426 1795 463 1828 in
486 1794 619 1841 ipsum,
642 1794 736 1829 sicut
757 1794 794 1828 in
816 1794 957 1828 bonum
979 1802 1169 1836 nostrum;
1198 1802 1233 1827 et
1260 1794 1310 1828 sic
1334 1793 1532 1839 incipimus
1555 1792 1678 1839 ipsum

79 1859 223 1884 amare:
247 1859 291 1884 ex
311 1849 386 1883 hoc
409 1856 533 1883 autem
556 1848 654 1895 quod
678 1860 846 1882 amamus
877 1847 1049 1894 aliquem,
1072 1859 1146 1882 non
1170 1859 1360 1894 speramus
1383 1847 1427 1881 de
1450 1858 1494 1881 eo
1516 1847 1588 1881 nisi
1614 1857 1678 1893 per

80 1903 262 1946 accidens,
284 1903 505 1950 inquantum
527 1902 668 1936 scilicet
691 1902 874 1936 credimus
897 1913 964 1936 nos
988 1902 1145 1936 reamari
1168 1902 1210 1935 ab
1234 1902 1334 1948 ipso;
1363 1901 1458 1935 unde
1486 1901 1603 1935 amari
1631 1900 1673 1934 ab

80 1956 203 2004 aliquo
224 1956 312 1992 facit
336 1967 406 1992 nos
427 1968 573 2004 sperare
596 1956 640 1991 de
663 1968 726 1992 eo:
749 1957 813 1991 sed
837 1968 942 1990 amor
969 1957 1046 2002 ejus
1069 1964 1239 1990 causatur
1262 1968 1304 1990 ex
1327 1967 1404 2002 spe,
1433 1967 1546 2002 quarn
1569 1955 1612 1989 de
1635 1965 1680 1989 eo

82 2010 274 2046 habem'us.

151 2065 197 2100 Et
217 2077 282 2113 per
298 2065 392 2100 haec
414 2073 515 2112 patet
536 2065 728 2112 responsio
750 2075 801 2100 AD
825 2075 1004 2111 ossJEcTA.

630 2227 981 2273 ARTICULUS
1016 2228 1144 2271 VIII.
1613 2248 1683 2283 230

99 2345 253 2376 UTRUM
286 2345 385 2375 SPES
414 2345 650 2375 CONFERAT
685 2345 742 2373 AD
779 2344 1116 2384 OPERATIONEM,
1149 2343 1234 2373 VEL
1269 2343 1403 2373 MAGIS
1438 2343 1669 2373 IMPEDIAT.

155 2445 217 2480 AD
240 2455 434 2481 OCTAVUM
456 2445 507 2480 sic
523 2444 743 2492 proceditur.
760 2444 925 2487 Videtur,
939 2444 1039 2491 quod
1054 2455 1137 2491 spes
1151 2455 1226 2478 non
1247 2443 1394 2490 adjuvet
1412 2444 1681 2490 operationem,

84 2498 148 2534 sed
168 2499 286 2546 magis
308 2499 502 2546 impediat:
526 2499 570 2533 ad
593 2510 696 2545 spem
719 2498 818 2533 enim
837 2499 1012 2533 securitas
1031 2499 1204 2546 pertinet:
1228 2498 1291 2533 sed
1311 2498 1485 2532 securitas
1505 2499 1599 2545 parit
1619 2510 1682 2533 ne·

84 2551 312 2600 gligentiarn‚
334 2564 427 2600 quae
449 2553 603 2600 impedit
625 2553 898 2600 operationem3
923 2564 1012 2600 ergo
1035 2564 1117 2600 spes
1138 2553 1292 2600 impedit
1313 2552 1580 2599 operationem.

156 2617 188 2642 2.
210 2607 451 2644 PRAETEREA.
477 2607 642 2642 Tristitia
665 2607 817 2654 impedit
839 2608 1109 2655 operationem,
1132 2615 1170 2642 ut
1191 2619 1299 2654 supra
1322 2607 1461 2641 dictum
1484 2615 1536 2641 est
1559 2607 1606 2653 (q.
1627 2618 1680 2653 37.

85 2665 152 2709 arti
165 2663 230 2709 3.):
249 2662 313 2697 sed
332 2673 414 2709 spes
433 2661 655 2708 quandoque
675 2670 801 2696 causat
818 2662 1013 2697 tristitiam:
1034 2661 1166 2696 dicitur
1185 2662 1282 2696 enim
1299 2661 1472 2695 Proverb.
1501 2671 1573 2703 14.:
1592 2661 1681 2708 Spes,

85 2725 168 2762 quae
187 2715 353 2762 differtur,
375 2716 496 2763 affligit
517 2717 670 2750 animam
682 2728 694 2757 ,·
718 2727 806 2762 ergo
830 2727 910 2763 spes
933 2715 1088 2762 impedit
1109 2715 1376 2762 operationem.

159 2781 189 2817 3.
211 2769 451 2805 PRAETEREA.
473 2770 692 2816 Desperatio
712 2770 954 2804 contrariatur
972 2770 1060 2816 spei,
1080 2778 1119 2804 ut
1137 2770 1275 2804 dictum
1303 2777 1356 2804 est
1373 2768 1452 2813 (art.
1472 2780 1505 2814 4.
1522 2769 1591 2815 huj.
1611 2770 1672 2815 q.):

85 2823 148 2858 sed
169 2823 375 2871 desperatio
395 2824 556 2858 maxime
574 2824 611 2858 in
630 2824 737 2859 rebus
758 2824 898 2859 bellicis
919 2824 1065 2870 adjuvat
1084 2824 1356 2871 operationem:
1376 2823 1508 2858 dicitur
1527 2823 1625 2858 enim
1644 2833 1676 2858 2.

85 2875 230 2925 Regum
251 2887 284 2913 2.
306 2878 405 2926 quod
422 2878 612 2925 periculosa
633 2883 678 2913 est
698 2878 901 2925 desperati0;
926 2889 1016 2925 ergo
1035 2889 1117 2925 spes
1139 2877 1225 2912 facit
1245 2877 1472 2913 contrarium
1493 2876 1679 2919 effectum,

85 2929 322 2979 impediendo
344 2931 485 2967 scilicet
506 2932 772 2979 operationem.
