1907 3198
0 1763 17 1877 ἡ,
0 1622 25 1750 ἢῆ,
7 1591 16 1606 ³

515 197 739 234 QUAESTIO
774 197 860 227 LXI.
894 195 1141 227 ARTICULUS
1174 195 1216 224 V.
1573 196 1659 240 427

152 281 214 316 An
234 291 385 317 numm
411 290 501 326 ergo
523 279 731 322 dicendum,
752 279 850 326 quod
872 278 1010 314 Philos.
1038 277 1200 325 loquitur
1227 277 1272 312 de
1298 277 1355 312 his
1385 277 1589 320 virtutibus,
1611 289 1663 314 se-

85 335 242 370 cundum
268 335 366 382 quod
388 342 472 369 sunt
504 333 600 367 circa
627 345 683 368 res
714 334 916 376 humanas3
951 341 1036 380 puta
1062 333 1198 378 justitia
1233 332 1330 366 circa
1356 332 1574 378 emptiones,
1600 332 1659 366 vel

83 388 327 431 venditiones3
347 387 521 422 fortitudo
549 395 671 422 autem
695 387 791 422 circa
816 387 986 429 timores3
1013 386 1254 433 temperantia
1282 386 1379 420 circa
1402 386 1662 433 concupiscen-

83 441 171 477 tias:
186 443 239 479 sic
260 443 360 478 enirn
381 442 576 476 ridiculum
595 450 649 476 est
675 452 735 476 eas
758 442 838 476 Deo
862 441 1065 476 attribuere.

155 496 213 533 Ao
234 506 445 532 SECUNDUM
466 495 675 538 dicendum,
701 495 799 542 quod
827 496 978 530 virtutes
1006 495 1192 529 humanae
1213 502 1296 529 sunt
1330 494 1427 529 circa
1461 494 1662 541 passiones,

83 549 219 588 scilicet
237 552 387 586 virtutes
408 550 604 586 hominum
625 550 662 584 in
676 550 748 584 hoc
772 551 911 585 mundo
927 549 1240 584 conservantium:
1261 548 1323 583 sed
1344 548 1495 584 virtutes
1518 560 1661 591 eorum,

84 604 147 652 qui
162 603 307 652 plenam
319 605 582 640 beatitudinem
598 613 850 651 assequuntur,
865 612 950 639 sunt
964 604 1098 650 absque
1117 603 1364 650 passionibus;
1383 603 1478 637 unde
1493 602 1661 637 Plotinus

84 657 172 694 dicit
196 659 263 705 (cit.
281 671 303 694 a
324 659 479 694 Macrob.
502 663 536 693 ut
555 665 626 705 sup.
650 659 684 692 in
706 670 837 705 argum.
860 660 919 704 1.),
942 657 1040 705 quod
1061 659 1228 704 passiones
1243 657 1400 704 politicae
1418 658 1562 692 virtutes
1582 657 1663 691 mol-

83 712 182 756 liunt,
196 712 285 748 idest
305 713 350 748 ad
366 712 530 748 medium
545 712 742 754 reducunt;
762 712 957 754 secundae,
979 711 1119 746 scilicet
1134 712 1364 758 purgatoriae,
1389 709 1576 745 auferunt:
1596 718 1664 745 ter·

82 766 168 809 tiae,
188 777 279 814 quae
299 775 384 803 sunt
397 768 538 814 purgati
558 767 678 808 animi,
706 765 988 800 obliviscuntur:
1011 765 1047 800 in
1069 765 1218 812 quartis,
1244 765 1384 800 scilicet
1404 765 1662 812 exemplaribus,

82 819 185 856 nefas
205 830 256 856 est
279 821 483 856 nominari:
506 819 673 867 quamvis
695 820 766 854 dici
788 820 913 867 possit,
935 820 1034 867 quod
1067 819 1228 866 loquitur
1256 819 1317 854 hic
1349 819 1394 854 de
1420 818 1662 866 passionibus,

82 874 283 910 secundum
304 874 402 922 quod
423 873 630 922 significant
651 873 793 920 aliquos
814 874 1042 908 inordinatos
1063 881 1197 908 motus.

155 928 216 964 AD
238 938 410 965 TERTIUM
431 929 639 971 dicendum,
653 928 752 975 quod
773 928 938 962 deserere
961 939 1017 962 res
1035 927 1228 970 humanas,
1249 926 1311 961 ubi
1327 926 1525 962 necessitas
1547 926 1664 973 impo-

81 981 189 1025 nitur,
217 982 389 1018 vitiosum
411 990 481 1026 est;
511 981 600 1017 alias
632 983 856 1017 virtuosum:
887 982 983 1016 unde
1018 993 1148 1029 parum
1175 992 1284 1028 supra
1313 981 1393 1027 (loc.
1423 982 1478 1016 cit.
1506 982 1542 1016 in
1569 982 1658 1028 arg.)

83 1035 228 1072 Tullius
241 1037 459 1084 praemittit:
481 1037 546 1072 His
555 1037 705 1084 forsitan
727 1036 968 1072 concedendum
988 1042 1032 1072 est
1054 1036 1293 1083 rempublicam
1314 1047 1382 1070 non
1409 1037 1656 1083 capessentibus,

81 1091 140 1138 qui
157 1091 325 1126 excellenti
345 1093 475 1138 ingenio
494 1090 666 1126 doctrinae
686 1103 716 1126 se
737 1090 952 1132 dediderunt;
975 1095 1004 1125 et
1025 1091 1087 1134 his,
1110 1091 1168 1136 qui
1192 1095 1251 1125 aut
1267 1089 1469 1125 valetudinis
1490 1090 1662 1125 imbecilli-

81 1149 158 1188 tate,
179 1150 240 1180 aut
258 1145 374 1193 aliqua
390 1146 551 1192 graviori
568 1157 668 1180 causa
690 1144 840 1192 impediti
860 1156 881 1179 a
902 1145 1075 1192 republica
1095 1149 1305 1187 recesserunt,
1326 1156 1402 1179 cum
1424 1146 1492 1190 ejus
1514 1143 1657 1179 admini-

81 1199 237 1235 strandae
253 1205 446 1247 potestatem
466 1200 554 1243 aliis,
577 1199 770 1245 laudemque
792 1199 1011 1234 concederent.
1036 1198 1148 1239 Quod
1171 1206 1351 1233 consonat
1372 1198 1417 1240 ei,
1439 1198 1537 1244 quod
1560 1198 1656 1245 Aug.

83 1253 172 1289 dicit
189 1264 242 1302 19.
263 1254 308 1289 de
330 1253 412 1290 Civ.
424 1254 496 1289 Dei
523 1253 612 1301 (cap.
630 1265 682 1300 19.
697 1255 732 1287 in
741 1253 848 1300 fin.):
870 1253 987 1288 Otium
999 1258 1150 1288 sanctum
1167 1254 1299 1298 quaerit
1319 1253 1466 1288 charitas
1482 1254 1634 1288 veritatis
1648 1265 1661 1294 ,·

83 1309 250 1355 negotium
270 1310 399 1354 justum
418 1309 555 1356 suscipit
585 1309 752 1343 necessitas
773 1307 966 1342 charitatis.-
995 1318 1098 1353 quam
1117 1308 1288 1342 sarcinam
1316 1308 1344 1342 si
1365 1307 1475 1342 nullus
1505 1308 1659 1354 imponit,

77 1361 322 1410 percipiendae,
348 1367 445 1409 atque
470 1361 645 1397 intuendae
665 1360 858 1396 vacandum
878 1366 923 1396 est
954 1362 1114 1396 veritati:
1135 1362 1164 1396 si
1183 1366 1295 1396 autem
1327 1362 1526 1408 imponitur,
1562 1363 1661 1396 susci-

75 1415 200 1463 pienda
219 1420 264 1451 est
273 1421 415 1464 propter
434 1415 608 1451 charitatis
622 1417 851 1450 necessitatem.

152 1469 214 1504 AD
245 1479 436 1510 QUARTUM
458 1470 666 1512 dicendum,
680 1469 779 1516 quod
800 1469 879 1504 sola
900 1469 1036 1515 justitia
1058 1468 1186 1516 legalis
1207 1469 1343 1504 directe
1357 1468 1503 1516 respicit
1518 1469 1659 1504 bonum

80 1534 299 1567 commune;
313 1523 377 1559 sed
393 1535 459 1571 per
471 1524 668 1571 imperium
690 1534 820 1558 omnes
835 1523 923 1558 alias
937 1523 1087 1558 virtutes
1109 1523 1154 1557 ad
1167 1523 1306 1558 bonum
1323 1534 1522 1557 commune
1537 1523 1659 1566 trahit,

79 1585 120 1613 ut
138 1577 176 1613 in
201 1588 231 1624 5.
250 1577 370 1613 Ethic.
386 1577 474 1625 (cap.
493 1590 520 1613 1.
531 1582 606 1626 post
623 1577 725 1623 med.)
747 1577 834 1612 dicit
854 1576 1012 1612 Philos.:
1029 1586 1083 1612 est
1108 1578 1208 1612 enim
1227 1577 1545 1620 considerandum,
1560 1579 1658 1624 quod

78 1631 125 1667 ad
144 1631 313 1680 politicas
333 1632 495 1675 virtutes,
519 1632 723 1667 secundum
744 1632 842 1679 quod
867 1632 927 1666 hic
950 1632 1130 1674 dicuntur,
1148 1632 1304 1679 pertinet
1323 1643 1399 1666 non
1421 1631 1543 1666 solum
1564 1632 1656 1667 bene

79 1686 223 1734 operari
242 1686 288 1721 ad
309 1697 520 1729 commune,
541 1686 605 1722 sed
627 1686 738 1721 etiam
763 1687 857 1721 bene
878 1686 1023 1734 operari
1054 1686 1098 1721 ad
1120 1695 1240 1734 partes
1267 1686 1488 1728 communis,
1520 1686 1660 1722 scilicet

80 1740 126 1776 ad
146 1740 312 1784 domum,
332 1739 392 1776 vel
413 1740 574 1788 aliquam
595 1740 820 1788 singularem
840 1752 1048 1788 personam.

587 2013 946 2075 QUAESTIO
988 2013 1140 2062 LXII.

78 2138 144 2172 DE
168 2138 455 2173 VIRTUTIBUS
479 2139 817 2179 THEOLOGICIS,
848 2140 899 2172 IN
926 2139 1156 2181 QUATUOR
1184 2140 1448 2173 ARTICULOS
1474 2141 1651 2173 DIVISA.

147 2281 292 2318 Deinde
318 2282 625 2318 considerandum
650 2291 704 2318 est
725 2283 768 2318 de
795 2281 996 2319 Virtutibus
1020 2283 1272 2331 Theologicis.

522 2371 563 2408 Et
583 2372 674 2407 circa
697 2371 755 2406 boc
776 2377 984 2418 quaeruntur
1004 2377 1160 2419 quatuor.

148 2443 286 2479 Primo.
313 2443 447 2479 Utrum
467 2443 539 2479 sint
559 2443 703 2490 aliquae
720 2443 870 2478 virtutes
890 2443 1139 2491 theologicae.

149 2497 334 2533 Secundo.
356 2497 489 2534 Utrum
514 2499 663 2533 virtutes
679 2497 913 2545 theologicae
935 2498 1202 2545 distinguantur
1221 2499 1264 2534 ab
1286 2499 1604 2542 intenectualibus‚
1619 2508 1654 2534 et

76 2551 289 2588 moralibus.

149 2605 289 2642 Tertio.
313 2605 429 2650 Quot,
449 2614 487 2642 et
505 2606 703 2654 quaegsint.

149 2659 306 2702 Quarto.
326 2659 385 2696 De
405 2660 535 2696 ordine
555 2655 695 2696 caium.
