1907 3198
508 186 729 223 QUAESTIO
763 186 835 215 XX.
870 185 1117 215 ARTICULUS
1150 184 1176 213 Ι.
1554 181 1632 225 173

632 298 981 345 ARTICULUS
1011 297 1045 340 I.
1573 315 1633 350 125

59 399 214 431 UTRUM
239 398 444 439 BONITAS,
464 398 547 428 VEL
569 397 756 427 MALITIA
777 397 857 426 PER
883 395 1006 426 PRIUS
1031 394 1100 423 SIT
1124 393 1168 423 IN
1190 392 1310 423 ACTU
1333 391 1635 431 VOLUNTATIS,

559 464 641 494 VEL
671 464 715 493 IN
742 462 862 492 ACTU
891 459 1143 491 EXTERIORI.

130 540 191 575 AD
211 550 362 576 PRIMUM
384 540 434 574 sic
457 539 676 587 proceditur.
699 538 864 580 Videtur,
887 537 984 584 quod
1009 538 1142 578 bonum,
1163 543 1199 570 et
1216 535 1342 570 malum
1365 545 1429 581 per
1442 533 1541 580 prius
1556 543 1640 567 con-

4 598 9 612 ”
58 594 160 631 sistat
179 594 217 629 in
239 603 322 629 actu
344 594 525 637 exteriori,
548 605 659 641 quam
680 593 717 628 in
741 601 823 627 actu
844 591 1068 627 voluntatis:
1091 589 1262 624 voluntas
1285 588 1383 623 enim
1405 588 1515 622 babet
1539 587 1640 622 boni-

11 687 13 690 ,
57 656 171 684 tatem
192 660 236 684 ex
256 649 414 695 objecto,
436 656 475 683 ut
496 660 604 696 supra
627 648 766 682 dictum
789 654 842 681 est
862 648 910 693 (q.
931 658 983 693 19.
1004 649 1068 680 art.
1091 657 1119 680 ι.
1141 649 1171 679 et
1191 644 1252 689 2.):
1277 642 1340 678 sed
1362 650 1464 676 actus
1483 641 1640 676 exterior

0 735 2 739 ,
59 712 114 739 est
132 703 319 750 objectum
339 702 522 738 interioris
545 711 646 738 actus
668 700 884 736 voluntatis:
906 699 1063 734 dicimur
1081 698 1180 733 enim
1194 696 1288 732 velle
1303 695 1451 738 furtum,
1469 695 1528 730 vel
1544 694 1639 729 velle

58 757 144 793 dare
158 756 452 804 eleemosynam3
471 768 560 804 ergo
580 758 715 799 bonum,
731 763 764 791 et
783 754 909 790 malum
924 765 988 801 per
1001 753 1099 801 prius
1114 761 1168 787 est
1181 751 1219 786 in
1233 759 1317 786 actu
1332 749 1513 792 exteriori,
1528 760 1639 796 quam

57 811 95 847 in
115 819 199 846 actu
219 811 429 847 voluntatis.

129 875 161 900 2.
183 865 422 901 PRAETEREA.
445 866 576 900 Bonum
597 876 662 912 per
683 864 781 912 prius
797 863 971 899 convenit
984 862 1066 905 fini;
1089 861 1174 909 quia
1189 872 1232 896 ea
1246 871 1340 907 quae
1355 867 1438 894 sunt
1452 859 1496 894 ad
1515 858 1639 901 finem,

56 918 193 954 habent
212 919 394 954 rationem
414 919 503 954 boni
525 930 567 954 ex
591 919 717 954 ordine
741 919 785 953 ad
807 917 935 953 finem:
960 926 1061 952 actus
1076 924 1198 951 autem
1214 914 1412 950 voluntatis
1431 924 1506 948 non
1521 921 1641 960 potest

20 1013 23 1019 .
57 984 136 1009 esse
157 972 251 1016 finis,
272 981 312 1008 ut
331 984 440 1021 supra
466 973 606 1008 dictum
634 981 687 1008 est
713 973 762 1020 (q.
779 985 807 1008 ι.
830 978 896 1008 art.
919 985 946 1008 I.
974 971 1017 1006 ad
1037 972 1102 1018 2.):
1126 978 1227 1004 actus
1255 976 1378 1004 autem
1406 967 1553 1002 alterius
1579 978 1642 1014 po-

55 1027 190 1062 tentiae
211 1035 332 1075 potest
353 1038 432 1062 esse
454 1026 555 1070 finis;
579 1038 667 1074 ergo
691 1039 756 1074 per
776 1027 874 1074 prius
897 1025 1063 1061 consistit
1079 1024 1220 1059 bonum
1241 1023 1278 1057 in
1294 1030 1377 1057 actu
1392 1021 1576 1070 potentiae
1591 1020 1638 1056 al-

55 1081 180 1124 terius,
201 1092 313 1128 quam
334 1081 372 1116 in
394 1090 477 1116 actu
499 1080 708 1116 voluntatis.

131 1147 161 1183 3.
182 1135 423 1171 PRAETEREA.
445 1138 562 1171 Actus
584 1135 783 1170 voluntatis
804 1135 1009 1170 formaliter
1023 1146 1062 1169 se
1083 1133 1194 1168 habet
1209 1133 1254 1168 ad
1270 1140 1393 1167 actum
1409 1131 1638 1173 exteriorem,

56 1198 95 1225 ut
116 1201 224 1237 supra
245 1190 385 1225 dictum
407 1199 461 1226 est
484 1190 529 1237 (q.
547 1191 598 1226 18.
622 1195 687 1225 art.
711 1190 774 1234 6.);
798 1190 862 1225 sed
882 1189 932 1232 id,
955 1188 1054 1236 quod
1077 1197 1130 1223 est
1156 1186 1326 1229 formale,
1354 1194 1406 1222 est
1432 1186 1638 1233 posterius:

55 1254 144 1278 nam
162 1242 284 1278 forma
305 1243 452 1279 advenit
473 1244 667 1287 materiae3
691 1255 779 1291 ergo
798 1255 862 1290 per
881 1243 980 1291 prius
1008 1250 1061 1278 est
1083 1244 1218 1285 bonum,
1239 1250 1275 1276 et
1292 1241 1419 1276 malum
1433 1240 1472 1275 in
1487 1247 1570 1274 actu
1586 1251 1642 1275 ex-

54 1297 192 1342 teriori,
214 1309 326 1346 quam
345 1298 383 1332 in
405 1307 488 1333 actu
509 1297 720 1333 voluntatis.

128 1351 205 1388 SED
226 1362 384 1388 CONTRA
406 1360 470 1395 est,
498 1351 597 1399 quod
622 1352 778 1399 August.
806 1351 894 1386 dicit
913 1351 951 1386 in
972 1350 1032 1386 lib.
1060 1362 1088 1386 1.
1110 1349 1271 1385 Retract.
1299 1350 1389 1397 (cap.
1417 1361 1450 1396 9.
1470 1355 1598 1396 parum
1620 1359 1641 1382 a

54 1405 169 1452 med),
191 1406 291 1454 quod
311 1405 482 1442 voluntas
511 1414 576 1450 est,
603 1417 674 1453 qua
703 1415 886 1454 peccatur,
922 1414 958 1440 et
990 1414 1090 1441 recte
1127 1405 1277 1448 vivitur3
1309 1415 1398 1452 ergo
1423 1404 1577 1445 bonum,
1606 1411 1641 1437 et

55 1459 197 1496 malum
217 1459 359 1496 morale
379 1472 444 1508 per
463 1460 562 1507 prius
590 1461 756 1496 consistit
781 1460 818 1495 in
839 1459 1041 1495 voluntate.

127 1513 359 1550 RESPONDI-:o
381 1514 588 1558 dicendum,
612 1514 710 1562 quod
733 1514 844 1562 aliqui
871 1523 972 1550 actus
994 1514 1191 1549 exteriores
1212 1520 1366 1561 possunt
1383 1512 1455 1547 dici
1476 1509 1642 1554 boni,vel

55 1567 146 1604 mali
164 1569 349 1617 dupliciter.
378 1569 452 1604 Uno
469 1569 566 1604 modo
593 1569 797 1604 secundum
820 1580 936 1616 genus
962 1580 1083 1611 suum,
1111 1577 1146 1603 et
1179 1567 1383 1603 secundum
1407 1566 1643 1601 circumstan-

55 1624 123 1659 tias
143 1625 182 1659 in
202 1624 290 1672 ipsis
309 1623 581 1660 consideratas:
609 1623 703 1659 sicut
736 1624 821 1659 dare
844 1623 1133 1671 eleemosynam,
1167 1624 1318 1658 servatis
1340 1621 1469 1656 debitis
1491 1621 1644 1655 circum-

55 1678 207 1721 stantiis,
228 1677 361 1713 dicitur
381 1689 460 1713 esse
489 1678 653 1713 bonurn:
676 1678 744 1713 alio
765 1677 862 1713 modo
885 1678 1017 1713 dicitur
1049 1677 1185 1725 aliquid
1213 1688 1292 1712 esse
1314 1676 1467 1718 bonum,
1488 1674 1548 1710 vel
1570 1685 1644 1708 ma-

55 1732 132 1768 lum
153 1743 197 1768 ex
217 1732 346 1768 ordine
368 1733 413 1767 ad
434 1732 566 1768 finem:
593 1733 688 1768 sicut
714 1732 799 1768 dare
829 1731 1107 1779 eleemosynam
1132 1740 1280 1779 propter
1300 1731 1450 1765 inanem
1485 1728 1641 1776 gloriam

54 1786 185 1822 dicitur
202 1798 280 1822 esse
299 1786 450 1822 malum.
462 1787 559 1822 Cum
582 1796 704 1822 autem
726 1787 807 1822 finis
830 1788 874 1822 sit
895 1787 1084 1834 proprium
1100 1784 1513 1833 objectume'oluntatis,
1529 1783 1644 1818 mani-

52 1840 187 1877 festum
208 1849 273 1884 est,
294 1841 392 1889 quod
413 1841 480 1876 iste
507 1842 599 1876 ratio
622 1843 713 1885 boni,
735 1841 795 1876 vel
816 1842 910 1885 mali,
933 1853 1045 1888 quam
1070 1841 1181 1876 habet
1203 1849 1304 1875 actus
1334 1840 1491 1875 exterior
1519 1850 1562 1874 ex
1590 1849 1644 1873 or-

16 1940 19 1942 >
55 1895 138 1930 dine
160 1895 205 1930 ad
226 1895 351 1939 finem,
377 1907 441 1944 per
462 1896 559 1943 prius
582 1896 764 1931 invenitur
789 1896 826 1930 in
849 1905 931 1930 actu
958 1895 1170 1938 voluntatis,
1193 1904 1229 1930 et
1250 1907 1292 1930 ex
1315 1906 1360 1930 eo
1388 1894 1572 1929 derivatur
1599 1893 1643 1927 ad

56 1958 179 1985 actum
200 1949 430 1986 exteriorem.
453 1950 603 1985 Bonitas
633 1959 766 1993 autem,
790 1950 849 1985 vel
876 1950 1027 1994 malitia,
1062 1962 1173 1998 quam
1207 1950 1317 1984 habet
1351 1958 1452 1984 actus
1487 1947 1644 1983 exterior

54 2004 258 2040 secundum
278 2016 317 2040 se
334 2013 484 2052 propter
504 2004 665 2039 debitam
691 2007 896 2047 materiam,
925 2012 959 2039 et
986 2005 1128 2040 debitas
1152 2003 1457 2046 circumstantias,
1483 2014 1559 2037 non
1586 2001 1644 2036 de-

55 2058 192 2094 rivatur
212 2070 232 2094 a
253 2057 455 2102 voluntate,
476 2059 539 2094 sed
567 2059 685 2106 magis
708 2071 727 2094 a
750 2059 914 2094 ratione:
938 2059 1034 2094 unde
1057 2059 1087 2093 si
1108 2059 1359 2093 consideretur
1384 2057 1528 2092 bonitas
1551 2065 1645 2091 exte-

56 2112 161 2148 rioris
194 2121 295 2148 actus
330 2113 533 2148 secundum
565 2113 664 2161 quod
695 2122 749 2148 est
773 2113 810 2147 in
838 2113 1081 2155 ordinatione,
1104 2122 1138 2148 et
1166 2113 1457 2160 apprehensione
1479 2110 1642 2153 rationis,

55 2167 155 2216 prior
187 2176 252 2211 est,
287 2179 399 2215 quam
434 2167 579 2203 bonitas
602 2177 703 2204 actus
741 2167 960 2203 voluntatis:
989 2168 1051 2203 sed
1085 2168 1115 2202 si
1150 2167 1412 2210 consideretur,
1440 2165 1642 2201 secundum

57 2221 154 2270 quod
175 2230 229 2257 est
249 2223 287 2256 in
308 2222 524 2258 executione
552 2223 684 2270 operis,
708 2222 868 2269 §equitur
894 2222 1098 2257 bonitatem
1109 2221 1320 2264 voluntatis,
1330 2233 1422 2269 quae
1446 2229 1500 2256 est
1514 2219 1643 2267 princi-

56 2276 157 2324 pium
179 2277 267 2323 ejus.

39 2338 41 2340 ’
127 2331 188 2366 AD
209 2341 362 2367 PR1MUM
383 2342 472 2378 ergo
494 2331 703 2374 dicendum,
727 2330 825 2378 quod
848 2339 949 2366 actus
972 2330 1129 2365 exterior
1148 2339 1202 2365 est
1223 2330 1409 2377 objectum
1431 2327 1642 2370 voluntatis,

56 2383 272 2432 inquantum
293 2385 508 2433 proponitur
521 2384 701 2420 voluntati
724 2396 743 2419 a
764 2385 905 2420 ratione
928 2393 967 2420 ut
988 2385 1174 2432 quoddam
1197 2385 1337 2419 bonum
1360 2384 1642 2431 apprehensum,

58 2446 94 2474 et
113 2439 321 2474 ordinatum
354 2451 418 2486 per
438 2439 640 2482 rationem;
663 2448 698 2474 et
724 2440 774 2474 sic
797 2448 851 2474 est
872 2439 970 2486 prius
992 2440 1144 2482 bonum,
1167 2451 1279 2486 quam
1302 2448 1403 2474 actus
1423 2437 1643 2473 voluntatis:

56 2491 272 2541 inquantum
292 2505 381 2529 vero
404 2494 570 2529 consistit
594 2494 632 2528 in
654 2494 868 2529 executione
891 2494 1022 2540 operis,
1050 2502 1103 2529 est
1130 2493 1280 2529 effectus
1302 2493 1513 2534 voluntatis,
1536 2500 1571 2526 et
1593 2502 1645 2525 se-

59 2547 178 2594 quitur
197 2546 439 2583 voluntatem.

78 2653 87 2663 ·
129 2601 190 2638 AD
211 2612 421 2638 SECUNDUM
443 2601 652 2645 dicendum,
667 2602 766 2649 quod
787 2601 868 2637 finis
891 2611 944 2638 est
966 2602 1065 2649 prior
1086 2603 1123 2637 in
1145 2602 1361 2645 intentione,
1376 2602 1439 2638 sed
1456 2610 1509 2637 est
1527 2608 1644 2648 poste-

58 2665 132 2690 nor
152 2667 189 2690 m
211 2664 437 2691 executione.

131 2708 191 2745 AD
218 2720 391 2746 TERTIUM
414 2710 623 2753 dicendum,
645 2711 743 2758 quod
764 2709 896 2754 forma,
919 2711 1122 2746 secundum
1145 2711 1243 2758 quod
1266 2720 1320 2746 est
1340 2719 1485 2758 recepta
1507 2710 1543 2744 in
1566 2720 1643 2743 ma-

59 2762 161 2806 teria,
181 2772 237 2800 est
256 2764 438 2812 posterior
458 2765 516 2799 via
535 2765 791 2811 generationis,
803 2777 913 2812 quam
933 2766 1097 2808 materia,
1119 2765 1204 2800 licet
1226 2766 1270 2800 sit
1291 2766 1389 2812 prior
1411 2773 1557 2799 natura:
1580 2762 1642 2797 sed

59 2818 260 2853 secundum
282 2819 381 2866 quod
403 2827 457 2854 est
478 2819 513 2853 in
533 2831 643 2854 causa
665 2828 807 2866 agente,
835 2828 888 2855 est
915 2821 1087 2855 omnibus
1110 2821 1230 2855 modis
1253 2821 1369 2867 prior:
1393 2819 1562 2854 voluntas
1585 2829 1643 2852 au-

57 2876 137 2907 tem
161 2881 394 2920 comparatur
420 2872 464 2908 ad
492 2881 614 2908 actum
641 2874 870 2917 exteriorem,
905 2874 998 2910 sicut
1024 2886 1134 2909 causa
1162 2873 1346 2910 efficiens:
1377 2874 1472 2909 unde
1499 2873 1643 2909 bonitas

61 2933 162 2962 actus
181 2926 386 2975 voluntatis
401 2936 455 2964 est
475 2927 595 2963 forma
617 2929 805 2964 exterioris
827 2937 940 2972 actuS,
967 2929 1060 2964 sicut
1082 2930 1116 2963 in
1140 2940 1249 2964 causa
1272 2937 1403 2975 agente
1427 2928 1593 2964 existens.
