1907 3182
202 215 287 245 200
639 205 858 243 QUAESTIO
890 204 991 232 XXV.
1025 198 1270 231 ARTICULUS
1303 198 1332 226 Ι.

774 351 1121 400 ARTICULUS
1151 351 1185 393 Ι.
1709 353 1773 398 146

651 464 805 494 UTRUM
828 460 1061 491 PASSIONES
1084 455 1335 487 IRASCIBILIS

278 536 378 566 SINT
402 533 581 563 PRIORES
603 527 881 560 PASSIONIBUS
905 521 1295 560 CONCUPISCIBILIS,
1318 519 1398 548 VEL
1420 519 1445 548 E
1469 516 1714 548 CONVERSO.

210 623 312 670 (Infr.
336 634 365 668 q.
388 632 445 666 40.
466 624 528 654 art.
551 631 577 654 I.
597 624 685 663 corp.
706 621 735 650 et
755 626 820 650 2-2.
840 625 870 659 q.
892 623 961 656 141.
985 616 1050 645 art.
1069 622 1097 656 3.
1113 608 1156 643 ad
1170 621 1197 643 Ι.
1218 613 1247 643 εἰ
1257 619 1285 654 3.
1300 607 1389 641 Dist.
1405 605 1460 640 26.
1477 616 1506 650 q.
1521 615 1552 639 2.
1568 608 1672 649 art.3.
1688 607 1776 648 corp.

458 678 485 708 et
512 672 596 706 Veri.
617 682 646 716 q.
669 680 716 715 25.
740 672 803 702 art.
826 679 852 701 1.
877 671 964 711 corp.
988 669 1016 699 et
1038 662 1122 697 Mal.
1143 674 1173 708 q.
1195 672 1228 706 4.
1251 665 1314 694 art.
1330 671 1361 694 2.
1385 658 1427 693 ad
1447 658 1527 702 12.)-

281 765 341 799 ΑΙ)
360 772 509 798 PRIMUM
531 760 581 794 sic
604 757 820 804 proceditur.
842 754 1005 794 Videtur,
1029 752 1126 798 quod
1147 750 1335 797 passiones
1353 746 1542 782 irascibilis
1557 745 1627 779 sint
1640 743 1793 790 priores.

210 817 436 865 passionibus
472 809 783 858 concupiscibilis:
815 808 905 842 ordo
936 806 1034 841 enim
1065 804 1276 851 passionum
1307 808 1360 836 est
1388 799 1588 835 secundum
1615 797 1779 832 ordinem

211 871 459 916 objectorum:
483 866 546 901 sed
569 865 750 910 objectum
779 859 968 895 irascibilis
990 866 1043 893 est
1068 858 1208 892 bonum
1230 856 1395 896 arduum,
1418 852 1514 899 quod
1536 851 1678 886 videtur
1704 860 1781 884 esse

210 933 420 970 supremum
435 921 526 955 inter
540 918 609 953 alia
626 918 739 958 bona;
762 926 848 961 ergo
867 913 1053 960 passiones
1073 909 1261 945 irascibilis
1278 908 1447 942 videntur
1464 915 1630 952 praeesse
1649 903 1784 950 passio-

211 977 316 1011 nibus
338 971 640 1020 concupiscibilis.

284 1040 314 1063 2.
337 1029 573 1062 PRAETEREA.
596 1024 749 1058 Movens
772 1029 825 1056 est
846 1020 942 1067 prius
962 1026 1081 1052 moto:
1105 1017 1169 1051 sed
1187 1014 1376 1050 irascibilis
1396 1019 1628 1058 comparatur
1643 1009 1687 1044 ad
1702 1020 1785 1043 con-

214 1080 476 1128 cupiscibilem,
499 1079 591 1113 sicut
621 1087 775 1110 movens
803 1075 846 1109 ad
872 1081 1038 1107 motum:
1069 1071 1111 1104 ad
1138 1070 1210 1104 hoc
1238 1069 1337 1103 enim
1363 1068 1467 1101 datur
1493 1064 1721 1105 animalibus,
1747 1070 1786 1096 ut

212 1135 385 1171 tollantur
406 1133 678 1179 impedimenta,
701 1129 829 1175 quibus
851 1124 1143 1172 concupiscibilis
1165 1122 1377 1169 prohibetur
1398 1119 1467 1154 frui
1485 1129 1550 1153 suo
1571 1118 1727 1163 objecto,
1748 1123 1787 1150 ut

214 1200 320 1235 supra
342 1187 478 1221 dictum
501 1194 553 1219 est
577 1184 622 1230 (q.
645 1195 692 1228 23.
716 1187 780 1217 art.
807 1182 873 1226 1.):
896 1189 1089 1214 removens
1113 1184 1234 1210 autem
1256 1174 1453 1222 prohibens
1473 1172 1584 1206 habet
1605 1170 1784 1205 rationem

214 1241 405 1282 moventis,
422 1248 459 1273 ut
473 1239 602 1272 dicitur
616 1237 651 1270 in
667 1237 699 1270 8.
715 1236 824 1281 Phys.
843 1232 1020 1280 (tex 32.);
1046 1242 1132 1277 ergo
1148 1229 1334 1276 passiones
1349 1225 1536 1261 irascibilis
1551 1232 1634 1259 sunt
1650 1223 1788 1270 priores

215 1294 440 1342 passionibus
464 1288 767 1337 concupiscibilis.

290 1360 318 1394 3.
341 1348 577 1381 PRAETEREA.
602 1343 798 1383 Gaudium,
827 1349 861 1375 et
885 1340 1027 1374 tristitia
1055 1345 1137 1372 sunt
1163 1336 1350 1382 passiones
1378 1330 1693 1378 concupiscibilis:
1723 1329 1785 1364 sed
1823 1347 1826 1352 -

217 1401 401 1449 gaudium,
424 1407 457 1433 et
478 1398 618 1432 tristitia
641 1402 910 1441 consequuntur
929 1392 972 1426 ad
992 1392 1178 1438 passiones
1197 1387 1401 1423 irascibilis:
1421 1386 1507 1420 dicit
1525 1385 1623 1419 enim
1641 1382 1734 1417 Phil.
1753 1384 1789 1417 in

216 1466 248 1498 4.
263 1454 343 1488 Eth.
363 1454 491 1499 (cap.5.
507 1463 526 1485 a
540 1450 654 1495 med),
678 1448 775 1494 quod
790 1448 927 1493 punitio
951 1446 1088 1491 quietat
1108 1444 1287 1489 impetum
1301 1442 1386 1482 irae,
1409 1439 1691 1474 delectationem
1705 1436 1789 1470 loco

216 1508 377 1543 tristitiae
399 1506 534 1540 faciens
551 1517 558 1546 ;
586 1514 672 1549 ergo
696 1501 882 1548 passiones
911 1496 1202 1544 concupiscibilis
1221 1502 1303 1529 sunt
1322 1493 1542 1540 posteriores
1559 1490 1788 1537 passionibus

218 1560 416 1596 irascibilis.

292 1614 366 1648 SED
382 1622 548 1647 CONTRA.
572 1610 765 1644 Passiones
788 1604 1080 1652 concupiscibilis
1100 1603 1297 1648 respiciunt
1314 1601 1454 1635 bonurn
1474 1597 1698 1633 absolutum:
1717 1607 1794 1642 pas-

219 1669 339 1702 siones
362 1673 483 1700 autem
505 1662 690 1698 irascibilis
710 1661 905 1707 respiciunt
925 1660 1064 1692 bonum
1087 1663 1330 1697 contractum,
1349 1652 1488 1688 scilicet
1510 1651 1686 1686 arduum:
1710 1661 1793 1683 cum

220 1721 328 1767 igitur
348 1720 486 1753 bonum
510 1716 719 1762 simpliciter
742 1716 785 1749 sit
806 1716 914 1760 prius,
943 1723 1053 1758 quam
1078 1711 1218 1744 bonum
1247 1715 1488 1748 contractum,
1515 1704 1668 1746 videtur,
1696 1702 1793 1749 quod

220 1774 406 1821 passiones
429 1768 721 1817 concupiscibilis
741 1769 809 1802 sint
830 1767 966 1813 priores
989 1763 1218 1811 passionibus
1243 1760 1442 1796 irascibilis.

291 1827 521 1861 REsPONDI-:o
544 1823 751 1863 dicendum,
775 1821 871 1867 quod
894 1819 1081 1866 passiones
1101 1814 1394 1862 concupiscibilis
1411 1813 1454 1848 ad
1469 1813 1572 1859 plura
1591 1823 1628 1846 se
1647 1811 1794 1852 habent,

222 1891 331 1927 quam
353 1879 539 1926 passiones
560 1875 764 1910 irascibilis:
788 1885 874 1908 nam
896 1874 933 1906 in
955 1871 1182 1918 passionibus
1207 1866 1501 1914 concupiscibilis
1528 1865 1711 1900 invenitur
1738 1863 1797 1897 ali-

223 1933 306 1980 quid
329 1933 510 1979 pertinens
535 1930 578 1964 ad
601 1936 755 1969 motum,
779 1928 870 1961 sicut
892 1925 1128 1966 desideriun13
1153 1931 1187 1957 et
1210 1922 1343 1968 aliquid
1366 1921 1548 1968 pertinens
1565 1919 1609 1953 ad
1625 1919 1796 1965 quietem,

223 1988 315 2022 sicut
337 1985 521 2032 gaudium,
545 1992 578 2018 et
599 1982 759 2017 tristitia:
783 1981 844 2015 sed
866 1981 901 2013 in
921 1978 1147 2025 passionibus
1167 1975 1354 2010 irascibilis
1373 1985 1447 2008 non
1465 1974 1646 2007 invenitur
1664 1971 1796 2017 aliquid

224 2041 404 2086 pertinens
429 2038 470 2072 ad
494 2037 664 2084 quietem,
687 2035 748 2069 sed
772 2033 891 2068 solum
914 2033 1096 2078 pertinens
1130 2030 1173 2063 ad
1196 2037 1358 2063 motum:
1387 2029 1488 2073 cujus
1509 2028 1600 2060 ratio
1624 2032 1688 2066 est,
1716 2024 1798 2070 quia

224 2093 271 2135 id,
293 2094 327 2126 in
351 2103 422 2138 quo
447 2092 519 2136 jam
546 2089 753 2136 quiescitur,
775 2099 849 2121 non
871 2086 980 2120 habet
1008 2086 1186 2118 rationem
1209 2082 1374 2124 difficilis,
1401 2092 1464 2115 seu
1487 2079 1599 2121 ardui,
1622 2077 1719 2124 quod
1746 2085 1800 2111 est

226 2147 409 2192 objectum
432 2143 629 2178 irascibilis.

299 2198 413 2239 Quies
437 2206 569 2238 autem,
592 2207 674 2230 cum
698 2195 741 2229 sit
762 2194 841 2228 finis
864 2202 996 2234 motus,
1020 2200 1071 2226 est
1101 2191 1198 2238 prior
1224 2191 1260 2224 in
1287 2188 1500 2229 intentione,
1527 2186 1589 2221 sed
1620 2184 1801 2232 posterior

226 2253 262 2287 in
285 2251 514 2286 executione:
539 2250 568 2284 si
590 2260 677 2294 ergo
702 2255 955 2293 comparentur
977 2245 1164 2291 passiones
1179 2242 1367 2278 irascibilis
1391 2241 1435 2275 ad
1457 2241 1645 2287 passiones
1669 2249 1802 2272 concu-

226 2305 409 2353 piscibilis,
443 2315 534 2349 quae
570 2301 775 2347 significant
796 2301 954 2346 quietem
977 2300 1013 2333 in
1047 2299 1158 2339 bono,
1186 2295 1376 2331 manifeste
1398 2295 1586 2341 passiones
1613 2290 1801 2326 irascibilis

226 2358 446 2406 praecedunt
461 2356 585 2390 ordine
601 2354 823 2389 executionis
838 2352 1047 2398 hujusmodi
1069 2352 1256 2398 passiones
1276 2346 1590 2394 concupiscibilis3
1607 2346 1700 2381 sicut
1721 2355 1802 2390 spes

227 2411 410 2459 praecedit
432 2409 622 2455 gaudium3
645 2408 738 2442 unde
762 2416 884 2441 causat
912 2407 1041 2452 ipsum,
1065 2404 1267 2439 secundum
1289 2401 1377 2436 illud
1400 2399 1571 2447 Apostoli
1595 2399 1702 2433 Rom.
1729 2407 1801 2432 12.:

228 2466 288 2512 Spe
307 2464 501 2511 gaudentes:
525 2462 585 2496 sed
609 2462 727 2506 passio
752 2458 1041 2505 concupiscibilis
1064 2459 1263 2504 importans
1279 2455 1438 2502 quietem
1460 2454 1495 2488 in
1519 2452 1630 2494 malo,
1653 2450 1804 2492 scilicet,

228 2519 382 2559 tristitia,
404 2516 524 2551 media
546 2523 599 2549 est
629 2515 720 2548 inter
743 2514 830 2547 duas
856 2514 1041 2559 passiones
1076 2510 1283 2545 irascibilis:
1311 2508 1473 2554 sequitur
1495 2506 1593 2541 enim
1614 2505 1802 2540 timorem:

231 2583 314 2606 cum
348 2571 446 2605 enim
480 2568 677 2603 occurrerit
699 2566 849 2607 malum,
880 2565 977 2611 quod
1003 2565 1207 2605 timebatur,
1244 2569 1412 2596 causatur
1438 2560 1600 2595 tristitia:
1622 2557 1806 2605 praecedit

232 2633 353 2659 autem
381 2631 522 2657 motum
545 2622 629 2662 irae,
653 2620 735 2666 quia
763 2631 845 2653 cum
862 2631 904 2653 ex
918 2619 1059 2652 tristitia
1081 2617 1322 2664 praecedente
1350 2614 1478 2660 aliquis
1500 2612 1654 2658 insurgit
1674 2611 1711 2645 in
1732 2610 1806 2644 vin-

232 2679 378 2719 dictam,
401 2678 472 2711 hoc
496 2675 649 2722 pertinet
677 2674 718 2707 ad
748 2680 888 2707 motum
907 2673 999 2706 irae:
1024 2679 1058 2706 et
1080 2671 1163 2716 quia
1191 2668 1388 2714 rependere
1409 2667 1529 2701 vicem
1556 2664 1656 2706 mali,
1684 2675 1808 2710 appre-

231 2732 400 2766 henditur
411 2738 448 2764 ut
467 2730 617 2769 bonum,
629 2739 711 2761 cum
728 2727 837 2760 iratus
851 2726 921 2759 hoc
939 2732 1153 2758 consecutus
1170 2722 1286 2764 suerit,
1298 2721 1495 2767 gaudet2et
1505 2719 1554 2754 sic
1571 2716 1806 2752 manifestum

234 2793 295 2827 est,
323 2784 419 2831 quod
448 2782 567 2817 omnis
595 2781 712 2827 passio
741 2778 928 2813 irascibilis
954 2778 1168 2812 terminatur
1195 2776 1238 2810 ad
1270 2775 1479 2822 passionem
1514 2769 1807 2817 concupiscibilis

234 2839 473 2885 pertinentem
502 2835 544 2869 ad
572 2836 742 2880 quietem,
769 2832 907 2866 scilicet
933 2831 991 2866 vel
1019 2831 1061 2864 ad
1085 2829 1270 2875 gaudium,
1297 2828 1354 2862 vel
1383 2827 1426 2861 ad
1453 2826 1648 2861 tristitiam.
1679 2823 1751 2858 Sed
1777 2823 1806 2857 si

236 2898 492 2938 comparentur
513 2889 700 2935 passiones
730 2885 917 2920 irascibilis
946 2885 988 2918 ad
1017 2885 1204 2930 passiones
1235 2879 1539 2927 concupiscibilis,
1561 2889 1653 2925 quae
1675 2877 1809 2923 impor-
