1907 3198
497 163 719 200 QUAESTIO
752 162 843 192 LIII.
877 161 1127 192 ARTICULUS
1162 161 1206 190 ΙΙ.
1563 160 1642 203 371

0 246 4 294 ξ
60 246 167 282 cretis
192 246 320 293 incipit
344 245 521 281 habitudo
550 257 570 279 a
596 245 774 290 subjecto,
801 252 836 279 et
860 243 1078 279 terminatur
1105 242 1150 277 ad
1177 242 1367 285 accidens;
1390 241 1522 276 dicitur
1549 242 1649 276 enim

0 304 6 328 ἱ
59 299 196 344 album,
217 300 316 347 quod
336 299 448 334 habet
469 298 694 342 albedinem3
717 306 865 345 propter
891 297 990 344 quod
1017 297 1054 331 in
1081 296 1293 331 definitione
1316 296 1530 342 hujusmodi
1557 296 1649 330 acci-

0 375 2 394 ;
58 353 176 389 dentis
195 353 344 400 ponitur
360 353 578 399 subjectum,
599 361 791 399 tamquam
813 362 941 398 genus,
963 351 1061 398 quod
1085 359 1139 386 est
1160 351 1279 398 prima
1301 361 1383 397 pars
1406 349 1648 392 definitionis;

0 418 5 423 ·
59 407 215 442 dicimus
236 409 347 450 enirn,
369 406 467 454 quod
488 408 611 442 simum
631 412 679 442 est
699 418 798 442 nasus
823 417 968 446 curvus;
991 405 1042 440 sic
1066 405 1175 452 igitur
1196 405 1244 447 id,
1267 404 1366 451 quod
1394 404 1568 438 convenit
1595 415 1651 438 ac-

59 461 262 497 cidentibus
283 472 326 496 ex
351 469 453 507 parte
475 460 640 506 subjecti,
655 472 730 495 non
753 468 877 495 autem
899 471 941 494 ex
962 459 1042 505 ipsa
1063 459 1206 493 ratione
1229 458 1441 500 accidentis,
1456 469 1532 492 non
1556 458 1651 492 attri-

57 515 178 550 buitur
199 514 380 549 accidenti
400 515 438 549 in
460 515 656 556 abstracto,
679 514 742 549 sed
764 515 801 549 in
823 521 1021 548 concreto:
1048 521 1083 547 et
1109 512 1323 558 hujusmodi
1346 520 1399 547 est
1420 512 1592 553 intensio,
1615 520 1650 546 et

58 568 225 604 remissio
247 570 284 604 in
306 568 524 616 quibusdam
547 568 816 610 accidentibus;
838 568 934 602 unde
953 566 1084 602 albedo
1099 578 1175 601 non
1190 566 1321 601 dicitur
1342 567 1461 612 magis,
1477 574 1512 600 et
1527 567 1648 608 minus,

57 623 122 659 sed
144 623 279 659 album.
302 622 347 658 Et
368 623 499 658 eadem
520 623 613 658 ratio
641 631 696 658 est
721 623 758 656 in
784 622 980 664 habitibus,
1007 630 1043 656 et
1069 621 1149 655 aliis
1171 620 1425 667 qualitatibus:
1453 620 1524 654 nisi
1550 619 1649 667 quod

58 676 208 724 quidam
229 677 372 712 habitus
401 685 592 723 augentur,
614 676 673 711 vel
695 676 947 711 diminuuntur
969 686 1033 722 per
1054 675 1255 722 quamdam
1284 674 1523 717 additionem,
1546 682 1585 709 ut
1607 685 1650 708 ex

59 731 275 779 supradictis
297 739 398 778 patet
418 731 466 778 (q.
485 743 537 778 52.
559 736 624 766 art.
647 731 710 776 2.).

617 860 968 906 ARTICULUS
998 860 1078 904 ΙΙΙ.
1580 869 1649 905 286

263 969 418 1001 UTRUM
446 969 638 1000 HABITUS
668 969 1016 1009 CORRUMPATUR,
1048 969 1131 998 VEL
1160 967 1445 999 DIMINUATUR

429 1036 508 1066 PER
535 1035 685 1065 SOLAM
712 1034 1024 1066 CESSATIONEM
1050 1035 1104 1064 AB
1133 1035 1289 1064 OPERE.

325 1123 408 1170 (2-2.
431 1137 462 1172 q.
483 1135 540 1170 24.
567 1129 634 1160 art.
656 1137 709 1160 10.
732 1129 760 1160 et
781 1137 808 1160 ι.
831 1125 923 1160 Dist.
946 1137 996 1171 17.
1019 1137 1049 1171 q.
1097 1130 1193 1160 .art.
1212 1136 1241 1171 5.
1265 1126 1385 1172 corp..)

129 1214 192 1250 AD
215 1224 390 1251 TERTIUM
411 1215 464 1250 sic
485 1214 707 1262 proceditur.
734 1214 901 1258 Videtur,
928 1217 1026 1262 quod
1042 1215 1187 1249 habitus
1209 1227 1285 1249 non
1300 1223 1567 1261 corrumpatur,
1590 1223 1652 1249 aut

59 1269 282 1305 diminuatur
307 1267 373 1316 pe?
396 1268 517 1304 solam
544 1269 789 1304 cessationem
817 1269 860 1303 ab
889 1280 1017 1316 opere:
1040 1269 1186 1304 habitus
1209 1269 1308 1303 enirn
1336 1269 1651 1316 permanentiores

59 1331 154 1367 sunt,
171 1334 283 1371 quarn
303 1321 492 1370 passibiles
506 1322 712 1369 qualitates,
727 1331 766 1357 ut
785 1334 827 1357 ex
841 1323 1057 1370 supradictis
1081 1330 1229 1370 apparet
1245 1322 1290 1369 (q.
1305 1335 1363 1370 49.
1387 1328 1452 1357 art.
1471 1335 1502 1358 2.
1522 1323 1565 1357 ad
1582 1324 1650 1370 3.).-

59 1377 122 1414 sed
143 1375 333 1424 passibiles
355 1375 548 1426 qualitates
568 1388 644 1411 non
668 1385 964 1423 corrumpuntur,
982 1388 1102 1423 neque
1124 1377 1377 1411 diminuuntur
1398 1388 1462 1423 per
1483 1377 1654 1412 cessatio-

59 1442 146 1467 nem
167 1431 210 1466 ab
239 1438 342 1466 actu:
369 1441 445 1466 non
473 1430 572 1465 enim
599 1430 730 1465 albedo
757 1431 983 1474 diminuitur,
1010 1431 1040 1466 si
1066 1431 1187 1466 visum
1213 1442 1290 1465 non
1315 1431 1504 1473 immutet;
1531 1442 1651 1478 neque

61 1485 172 1529 calor,
187 1485 218 1520 si
233 1497 311 1520 non
324 1484 532 1528 calefaciat3
551 1496 641 1532 ergo
656 1496 775 1532 neque
793 1485 939 1520 habitus
954 1486 1218 1527 diminuuntur,
1232 1496 1351 1532 neque
1367 1493 1653 1532 corrumpuntur

58 1551 123 1588 per
142 1540 387 1575 cessationem
409 1539 453 1574 ab
475 1548 570 1574 actu.

131 1604 163 1629 2.
176 1594 417 1630 PRAETEREA.
434 1593 646 1640 Corruptio,
662 1602 698 1628 et
711 1593 906 1628 diminutio
921 1601 1005 1628 sunt
1018 1593 1200 1640 quaedam
1223 1593 1464 1628 mutationes:
1482 1593 1544 1627 sed
1560 1593 1652 1628 nihil

64 1656 226 1684 mutatur
248 1648 384 1695 absque
407 1647 529 1695 aliqua
552 1659 663 1683 causa
685 1656 878 1682 movente:
907 1659 992 1682 cum
1013 1648 1124 1694 igitur
1143 1648 1298 1682 cessatio
1323 1648 1365 1681 ab
1386 1656 1468 1682 actu
1490 1659 1565 1682 non
1588 1648 1654 1682 im-

60 1710 180 1750 portet
197 1702 360 1750 aliquam
379 1713 530 1737 causam
549 1710 774 1744 moventem,
789 1713 865 1736 non
883 1702 1026 1736 videtur
1044 1701 1143 1749 quod
1161 1714 1226 1748 per
1244 1703 1490 1736 cessationem
1506 1702 1548 1736 ab
1569 1710 1651 1737 actu

62 1756 178 1804 possit
198 1767 277 1791 esse
296 1755 504 1798 diminutio,
523 1755 583 1790 vel
601 1756 788 1803 corruptio
810 1756 967 1791 habitus.

137 1822 166 1858 3.
193 1810 435 1846 PRAETEREA.
464 1810 619 1844 Habitus
646 1810 833 1852 scientiae,
861 1818 896 1844 et
920 1810 1062 1844 virtutis
1092 1818 1176 1844 sunt
1202 1809 1238 1843 in
1266 1810 1389 1844 anima
1415 1809 1652 1853 intellectiva,

61 1875 156 1914 quae
175 1872 230 1900 est
246 1875 356 1912 supra
377 1872 542 1911 tempus:
563 1875 606 1898 ea
627 1875 728 1907 vero,
747 1875 841 1910 quae
859 1872 944 1899 sunt
962 1875 1070 1911 supra
1088 1872 1246 1911 tempus,
1260 1876 1336 1899 non
1356 1873 1651 1911 corrumpuntur,

60 1929 179 1966 neque
201 1918 456 1953 diminuuntur
480 1929 544 1966 per
570 1918 747 1965 temporis
774 1918 1069 1961 diuturnitatem3
1092 1929 1180 1965 ergo
1207 1930 1326 1965 neque
1353 1918 1566 1964 hujusmodi
1591 1919 1654 1952 ha-

61 1972 156 2008 bitus
178 1980 475 2020 corrumpuntur,
497 1971 557 2007 vel
578 1972 832 2006 diminuuntur
857 1983 922 2018 per
942 1972 1120 2019 temporis
1148 1972 1435 2015 diuturnitatem,
1458 1973 1487 2007 si
1509 1972 1570 2006 diu
1593 1972 1653 2006 ali-

62 2026 142 2074 quis
164 2026 301 2074 absque
324 2026 497 2061 exercitio
519 2034 745 2073 permaneat.

135 2079 210 2116 SED
239 2090 398 2116 CONTRA
427 2088 491 2123 est,
510 2080 609 2127 quod
636 2079 888 2127 Philosophus
909 2080 946 2114 in
967 2080 1028 2114 lib.
1052 2080 1095 2115 de
1123 2080 1383 2127 Longstudiue,
1407 2088 1442 2115 et
1468 2080 1651 2115 Brevitate

61 2133 168 2169 Vitae
195 2134 286 2182 (cap.
312 2135 361 2181 2.)
390 2133 489 2177 dicit,
515 2133 614 2181 quod
643 2134 829 2180 corruptio
856 2134 1030 2169 scientiae
1052 2146 1128 2169 non
1155 2135 1277 2170 solum
1299 2143 1353 2169 est
1379 2134 1561 2181 deceptio,
1589 2134 1651 2168 sed

63 2187 174 2223 etiam
195 2187 353 2223 oblivio:
374 2195 409 2224 et
430 2188 542 2223 etiarn
556 2188 594 2222 in
609 2196 743 2222 octavo
759 2187 877 2222 Ethic.
900 2189 990 2235 (cap.
1006 2200 1035 2235 5.
1049 2196 1176 2236 parum
1196 2201 1217 2223 a
1229 2190 1370 2235 princ),
1392 2188 1533 2230 dicitur,
1553 2188 1651 2235 quod

63 2241 196 2278 multas
217 2241 398 2278 amicitias
419 2241 656 2289 inappellatio
671 2241 857 2276 dissolvit:
881 2250 917 2276 et
935 2243 1065 2277 eadem
1078 2243 1220 2278 ratione
1237 2242 1298 2277 alii
1312 2243 1456 2278 habitus
1474 2243 1651 2277 virtutum

62 2306 127 2344 per
147 2295 392 2332 cessationem
414 2295 458 2330 ab
482 2303 566 2330 actu
589 2295 853 2338 diminuuntur,
874 2295 934 2330 vel
954 2296 1142 2331 tolluntur.

133 2349 367 2386 RESPONDEO
389 2349 600 2392 dicendum,
621 2349 733 2396 quod,
755 2350 849 2384 sicut
870 2350 1002 2385 dicitur
1027 2351 1064 2384 in
1087 2362 1119 2397 7.
1142 2351 1289 2398 Physic.
1309 2352 1393 2396 (tex.
1408 2352 1494 2398 27.)‚
1516 2350 1651 2397 aliquid

62 2411 183 2452 potest
196 2414 275 2439 esse
289 2415 444 2438 movens
458 2403 658 2451 dupliciter:
682 2415 747 2438 uno
770 2403 866 2438 modo
881 2415 945 2451 per
959 2416 996 2439 se
1009 2417 1017 2447 ;
1040 2405 1138 2452 quod
1153 2405 1294 2440 scilicet
1309 2413 1434 2439 movet
1449 2405 1651 2439 secundum

63 2459 246 2494 rationem
259 2457 430 2505 propriae
444 2457 605 2500 formae,
628 2458 722 2492 sicut
742 2457 836 2504 ignis
860 2457 1046 2493 calefacit:
1062 2459 1129 2493 alio
1145 2459 1241 2494 modo
1266 2471 1330 2506 per
1352 2458 1540 2501 accidens3
1560 2460 1652 2493 sicut

62 2511 112 2555 id,
132 2512 231 2559 quod
253 2519 422 2547 removet
441 2511 651 2558 prohibens.
671 2511 716 2546 Et
735 2511 809 2546 hoc
832 2511 947 2547 modo
967 2513 1124 2547 cessatio
1140 2513 1183 2547 ab
1204 2521 1287 2547 actu
1311 2521 1437 2547 causat
1453 2513 1653 2559 corruptio-

63 2575 162 2609 nem,
182 2565 242 2600 vel
263 2565 546 2600 diminutionem
568 2565 782 2608 habituum3
805 2565 1022 2612 inquantum
1044 2566 1185 2601 scilicet
1211 2575 1422 2601 removetur
1449 2575 1562 2608 actus,
1590 2566 1652 2612 qui

62 2611 280 2667 prohibebat
300 2630 429 2654 causas
452 2626 742 2666 corrumpentes,
760 2618 820 2654 vel
839 2619 1084 2654 diminuentes
1099 2620 1282 2654 habitum:
1303 2620 1441 2654 dictum
1466 2628 1518 2654 est
1540 2620 1650 2662 enim,

47 2671 145 2718 (art
161 2673 309 2720 praec),
324 2672 423 2720 quod
443 2672 589 2707 habitus
604 2684 667 2719 per
689 2683 726 2707 se
749 2682 1045 2720 corrumpuntur,
1067 2685 1088 2707 v
1093 2674 1123 2708 el
1141 2673 1392 2708 diminuuntur
1408 2686 1450 2708 ex
1465 2673 1650 2707 contrario

48 2734 213 2784 agente,
235 2726 330 2762 unde
352 2737 673 2774 quorumcumque
699 2725 892 2761 habituum
920 2727 1103 2762 contraria
1130 2727 1369 2762 subcrescunt
1390 2739 1453 2774 per
1474 2728 1651 2774 temporis

51 2778 234 2824 tractum,
255 2791 349 2828 quae
371 2789 517 2827 oportet
530 2780 694 2815 subtrahi
716 2792 779 2827 per
801 2789 924 2815 actum
940 2781 982 2815 ab
997 2781 1123 2816 habitu
1141 2782 1415 2828 procedentem,
1438 2781 1650 2827 hujusmodi

52 2831 208 2874 &abitus
229 2834 492 2877 diminuuntur,
513 2833 573 2869 vel
593 2834 705 2871 etiam
727 2822 904 2870 tolluntur
917 2834 1078 2870 totaliter
1095 2847 1159 2882 per
1173 2835 1382 2870 diuturnam
1405 2835 1649 2870 cessationem

50 2886 111 2928 {b
136 2895 240 2931 actu3
266 2896 306 2923 ut
330 2896 429 2935 patet
449 2887 561 2924 etiam
587 2887 624 2922 in
651 2888 815 2930 scientia,
842 2897 878 2924 et
902 2889 1045 2924 virtute.
1073 2888 1309 2924 Manifestum
1337 2896 1389 2924 est
1417 2889 1528 2930 enim,
1551 2889 1650 2935 quod
