1875 3198
223 193 306 247 558
623 206 844 241 QUAESTIO
879 206 1040 234 Lxxvn.
1075 205 1319 235 ARTICULUS
1354 205 1398 234 11.

292 287 352 321 AD
375 297 583 321 SECUNDUM
606 287 810 329 dicendum,
831 287 927 333 quod
949 287 1019 321 hoc
1042 287 1173 332 ipsum,
1192 287 1289 332 quod
1307 286 1439 320 rationi
1459 286 1622 321 videatur
1647 287 1684 320 in
1709 298 1786 333 par-

219 339 362 373 ticulari
384 339 530 386 aliquod
551 341 701 382 bonum,
723 340 820 386 quod
842 351 916 374 non
935 348 988 374 est
1007 340 1158 382 bonum,
1181 340 1359 386 contingit
1380 351 1422 373 ex
1449 339 1569 386 aliqua
1597 340 1783 386 passione:

221 401 255 427 et
276 401 399 427 tamen
421 394 491 427 hoc
514 393 729 440 particulare
751 393 926 439 judicium
949 401 1002 427 est
1023 401 1149 427 contra
1163 392 1403 427 universalem
1422 393 1612 427 scientiam
1626 394 1785 428 rationis.

292 446 352 481 AD
376 457 546 481 TERTIUM
562 447 767 488 dicendum,
790 447 887 492 quod
908 458 983 480 non
1002 455 1124 492 posset
1142 446 1364 492 contingere,
1384 447 1480 492 quod
1496 446 1624 492 aliquis
1637 447 1786 480 haberet

220 499 328 533 simul
348 500 385 533 in
408 508 488 534 actu
511 500 711 541 scientiam,
731 508 791 533 aut
813 499 1025 546 opinionem
1052 510 1177 533 veram
1202 499 1245 533 de
1275 499 1469 533 universali
1497 498 1725 542 affirmativo,
1752 508 1786 533 et

222 553 432 599 opinionem
455 553 584 587 falsam
608 553 650 586 de
673 552 879 599 particulari
900 553 1083 598 negativo,
1104 561 1164 587 aut
1185 564 1202 586 e
1234 563 1429 586 converso:
1460 553 1523 587 sed
1551 553 1642 587 bene
1668 561 1786 599 potest

222 607 444 652 contingere,
468 607 564 652 quod
587 606 714 652 aliquis
732 606 865 640 habeat
890 618 1014 640 veram
1045 606 1233 640 scientiam
1262 605 1492 640 habitualiter
1520 606 1563 640 de
1592 606 1786 640 universali

221 659 449 701 affirmativo,
469 668 503 694 et
523 659 653 693 falsam
676 660 887 705 opinionem
910 660 945 693 in
969 667 1050 693 actu
1073 661 1115 693 de
1138 659 1343 705 particulari
1361 660 1550 706 negativo:
1574 668 1673 694 actus
1688 660 1785 694 enirn

221 713 354 747 directe
376 724 449 746 non
473 714 711 747 contrariatur
732 713 880 755 habitui,
903 713 964 747 sed
987 713 1093 747 actui.

292 767 351 800 AD
380 776 568 805 QUARTUM
603 766 808 808 dicendum,
839 766 936 812 quod
963 766 1035 808 ille,
1066 766 1125 812 qui
1158 766 1267 800 habet
1294 766 1483 800 scientiam
1512 767 1548 800 in
1580 766 1785 808 universali,

221 828 367 866 propter
388 820 595 866 passionem
617 820 812 865 impeditur
833 831 878 854 ne
900 819 1013 866 possit
1035 820 1098 853 sub
1122 819 1182 853 illa
1204 819 1397 853 universali
1419 831 1574 862 sumere,
1596 827 1631 854 et
1645 820 1688 854 ad
1704 831 1787 853 con-

222 873 423 907 clusionem
440 873 645 919 pervenire:
669 873 730 907 sed
746 873 896 906 assumit
913 873 977 906 sub
994 872 1063 906 alia
1081 873 1285 915 universali,
1301 884 1411 918 quarn
1425 874 1586 919 suggerit
1598 873 1784 907 inclinatio

220 927 408 973 passionis,
433 934 466 960 et
487 927 551 960 sub
575 938 616 960 ea
639 926 843 968 concludit3
865 926 960 960 unde
982 925 1118 960 Philos.
1141 926 1227 960 dicit
1248 926 1284 960 in
1307 936 1338 971 7.
1361 926 1477 960 Ethic.
1500 927 1590 973 (cap.
1608 927 1664 973 3.),
1689 927 1785 972 quod

220 979 455 1026 syllogismus
478 979 735 1013 incontinentis
757 979 866 1022 habet
887 988 1042 1025 quatuor
1063 979 1346 1026 propositiones:
1369 979 1457 1013 duas
1478 979 1724 1026 particulares,
1751 988 1786 1014 et

221 1034 308 1067 duas
331 1033 572 1075 universalem
595 1044 748 1079 quarum
771 1045 841 1067 una
865 1041 917 1067 est
938 1033 1099 1075 rationis,
1125 1041 1211 1079 puta
1236 1033 1374 1067 nullam
1402 1033 1682 1068 fornicationem
1708 1045 1785 1068 esse

221 1086 543 1128 committendam3
566 1086 634 1120 alia
654 1094 707 1120 est
724 1086 915 1132 passionis,
933 1094 1018 1132 puta
1034 1086 1315 1121 delectationem
1331 1097 1408 1121 esse
1423 1087 1650 1121 sectandam:
1665 1087 1784 1134 passio

219 1141 328 1187 igitur
349 1140 436 1186 ligat
454 1140 645 1182 rationem,
667 1151 711 1174 ne
735 1148 906 1182 assumat,
929 1148 964 1175 et
985 1139 1181 1175 concludat
1201 1140 1265 1175 sub
1287 1140 1425 1187 prima3
1446 1141 1540 1175 unde
1567 1152 1610 1175 ea
1635 1141 1785 1176 durante

220 1195 380 1236 assumit,
404 1202 438 1228 et
456 1193 640 1228 concludit
660 1193 724 1228 sub
745 1194 914 1228 secunda.

291 1248 351 1282 AD
367 1258 547 1287 QUINTUM
563 1247 769 1288 dicendum,
784 1247 881 1293 quod
896 1247 988 1281 sicut
1002 1247 1120 1281 ebrius
1139 1247 1356 1293 quandoque
1371 1246 1530 1293 proferre
1546 1255 1665 1294 potest
1677 1248 1785 1282 verba

220 1301 460 1347 significantia
483 1300 678 1347 profundas
701 1301 907 1342 sententias,
930 1312 1018 1346 quas
1039 1308 1162 1334 tamen
1184 1309 1305 1335 mente
1328 1301 1523 1346 dijudicare
1552 1312 1626 1335 non
1656 1309 1785 1347 potest,

222 1354 392 1388 ebrietate
414 1354 645 1400 prohibente:
669 1354 718 1388 ita
739 1354 775 1387 in
797 1354 966 1400 passione
989 1354 1141 1388 existens
1164 1354 1230 1388 etsi
1252 1365 1314 1388 ore
1336 1353 1496 1400 proferat
1516 1354 1587 1388 hoc
1610 1365 1684 1388 non
1707 1365 1784 1389 esse

220 1407 438 1449 faciendum,
461 1416 584 1441 tamen
606 1407 754 1441 interius
775 1407 846 1441 hoc
871 1407 993 1441 animo
1022 1407 1139 1449 sentit,
1170 1407 1266 1453 quod
1289 1407 1333 1442 sit
1353 1406 1571 1449 faciendum,
1599 1416 1638 1442 ut
1658 1407 1786 1442 dicitur

221 1462 256 1495 in
281 1472 312 1506 7.
334 1461 450 1495 Ethic.
474 1461 562 1507 (cap.
581 1473 610 1508 3.
633 1472 653 1495 a
674 1460 786 1506 med).

777 1608 1122 1652 ARTICULUS
1150 1609 1230 1651 ΙΙΙ.
1716 1631 1783 1666 417

480 1727 633 1757 UTRUM
664 1728 915 1768 PECCATUM,
951 1728 1077 1764 QUOD
1105 1728 1185 1757 EST
1212 1728 1268 1757 EX
1300 1728 1522 1768 PASSIONE,

650 1794 822 1822 DEBEAT
855 1794 947 1823 DICI
974 1794 1028 1822 Ex
1057 1793 1354 1823 INFIRMITATE.

275 1893 378 1938 (Insr.
402 1905 431 1938 q.
454 1893 502 1939 85.
525 1898 588 1927 art.
603 1905 631 1939 3.
654 1893 696 1926 ud
717 1904 748 1937 4.
770 1898 798 1927 et
815 1905 845 1928 2.
870 1894 956 1927 Dist.
980 1905 1033 1928 22.
1057 1905 1085 1939 q.
1105 1905 1136 1928 2.
1151 1898 1216 1928 art.
1239 1904 1270 1928 2.
1293 1893 1336 1927 ad
1352 1905 1380 1939 5.
1403 1898 1432 1927 et
1451 1894 1485 1927 in
1508 1899 1579 1939 exp.
1603 1893 1650 1927 lit.
1665 1893 1728 1939 fin.

381 1951 408 1980 ct
430 1958 462 1990 4.
486 1947 572 1980 Disl.
597 1958 647 1992 μ).
670 1958 699 1992 q.
723 1959 749 1981 Ι.
773 1952 837 1981 art.
856 1959 884 1993 3.
908 1959 938 1992 q.
960 1958 990 1981 2.
1013 1946 1055 1980 ad
1077 1958 1107 1981 2.
1129 1951 1160 1981 et
1181 1946 1265 1981 Mal.
1287 1958 1317 1992 q.
1335 1958 1364 1993 3.
1386 1951 1451 1981 art.
1479 1946 1510 1982 8.
1533 1945 1577 1980 ad
1592 1957 1622 1993 5.

551 2005 579 2033 ct
600 2005 663 2034 art.
684 2012 715 2046 9.
738 2012 789 2034 10.
812 2013 856 2035 ΙΙ.
880 2005 909 2035 et
930 2012 979 2035 12.
999 2006 1088 2046 corp.
1107 2005 1137 2034 et
1156 2000 1209 2034 Ps.
1231 2011 1263 2046 9.
1291 2011 1373 2034 com.
1392 1999 1451 2046 3.).

291 2101 351 2135 AD
376 2111 547 2135 TERTIUM
575 2101 624 2135 sic
654 2101 870 2146 proceditur.
897 2100 1060 2142 Videtur,
1089 2100 1185 2146 quod
1208 2108 1411 2146 peccatum,
1433 2100 1530 2147 quod
1553 2108 1605 2134 est
1638 2111 1680 2134 ex
1710 2111 1786 2146 pas-

221 2154 333 2195 sione,
349 2165 422 2188 non
439 2154 566 2188 debeat
585 2154 656 2187 dici
671 2165 712 2187 ex
726 2154 951 2188 infirmitate:
975 2154 1095 2200 passio
1111 2154 1207 2188 enim
1223 2162 1276 2188 est
1289 2154 1436 2200 quidam
1451 2154 1649 2188 vehemens
1663 2162 1784 2188 motus

222 2208 400 2253 appetitus
423 2207 594 2249 sensitivi,
617 2215 655 2241 ut
677 2207 814 2241 dictum
837 2216 890 2242 est
912 2208 992 2253 (art.
1007 2220 1033 2242 r.
1061 2208 1129 2253 huj.
1158 2207 1228 2253 q.).·
1255 2207 1487 2241 vehementia
1515 2216 1635 2242 autem
1664 2216 1784 2242 motus

221 2261 337 2306 magis
361 2269 546 2294 attestatur
566 2259 777 2302 fortitudini,
801 2273 909 2307 quam
937 2260 1167 2303 imfirmitati3
1195 2272 1282 2307 ergo
1310 2269 1513 2307 peccatum,
1540 2261 1637 2307 quod
1664 2269 1717 2295 est
1743 2272 1783 2295 ex

220 2315 399 2361 passione,
421 2325 495 2348 non
518 2314 623 2348 debet
644 2314 714 2348 dici
736 2326 777 2348 ex
804 2314 1022 2348 infirmitate.

292 2378 322 2402 2.
346 2368 582 2402 PRAETEREA.
598 2367 790 2401 Infirmitas
804 2368 964 2402 hominis
979 2368 1136 2402 maxime
1153 2368 1345 2402 attenditur
1359 2368 1558 2403 secundum
1573 2367 1673 2410 illud,
1687 2368 1783 2414 quod

222 2431 276 2456 est
296 2422 331 2455 in
355 2432 398 2455 eo
421 2420 599 2467 fragilius:
620 2421 691 2455 hoc
715 2430 836 2455 autem
859 2430 911 2456 cst
927 2433 1030 2455 caro:
1055 2422 1148 2455 unde
1171 2422 1301 2456 dicitur
1314 2421 1349 2455 in
1369 2421 1464 2456 Psal.
1488 2431 1563 2467 77.:
1587 2422 1784 2458 Recordalus

220 2481 273 2517 cst,
297 2477 375 2521 quia
395 2486 471 2509 caro
493 2480 588 2515 sunm
613 2486 700 2520 ergo
723 2475 839 2521 magis
861 2475 966 2509 debet
989 2475 1059 2509 dici
1081 2484 1271 2521 peccatum
1294 2486 1335 2509 ex
1363 2474 1582 2517 infirmitate,
1608 2475 1705 2522 quod
1732 2483 1784 2510 est

220 2542 260 2563 ex
284 2529 405 2574 aliquo
429 2528 590 2574 corporis
613 2527 766 2569 defectu,
789 2540 897 2574 quam
920 2529 1016 2574 quod
1040 2537 1092 2562 est
1114 2540 1155 2562 ex
1178 2529 1320 2562 animae
1343 2528 1521 2574 passione.

294 2594 322 2628 3.
346 2582 582 2616 PRAETEREA.
606 2581 662 2615 Ad
686 2593 727 2615 ea
748 2593 820 2615 nou
844 2582 983 2616 videtur
1005 2582 1120 2616 homo
1143 2593 1219 2616 esse
1243 2581 1417 2623 infirmus,
1445 2593 1537 2628 quae
1563 2583 1639 2627 ejus
1659 2581 1783 2616 volun-

220 2636 282 2669 tati
304 2635 521 2669 subduntur:
546 2635 606 2669 scd
629 2633 760 2676 facere,
775 2635 832 2668 vel
847 2646 918 2668 non
936 2635 1052 2669 facere
1072 2646 1125 2677 ca,
1142 2636 1184 2669 ad
1200 2646 1292 2681 quae
1311 2635 1431 2681 passio
1448 2634 1608 2677 inclinat,
1624 2634 1782 2669 hominis

220 2688 396 2722 voluntati
419 2689 592 2730 subditur,
615 2688 814 2722 secundum
837 2688 923 2722 illud
948 2688 1039 2723 Gen.
1062 2699 1115 2731 4.:
1137 2689 1256 2723 sumar
1277 2694 1304 2723 te
1330 2690 1394 2723 crit
1420 2690 1577 2735 appetitus
1598 2694 1671 2723 tuus
1690 2694 1722 2723 et
1748 2693 1780 2723 tu

219 2742 441 2776 ‹lominubwis
471 2742 579 2782 illias,·
607 2753 694 2787 ergo
726 2750 928 2787 peccatum,
957 2742 1053 2787 quod
1083 2750 1135 2776 cst
1165 2753 1206 2776 ex
1236 2742 1415 2788 passione,
1445 2753 1519 2776 non
1554 2750 1607 2776 est
1627 2753 1669 2776 ex
1691 2741 1781 2775 infir-

221 2796 354 2829 mitatc.

293 2849 367 2883 Suo
391 2859 544 2884 CONTRA
569 2857 633 2890 cst,
656 2849 751 2894 quod
777 2848 919 2882 Tullius
942 2849 975 2881 in
999 2859 1030 2891 4.
1062 2849 1120 2882 lib.
1151 2849 1193 2883 de
1229 2848 1378 2883 Tuscul.
1415 2848 1503 2890 QQ.
1535 2848 1626 2892 (ante
1652 2848 1732 2883 med.
1754 2853 1782 2883 c!

220 2902 337 2946 λείπῃ)
352 2903 536 2948 passiones
557 2902 698 2936 animae
720 2902 938 2946 aegritudines
967 2911 1091 2936 vocat:
1120 2902 1361 2947 aegritudines
1390 2910 1509 2936 autem
1534 2901 1605 2936 alio
1631 2901 1779 2936 nomine
