1907 3198
531 194 756 233 QUAESTIO
789 191 894 224 exn.
927 187 1174 222 Ani-tentus
1206 187 1263 217 tv.
1588 170 1672 226 859

110 280 288 318 invenitur
307 278 558 327 inaequalitas,
575 278 791 324 inquantum
811 273 950 310 scilicet
970 272 1072 308 Deus
1092 281 1158 306 sua
1179 278 1266 304 cura
1287 265 1501 314 quibusdam
1523 265 1676 310 majora,

110 334 324 383 quibusdam
344 333 486 369 minora
508 331 673 379 providet
693 331 800 366 dona.

182 387 242 424 An
260 397 468 425 sscunnun
490 384 696 426 dicendum,
710 382 807 430 quod
822 381 913 416 ratio
935 379 997 415 illa
1018 377 1181 425 procedit
1195 374 1395 411 secundum
1417 372 1575 420 primum
1597 381 1674 406 rno-

111 441 201 478 dum
218 441 474 488 magnitudinis
495 438 650 483 gratiae:
669 447 743 472 non
757 435 855 471 enim
870 442 988 481 potest
1006 431 1121 478 gratia
1142 429 1342 465 secundum
1363 427 1433 461 hoc
1454 426 1570 470 major
1589 436 1679 466 esse,

111 494 213 543 quod
232 495 274 529 ad
295 495 412 540 majus
430 493 568 527 bonum
589 490 742 531 ordinet,
763 488 826 523 sed
847 499 889 522 ex
911 498 968 528 eo,
986 485 1082 532 quod
1103 483 1231 528 magis,
1254 481 1311 516 vel
1331 481 1450 514 minus
1469 479 1611 513 ordinet
1633 477 1676 511 ad

113 547 213 584 idem
243 547 380 583 bonum
406 546 535 592 magis,
556 544 614 579 vel
645 543 765 578 minus
785 541 1093 588 participandum:
1116 545 1235 584 potest
1268 535 1365 570 enim
1388 544 1466 568 esse
1492 532 1678 566 diversitas

112 601 338 644 intensionis,
363 608 400 636 et
431 598 666 639 remissionis,
698 595 898 631 secundum
926 592 1241 640 participationem
1275 588 1437 634 subjecti,
1471 595 1507 621 ct
1533 587 1566 620 in
1601 585 1677 632 ipsa

114 655 242 703 gratia,
262 662 299 690 et
318 654 354 690 in
374 652 472 689 smali
494 651 621 698 gloria.

189 709 252 745 An
273 717 446 745 τειτιυκ
466 705 674 746 dicendum,
688 703 786 750 quod
800 702 872 736 vita
893 699 1066 735 naturalis
1083 698 1236 746 pertinet
1250 696 1293 731 ad
1308 694 1545 730 substantiam
1567 692 1683 727 homi·

114 762 191 799 nis:
211 769 249 798 et
266 761 351 798 ideo
371 771 446 796 non
467 758 594 806 recipit
615 758 732 804 nmgis,
754 764 790 791 et
808 756 940 790 minus:
963 754 1024 788 sed
1047 752 1159 787 vitam
1189 750 1324 796 gratiae
1353 747 1541 794 participat
1567 746 1681 780 homo

117 814 406 853 accidentaliter:
427 821 464 850 et
482 813 566 849 ideo
588 822 672 848 eam
693 817 812 857 potest
831 809 948 844 homo
970 806 1100 852 magis,
1121 804 1179 840 vel
1199 804 1319 839 minus
1340 802 1485 838 habere.

690 948 1035 998 ARTICULUS
1063 947 1118 991 v.
1621 963 1685 999 599

306 1063 465 1098 UTRUM
496 1062 626 1095 HOMO
659 1061 812 1093 Possrr
843 1059 965 1090 SCIRE
997 1058 1046 1088 SE
1079 1055 1247 1086 HABERE
1279 1052 1491 1084 GRATtAM.

275 1155 319 1203 (3.
341 1155 431 1192 Dm.
452 1154 504 1191 16.
525 1165 557 1201 q.
578 1165 606 1189 1.
627 1157 692 1187 art.
715 1163 742 1187 1.
763 1149 806 1186 ad
825 1162 856 1196 5.
876 1155 907 1185 ct
926 1160 960 1194 4.
980 1149 1069 1183 Dist.
1091 1158 1141 1183 21.
1159 1158 1190 1192 q.
1212 1157 1243 1181 2.
1266 1150 1331 1180 art.
1354 1155 1386 1180 2.
1407 1143 1529 1190 corp).

190 1245 253 1283 An
272 1254 456 1286 numum
480 1243 532 1279 sic
553 1241 772 1290 proceditur.
793 1239 958 1281 Videtur,
979 1237 1076 1285 quod
1102 1236 1219 1271 homo
1246 1233 1359 1282 possit
1384 1233 1476 1267 scire
1498 1242 1534 1265 se
1555 1229 1687 1264 habere

120 1299 295 1348 gratiam:
316 1297 433 1346 gratia
453 1296 553 1333 enim
574 1304 628 1331 est
643 1297 678 1331 in
693 1295 815 1330 anima
830 1305 891 1341 per
913 1292 967 1327 sui
989 1290 1201 1326 essentiam:
1224 1287 1286 1323 sed
1309 1285 1509 1322 certissima
1527 1281 1689 1327 cognitio

123 1353 269 1389 animae
287 1359 344 1389 est
361 1362 504 1394 eorum,
523 1360 617 1397 quae
642 1356 726 1384 sunt
750 1348 785 1382 in
813 1346 935 1382 anima
957 1357 1020 1392 per
1041 1343 1096 1379 sui
1118 1341 1325 1383 essentiam,
1353 1348 1391 1374 ut
1415 1347 1513 1386 patet
1534 1348 1598 1384 per
1620 1336 1692 1370 Au·

121 1407 307 1454 gustinum
332 1415 386 1441 12.
406 1415 515 1452 super
528 1403 623 1438 Gen.
637 1402 682 1437 ad
703 1401 754 1436 lit.
769 1400 911 1447 (implic.
930 1405 1002 1446 cap.
1012 1398 1092 1445 31.);
1108 1407 1196 1443 ergo
1218 1394 1332 1442 gratia
1354 1391 1553 1428 certissime
1575 1397 1692 1437 potest

124 1459 303 1508 cognosci
321 1459 366 1495 ab
387 1468 447 1501 eo,
466 1457 530 1505 qui
549 1456 704 1504 gratiam
725 1455 845 1489 habet.

194 1523 228 1550 2.
242 1513 480 1549 PRAETEREA.
503 1510 606 1546 Sicut
623 1508 773 1544 scientia
795 1515 850 1542 est
871 1506 1009 1541 donum
1022 1503 1105 1545 Dei,
1121 1503 1168 1537 ita
1191 1511 1225 1537 et
1247 1501 1380 1547 gratia:
1403 1499 1465 1534 scd
1487 1498 1547 1546 qui
1570 1509 1589 1531 a
1610 1497 1692 1531 Deo

124 1567 317 1605 scientiam
338 1565 482 1613 accipit,
498 1564 568 1600 scit
587 1574 625 1599 se
646 1561 836 1598 scientiam
858 1560 1003 1601 habere,
1022 1557 1223 1593 secundum
1247 1555 1334 1590 illud
1357 1554 1440 1600 Sap.
1463 1563 1507 1598 7.:
1528 1552 1694 1586 Domina,-

124 1620 213 1658 Mt‘t
234 1620 321 1657 mibi
345 1620 478 1660 horum,
503 1629 587 1664 quac
610 1621 696 1658 sunt,
722 1627 839 1651 veram
863 1615 1059 1652 scientiam
1082 1621 1171 1656 ergo
1200 1609 1277 1656 pari
1305 1608 1444 1643 ratione
1474 1605 1535 1652 qui
1564 1604 1695 1650 accipit

124 1674 281 1724 gratiam
302 1684 324 1709 a
343 1673 440 1715 Deo,
460 1671 529 1708 scit
548 1682 587 1706 se
608 1670 761 1717 gratiam
788 1668 934 1703 habere.

199 1739 231 1776 3.
252 1727 493 1764 PRAETEREA.
511 1724 653 1760 Lumen
668 1731 722 1758 est
735 1722 853 1767 magis
866 1718 1128 1767 cognoscibile,
1146 1728 1255 1764 quam
1278 1715 1445 1756 tenebra;
1465 1713 1549 1760 quia
1570 1723 1696 1747 secun-

125 1783 214 1819 dum
233 1780 460 1830 Apostolum
481 1779 526 1814 ad
547 1778 679 1825 Ephes.
707 1788 754 1822 5.:
779 1777 886 1812 Omne
906 1774 992 1821 quod
1006 1772 1251 1818 inanisestatur,
1273 1770 1382 1804 lumen
1403 1773 1465 1803 cst.-
1487 1766 1549 1801 sed
1572 1776 1695 1813 pecca-

123 1845 217 1880 tum,
236 1834 337 1884 quod
360 1842 415 1870 est
435 1831 631 1881 spiritualis
651 1831 813 1871 tenebra,
835 1840 899 1875 per
928 1826 1181 1863 certitudinem
1212 1831 1330 1871 potest
1362 1821 1445 1857 sciri
1479 1820 1522 1854 ab
1555 1830 1613 1862 eo,
1633 1819 1693 1866 qui

125 1890 238 1926 habet
256 1896 467 1936 peccatum3
488 1896 578 1931 ergo
599 1884 716 1920 multo
738 1883 854 1930 magis
877 1881 1002 1928 gratia,
1023 1890 1116 1927 quae
1139 1887 1192 1913 est
1213 1875 1396 1923 spirituale
1417 1875 1551 1909 lumen.

195 1953 232 1988 4.
257 1941 497 1978 Pam-mit.
519 1940 649 1986 Apost.
671 1937 760 1972 dicit
784 1947 812 1972 1.
837 1936 881 1970 ad
904 1935 992 1970 Cor.
1016 1944 1065 1969 2.:
1087 1933 1156 1968 Nos
1188 1936 1297 1966 autem
1324 1941 1389 1964 non
1418 1929 1570 1976 spiritum
1599 1926 1696 1972 hujus

126 1995 245 2034 numdi
267 1995 466 2043 accepimus,
489 1993 543 2029 sed
561 1993 716 2040 spiritum
743 1991 800 2038 qui
813 2001 834 2025 a
860 1990 933 2024 Deo
951 1993 1006 2030 cst,
1028 1992 1064 2022 ut
1084 1987 1225 2022 sciamus
1246 1995 1328 2031 quac
1348 1995 1368 2018 a
1388 1983 1459 2017 Dco
1480 1981 1603 2016 donata
1623 1985 1696 2015 sunl

126 2051 239 2088 nobis:
264 2048 329 2086 sed
349 2048 465 2096 gratia
491 2055 546 2083 est
565 2046 724 2094 primum
751 2044 889 2079 donum
911 2042 1003 2083 Dei;
1031 2051 1119 2086 ergo
1145 2040 1273 2079 homo,
1299 2036 1359 2084 qui
1386 2035 1518 2081 accipit
1542 2033 1694 2080 gratiam

128 2114 194 2154 per
213 2102 389 2152 Spiritum
410 2101 600 2142 Sanctum,
622 2110 686 2147 per
699 2097 868 2133 eumdem
888 2095 1062 2142 Spiritum
1089 2093 1156 2128 scit
1177 2093 1330 2138 gratiam
1352 2101 1430 2124 csse
1451 2088 1516 2122 sibi
1538 2088 1672 2122 datam.

203 2167 235 2204 ς.
259 2156 500 2193 Palma.
523 2153 658 2190 Genes.
682 2162 736 2187 22.
759 2163 802 2186 ex
823 2161 977 2198 persona
992 2146 1143 2183 Domini
1161 2146 1291 2180 dicitur
1310 2145 1352 2179 ad
1371 2142 1575 2178 Abraham:
1599 2140 1697 2176 Nunc

130 2211 285 2259 cognovi,
301 2208 390 2258 quod
418 2209 534 2245 timeas
553 2207 753 2247 Dominum,
776 2204 867 2239 idest
888 2214 1075 2249 cognoscere
1095 2206 1121 2236 lc
1138 2200 1230 2246 saci:
1253 2198 1412 2244 loquitur
1434 2204 1553 2230 autem
1585 2193 1632 2228 ibi
1653 2193 1696 2228 dc

129 2265 264 2302 timore
280 2270 395 2306 casto,
407 2261 470 2310 qui
486 2272 561 2297 non
576 2268 632 2296 est
644 2259 722 2295 sine
740 2257 875 2305 gratia3
898 2267 986 2301 ergo
1001 2256 1116 2291 homo
1139 2261 1257 2301 potest
1274 2261 1498 2297 cognoscere
1514 2260 1550 2283 se
1565 2248 1697 2282 habere

132 2317 302 2367 gratiam.

204 2370 282 2410 SED
298 2380 456 2409 coum
481 2377 546 2411 est,
567 2367 665 2416 quod
687 2367 817 2402 dicitur
840 2364 960 2400 Eccle.
981 2375 1015 2411 9.
1037 2362 1133 2410 quod
1157 2372 1250 2396 nemo
1280 2361 1349 2401 scit,
1378 2363 1487 2392 ulrum
1515 2357 1555 2391 sit
1584 2355 1698 2400 diguus

134 2424 222 2469 σᾶὅο,
233 2425 289 2462 vel
299 2436 435 2461 amore:
457 2423 520 2458 sed
542 2422 656 2469 gratia
676 2429 819 2467 gratum
838 2418 973 2453 faciens
992 2417 1077 2451 facit
1095 2415 1285 2450 hominem
1305 2413 1453 2455 dignum
1470 2410 1539 2444 Dei
1554 2419 1698 2449 amore;

132 2488 225 2528 ergo
242 2477 366 2515 mlius
385 2484 504 2526 potat
523 2475 629 2517 scire,
650 2483 771 2509 utrum
792 2473 924 2508 habeat
944 2471 1099 2517 gratiam
1122 2477 1263 2514 gratum
1285 2466 1490 2501 facientem.

204 2531 436 2570 Rnsroumto
456 2528 665 2570 dicendum,
686 2527 784 2574 quod
805 2526 983 2573 tripliciter
1004 2523 1137 2570 aliquid
1161 2519 1335 2565 cognosci
1359 2525 1487 2565 potest.
1513 2517 1586 2552 Uno
1605 2514 1699 2550 modo

134 2596 202 2635 pet
218 2583 502 2622 revelationem:
522 2591 561 2620 et
579 2582 651 2618 hoc
674 2581 787 2616 modo
809 2587 928 2627 potest
953 2578 1081 2625 aliquis
1108 2576 1198 2611 scire
1225 2587 1262 2609 sc
1290 2574 1422 2608 habere
1456 2571 1628 2617 gratiam:
1650 2581 1702 2604 re-

134 2638 233 2676 velat
250 2638 351 2676 enim
370 2637 472 2674 Deus
491 2636 564 2672 hoc
585 2635 781 2683 aliquando
796 2633 974 2680 aliquibus
989 2644 1030 2667 ex
1050 2629 1197 2677 speciali
1220 2626 1422 2674 privilegio,
1441 2634 1478 2662 ut
1500 2623 1701 2659 securitatis

136 2692 311 2742 gaudium
330 2691 443 2728 etiam
456 2690 575 2726 inhac
589 2689 662 2724 vita
681 2688 716 2723 in
732 2688 783 2722 cis
805 2686 964 2733 incipiat,
980 2694 1014 2720 ct
1036 2682 1287 2721 confidentius,
1307 2689 1340 2715 ct
1359 2679 1486 2714 fortius
1508 2675 1700 2721 magnifica

136 2756 251 2794 open
269 2751 547 2795 prosequantur,
567 2750 602 2778 et
623 2741 720 2777 mala
741 2739 937 2787 praesentis
959 2738 1052 2773 vitat·
1076 2735 1308 2775 substineant,
1324 2733 1414 2768 sicut
1430 2730 1543 2766 Paulo
1565 2730 1701 2764 dictum

137 2806 247 2847 ent).
267 2798 313 2839 nd
332 2797 421 2835 Cot.
445 2807 517 2833 12.:
538 2795 663 2843 Sufficit
684 2795 746 2830 tibi
763 2794 875 2838 gralia
897 2803 979 2827 mou.
1001 2790 1078 2826 ,4150
1102 2788 1196 2823 modo
1219 2788 1334 2822 bomo
1357 2783 1547 2831 cognoscit
1568 2782 1702 2830 aliquid

138 2851 396 2902 perseipsum,
413 2850 535 2888 ethoc
554 2846 869 2885 certitudinaliter:
892 2854 928 2881 ct
947 2845 998 2880 nic
1022 2842 1141 2878 nunus
1163 2849 1282 2889 potest
1302 2839 1392 2875 scire
1415 2850 1452 2873 sc
1474 2837 1607 2872 habere
1625 2847 1703 2882 gra-

139 2907 249 2944 tiam:
267 2903 448 2943 certitudo
467 2903 566 2939 enim
592 2912 667 2937 non
693 2907 812 2948 potest
830 2898 956 2934 haberi
978 2897 1021 2932 dc
1044 2895 1178 2942 aliquo,
1199 2893 1267 2929 nisi
1289 2892 1401 2941 possit
1427 2889 1614 2936 dijudicari
1641 2900 1704 2937 per
