1875 3198
209 201 291 243 532
605 200 824 236 QUAESTIO
859 200 1004 229 LXXVI.
1038 199 1283 229 ARTICULUS
1317 199 1376 228 ΙΙΙ.

209 281 362 315 rantiam
383 281 497 315 homo
520 282 604 327 agit,
626 293 688 327 per
711 281 877 315 accidens
899 292 936 314 se
957 280 1067 314 habet
1087 280 1123 313 in
1143 279 1280 313 actibus
1303 278 1490 312 humanis:
1513 278 1575 312 sed
1598 277 1694 324 quod
1716 286 1771 312 est

208 345 270 380 per
292 334 470 376 accidens,
491 346 565 368 non
588 335 648 368 dat
662 334 843 380 speciem,
861 333 952 366 nihil
968 344 1068 378 ergo,
1084 332 1181 378 quod
1201 340 1254 366 est
1274 343 1337 378 per
1354 331 1600 378 ignorantiam
1619 331 1770 373 facturn,

208 387 313 422 debet
331 388 482 433 judicari
503 396 706 434 peccatum,
727 387 786 421 vel
806 387 1008 420 virtuosum
1035 387 1071 419 in
1093 386 1263 420 humanis
1286 386 1434 419 actibus.

281 452 309 486 3.
333 441 568 476 PRAETEREA.
596 441 720 474 Homo
747 448 801 474 est
826 440 1027 485 subjectum
1057 439 1208 481 virtutis,
1239 447 1274 474 et
1302 439 1454 485 peccati,
1480 439 1695 485 inquantum
1716 446 1769 473 est

208 494 385 540 particeps
407 495 574 528 rationis:
603 494 664 528 sed
690 493 895 539 ignorantia
923 493 1078 527 excludit
1104 493 1304 535 scientiam,
1331 504 1394 539 per
1420 504 1530 538 quam
1556 493 1648 527 ratio
1670 491 1771 538 perfi-

209 548 318 590 citur,
340 559 427 593 ergo
448 548 653 593 ignorantia
674 546 833 581 totaliter
854 555 1000 587 excusat
1020 558 1039 580 a
1060 554 1222 592 peccato.

280 601 354 635 SED
377 611 532 635 CONTRA
560 609 623 642 est,
645 600 742 646 quod
764 600 917 645 August.
941 599 1027 633 dicit
1047 600 1083 633 in
1105 599 1164 633 lib.
1196 611 1222 645 3.
1252 599 1295 633 de
1323 599 1401 633 Lib.
1432 599 1518 632 Arb.
1549 599 1641 645 (cap.
1668 599 1718 634 18.
1750 610 1770 633 a

207 654 346 701 princ),
371 654 466 700 quod
489 654 667 699 quaedam
690 664 752 699 per
773 653 1016 699 ignorantiam
1042 652 1136 687 facta
1158 661 1253 687 recte
1275 653 1543 699 improbantur:
1566 654 1628 687 sed
1650 652 1770 687 solum

209 706 268 741 illa
291 715 386 741 recte
408 707 670 753 improbantur,
696 718 788 752 quae
814 715 897 740 sunt
924 715 1092 752 peccata;
1115 717 1203 752 ergo
1225 706 1405 752 quaedam
1438 718 1501 752 per
1525 707 1771 752 ignorantiam

209 760 303 794 facta
325 768 406 794 sunt
427 769 592 806 peccata3
613 771 689 794 non
713 771 800 805 ergo
822 760 1028 806 ignorantia
1050 760 1202 794 omnino
1225 768 1373 794 excusat
1394 771 1414 793 a
1434 768 1598 806 peccato.

280 813 508 848 RESPONDEO
532 813 738 855 dicendum,
761 814 858 859 quod
879 813 1084 859 ignorantia
1107 813 1150 847 de
1172 824 1210 847 se
1236 813 1356 854 habet,
1384 812 1480 859 quod
1507 812 1616 847 faciat
1638 821 1773 854 actum,

209 878 318 912 quem
341 874 475 908 causat,
498 866 783 900 involuntarium
805 877 892 900 esse.
911 866 992 911 Jam
1015 874 1135 900 autern
1155 866 1291 900 dictum
1310 874 1364 900 est
1381 866 1463 911 (art.
1482 879 1509 901 Ι.
1528 871 1556 900 et
1573 878 1604 901 2.
1620 867 1688 912 huj.
1708 866 1770 911 q.),

209 919 305 966 quod
327 919 532 965 ignorantia
555 919 683 954 dicitur
705 931 853 953 causare
881 928 1014 961 actum,
1041 931 1150 966 quem
1172 919 1321 954 scientia
1344 919 1511 966 opposita
1536 919 1769 965 prohibebat:

210 981 245 1006 et
266 974 314 1006 ita
337 972 419 1007 talis
439 981 549 1014 actus,
566 973 596 1007 si
616 973 767 1007 scientia
789 973 939 1015 adesset,
956 981 1049 1007 esset
1071 973 1271 1007 contrarius
1285 972 1474 1015 voluntati,
1490 973 1586 1019 quod
1601 973 1776 1019 importat

208 1037 345 1059 nomen
371 1025 622 1060 involuntarii:
651 1028 679 1060 si
709 1037 795 1060 vero
826 1026 986 1068 scientia,
1015 1037 1106 1072 quae
1136 1037 1198 1072 per
1227 1026 1471 1072 ignorantiam
1501 1026 1671 1072 privatur,
1697 1036 1772 1059 non

210 1079 416 1125 prohiberet
437 1088 558 1113 actum
576 1087 722 1125 propter
739 1079 1016 1113 inclinationem
1033 1079 1230 1113 voluntatis
1249 1080 1284 1113 in
1302 1079 1434 1125 ipsum,
1448 1079 1653 1125 ignorantia
1666 1079 1773 1125 hujus

210 1133 380 1166 scientiae
403 1144 477 1166 non
498 1132 584 1166 facit
605 1132 795 1166 hominem
817 1132 1114 1174 involuntarium,
1137 1132 1199 1166 sed
1220 1144 1295 1166 non
1316 1132 1512 1174 volentem,
1535 1141 1574 1166 ut
1594 1133 1722 1166 dicitur
1737 1132 1773 1166 in

214 1198 241 1231 3.
263 1186 379 1220 Ethic.
403 1187 494 1232 (sap.
518 1187 578 1231 L),
602 1195 636 1220 et
657 1186 738 1220 talis
760 1186 977 1232 ignorantia,
1001 1198 1092 1232 quae
1114 1198 1188 1220 non
1216 1195 1269 1220 est
1295 1197 1403 1220 causa
1430 1194 1530 1220 actus
1557 1186 1708 1232 peccati,
1735 1194 1776 1220 ut

210 1240 346 1273 dictum
370 1248 423 1274 est
443 1240 525 1285 (hic,
549 1245 577 1274 et
598 1244 660 1274 art.
680 1252 695 1274 Ι
718 1240 786 1285 huj.
809 1240 871 1285 q),
887 1240 971 1286 quia
988 1251 1062 1273 non
1083 1248 1207 1274 causat
1220 1239 1516 1281 involuntarium,
1534 1251 1609 1274 non
1628 1248 1776 1274 excusat

211 1304 229 1326 a
251 1301 422 1339 peccat03
445 1301 479 1327 et
501 1293 630 1327 eadem
651 1293 743 1327 ratio
766 1301 819 1327 est
845 1294 888 1328 de
915 1304 1145 1339 quacumque
1172 1293 1377 1339 ignorantia
1403 1304 1478 1327 non
1505 1301 1687 1334 causante,
1709 1293 1772 1326 sed

211 1354 467 1392 consequente,
480 1346 539 1380 vel
558 1347 828 1380 concomitante
848 1354 969 1380 actum
991 1347 1142 1392 peccati.
1164 1346 1234 1380 Sed
1253 1347 1469 1392 ignorantia,
1485 1358 1576 1392 quae
1595 1355 1647 1381 est
1665 1357 1775 1380 causa

211 1407 322 1441 actus,
351 1399 433 1445 quia
456 1408 580 1433 causat
605 1399 902 1442 involuntarium,
929 1400 973 1434 de
999 1411 1036 1434 se
1063 1400 1173 1434 habet
1199 1400 1296 1446 quod
1323 1407 1469 1434 excuset
1496 1411 1515 1433 a
1541 1408 1706 1446 peccato,
1729 1410 1773 1433 eo

212 1453 309 1500 quod
330 1452 577 1487 voluntarium
600 1461 652 1487 est
674 1453 717 1487 de
740 1453 879 1487 ratione
901 1453 1050 1499 peccati.
1075 1453 1145 1487 Sed
1174 1453 1270 1499 quod
1299 1452 1493 1499 aliquando
1519 1464 1593 1487 non
1615 1453 1776 1487 totaliter

211 1514 357 1541 excuset
379 1518 397 1540 a
420 1514 583 1552 peccato,
605 1514 724 1552 potest
745 1507 956 1552 contingere
979 1518 1021 1540 ex
1043 1506 1176 1541 duobus.
1205 1507 1276 1541 Uno
1296 1506 1391 1540 modo
1415 1517 1456 1540 ex
1478 1514 1576 1553 parte
1599 1507 1649 1540 rei
1664 1506 1777 1552 ipsius

211 1561 416 1607 ignoratae:
440 1561 620 1594 intantum
643 1561 741 1594 enim
762 1560 966 1606 ignorantia
985 1569 1132 1594 excusat
1147 1571 1166 1593 a
1180 1569 1344 1606 peccato,
1360 1560 1573 1606 inquantum
1588 1560 1776 1606 ignoratur

211 1614 346 1660 aliquid
369 1625 446 1648 esse
465 1622 674 1660 peccatum:
697 1622 816 1660 potest
831 1622 952 1648 autem
973 1614 1196 1659 contingere,
1211 1613 1308 1659 quod
1328 1613 1456 1660 aliquis
1470 1614 1613 1660 ignoret
1627 1613 1772 1659 quidem

211 1667 368 1713 aliquam
385 1667 694 1701 circumstantiam
710 1667 860 1713 peccati,
877 1678 986 1713 quam
1005 1667 1034 1701 si
1049 1667 1167 1709 sciret,
1186 1667 1429 1701 retraheretur
1445 1679 1463 1701 a
1482 1668 1681 1714 peccando,
1700 1667 1776 1701 sive

210 1721 271 1755 illa
294 1721 563 1755 circumstantia
584 1720 693 1754 faciat
715 1720 758 1754 ad
781 1721 961 1754 rationem
982 1720 1134 1767 peccati,
1157 1720 1231 1754 sive
1253 1732 1344 1755 non:
1368 1728 1403 1755 et
1427 1729 1551 1755 tamen
1579 1721 1696 1754 adhuc
1724 1732 1776 1754 re-

211 1782 334 1808 manet
355 1775 389 1808 in
413 1775 488 1819 ejus
509 1774 661 1808 scientia
683 1773 830 1820 aliquid,
852 1785 915 1820 per
937 1774 1034 1820 quod
1058 1774 1249 1819 cognoscit
1266 1773 1354 1808 illud
1374 1785 1451 1809 esse
1473 1782 1594 1808 actum
1616 1775 1774 1820 peccati:

212 1836 295 1874 puta
317 1828 344 1862 si
368 1827 494 1874 aliquis
516 1827 722 1874 percutiens
745 1826 903 1874 aliquem
930 1828 998 1861 scit
1023 1827 1170 1873 quidem
1196 1827 1316 1874 ipsum
1343 1839 1421 1862 esse
1447 1828 1650 1869 hominem,
1677 1827 1775 1874 quod

210 1880 340 1915 sufficit
362 1881 405 1915 ad
427 1881 607 1915 rationem
629 1881 780 1927 peccati,
802 1892 876 1915 non
898 1889 1022 1916 tamen
1045 1882 1112 1915 scit
1134 1892 1216 1915 eum
1241 1892 1318 1916 esse
1339 1890 1491 1928 patrem,
1513 1881 1610 1928 quod
1634 1889 1687 1916 est
1713 1881 1777 1915 cir-

212 1935 427 1970 cumstantia
449 1935 671 1969 constituens
697 1946 834 1969 novam
861 1935 1022 1981 speciem
1049 1935 1206 1981 peccati:
1234 1935 1293 1969 vel
1318 1934 1411 1970 forte
1437 1935 1562 1977 nescit,
1591 1935 1688 1981 quod
1713 1934 1776 1969 ille

212 2000 249 2023 se
271 1988 466 2023 defendens
488 1988 705 2034 repercutiat
726 2000 827 2031 eum3
851 1988 947 2035 quod
970 1988 999 2022 si
1021 1988 1140 2030 sciret,
1167 1999 1240 2022 non
1260 1996 1476 2034 percuteret:
1497 1988 1593 2034 quod
1608 2000 1682 2023 non
1700 1999 1778 2034 per-

211 2043 300 2077 tinet
322 2042 364 2076 ad
387 2042 566 2076 rationem
588 2042 748 2088 peccati;
770 2042 865 2076 unde
888 2041 973 2076 licet
999 2041 1079 2075 talis
1107 2049 1253 2087 propter
1279 2041 1523 2087 ignorantiam
1546 2049 1682 2088 peccet,
1701 2052 1775 2075 non

211 2105 333 2130 tamen
355 2095 514 2130 totaliter
535 2103 723 2129 excusatur
746 2106 764 2128 a
784 2103 953 2141 peccato;
973 2095 1055 2141 quia
1075 2095 1190 2128 adhuc
1212 2103 1374 2129 remanet
1393 2095 1425 2129 ei
1440 2095 1602 2140 cognitio
1624 2095 1776 2141 peccati.

213 2149 290 2184 Alio
307 2149 399 2183 modo
415 2157 532 2195 potest
549 2149 619 2182 hoc
640 2148 850 2194 contingere
870 2160 910 2182 ex
930 2156 1028 2194 parte
1048 2147 1156 2194 ipsius
1176 2148 1420 2193 ignorantiae3
1442 2148 1525 2194 quia
1544 2147 1682 2182 scilicet
1700 2148 1777 2194 ipsa

213 2202 415 2249 ignorantia
439 2210 490 2236 est
510 2201 729 2236 voluntaria:
752 2202 804 2236 vel
825 2201 971 2243 directe,
990 2201 1082 2236 sicut
1104 2212 1188 2234 curn
1204 2201 1331 2247 aliquis
1354 2201 1513 2236 studiose
1535 2200 1612 2235 vult
1633 2201 1772 2236 nescire

213 2255 343 2302 aliqua,
366 2264 403 2289 ut
423 2255 568 2289 liberius
584 2263 726 2301 peccet:
749 2255 801 2289 w]
815 2255 998 2296 indirecte,
1015 2255 1106 2288 sicut
1125 2266 1209 2288 cum
1225 2254 1352 2301 aliquis
1367 2263 1514 2301 propter
1528 2254 1703 2296 laborem,
1718 2253 1777 2288 vel

212 2316 357 2355 propter
379 2308 465 2342 alias
488 2309 745 2354 occupationes
768 2307 918 2354 negligit
941 2308 1127 2342 addiscere
1144 2307 1189 2349 id,
1212 2319 1275 2353 per
1295 2308 1393 2354 quod
1409 2319 1428 2342 a
1447 2315 1598 2354 peccato
1622 2307 1778 2342 retrahe-

213 2370 318 2396 retur.
343 2361 443 2395 Talis
465 2362 560 2395 enim
583 2361 804 2407 negligentia
832 2360 915 2394 facit
942 2361 1186 2407 ignorantiam
1214 2361 1329 2408 ipsam
1356 2372 1433 2395 esse
1459 2361 1715 2403 voluntariam,
1742 2368 1777 2395 et

212 2423 413 2461 peccatum,
436 2414 636 2448 dummodo
659 2415 702 2448 sit
729 2426 867 2456 eorum,
895 2426 986 2460 quae
1013 2415 1091 2460 quis
1119 2414 1210 2449 scire
1244 2422 1396 2457 tenetur,
1419 2422 1455 2449 et
1488 2422 1626 2461 potest;
1649 2422 1684 2449 et
1707 2413 1776 2448 idco

213 2469 285 2503 talis
307 2469 495 2514 ignorantia
517 2480 583 2502 non
607 2468 747 2502 totaliter
768 2473 901 2502 excusat
928 2479 946 2501 ιι
970 2472 1104 2514 peccato
1121 2481 1130 2501 .·
1157 2469 1185 2502 si
1205 2479 1284 2502 vcro
1305 2469 1345 2502 sit
1372 2468 1447 2502 talis
1468 2469 1670 2513 ignorantia,
1694 2479 1777 2513 quae:

214 2523 346 2556 omnino
372 2523 413 2555 si!
441 2521 682 2562 involuntm·ia‚
711 2521 785 2554 sive
812 2521 894 2566 quia
922 2529 974 2554 est
1001 2521 1230 2563 invincibilis,
1259 2521 1333 2556 sive
1359 2521 1443 2567 quia
1470 2529 1523 2555 est
1557 2521 1644 2566 ejus,
1677 2520 1775 2567 quod

214 2576 291 2622 quis
314 2576 404 2610 scire
426 2586 499 2609 non
522 2583 673 2616 tenetur,
696 2574 769 2608 talis
792 2576 980 2619 ignoranlia
1004 2576 1136 2608 ommino
1159 2579 1289 2609 excusat
1310 2586 1328 2608 α
1346 2579 1490 2621 peccalo.

284 2629 344 2663 An
373 2639 521 2663 PRIMUM
549 2639 635 2674 ergo
663 2627 867 2669 dicendum,
882 2628 978 2674 quod
1001 2639 1073 2661 non
1097 2628 1216 2662 omnis
1238 2628 1442 2673 ignorantia
1469 2635 1592 2661 causat
1614 2626 1778 2661 involun-

213 2683 355 2724 tarium,
382 2682 473 2716 sicut
505 2693 611 2728 supra
633 2681 769 2715 dictum
791 2689 844 2715 est
872 2681 916 2727 (q.
949 2682 980 2716 6.
1003 2686 1068 2715 art.
1095 2682 1164 2723 S.),·
1199 2681 1292 2716 unde
1314 2692 1389 2715 non
1416 2681 1536 2715 omnis
1571 2680 1776 2726 ignorantia

214 2735 372 2770 totaliter
394 2743 539 2769 excusat
558 2746 576 2769 a
599 2743 760 2781 peccato.

287 2789 344 2823 Ar)
366 2799 570 2823 SECUNDUM
593 2788 799 2829 dicendum,
818 2788 913 2833 quod
937 2787 1148 2834 inquantum
1175 2796 1338 2822 remanet
1365 2788 1399 2822 in
1427 2788 1618 2834 ignorante
1646 2787 1689 2821 de
1716 2797 1778 2820 vo-

215 2841 382 2884 luntario,
405 2842 580 2875 intantum
602 2849 763 2876 remanet
784 2841 827 2875 dc
847 2841 1045 2875 intentione
1069 2841 1225 2887 peccati:
1249 2849 1284 2875 et
1306 2841 1505 2875 secundum
1520 2841 1590 2875 hoc
1614 2850 1689 2874 non
1711 2840 1778 2874 erit

216 2908 278 2942 per
297 2895 462 2930 accidens
486 2903 686 2942 peccatum.
