1907 3198
528 195 752 231 QUAESTIO
787 194 875 224 XLI.
910 193 1159 224 ARTICULUS
1194 192 1256 221 111.
1607 191 1687 233 303

95 279 296 321 Abraham,
319 278 417 325 quod
440 283 557 313 contra
577 284 664 325 spem
687 285 851 320 naturae,
873 278 909 311 in
929 283 1017 323 spem
1040 275 1179 322 gratiae
1202 274 1341 310 credidit
1350 287 1362 315 ,¹
1388 285 1477 320 ergo
1503 273 1614 309 etiam
1637 282 1691 307 est

96 333 226 380 aliquis
247 333 359 367 timor
380 340 543 366 naturae.

168 386 244 422 SED
267 397 436 422 CONTRA.
459 386 512 420 Ea
534 397 627 432 quae
650 394 734 420 sunt
754 384 946 427 naturalia,
974 383 1223 418 communiter
1249 383 1485 417 inveniuntur
1519 381 1555 415 in
1586 382 1693 415 rebus

95 441 278 483 animatis,
297 449 333 476 et
353 440 582 475 inanimatis:
611 440 674 474 sed
701 440 813 474 timor
839 450 914 473 non
941 438 1124 472 invenitur
1150 438 1186 471 in
1215 437 1322 471 rebus
1345 436 1576 479 inanimatis3
1604 447 1692 482 ergo

95 495 208 530 timor
228 505 305 529 non
327 502 383 529 est
403 494 590 529 naturalis.

165 548 398 584 RESPONDEO
413 548 623 590 dicendum,
643 548 741 594 quod
758 547 888 594 aliquis
910 555 1033 581 motus
1055 546 1187 580 dicitur
1201 544 1389 586 naturalis,
1409 544 1493 590 quia
1513 544 1558 579 ad
1572 545 1692 591 ipsum

94 602 246 638 inclinat
266 610 414 637 natura:
439 602 503 637 sed
524 602 598 636 hoc
622 602 803 648 contingit
817 602 1004 648 dupliciter.
1027 601 1100 635 Uno
1115 600 1224 642 modo,
1248 599 1346 646 quod
1365 607 1485 633 totum
1509 599 1694 645 perficitur

95 668 115 692 a
131 665 260 691 natura
276 657 412 703 absque
430 656 551 703 aliqua
567 656 782 703 operatione
798 655 1086 703 apprehensivae
1105 655 1266 689 virtutis:
1282 654 1376 688 sicut
1390 653 1531 688 moveri
1547 665 1693 688 sursum

95 719 149 746 est
169 718 293 746 motus
312 710 488 745 naturalis
508 711 622 757 ignis;
646 719 681 745 et
705 711 831 757 augeri
854 718 907 744 est
933 718 1056 744 motus
1083 708 1259 743 naturalis
1287 707 1517 750 animalium,
1540 716 1575 742 et
1596 707 1695 754 plan-

94 773 226 800 tarum.
249 765 329 800 Alio
347 765 446 800 modo
468 765 600 799 dicitur
622 773 745 799 motus
767 764 954 806 naturalis,
978 764 1022 798 ad
1045 775 1155 810 quem
1174 771 1304 797 natura
1326 761 1490 804 inclinat,
1509 761 1595 796 licet
1616 774 1691 796 non

95 819 304 867 perficiatur
318 820 387 854 nisi
402 831 466 866 per
482 820 834 866 apprehensionem:
858 819 942 866 quia
958 819 1050 853 sicut
1065 829 1174 865 supra
1197 818 1335 851 dictum
1359 825 1412 851 est
1433 817 1478 863 (q.
1498 829 1549 852 ιο.
1570 822 1634 851 art.
1663 829 1691 852 Ι.

96 878 174 920 εις.
196 885 247 921 17.
266 879 332 909 art.
356 885 389 920 9.
411 873 454 908 ad
475 875 538 920 2.)‚
558 882 681 908 motus
705 873 924 919 cognitivae,
947 881 982 907 et
1004 872 1223 919 appetitivae
1246 871 1389 906 virtutis
1411 870 1635 905 reducuntur
1656 871 1691 905 in

94 935 276 970 naturam,
299 928 392 962 sicut
410 928 447 962 in
470 928 690 975 principium
718 928 889 974 primum.
918 927 963 961 Et
984 939 1048 973 per
1069 927 1167 960 hunc
1189 925 1343 960 modum
1366 925 1478 960 etiam
1500 924 1569 971 ipsi
1592 933 1693 959 actus

95 981 384 1029 apprehensivae
412 982 566 1024 virtutis,
594 990 633 1016 ut
660 981 878 1028 intelligere,
906 981 1052 1023 sentire,
1073 988 1107 1015 et
1126 980 1338 1021 memorari,
1367 987 1403 1014 et
1430 979 1542 1013 etiam
1569 987 1693 1013 motus

94 1036 274 1083 appetitus
297 1035 466 1070 animalis
489 1036 710 1083 quandoque
727 1036 897 1070 dicuntur
911 1034 1116 1069 naturales:
1140 1043 1175 1069 et
1196 1046 1259 1081 per
1281 1034 1380 1068 hunc
1403 1033 1558 1067 modum
1574 1041 1695 1079 potest

93 1090 167 1124 dici
183 1090 297 1124 timor
317 1089 516 1132 naturalis3
539 1098 575 1124 et
596 1090 830 1137 distinguitur
853 1102 872 1124 a
894 1090 1028 1124 timore
1050 1100 1126 1123 non
1145 1088 1302 1123 naturali
1321 1087 1526 1122 secundum
1548 1087 1694 1122 diversi-

92 1151 208 1179 tatem
226 1143 378 1190 objecti:
399 1152 453 1179 est
471 1144 582 1186 enim,
602 1152 641 1178 ut
658 1144 797 1178 Philos.
815 1144 902 1178 dicit
916 1144 953 1178 in
969 1154 1000 1178 2.
1016 1144 1123 1178 Rhet.
1136 1144 1226 1190 (cap.
1238 1144 1299 1189 5.)‚
1316 1143 1427 1176 timor
1441 1142 1485 1176 de
1501 1141 1601 1176 malo
1617 1153 1695 1176 cor-

93 1198 251 1245 ruptivo,
278 1198 377 1245 quod
403 1206 533 1233 natura
560 1197 693 1244 refugit
718 1206 868 1245 propter
901 1197 1067 1232 naturale
1098 1198 1320 1232 desiderium
1349 1196 1513 1230 essendi:
1546 1204 1581 1230 et
1608 1195 1690 1230 talis

92 1252 206 1288 timor
219 1252 352 1287 dicitur
373 1263 452 1287 esse
473 1252 668 1287 naturalis:
692 1261 727 1286 et
748 1252 881 1286 iterum
897 1252 941 1286 de
963 1251 1064 1286 malo
1086 1251 1352 1293 contristativo,
1373 1250 1472 1297 quod
1491 1261 1566 1284 non
1588 1262 1693 1297 repu-

93 1315 182 1354 gnat
207 1314 372 1349 naturae,
395 1306 458 1341 sed
481 1306 661 1340 desiderio
686 1306 879 1353 appetitus,
902 1314 938 1340 et
958 1305 1040 1340 talis
1067 1306 1180 1340 timor
1201 1316 1277 1339 non
1300 1312 1354 1339 est
1375 1304 1570 1339 naturalis:
1599 1305 1693 1339 sicut

92 1361 206 1396 etiam
227 1371 334 1407 supra
357 1361 406 1407 (q.
421 1372 474 1408 30.
497 1365 563 1395 art.
579 1372 608 1407 3.
631 1365 661 1395 et
683 1371 713 1406 q.
731 1372 779 1407 31.
803 1366 868 1395 art.
889 1361 937 1406 7.)
960 1371 1077 1402 amor,
1102 1358 1414 1406 concupiscentia,
1439 1366 1473 1392 et
1495 1357 1691 1392 delectatio

93 1415 263 1450 distincta
280 1422 365 1449 sunt
377 1425 442 1461 per
456 1415 623 1457 natarah,
641 1423 676 1449 et
690 1427 756 1449 non
771 1414 938 1450 naturali.
956 1414 1028 1448 Sed
1044 1413 1249 1448 secundum
1260 1414 1415 1460 primam
1435 1413 1693 1459 acceptionem

92 1468 268 1504 naturalis
289 1468 482 1504 sciendum
497 1476 562 1511 est,
576 1469 675 1515 quod
698 1469 883 1515 quaedam
905 1468 948 1502 de
971 1468 1206 1515 passionibus
1231 1468 1378 1501 animae
1401 1466 1622 1513 quandoque
1646 1466 1694 1500 di-

94 1531 225 1558 cuntur
245 1522 450 1566 naturales;
469 1530 509 1557 ut
527 1534 644 1565 amor,
667 1522 902 1565 desiderium,
926 1531 961 1557 et
983 1533 1085 1569 spes:
1109 1522 1202 1556 aliae
1217 1533 1306 1556 vero
1329 1520 1514 1556 naturales
1531 1521 1601 1554 dici
1617 1532 1692 1555 non

93 1584 262 1625 possunt:
286 1585 322 1612 et
341 1577 415 1611 hoc
433 1576 530 1620 ideo,
550 1577 634 1624 quia
657 1588 773 1619 amor,
797 1585 833 1612 et
855 1577 994 1619 odium,
1014 1576 1250 1618 desiderium,
1274 1584 1309 1610 et
1329 1575 1417 1622 fuga
1434 1575 1622 1622 inportant
1643 1575 1694 1609 in-

95 1631 334 1666 clinationem
356 1631 556 1678 quamdam
573 1631 617 1665 ad
631 1632 930 1678 prosequendum
953 1632 1105 1673 bonum,
1125 1639 1160 1665 et
1177 1630 1394 1677 fugiendum
1417 1629 1574 1663 malum:
1599 1641 1692 1675 quae

93 1686 244 1734 quidem
268 1685 459 1720 inclinatio
486 1685 644 1732 pertinet
670 1686 782 1720 etiam
809 1685 854 1719 ad
882 1686 1085 1732 appetitum
1112 1684 1332 1726 naturalem,
1352 1693 1387 1718 et
1408 1684 1492 1718 ideo
1513 1691 1567 1718 est
1586 1695 1692 1718 amor

94 1740 245 1788 quidam
265 1739 462 1783 naturalis,
485 1748 520 1774 et
541 1740 776 1782 desiderium,
798 1739 857 1773 vel
879 1751 958 1786 spes
981 1748 1102 1786 potest
1123 1739 1405 1786 quodammodo
1427 1738 1498 1772 dici
1521 1738 1633 1772 etiam
1655 1738 1691 1771 in

94 1794 201 1830 rebus
227 1793 454 1829 naturalibus
482 1794 696 1841 cognitione
724 1794 948 1828 carentibus:
973 1794 1035 1828 sed
1059 1793 1151 1828 aliae
1174 1794 1364 1840 passiones
1388 1793 1534 1826 animae
1556 1792 1691 1838 impor-

93 1857 172 1884 tant
189 1849 371 1896 quosdam
390 1857 524 1892 motus,
544 1849 589 1883 ad
604 1860 697 1896 quos
710 1848 814 1883 nullo
831 1848 944 1882 modo
968 1847 1101 1883 sufficit
1119 1847 1309 1882 inclinatio
1324 1847 1518 1881 naturalis:
1539 1847 1592 1881 vel
1606 1847 1691 1893 quia

95 1903 139 1938 de
154 1903 295 1938 ratione
313 1903 447 1937 harum
460 1903 676 1950 passionum
698 1912 752 1937 est
773 1914 913 1945 sensus,
936 1914 999 1937 seu
1020 1903 1204 1949 cognitio:
1228 1903 1323 1937 sicut
1344 1902 1483 1936 dictum
1507 1909 1561 1935 est
1585 1902 1690 1947 (q.31.

95 1962 160 1993 art.
182 1969 216 2003 4.
235 1962 266 1992 et
278 1969 308 2004 q.
321 1969 366 2005 35.
379 1962 444 1992 art.
459 1958 519 2002 1.),
542 1957 641 2004 quod
665 1957 909 2003 apprehensio
933 1957 1127 2003 requiritur
1150 1957 1193 1991 ad
1217 1958 1400 1991 rationem
1423 1955 1690 1997 delectationis,

95 2019 132 2046 et
149 2011 307 2046 doloris:
329 2011 427 2046 unde
441 2012 504 2058 qui
517 2019 644 2046 carent
659 2011 885 2058 cognitione,
903 2023 979 2045 non
1002 2019 1156 2058 possunt
1175 2011 1245 2045 dici
1269 2010 1454 2052 delectari,
1468 2009 1527 2043 vel
1546 2009 1689 2044 dolere:

95 2070 154 2100 aut
174 2065 259 2112 quia
276 2065 491 2112 hujusmodi
512 2073 636 2100 motus
651 2074 734 2100 sunt
756 2073 884 2100 contra
907 2065 1090 2100 rationem
1112 2064 1362 2099 inclinationis
1384 2063 1581 2099 naturalis:
1606 2071 1692 2110 puta

96 2119 194 2167 quod
213 2119 420 2167 desperatio
435 2119 568 2166 refugit
580 2120 721 2154 bonum
736 2128 885 2166 propter
900 2119 1062 2166 aliquam
1081 2118 1354 2154 difficultatem:
1379 2127 1414 2153 et
1434 2118 1547 2152 timor
1561 2117 1693 2164 refugit

94 2173 416 2221 impugnationem
434 2173 524 2208 mali
538 2174 724 2217 contrarii,
740 2174 784 2208 ad
800 2174 898 2220 quod
917 2182 972 2208 est
989 2173 1179 2208 inclinatio
1194 2173 1380 2208 naturalis.
1402 2173 1446 2208 Et
1465 2173 1547 2207 ideo
1570 2172 1693 2218 hujus-

96 2228 199 2263 modi
219 2228 409 2276 passiones
430 2227 533 2263 nullo
556 2228 672 2263 modo
695 2228 940 2262 attribuuntur
961 2228 1068 2262 rebus
1089 2228 1312 2262 inanimatis.

168 2281 214 2318 Et
232 2293 297 2330 per
317 2283 390 2317 hoc
412 2291 512 2330 patet
532 2282 724 2329 responsio
746 2293 797 2317 AD
825 2293 1004 2329 OBJECTA.

659 2426 1012 2472 ARTICULUS
1046 2427 1124 2470 IV.
1624 2451 1692 2488 234

254 2538 408 2568 UTRUM
432 2537 775 2567 CONVENJENTER
800 2537 1106 2567 ASSIGNENTL’R
1130 2538 1304 2568 SPECIES
1330 2537 1528 2568 TIMORIS.

347 2625 430 2671 (2-2.
445 2637 476 2672 q.
491 2637 543 2673 19.
565 2630 630 2660 art.
654 2638 680 2660 1.
696 2625 739 2660 ad
753 2638 778 2661 Ι.
795 2630 862 2672 et3.
879 2626 966 2660 Dist.
986 2626 1043 2661 26.
1063 2638 1093 2672 q.
1109 2639 1137 2661 1.
1153 2632 1218 2661 art.
1231 2639 1259 2673 3.
1276 2627 1442 2674 corp.]in.

217 2685 246 2715 et
271 2681 359 2716 Dist.
383 2691 436 2728 34.
464 2691 494 2726 q.
521 2691 552 2715 2.
581 2684 645 2714 arl.
668 2692 695 2715 1.
719 2684 746 2714 et
772 2691 803 2715 2.
831 2679 874 2714 ad
900 2680 932 2715 6.
956 2685 984 2715 et
1017 2681 1104 2715 Veri.
1133 2692 1162 2727 q.
1191 2681 1247 2716 26.
1275 2686 1340 2715 art.
1368 2693 1401 2725 4.
1430 2681 1473 2715 ad
1504 2682 1564 2727 7.).

171 2769 233 2805 ΑΒ
246 2781 437 2810 QUARTUM
460 2770 511 2805 sic
533 2770 752 2817 proceditur.
767 2769 932 2814 Videtur,
947 2771 1046 2818 quod
1061 2771 1362 2806 inconvenienter
1376 2771 1550 2805 Damasc.
1569 2770 1642 2815 (lib.
1659 2784 1688 2806 2.

96 2822 201 2862 Orth.
223 2824 298 2860 fid.
317 2830 388 2872 cap.
408 2825 468 2871 15.)
490 2824 649 2871 assignet
661 2837 716 2859 sex
731 2825 870 2871 species
883 2825 1044 2868 timoris;
1063 2825 1205 2860 scilicet
1218 2827 1400 2871 segnitiam,
1417 2826 1688 2868 erubescentiam,

99 2877 345 2922 verecundiam,
367 2877 638 2920 admirationem,
660 2883 838 2925 stuporem,
861 2881 1030 2926 agoniam.
1055 2879 1106 2914 Ut
1127 2880 1224 2913 enim
1249 2879 1343 2913 Phil.
1367 2879 1454 2913 dicit
1469 2879 1504 2913 in
1526 2889 1557 2913 2.
1574 2879 1682 2914 Rhet.

98 2928 191 2978 (cap.
210 2932 278 2978 5.);
301 2932 413 2967 timor
442 2940 495 2967 est
523 2932 567 2966 de
596 2931 696 2966 malo
720 2933 994 2976 contristativ03
1026 2944 1115 2980 ergo
1143 2934 1284 2980 species
1315 2933 1457 2968 timoris
1485 2933 1618 2968 debent
1639 2946 1691 2969 re-
