1875 3198
167 180 254 235 856
592 191 814 227 QUAEsrro
849 192 952 221 cxn.
988 191 1233 222 ARTICULUS
1266 191 1309 222 11.

165 273 270 308 caedis
291 274 325 308 in
347 272 520 320 discipulos
540 273 693 315 Domini,
721 281 759 308 ut
780 274 910 308 dicitur
935 274 1017 308 Act.
1039 285 1090 320 9.;
1114 284 1200 320 ergo
1222 272 1322 308 nulla
1342 275 1569 321 praeparatio
1592 273 1636 309 ad
1658 286 1733 321 gra-

164 327 253 361 tiam
274 327 466 373 requiritur
489 338 531 361 ex
552 336 653 373 parte
674 327 847 361 hominis.

239 392 267 426 3.
290 380 526 415 PRAETEREat.
550 380 674 427 Agens
696 380 856 414 infinitae
878 380 1018 414 virtutis
1040 391 1114 414 non
1137 380 1285 426 requirit
1306 380 1581 427 dispositionem
1603 381 1640 415 in
1661 392 1735 415 ma—

163 434 264 476 teria,
280 445 363 468 cum
377 446 442 468 nec
458 434 574 480 ipsam
590 436 779 468 materiam
793 434 967 479 requirat:
984 433 1076 468 sicut
1089 433 1125 467 in
1141 434 1324 468 creatione
1340 443 1498 480 apparet,
1517 434 1575 468 cui
1586 433 1733 469 collatio

164 488 300 533 gratiae
322 495 565 533 comparatur,
588 499 680 533 quae
701 487 831 521 dicitur
853 498 941 521 nova
963 492 1118 521 creatura
1140 486 1184 520 ad
1208 486 1288 521 Gal.
1312 487 1395 522 ult.:
1417 488 1480 522 sed
1502 487 1600 522 solus
1621 488 1734 530 Deus,

163 541 224 587 qui
251 549 302 575 est
328 541 486 575 infinitae
513 541 664 582 virtutis,
692 540 845 586 gratiam
872 548 1007 582 causat,
1035 548 1073 574 ut
1099 540 1236 574 dictum
1264 548 1317 575 est
1344 540 1424 585 (art.
1454 541 1610 588 p1·czec.)‚·
1646 552 1733 588 ergo

162 594 259 629 nulla
282 595 509 640 praeparatio
531 594 722 640 requiritur
744 605 786 628 ex
808 601 909 640 parte
931 594 1091 628 hominis
1115 594 1158 628 ad
1181 594 1336 640 gratiam
1358 594 1666 640 consequendam.

236 648 309 682 SED
340 659 495 682 CONTRA
527 655 589 689 est,
617 647 712 693 quod
741 647 869 681 dicitur
895 647 1012 681 Amos
1039 657 1089 690 4.:
1114 648 1325 694 Praeparare
1348 649 1382 682 in
1404 659 1575 683 occursum
1597 649 1664 683 Dei
1685 649 1734 683 tui

162 702 285 742 Israi⁵I;
306 710 341 735 et
366 713 392 735 1.
415 702 504 747 Reg.
528 712 559 746 7.
583 701 730 735 dicitur:
754 701 958 747 Praeparata
985 700 1085 735 corda
1107 706 1216 736 vestra
1238 702 1399 736 Domino.

233 755 462 790 RESPONDEO
485 754 692 796 dicendum,
715 754 824 800 quod,
844 754 936 788 sicut
953 766 1061 800 supra
1081 754 1216 788 dictum
1238 762 1291 789 est
1308 756 1353 801 (q.
1368 767 1432 790 ιιι.
1452 759 1516 790 art.
1535 755 1598 800 2.),
1618 755 1733 802 gratia

162 809 291 843 dicitur
312 809 507 855 dupliciter:
530 808 722 854 qzaeczlzdoqua
745 808 890 854 quidem
912 807 1033 854 ipsum
1054 807 1239 842 habituale
1266 808 1405 842 donum
1425 808 1514 843 Dei:
1542 808 1734 855 quandoque

162 870 283 897 autem
307 862 479 896 auxilium
504 861 577 896 Dei
602 862 783 895 moventis
811 861 971 895 animam
995 861 1038 895 ad
1060 862 1210 896 bonurn.
1232 862 1357 896 Primo
1379 862 1488 908 igitur
1508 862 1621 897 modo
1644 863 1736 896 acci-

160 916 293 962 piendo
309 916 474 961 gratiam,
489 915 730 961 praeexigitur
744 915 787 948 ad
803 915 957 961 gratiam
972 914 1092 961 aliqua
1111 915 1247 961 gratiae
1265 915 1514 962 praeparatio;
1533 915 1617 962 quia
1633 915 1732 951 nulla

160 970 278 1004 forma
288 977 407 1015 potest
421 980 498 1003 esse
509 970 577 1003 nisi
587 969 624 1002 in
636 969 787 1003 materia
802 968 993 1014 disposita:
1010 969 1072 1003 sed
1087 969 1116 1003 si
1130 968 1324 1015 loquamur
1338 969 1382 1004 de
1396 969 1522 1015 gratia,
1532 969 1733 1004 secundum

160 1023 257 1070 quod
279 1023 459 1070 significat
480 1022 654 1057 auxilium
671 1023 742 1057 Dei
760 1024 941 1056 moventis
961 1022 1005 1056 ad
1023 1023 1173 1065 bonurn,
1192 1023 1243 1057 sic
1262 1022 1361 1057 nulla
1378 1025 1605 1070 praeparatio
1619 1023 1734 1070 requi-

159 1078 248 1112 ritur
270 1088 312 1111 ex
330 1085 430 1122 parte
448 1077 622 1118 hominis,
642 1077 744 1123 quasi
761 1076 998 1123 praeveniens
1017 1076 1181 1110 divinum
1200 1076 1391 1120 auxilium3
1411 1077 1471 1111 sed
1491 1077 1611 1124 potius
1629 1088 1735 1124 quae-

161 1142 317 1177 cumque
331 1130 557 1177 praeparatio
572 1130 608 1164 in
622 1130 773 1164 homine
786 1141 863 1164 esse
877 1137 1006 1176 potest,
1022 1138 1075 1164 est
1089 1142 1131 1164 ex
1146 1129 1280 1164 auxilio
1291 1130 1363 1165 Dei
1376 1131 1557 1165 moventis
1572 1131 1734 1165 animam

160 1185 204 1219 ad
225 1185 386 1220 bonum:
409 1193 444 1219 et
465 1185 667 1219 secundum
688 1184 760 1218 hoc
779 1184 855 1230 ipse
872 1184 991 1218 bonus
1010 1193 1132 1218 motus
1154 1183 1258 1218 liberi
1279 1184 1425 1227 arbitrii,
1448 1195 1520 1231 quo
1539 1185 1617 1231 quis
1636 1196 1735 1231 prae-

159 1247 304 1285 paratur
326 1238 369 1272 ad
392 1237 530 1272 donum
553 1238 690 1283 gratiae
713 1238 995 1283 suscipiendum,
1016 1246 1069 1272 est
1087 1246 1190 1273 actus
1208 1238 1311 1277 liberi
1325 1239 1460 1273 arbitrii
1477 1239 1570 1274 moti
1591 1251 1611 1274 a
1631 1240 1732 1274 Deo:

160 1301 195 1327 et
216 1300 391 1338 quantum
419 1292 462 1325 ad
489 1292 560 1326 hoc
589 1291 719 1326 dicitur
744 1291 859 1326 homo
882 1303 920 1326 se
942 1303 1168 1338 praeparare,
1191 1293 1393 1327 secundum
1414 1292 1502 1327 illud
1528 1294 1635 1328 Prov.
1663 1292 1731 1328 16.:

159 1346 318 1380 Hominis
338 1351 380 1380 est
398 1351 605 1393 praeparare
632 1347 805 1387 animum,-
835 1354 870 1380 et
896 1353 949 1380 est
975 1345 1220 1392 principaiiter
1242 1358 1261 1380 a
1282 1346 1364 1381 Deo
1387 1355 1558 1382 movente
1579 1347 1733 1382 liberum

161 1399 368 1441 arbitrium3
392 1407 425 1433 et
447 1399 648 1433 secundum
670 1399 741 1433 hoc
765 1399 894 1433 dicitur
917 1411 936 1433 a
957 1399 1039 1433 Deo
1058 1399 1227 1434 voluntas
1242 1400 1403 1434 hominis
1424 1401 1641 1448 praeparari,
1660 1409 1695 1436 et
1713 1413 1733 1436 a

159 1453 323 1487 Domino
347 1464 489 1499 gressus
511 1452 672 1487 hominis
694 1452 810 1498 dirigi.

231 1507 291 1541 AD
310 1517 459 1541 PRIMUM
482 1517 568 1552 ergo
592 1506 797 1548 dicendum,
814 1505 910 1552 quod
932 1506 1158 1552 praeparatio
1173 1507 1335 1542 hominis
1357 1507 1401 1542 ad
1423 1507 1578 1554 gratiam
1599 1508 1732 1543 haben-

157 1560 242 1594 dam
267 1560 428 1606 qmzssdczm
455 1568 508 1594 est
536 1559 644 1594 simul
679 1571 762 1593 cum
796 1560 873 1606 ipsa
906 1559 1086 1594 infusione
1109 1561 1263 1606 gratiae:
1304 1569 1338 1596 et
1367 1560 1448 1596 talis
1492 1562 1656 1608 operatio
1679 1570 1732 1597 est

159 1615 305 1660 quidem
328 1614 523 1655 meritoria,
545 1614 606 1648 sed
628 1625 703 1647 non
725 1614 873 1659 gratiae,
894 1625 985 1659 quae
999 1614 1073 1659 jam
1087 1614 1251 1656 habetur,
1274 1614 1336 1649 sed
1358 1614 1508 1661 gloriae,
1531 1627 1622 1662 quae
1644 1627 1733 1650 non-

159 1669 244 1702 dum
266 1668 435 1702 habetur:
460 1675 513 1702 est
534 1676 656 1702 autem
678 1668 745 1701 alia
769 1667 998 1714 praeparatio
1021 1667 1158 1713 gratiae
1178 1667 1402 1714 imperfecta,
1422 1680 1514 1715 quae
1536 1668 1730 1716 aliquando

155 1722 337 1768 praecedit
351 1722 489 1755 donum
504 1721 640 1767 gratiae
655 1729 798 1767 gratum
814 1720 976 1755 facientis
990 1734 997 1763 3
1013 1733 1104 1767 quae
1120 1729 1243 1756 tamen
1259 1730 1312 1756 est
1327 1734 1346 1756 a
1361 1723 1443 1757 Deo
1460 1731 1651 1758 movente:
1668 1723 1730 1758 sed

156 1776 223 1810 ista
244 1787 318 1809 non
341 1774 471 1810 sufficit
493 1775 536 1809 ad
559 1775 742 1817 meritum,
764 1775 927 1809 nondum
950 1775 1101 1809 homine
1134 1786 1197 1821 per
1230 1775 1386 1822 gratiam
1407 1776 1625 1822 justificato:
1647 1777 1731 1824 quia

156 1829 298 1863 nullum
324 1829 496 1871 meritum
517 1836 636 1875 potest
658 1840 736 1863 esse
758 1829 828 1862 nisi
850 1841 893 1863 ex
915 1829 1041 1875 gratia,
1064 1837 1102 1864 ut
1128 1829 1218 1864 infra
1234 1830 1372 1864 dicetur
1395 1830 1441 1877 (q.
1468 1842 1538 1876 114.
1561 1836 1625 1867 art.
1643 1833 1706 1873 2.).

228 1884 288 1918 AD
316 1893 524 1918 SECUNDUM
550 1882 756 1924 dicendum,
793 1883 901 1929 quod,
930 1895 1012 1917 cum
1048 1883 1163 1917 homo
1202 1884 1246 1918 ad
1278 1885 1432 1930 gratiam
1456 1896 1493 1919 se
1514 1897 1731 1932 praeparare

156 1949 230 1972 non
253 1938 377 1983 possit,
399 1937 466 1971 nisi
488 1938 570 1971 Deo
599 1948 681 1970 eum
712 1937 979 1983 praeveniente,
1020 1945 1054 1971 et
1081 1945 1252 1972 movente
1280 1938 1323 1972 ad
1349 1938 1501 1981 bonum,
1527 1950 1602 1973 non
1623 1939 1731 1974 refert

156 2000 276 2025 utrum
299 1991 428 2033 subito,
455 1990 514 2025 vel
535 1990 710 2037 paulatim
738 1990 865 2036 aliquis
894 1990 937 2024 ad
965 1989 1164 2037 perfectam
1186 1991 1502 2038 praeparationem
1524 1993 1729 2039 perveniat:

155 2045 285 2079 dicitur
306 2045 403 2079 enim
426 2044 535 2078 Eccli.
563 2055 625 2078 11.:
649 2044 760 2078 Fac-ila
782 2049 824 2078 est
847 2045 879 2078 itz
902 2045 1004 2079 oculis
1020 2045 1204 2079 Deisztbito
1228 2046 1394 2080 honestare
1411 2053 1597 2093 pauperem
1613 2060 1623 2081 .·
1647 2058 1731 2081 con-

155 2099 261 2145 tingit
289 2107 410 2133 autem
438 2099 668 2144 quandoque,
691 2098 788 2144 quod
816 2098 915 2132 Deus
938 2106 1064 2132 movet
1096 2098 1288 2133 hominem
1320 2100 1364 2134 ad
1398 2099 1544 2147 aliquod
1577 2101 1728 2144 bonum,

155 2164 230 2188 non
251 2161 375 2187 tamen
398 2151 618 2198 perfectum,
642 2160 676 2185 et
696 2151 777 2185 talis
792 2152 1019 2198 praeparatio
1043 2153 1226 2198 praecedit
1240 2153 1487 2199 gratiam:sed
1509 2154 1728 2202 quandoque

155 2207 276 2242 statim
298 2206 454 2253 perfecte
476 2214 601 2240 movet
622 2206 741 2251 ipsum
764 2206 807 2239 ad
829 2206 980 2248 bonum,
997 2214 1031 2240 et
1057 2207 1176 2241 subito
1199 2207 1354 2253 gratiam
1376 2207 1491 2243 homo
1515 2208 1656 2255 accipit,
1678 2220 1729 2244 se-

157 2260 316 2294 cundum
337 2260 426 2294 illud
443 2260 546 2305 Joan.
570 2259 621 2293 6:
648 2260 777 2301 Omnis,
806 2261 862 2305 qni
884 2260 1014 2295 audivit
1033 2272 1052 2295 ιι
1071 2261 1183 2304 Patre,
1210 2266 1241 2296 et
1266 2261 1392 2304 didicit,
1415 2263 1506 2297 venit
1526 2262 1569 2297 cul
1589 2275 1638 2298 me
1655 2276 1665 2298 .·
1694 2270 1729 2298 et

156 2315 204 2349 ita
227 2315 377 2359 contigit
398 2313 525 2357 Paulo,
548 2313 631 2359 quia
653 2313 771 2347 subito
796 2325 879 2347 cum
903 2322 996 2348 esset
1018 2315 1053 2348 in
1080 2326 1273 2360 progressu
1300 2315 1451 2361 peccati,
1473 2315 1630 2363 perfecte
1652 2328 1730 2352 mo-

154 2377 231 2403 tum
255 2376 307 2402 est
322 2379 385 2402 cor
400 2369 475 2413 ejus
498 2379 517 2400 a
539 2367 632 2409 Deo,
656 2367 848 2409 audiendo,
862 2367 1095 2410 addiscendo,
1112 2376 1146 2402 et
1160 2368 1341 2403 veniendo
1357 2381 1364 2403 :
1388 2377 1424 2404 et
1436 2369 1519 2404 ideo
1534 2370 1652 2405 subito
1675 2379 1728 2405 est

155 2422 308 2467 gratiam
333 2429 559 2455 consecutus.

226 2476 286 2510 AD
310 2486 480 2510 TERTIUM
501 2474 813 2520 dicendum,quod
835 2486 943 2519 agens
960 2474 1120 2510 infinitae
1142 2475 1281 2510 virtutis
1297 2487 1370 2509 non
1393 2476 1504 2523 exigit
1524 2478 1726 2519 materiam,

153 2529 211 2564 vel
233 2529 508 2575 dispositionem
531 2529 828 2574 materiae‚quasi
857 2529 1169 2574 praesuppositam
1184 2540 1227 2563 ex
1249 2529 1395 2564 alterius
1418 2541 1548 2566 causae
1570 2531 1726 2575 actione3

154 2583 215 2617 sed
238 2591 360 2617 tamen
384 2590 538 2628 oportet,
575 2582 671 2628 quod
706 2582 905 2616 secundum
930 2583 1179 2617 conditionem
1214 2583 1265 2618 rei
1295 2583 1499 2618 causaudae
1521 2585 1556 2618 in
1589 2585 1667 2632 ipsa
1689 2597 1726 2620 re

153 2645 276 2671 causet
298 2646 332 2671 et
354 2636 557 2678 materiam,
594 2644 628 2670 et
662 2635 939 2681 dispositionem
976 2636 1134 2670 debitam
1165 2637 1208 2671 ad
1243 2636 1418 2672 formam:
1442 2645 1476 2672 et
1498 2638 1664 2674 similiter
1681 2639 1726 2674 ad

152 2691 223 2724 hoc
247 2691 341 2736 quod
366 2690 464 2724 Deus
488 2690 642 2736 gratiam
666 2688 831 2724 infundat
861 2690 1017 2731 animae,
1044 2690 1143 2724 nulla
1176 2691 1403 2737 praeparatio
1430 2691 1593 2738 exigitur,
1615 2704 1724 2739 quam

152 2744 228 2790 ipse
250 2756 323 2778 nou
346 2744 464 2778 faciat.
