1955 3182
267 185 324 239 56
726 195 949 230 QUAEs‘rIo
984 194 1041 224 1v.
1075 193 1321 224 ARTICULUS
1353 194 1394 222 v.

264 276 485 318 ambulamus,
505 270 689 323 etnouper
708 277 854 322 speciem.
869 275 921 309 Ex
934 286 1005 321 quo
1028 282 1186 320 apparet,
1209 273 1307 321 quod
1330 273 1502 320 quamdiu
1526 273 1654 319 aliquis
1677 273 1841 309 ambulat

263 341 326 376 per
348 329 468 374 fidem,
491 337 525 363 et
545 340 620 363 non
642 340 704 374 per
725 328 896 373 speciem,
919 339 1044 362 carens
1065 328 1205 362 visione
1228 327 1371 361 divinae
1394 327 1584 370 essentiae,
1600 327 1766 361 nondum
1785 335 1840 362 est

262 383 344 417 Deo
371 394 560 429 praesens:
588 382 730 416 animae
758 389 879 415 autem
906 389 1116 415 sanctorum
1144 393 1164 415 a
1191 380 1402 426 corporibus
1431 388 1619 426 separatae
1647 388 1730 414 sunt
1754 380 1840 414 Deo

262 444 468 482 praesentes
484 448 492 477 ;
511 435 605 469 unde
628 434 807 468 subditur:
831 433 1001 468 Andania>-
1021 439 1142 475 autem,
1163 438 1190 468 et
1207 434 1411 467 volumnum
1430 433 1586 467 habemus
1609 434 1729 468 bonam
1748 440 1840 480 pera-

260 490 394 535 grinari
407 501 427 522 a
441 494 589 535 corpore,
613 493 640 522 at
654 492 838 534 praesentes
850 499 911 521 esse:
925 487 967 521 ad
980 488 1105 528 Delma·
1129 487 1224 521 unde
1249 486 1485 521 manifestum
1500 494 1565 528 est,
1582 487 1679 533 quod
1695 487 1838 522 animae

262 550 473 577 sanctorum
487 549 673 587 separatae
690 552 709 574 a
725 541 936 586 corporibus
950 541 1188 587 ιιηιῖιιιῖαιιιρω·
1202 542 1352 586 speciant,
1372 539 1443 573 Dei
1459 540 1653 574 essentiam
1663 540 1840 582 videntes,

263 595 299 628 in
321 606 393 641 quo
416 602 469 628 est
489 606 574 628 vera
595 594 799 636 beatitud03
821 594 892 627 hoc
916 594 1026 628 etiam
1047 605 1110 640 per
1129 594 1310 628 rationem
1333 600 1504 639 apparet,
1526 604 1613 626 narn
1634 593 1839 627 intellectus

265 648 308 681 ad
323 659 427 682 suam
442 647 692 693 operationem
702 658 777 681 non
791 647 928 693 indiget
943 658 1095 693 corpore
1113 648 1181 681 nisi
1202 655 1349 693 propter
1372 646 1639 692 phantasmata,
1654 647 1691 680 in
1710 646 1840 692 quibus
1870 690 1873 692 q

265 701 453 735 veritatem
470 700 738 746 intelligibilem
761 708 962 742 contuetur,
985 708 1023 734 ut
1043 700 1080 733 in
1105 711 1133 734 1.
1157 700 1295 733 dictum
1314 707 1367 733 est
1384 699 1428 744 (q.
1451 700 1506 743 84.
1530 704 1594 734 art.
1615 699 1675 745 7.).
1691 699 1842 734 Manife-
1871 708 1881 721 ²

264 762 360 788 stum
382 761 435 788 est
457 761 590 795 autem,
614 753 711 799 quod
733 753 853 787 divina
875 753 1029 787 essentia
1050 765 1112 799 per
1132 753 1391 799 phantasmata
1412 752 1528 786 videri
1552 763 1628 786 non
1649 760 1780 798 potest,
1802 761 1842 786 ut

263 807 301 841 in
324 818 351 841 1.
375 815 561 841 ostensum
585 814 638 840 est
656 807 702 852 (q.
722 818 771 841 12.
794 811 858 840 ιινί.
880 807 944 851 2.)‚·
967 806 1062 840 unde
1086 817 1170 839 cum
1191 806 1227 839 in
1249 805 1390 839 visione
1412 804 1555 839 divinae
1574 806 1751 840 essentiae
1765 817 1842 851 per-

263 859 358 894 fecta
378 860 539 894 hominis
560 859 745 894 beatitudo
773 860 957 901 consistat,
979 870 1054 893 non
1077 859 1258 904 dependet
1282 857 1470 892 beatitudo
1497 858 1657 904 perfecta
1678 859 1843 893 hominis

266 925 285 948 a
308 924 481 959 corpore3
500 913 594 947 unde
615 914 683 947 sine
698 919 835 959 corpore
852 918 956 959 potest
977 914 1092 946 anima
1106 924 1166 946 asse
1189 913 1295 946 beata.

336 966 408 1000 Sed
429 966 630 1008 sciendum,
644 967 742 1012 quod
761 966 805 1000 ad
822 965 1086 1011 perfectionem
1101 965 1252 1010 alicujus
1265 964 1318 998 rei
1331 964 1506 1010 dupliciter
1521 963 1656 1011 aliquid
1669 965 1842 1011 pertinet.

271 1021 343 1055 Uno
366 1019 460 1053 modo
484 1019 527 1053 ad
551 1019 844 1053 constituendam
867 1019 1063 1053 essentiam
1084 1019 1152 1052 rei:
1177 1018 1270 1052 sicut
1292 1017 1414 1051 anima
1444 1017 1636 1064 requiritur
1663 1017 1707 1051 ad
1729 1017 1842 1064 perfe-

266 1073 426 1107 ctionem
447 1073 619 1106 hominis.
642 1073 720 1106 Alfio
741 1072 835 1106 modo
856 1072 1049 1118 requiritur
1071 1071 1115 1105 ad
1137 1070 1401 1117 perfectionem
1420 1071 1483 1113 rei,
1502 1070 1600 1117 quod
1618 1071 1774 1117 pertinet
1796 1071 1839 1105 ai

264 1127 355 1160 bene
378 1137 456 1160 esse
480 1127 574 1171 ejus:
597 1126 690 1160 sicut
711 1125 943 1172 pulchritudo
976 1125 1152 1170 corporis,
1174 1124 1234 1158 vel
1255 1123 1431 1158 velocitas
1460 1124 1598 1170 ingenii
1618 1125 1775 1170 pertinet
1796 1125 1841 1158 ad

264 1178 528 1225 perfectionem
549 1179 729 1221 hominis;
756 1179 921 1225 quamvis
949 1190 1036 1225 ergo
1060 1190 1190 1224 corpus
1223 1178 1342 1224 primo
1366 1177 1480 1212 modo
1511 1177 1555 1212 ad
1576 1177 1840 1223 perfectionem

264 1233 496 1267 beatitudinis
510 1233 694 1266 humanae
709 1243 784 1266 non
799 1232 986 1277 pertineat,
1001 1232 1157 1277 pertinet
1168 1239 1293 1265 tamen
1308 1231 1471 1266 secundo
1486 1231 1619 1265 modo:
1643 1243 1727 1265 cum
1743 1232 1840 1266 enim

266 1286 428 1332 operatio
451 1285 654 1331 dependeat
675 1296 717 1319 ex
734 1293 862 1319 natura
882 1286 946 1327 rei,
966 1293 1101 1331 quanto
1122 1285 1243 1318 anima
1258 1284 1454 1330 perfectior
1476 1284 1543 1319 erit
1559 1285 1597 1318 in
1615 1296 1679 1319 sua
1699 1293 1840 1327 natura,

264 1346 366 1372 tanto
392 1337 585 1384 perfectius
612 1338 759 1373 habebit
788 1350 893 1373 suam
922 1339 1106 1385 propriam
1138 1339 1406 1384 operationem,
1433 1338 1470 1372 in
1492 1349 1562 1384 qua
1582 1337 1735 1372 felicitas
1758 1349 1843 1372 con-

266 1392 366 1426 sistit.
390 1391 497 1425 Unde
519 1392 673 1437 August.
696 1392 732 1425 in
759 1402 809 1426 12.
839 1403 946 1438 super
978 1391 1112 1426 Genes.
1133 1391 1176 1425 ad
1203 1391 1254 1425 lit.
1278 1391 1367 1437 (cap.
1385 1392 1447 1438 35.)
1478 1403 1562 1425 cum
1588 1391 1841 1437 quaesivisset:

264 1453 386 1479 utrum
400 1445 581 1490 spiritibus
594 1444 850 1479 defunctorum
861 1445 937 1479 sine
949 1445 1161 1490 corporibus
1175 1444 1290 1491 possit
1303 1455 1448 1478 summa
1466 1443 1528 1478 illa
1541 1444 1726 1478 beatitudo
1742 1456 1841 1490 prae-

264 1498 352 1540 beri,
373 1498 578 1544 respondet,
603 1498 700 1544 quod
726 1509 801 1532 non
823 1499 872 1532 sic
891 1506 1043 1544 possunt
1070 1498 1195 1533 videre
1219 1497 1563 1532 incommutabilem
1590 1498 1840 1541 substantiam,

266 1560 305 1586 ut
327 1552 443 1586 sancti
465 1552 585 1597 angeli
604 1552 738 1594 vident,
761 1552 836 1586 sive
851 1552 921 1586 alia
942 1551 1133 1586 latentiore
1157 1562 1277 1593 causa,
1292 1552 1366 1585 sive
1385 1551 1467 1585 ideo
1483 1552 1566 1597 quia
1585 1558 1639 1585 est
1658 1551 1695 1585 in
1710 1552 1760 1586 eis
1781 1563 1843 1586 na·

265 1605 388 1639 turalis
412 1605 559 1651 quidam
583 1605 759 1651 appetitus
782 1616 912 1651 corpus
932 1605 1219 1639 administrandi.

337 1659 397 1692 AD
416 1669 566 1693 PRIMUM
588 1670 675 1704 ergo
694 1658 901 1700 dicendum,
924 1658 1022 1704 quod
1040 1658 1225 1692 beatitudo
1250 1666 1304 1692 est
1321 1657 1494 1703 perfectio
1518 1659 1662 1693 animae
1684 1669 1726 1692 ex
1740 1666 1842 1704 parte

265 1711 482 1754 intellectus,
509 1712 709 1746 secundum
733 1723 843 1758 quem
869 1712 991 1745 anima
1012 1711 1234 1746 transcendit
1256 1711 1420 1758 corporis
1448 1722 1599 1756 organa,
1620 1722 1696 1745 non
1717 1719 1839 1745 autem

267 1766 466 1799 secundum
489 1765 585 1811 quod
609 1774 661 1799 est
682 1765 799 1799 forma
821 1765 994 1799 naturalis
1017 1765 1198 1811 corporis3
1222 1773 1257 1798 et
1278 1764 1360 1799 ideo
1383 1763 1446 1798 illa
1471 1763 1644 1798 naturalis
1665 1763 1842 1810 perfectio

266 1826 400 1860 manet,
422 1819 623 1853 secundum
646 1831 756 1864 quam
778 1819 811 1853 ei
831 1819 1016 1852 beatitudo
1039 1818 1207 1860 debetur;
1229 1817 1317 1852 licet
1337 1829 1413 1852 non
1435 1825 1583 1851 maneat
1607 1817 1668 1851 illa
1689 1825 1840 1852 naturae

265 1872 451 1918 perfectio,
474 1872 676 1906 secundum
697 1884 807 1918 quam
827 1881 880 1906 est
901 1873 1062 1918 corporis
1084 1871 1202 1906 forma
1222 1871 1285 1917 [al.
1301 1871 1476 1906 secundnm
1498 1871 1842 1917 corporisformam}

337 1926 397 1960 AD
420 1936 628 1960 SECUNDUM
650 1925 856 1967 dicendum,
880 1926 975 1971 quod
999 1926 1120 1959 anima
1143 1925 1245 1959 aliter
1267 1936 1305 1959 se
1323 1925 1433 1959 habet
1447 1924 1492 1958 ad
1506 1935 1596 1967 esse,
1619 1936 1729 1970 quam
1748 1924 1841 1959 aliae

266 1987 403 2026 partes:
419 1991 505 2013 nam
521 1991 598 2014 esse
612 1980 721 2013 totius
737 1990 811 2013 non
827 1987 880 2013 est
894 1978 1045 2024 alicujus
1056 1990 1203 2013 suarum
1217 1979 1395 2024 partium;
1410 1978 1504 2013 unde
1519 1977 1579 2012 vel
1591 1989 1673 2024 pars
1687 1979 1841 2012 omnino

267 2033 397 2067 desinit
418 2044 506 2075 esse,
529 2033 711 2067 destructo
733 2040 829 2074 toto;
851 2032 945 2066 sicut
965 2041 1083 2077 partes
1111 2031 1290 2074 animalis,
1320 2031 1508 2067 destructo
1531 2031 1698 2065 animali:
1726 2031 1786 2066 vel
1811 2032 1843 2066 si

267 2093 467 2127 remanent,
488 2086 623 2120 habent
645 2085 741 2120 aliud
761 2097 838 2120 esse
853 2086 888 2119 in
904 2094 1005 2127 actu;
1021 2086 1114 2120 sicut
1134 2097 1215 2131 pars
1237 2085 1355 2120 lineae
1378 2085 1488 2119 habet
1501 2084 1598 2119 aliud
1616 2096 1707 2127 esse,
1729 2096 1840 2131 quam

266 2147 342 2173 tota
357 2139 469 2173 linea:
494 2139 555 2173 sed
572 2139 714 2172 animae
730 2139 912 2172 humanae
934 2147 1098 2173 remanet
1120 2150 1197 2173 esse
1221 2138 1419 2184 compositi
1433 2146 1516 2184 post
1530 2139 1694 2184 corporis
1707 2138 1845 2172 destru-

269 2192 444 2226 ctionem:
469 2200 503 2226 et
528 2192 599 2226 hoc
622 2192 716 2233 ideo,
739 2192 822 2238 quia
843 2192 940 2226 idem
967 2200 1020 2226 est
1042 2203 1118 2226 esse
1139 2191 1293 2234 formae,
1321 2200 1356 2226 et
1376 2192 1570 2234 materiae3
1593 2199 1628 2226 et
1648 2192 1720 2226 hoc
1741 2192 1840 2226 idem

269 2253 322 2280 est
340 2256 417 2280 esse
439 2245 652 2291 compositi:
679 2245 800 2278 anima
823 2253 944 2279 autem
966 2245 1125 2279 subsistit
1145 2245 1182 2279 in
1200 2256 1267 2279 suo
1290 2256 1382 2287 esse,
1404 2253 1443 2279 ut
1459 2245 1496 2279 in
1523 2255 1550 2278 1.
1573 2252 1761 2279 ostensum
1787 2253 1842 2280 est

270 2299 315 2344 (q.
339 2310 384 2345 75.
407 2303 470 2333 art.
493 2300 555 2344 2.),
578 2299 672 2332 unde
694 2298 905 2343 relinquitur
919 2298 1016 2344 quod
1035 2306 1117 2344 post
1130 2299 1402 2343 separationem
1425 2309 1444 2332 a
1466 2309 1620 2344 corpore
1637 2297 1840 2344 perfectum

269 2363 346 2386 esse
367 2352 518 2394 habeat,
541 2351 635 2385 unde
665 2351 864 2397 perfectam
894 2351 1146 2398 operationem
1172 2351 1307 2386 habere
1337 2358 1468 2397 potest,
1491 2350 1576 2385 licet
1603 2362 1679 2385 non
1708 2351 1842 2386 habeat

268 2404 468 2451 perfectum
489 2413 668 2438 naturam.
1568 2441 1571 2444 ,
1826 2448 1829 2450 η

338 2459 398 2493 AD
414 2468 586 2493 TERTIUM
601 2457 807 2499 dicendum,
823 2457 920 2504 quod
934 2457 1119 2492 beatitudo
1136 2466 1189 2492 est
1202 2457 1363 2492 hominis
1379 2457 1581 2491 secundum
1595 2456 1841 2492 intellectum:

269 2519 304 2546 et
320 2511 415 2553 ideo,
431 2519 639 2545 remanente
655 2510 851 2552 intellectu,
866 2518 985 2557 potest
998 2511 1114 2545 inesse
1131 2511 1164 2545 ei
1178 2510 1381 2545 beatitudo:
1399 2510 1493 2544 sicut
1506 2510 1632 2545 dentes
1647 2510 1840 2556 Aethiopis

266 2573 418 2611 possunt
447 2576 524 2599 esse
553 2564 624 2598 albi
650 2564 760 2599 etiam
782 2572 864 2609 post
891 2563 1128 2606 evulsionem,
1156 2564 1358 2598 secundum
1387 2575 1478 2610 quos
1504 2563 1684 2610 Aethiops
1710 2563 1840 2598 dicitur

269 2618 381 2653 albus.

338 2672 398 2706 AD
421 2681 610 2711 QUARTUM
632 2670 838 2712 dicendum,
864 2670 961 2717 quod
991 2670 1165 2717 dupliciter
1188 2670 1324 2717 aliquid
1354 2671 1550 2717 impeditur
1581 2671 1624 2705 ab
1646 2670 1730 2705 alio.
1766 2671 1843 2706 Uno⁴

267 2724 364 2759 modo
379 2736 441 2770 per
457 2725 609 2759 modurn
624 2724 906 2766 contrarietatis;
929 2724 1020 2758 sicut
1034 2723 1146 2769 frigus
1168 2724 1317 2770 impedit
1333 2726 1518 2759 actionem
1536 2723 1684 2759 caloris:
1709 2732 1745 2759 et
1766 2725 1838 2760 tale

267 2778 570 2824 impedimentum
590 2777 810 2824 operationis
826 2785 1002 2823 repugnat
1015 2776 1186 2811 felicitati.
1202 2777 1281 2812 Alio
1298 2777 1392 2812 modo
1406 2789 1469 2824 per
1482 2777 1633 2812 modurn
1649 2777 1840 2823 cujusdam

269 2830 440 2874 defectus,
463 2832 546 2877 quia
568 2830 707 2865 scilicet
719 2841 776 2864 res
792 2830 965 2876 impedita
987 2841 1061 2864 non
1083 2830 1202 2872 habet,
1225 2830 1400 2877 quidquid
1419 2830 1463 2865 ad
1485 2830 1739 2865 omnimodam
1761 2831 1840 2876 ejus

268 2883 530 2931 perfectionem
556 2884 762 2931 requiritur:
787 2892 822 2918 et
842 2883 913 2918 tale
935 2884 1238 2930 impedimentum
1260 2885 1484 2930 operationis
1502 2895 1576 2920 non
1598 2893 1775 2932 repugnat
1791 2884 1842 2920 fe-
