1907 3198
522 167 746 204 QUAESTIO
781 167 865 197 LVI.
901 165 1149 197 ARTICULUS
1183 164 1228 194 11.
1578 151 1658 207 385

80 253 167 288 dum
181 250 369 299 generales
385 250 615 285 conditiones
631 249 880 295 objectorum:
901 247 1089 282 diversitas
1109 254 1231 281 autem
1253 245 1444 280 habituum
1460 245 1663 280 secundum

79 305 276 354 speciales;
303 306 411 347 unde,
441 305 659 351 ubicumque
687 311 741 338 est
766 302 953 337 diversitas
988 301 1246 348 potentiarum,
1274 307 1328 334 est
1350 299 1540 334 diversitas
1567 299 1665 333 habi-

78 369 201 396 tuum:
224 359 287 396 sed
309 370 384 394 non
407 358 640 393 convertitur.
664 358 743 393 Alio
766 357 861 392 modo
884 364 1004 404 potest
1025 366 1103 390 esse
1126 354 1262 401 aliquid
1286 354 1321 387 in
1343 353 1496 395 duobus,
1515 352 1574 387 vel
1592 352 1667 400 plu-

78 415 188 457 ribus,
210 425 285 448 non
307 425 349 448 ex
372 424 502 459 aequO,
525 412 586 447 sed
610 412 737 447 ordine
761 411 940 458 quodam:
965 418 1000 445 et
1021 410 1072 444 sic
1100 420 1172 443 una
1198 408 1312 442 virtus
1339 408 1518 454 pertinere
1547 414 1667 453 potest

80 469 125 506 ad
151 468 271 516 plures
297 467 498 514 potentia53
525 467 573 500 ita
609 467 707 513 quod
742 466 778 500 in
813 477 883 499 una
919 464 964 499 sit
998 462 1256 511 principaliter,
1292 470 1327 496 et
1360 473 1397 496 se
1425 461 1594 496 extendat
1621 460 1665 494 ad

79 522 168 558 alias
195 533 259 570 per
284 521 438 556 modum
465 519 681 562 diffusionis,
703 519 762 554 vel
788 531 851 567 per
878 518 1032 553 modum
1055 516 1315 564 dispositionis,
1339 516 1541 550 secundum
1568 515 1667 561 quod

79 589 151 612 una
185 576 348 624 potentia
384 583 554 610 movetur
590 575 632 609 ab
669 574 750 616 alia,
787 583 820 608 et
855 572 1057 608 secundum
1092 571 1191 619 quod
1227 582 1299 605 una
1334 569 1498 617 potentia
1535 568 1667 615 accipit

80 631 123 667 ab
147 630 228 666 alia.

150 684 211 720 AD
238 693 391 720 PRIMUM
418 694 506 729 ergo
536 682 743 724 dicendum,
772 681 869 728 quod
896 680 994 715 idem
1021 688 1122 714 actus
1149 690 1225 713 non
1251 686 1372 726 potest
1393 677 1604 724 aequaliter,
1632 684 1668 711 et

80 738 213 775 eodem
228 738 354 773 ordine
369 737 549 784 pertinere
569 737 612 771 ad
628 737 788 771 diversas
804 735 998 783 potentias,
1013 734 1075 769 sed
1094 733 1298 769 secundum
1317 733 1478 767 diversas
1495 731 1666 774 rationes,

80 801 116 829 et
135 792 279 828 diverso
302 791 441 827 ordine.

151 847 212 882 AD
235 856 446 882 SECUNDUM
473 845 682 887 dicendum,
710 843 808 891 quod
831 845 922 878 scire
945 842 1189 890 praeexigitur
1211 841 1256 876 ad
1277 842 1448 877 virtutem
1471 839 1666 882 moralem,

79 901 297 948 inquantum
319 899 432 934 virtus
455 898 604 934 moralis
624 906 794 945 operatur
812 897 1015 933 secundum
1038 897 1220 931 rationem
1238 904 1393 931 rectam:
1416 894 1479 930 sed
1498 894 1668 929 essentia-

80 954 162 990 liter
181 954 218 989 in
240 953 446 1002 appetendo
468 955 581 988 virtus
604 951 754 987 moralis
778 951 954 987 consistit.

151 1009 212 1044 AD
240 1018 414 1044 TERTIUM
442 1007 648 1050 dicendum,
681 1006 780 1053 quod
811 1005 1001 1053 prudentia
1029 1004 1173 1039 realiter
1200 1012 1254 1039 est
1280 1004 1316 1039 in
1344 1004 1485 1038 ratione
1512 1003 1605 1038 sicut
1630 1003 1667 1037 in

79 1062 262 1109 subjecto:
286 1061 349 1097 sed
371 1061 632 1108 praesupponit
654 1060 910 1095 rectitudinem
931 1059 1132 1094 voluntatis
1154 1059 1245 1093 sicut
1267 1058 1498 1106 principium,
1518 1065 1557 1092 ut
1574 1056 1667 1092 infra

80 1117 220 1152 dicetur
243 1116 322 1162 (art.
340 1127 404 1162 seq.
426 1120 455 1150 et
476 1127 507 1162 q.
525 1126 577 1162 57.
599 1120 665 1150 art.
687 1115 751 1161 4.).

192 1203 207 1215 V

648 1268 998 1314 ARTICULUS
1034 1269 1114 1312 III.
1600 1289 1668 1327 297

199 1393 356 1424 UTRUM
387 1391 694 1424 INTELLECTUS
727 1392 881 1422 POSSIT
909 1392 1011 1421 ESSE
1039 1391 1292 1434 SUBJECTUM
1323 1390 1546 1422 VIRTUTIS.

152 1493 213 1529 AD
233 1503 406 1529 TERTIUM
433 1493 485 1528 sic
511 1492 730 1540 proceditur.
750 1491 915 1534 Videtur,
944 1492 1042 1539 quod
1069 1491 1276 1527 intellectus
1298 1502 1374 1525 non
1396 1490 1442 1525 sit
1463 1490 1668 1536 subjectum

79 1547 240 1583 virtutis:
263 1547 350 1582 dicit
370 1547 469 1582 enim
485 1547 580 1594 Aug.
599 1547 636 1581 in
655 1546 714 1581 lib.
731 1546 774 1581 de
797 1547 961 1581 Moribus
980 1545 1168 1581 Ecclesiae
1183 1547 1276 1593 (cap.
1292 1557 1335 1592 15.
1353 1546 1386 1579 in
1401 1546 1546 1592 princ),
1568 1545 1666 1591 quod

81 1602 202 1637 omnis
223 1601 336 1636 virtus
358 1609 412 1636 est
433 1611 555 1635 amor:
578 1601 784 1647 subjectum
807 1609 930 1635 autem
953 1601 1089 1635 amoris
1111 1611 1186 1634 non
1210 1608 1262 1635 est
1284 1599 1502 1641 intellectus,
1525 1599 1588 1633 sed
1615 1610 1670 1634 so-

79 1655 158 1692 lum
178 1655 233 1690 vis
255 1655 471 1702 appetitiva;
493 1666 582 1701 ergo
601 1654 702 1690 nulla
720 1654 832 1689 virtus
855 1664 908 1689 est
930 1656 966 1688 in
988 1654 1187 1690 intellectu.

153 1720 185 1746 2.
207 1710 447 1746 PRAETEREA.
462 1709 587 1744 Virtus
606 1710 795 1744 ordinatur
810 1710 853 1744 ad
869 1709 1020 1752 bonum,
1036 1710 1130 1744 sicut
1144 1721 1186 1744 ex
1201 1708 1418 1756 supradictis
1440 1716 1539 1755 patet
1559 1707 1605 1755 (q.
1623 1720 1669 1755 55.

80 1770 147 1801 art.
166 1765 228 1812 3.):
249 1764 392 1799 bonum
414 1772 538 1798 autem
558 1775 635 1798 non
660 1772 714 1798 est
735 1764 921 1809 objectum
945 1763 1162 1806 intellectus,
1184 1764 1248 1799 sed
1271 1763 1490 1810 appetitivae
1512 1762 1670 1805 virtutis;

81 1830 169 1867 ergo
191 1818 396 1865 subjectum
417 1818 559 1853 virtutis
580 1829 656 1853 non
679 1826 732 1852 est
753 1817 971 1860 intellectus,
994 1818 1057 1853 sed
1085 1818 1281 1865 appetitiva
1302 1817 1428 1852 virtus.

157 1884 186 1920 3.
213 1872 455 1908 PRAETEREA.
481 1871 608 1906 Virtus
635 1880 700 1914 est,
728 1883 820 1918 quae
847 1872 987 1906 bonum
1013 1871 1098 1906 facit
1126 1872 1336 1914 habentem,
1358 1879 1397 1905 ut
1418 1870 1556 1905 Philos.
1584 1871 1672 1905 dicit

82 1926 157 1972 (lib.
172 1938 203 1963 2.
214 1927 322 1962 Ethic.
334 1933 406 1974 cap.
419 1926 486 1972 6.),·
502 1926 565 1961 sed
579 1926 724 1960 habitus
740 1925 930 1973 perficiens
946 1925 1173 1961 intellectum
1188 1937 1262 1960 non
1278 1925 1364 1960 facit
1382 1925 1520 1960 bonum
1540 1925 1672 1960 haben-

80 1988 174 2016 tem:
197 1991 274 2016 non
296 1980 396 2015 enim
417 1988 565 2027 propter
586 1980 790 2022 scientiam,
813 1979 872 2014 vel
895 1988 1009 2015 artem
1033 1980 1164 2015 dicitur
1185 1980 1301 2014 homo
1321 1981 1436 2021 lamnas,-
1457 1991 1547 2027 ergo
1571 1978 1671 2014 intel-

81 2033 199 2070 lectus
221 2045 296 2069 non
318 2042 372 2069 est
393 2034 597 2080 subjectum
620 2034 772 2068 virtutis.

155 2088 230 2124 SED
250 2098 408 2124 CONTRA
427 2096 491 2131 est,
510 2088 609 2135 quod
628 2099 731 2123 mens
751 2088 910 2123 maxime
929 2088 1060 2122 dicitur
1078 2087 1302 2123 intellectus:
1323 2088 1529 2135 subjectum
1549 2096 1671 2123 autem

81 2142 222 2178 virtutis
244 2149 297 2177 est
310 2153 426 2185 mens,
440 2150 480 2177 ut
493 2149 593 2189 patet
606 2153 649 2176 ex
664 2141 875 2176 definitione
890 2142 1030 2177 virtutis
1044 2153 1152 2189 supra
1170 2143 1318 2178 inducta
1334 2143 1384 2190 (q.
1395 2150 1510 2190 praec.
1525 2147 1590 2178 art.
1605 2143 1669 2188 4.),-

83 2207 171 2244 ergo
192 2195 398 2231 intellectus
421 2205 475 2231 est
495 2196 699 2242 subjectum
721 2196 873 2230 virtutis.

155 2249 387 2286 RESPONDEO
421 2250 630 2292 dicendum,
658 2250 768 2296 quod,
803 2251 896 2284 sicut
927 2262 1034 2296 supra
1065 2251 1204 2285 dictum
1234 2259 1288 2286 est
1315 2251 1442 2296 (ibid),
1472 2251 1584 2286 virtus
1618 2259 1672 2286 est

83 2303 238 2347 habitus,
256 2303 355 2352 quod
377 2303 506 2351 aliquis
529 2304 622 2338 bene
644 2304 774 2346 utitur;
804 2303 978 2350 dupliciter
1010 2312 1132 2339 autem
1159 2305 1303 2340 habitus
1333 2305 1462 2352 aliquis
1485 2305 1672 2340 ordinatur

85 2358 129 2393 ad
149 2358 290 2393 bonum
313 2365 446 2392 actum.
476 2358 548 2393 Uno
570 2357 678 2400 modo,
707 2358 923 2404 inquantum
950 2370 1014 2405 per
1043 2359 1257 2405 hujusmodi
1281 2360 1447 2395 habitum
1475 2360 1672 2406 acquiritur

83 2412 229 2448 homini
256 2411 410 2447 facultas
439 2412 482 2446 ad
513 2412 653 2446 bonum
681 2420 823 2446 actum:
855 2412 948 2447 sicut
978 2425 1040 2459 per
1070 2413 1235 2447 habitum
1270 2414 1533 2460 grammaticae
1563 2414 1672 2448 habet

83 2465 200 2501 homo
233 2465 445 2501 facultatem
478 2475 575 2500 recte
604 2465 802 2512 loquendi;
834 2477 908 2501 non
939 2474 1062 2502 tamen
1093 2469 1334 2514 grammatica
1362 2467 1459 2510 facit,
1490 2476 1527 2503 ut
1556 2468 1671 2502 homo

84 2531 229 2567 semper
257 2528 355 2555 recte
385 2520 573 2567 loquatur:
605 2528 726 2566 potest
752 2520 848 2555 enim
876 2523 1138 2567 grammaticus
1161 2522 1400 2564 barbarizare,
1429 2530 1490 2556 aut
1521 2521 1674 2556 soloeci-

28 2570 29 2573 ’
85 2584 207 2609 smum
224 2573 364 2617 facere;
384 2582 419 2609 et
437 2574 566 2609 eadem
584 2574 676 2608 ratio
697 2582 750 2608 est
768 2573 804 2608 in
827 2573 906 2609 aliis
925 2575 1097 2618 scientiis,
1117 2584 1152 2610 et
1170 2576 1315 2610 artibus.
1335 2576 1413 2611 Alio
1434 2575 1528 2610 modo
1544 2575 1672 2622 aliquis

84 2627 225 2663 babitus
246 2639 322 2662 non
343 2627 467 2663 solum
488 2627 574 2662 facit
592 2627 803 2662 facultatem
822 2628 914 2664 bene
934 2630 1078 2675 agendi,
1098 2630 1159 2664 sed
1179 2631 1289 2664 etiam
1309 2630 1406 2672 facit,
1425 2630 1522 2676 quod
1544 2629 1672 2676 aliquis

86 2689 182 2717 recte
208 2681 379 2717 facultate
401 2690 545 2724 utatur,
564 2683 657 2716 sicut
670 2682 805 2727 justitia
819 2693 893 2717 non
909 2683 1029 2717 solum
1053 2683 1149 2726 facit,
1165 2685 1262 2731 quod
1279 2685 1394 2718 homo
1415 2685 1458 2718 sit
1481 2694 1672 2731 promptae

86 2735 283 2771 voluntatis
311 2736 355 2771 ad
381 2737 475 2782 justa
501 2736 741 2782 operandum,
769 2737 830 2771 sed
858 2737 969 2771 etiam
995 2736 1092 2779 facit,
1121 2746 1158 2772 ut
1185 2740 1276 2784 juste
1307 2747 1486 2785 operetur.
1516 2738 1559 2773 Et
1588 2739 1672 2785 quia

89 2790 224 2834 bonum,
247 2790 341 2826 sicut
361 2798 397 2825 et
413 2802 480 2833 ens,
502 2801 577 2824 non
599 2790 729 2825 dicitur
750 2791 964 2838 simpliciter
985 2792 1121 2839 aliquid
1144 2794 1346 2827 secundum
1370 2794 1416 2835 id,
1440 2794 1537 2839 quod
1561 2802 1614 2828 est
1636 2793 1671 2827 in

89 2844 262 2892 potentia,
283 2844 346 2879 sed
368 2844 569 2879 secundum
585 2844 631 2886 id,
651 2844 748 2891 quod
765 2853 818 2879 est
840 2846 874 2880 in
892 2854 994 2888 actu3
1010 2847 1092 2881 ideo
1108 2847 1150 2881 ab
1171 2847 1382 2893 hujusmodi
1397 2847 1576 2882 habitibus
1590 2849 1672 2882 sim-

88 2897 227 2945 pliciter
253 2898 384 2933 dicitur
409 2898 525 2933 homo
543 2898 681 2933 bonum
701 2901 843 2945 operari
866 2908 900 2934 et
923 2912 1001 2935 esse
1024 2901 1161 2943 bonus;
1183 2910 1267 2948 puta
1286 2902 1370 2948 quia
1393 2910 1446 2937 est
1466 2903 1592 2949 justus,
1614 2901 1672 2940 vel
