1907 3182
245 157 331 209 306
681 166 903 200 QUAESTIO
938 165 1040 194 xm.
1074 164 1319 194 ARTICULUS
1353 164 1380 193 1.

242 248 343 281 timor
363 246 487 293 fugam
510 246 707 293 quamdam
729 246 911 292 importet,
938 246 1068 292 primo,
1091 254 1126 279 et
1140 257 1202 291 per
1224 257 1261 279 se
1284 245 1430 291 respicit
1449 244 1599 287 malum,
1622 245 1716 280 sicut
1733 256 1813 292 pro-

243 300 361 346 prium
384 301 578 345 objectum.

313 354 438 388 Potest
459 361 581 387 autem
602 353 779 399 respicere
803 352 913 386 etiam
932 352 1082 393 bonum,
1105 352 1305 386 secundum
1321 352 1417 398 quod
1436 351 1546 385 habet
1562 351 1812 386 habitudinem

244 407 288 440 ad
310 407 460 449 malum,
484 406 580 452 quod
597 406 743 452 quidem
764 413 884 450 potest
902 415 979 438 esse
1001 405 1188 451 dupliciter.
1211 405 1283 439 Uno
1303 405 1449 451 quidem
1467 404 1575 447 modo,
1598 406 1812 451 inquantum

242 471 304 506 per
322 459 459 494 malum
482 460 641 505 privatur
662 459 817 492 bonum:
842 469 883 491 ex
905 458 976 491 hoc
1000 466 1123 491 autern
1146 457 1223 503 ipso
1247 466 1299 492 est
1322 457 1457 504 aliquid
1472 457 1623 500 malum,
1642 458 1740 504 quod
1759 467 1813 493 est

242 513 459 559 privativum
480 513 586 553 boni;
609 511 703 545 unde
725 523 809 544 cum
830 510 990 556 fugiatur
1013 510 1164 552 malum,
1187 511 1270 556 quia
1292 510 1430 544 malum
1453 519 1516 553 est,
1535 511 1696 557 sequitur
1712 519 1751 546 ut
1763 510 1814 546 fu-

243 567 370 612 giatur,
399 566 480 612 quia
499 566 615 611 privat
632 565 781 606 bonum,
799 564 896 610 quod
919 566 997 610 quis
1018 564 1175 598 amando
1196 564 1443 610 prosequitur:
1466 573 1501 598 et
1518 564 1719 598 secundum
1739 565 1812 599 hoc

243 619 328 653 dicit
354 621 507 664 August.
534 619 610 662 (loc.
634 620 686 652 sil.
711 620 745 652 in
769 629 839 663 arg.
863 617 907 662 r.)
936 617 1033 663 quod
1052 616 1151 650 nulla
1174 625 1226 650 est
1246 628 1353 650 causa
1375 617 1538 659 timendi,
1556 619 1624 652 nisi
1645 629 1690 652 ne
1713 618 1814 652 amit-

241 680 336 706 tatur
364 673 502 706 bonum
530 679 704 705 amatum.
734 672 812 705 Alio
841 670 935 704 modo
964 679 1197 716 comparatur
1223 670 1361 704 bonum
1392 670 1436 704 ad
1459 670 1613 713 malum,
1635 679 1674 705 ut
1704 682 1813 706 causa

241 727 372 772 ipsius;
395 726 609 771 inquantum
632 724 771 758 scilicet
786 724 932 770 aliquod
953 724 1091 757 bonum
1107 735 1171 757 sua
1185 725 1314 757 virtute
1336 732 1456 769 potest
1477 724 1646 759 inducere
1665 724 1813 770 aliquod

241 786 505 813 nocumentum
527 778 562 811 in
584 778 682 812 bono
706 785 846 811 amato:
869 785 903 811 et
923 777 1006 810 ideo
1029 777 1122 811 sicut
1142 788 1235 823 spe3‚
1258 785 1296 810 ut
1317 788 1425 823 supra
1449 777 1586 811 dictum
1609 786 1662 812 est
1682 779 1728 824 (q.
1755 789 1811 822 40.

242 838 305 866 art.
333 832 391 878 7.)‚
418 832 460 865 ad
489 831 551 865 ιῖιιο
574 831 736 877 respicit3
759 830 899 864 scilicet
922 830 965 864 ad
988 832 1109 864 bonum
1131 830 1167 863 in
1190 830 1287 876 quod
1308 830 1433 872 tendit,
1456 838 1491 864 et
1513 831 1556 864 ad
1578 830 1612 864 id
1631 842 1693 877 per
1715 831 1813 877 quod

241 893 360 931 sperat
381 897 418 918 se
440 885 578 918 bonum
602 884 837 930 concupitum
867 884 1032 929 adipisci:
1060 884 1109 917 ita
1133 883 1241 917 etiarn
1265 883 1375 917 timor
1403 883 1444 917 ab
1472 883 1536 918 duo
1558 885 1723 930 respicit;
1749 884 1814 918 sci—

241 938 325 972 licet
347 938 389 972 ad
413 938 535 972 malam
559 938 654 984 quod
676 937 818 983 refugit,
838 944 872 971 et
891 938 933 971 ad
957 937 1045 971 illud
1068 938 1203 979 bonum,
1227 937 1324 983 quod
1346 948 1412 971 sua
1432 937 1565 971 virtute
1586 945 1706 984 potest
1725 937 1814 972 infli-

242 1003 324 1037 gere
346 991 496 1025 malum.
512 990 556 1025 Et
570 1002 633 1037 per
654 991 750 1024 hunc
774 991 926 1024 modum
948 991 1048 1024 Deus
1070 991 1216 1024 timetur
1232 990 1274 1023 ab
1289 990 1452 1032 homine,
1468 991 1681 1036 inquantum
1695 998 1814 1037 potest

241 1044 401 1090 infligere
428 1056 585 1091 poenam
612 1044 669 1078 vel
696 1043 931 1090 spiritualem,
958 1043 1017 1078 vel
1045 1043 1291 1089 corporalem:
1319 1052 1354 1077 et
1380 1055 1443 1090 per
1468 1043 1565 1077 hunc
1601 1044 1712 1078 etiarn
1738 1056 1815 1079 mo-

241 1098 327 1131 dum
341 1098 488 1132 timetur
501 1106 661 1144 potestas
677 1097 828 1142 alicujus
844 1097 1015 1139 hominis,
1031 1097 1189 1131 maxime
1205 1098 1350 1143 quando
1366 1104 1419 1131 est
1433 1096 1579 1139 laesiva‚
1594 1097 1653 1131 vel
1666 1098 1812 1144 quando

241 1161 294 1187 est
314 1153 462 1197 injusta:
486 1154 569 1198 quia
585 1152 635 1186 sic
652 1152 687 1185 in
702 1160 873 1197 promptu
888 1151 997 1185 habet
1011 1159 1277 1185 nocumentum
1291 1150 1443 1184 inferre:
1467 1152 1514 1185 ita
1537 1150 1647 1185 etiam
1665 1152 1814 1186 timetur

241 1212 339 1252 super
360 1206 466 1239 alium
489 1217 560 1247 esse,
584 1205 675 1239 idest
702 1205 804 1239 inniti
823 1204 899 1247 aliig
922 1212 960 1238 ut
982 1204 1121 1238 scilicet
1142 1205 1177 1238 in
1202 1205 1277 1250 ejus
1305 1212 1484 1250 potestate
1507 1205 1552 1239 sit
1575 1206 1813 1240 constitutum

240 1259 343 1293 nobis
365 1267 631 1293 nocumentum
653 1258 802 1292 inferre:
827 1260 919 1292 sicut
940 1258 1012 1300 ille,
1035 1258 1095 1304 qui
1118 1266 1172 1292 est
1193 1258 1361 1292 conscius
1386 1258 1558 1301 criminis,
1580 1259 1728 1293 timetur
1751 1258 1811 1304 [al.

242 1313 359 1357 timet}
382 1324 426 1346 ne
450 1313 587 1346 crimen
610 1312 755 1346 revelet.

311 1366 354 1400 Et
376 1378 438 1412 per
459 1366 530 1400 hoc
554 1374 652 1412 patet
673 1365 862 1412 responsio
884 1376 934 1399 AD
955 1375 1131 1410 OBJECTA.

813 1507 1165 1552 ARTICULUS
1202 1508 1257 1550 II.
1745 1517 1812 1564 236

456 1615 610 1644 UTRUM
637 1615 793 1644 MALUM
818 1615 1023 1645 NATURAE
1051 1616 1119 1644 SIT
1150 1615 1379 1657 ossJEcrUM
1405 1615 1598 1645 T1M0R1s.

556 1704 659 1749 (Infr.
682 1709 747 1738 art.
770 1704 802 1738 6.
826 1703 868 1737 ad
889 1715 920 1738 2.
943 1708 972 1738 et
992 1715 1057 1738 2-2.
1081 1715 1110 1748 q.
1134 1714 1209 1747 144.
1232 1708 1295 1737 art.
1319 1715 1345 1737 Ι.
1369 1703 1491 1749 corp).

310 1791 369 1825 AD
393 1802 599 1826 SECUNDUM
622 1791 671 1825 sic
700 1792 918 1837 proceditur.
946 1791 1109 1833 Videtur,
1138 1791 1234 1837 quod
1262 1791 1372 1825 timor
1398 1802 1473 1826 non
1495 1792 1538 1825 sit
1564 1790 1608 1825 de
1631 1790 1730 1825 malo
1753 1801 1812 1824 na-

237 1853 354 1878 turae:
379 1845 464 1878 dicit
492 1845 587 1878 euim
616 1845 752 1879 Philos.
775 1845 812 1879 in
840 1855 870 1879 2.
894 1845 999 1879 Rhet.
1025 1845 1112 1891 (cap.
1130 1857 1159 1891 5.
1182 1850 1255 1892 post
1279 1845 1376 1889 med.)
1403 1845 1501 1891 quod
1527 1846 1628 1879 timor
1655 1845 1811 1879 consilia-

239 1900 323 1932 τίνος
336 1899 424 1944 facit
438 1911 446 1932 .·
470 1910 543 1932 non
564 1907 685 1932 autem
702 1897 942 1932 consiliamur
960 1899 1003 1932 de
1025 1898 1092 1940 his,
1116 1910 1207 1944 quae
1231 1910 1250 1931 a
1271 1906 1399 1932 natura
1421 1899 1602 1940 eveniunt,
1622 1906 1660 1932 ut
1682 1898 1811 1932 dicitur

238 1951 273 1985 in
300 1963 328 1998 3.
351 1951 467 1985 Ethic.
493 1952 580 1998 (cap.
600 1954 665 1998 3.),·
691 1963 777 1997 ergo
801 1953 912 1986 timor
929 1963 1004 1986 non
1027 1960 1079 1986 est
1102 1952 1144 1986 de
1167 1951 1266 1986 malo
1289 1960 1450 1985 naturae.

310 2015 340 2038 2.
364 2005 600 2039 PRAETEREA.
624 2005 797 2039 Defectus
819 2006 1000 2040 naturales
1023 2017 1167 2051 semper
1187 2005 1330 2039 homini
1357 2005 1560 2047 imminent,
1583 2013 1621 2039 ut
1642 2016 1754 2047 mors,
1777 2013 1811 2039 et

239 2058 308 2092 alia
323 2059 550 2104 hujusmodi3
566 2059 595 2092 si
610 2059 718 2104 igitur
734 2060 776 2093 de
791 2060 1001 2105 hujusmodi
1016 2059 1120 2093 malis
1136 2068 1230 2093 esset
1243 2059 1365 2101 timor,
1380 2067 1575 2104 oporteret,
1587 2058 1683 2105 quod
1694 2059 1809 2093 homo

237 2124 381 2158 semper
403 2121 495 2146 esset
516 2113 551 2145 in
573 2113 715 2146 timore.
1377 2116 1380 2119 “

313 2177 340 2211 3.
364 2166 601 2200 PRAETEREA.
622 2166 759 2200 Natura
781 2177 855 2200 non
879 2175 1003 2200 movet
1025 2166 1069 2200 ad
1092 2166 1292 2201 contraria:
1315 2166 1376 2200 sed
1399 2165 1538 2200 malum
1559 2174 1710 2200 naturae
1732 2176 1812 2211 pro-

237 2219 335 2253 venit
356 2230 397 2252 ex
420 2228 566 2261 natura3
590 2231 677 2265 ergo
701 2219 798 2265 quod
817 2220 981 2253 timendo
998 2219 1126 2265 aliquis
1145 2219 1299 2265 refugiat
1326 2219 1536 2265 hujusmodi
1563 2219 1714 2262 malurn,
1735 2230 1810 2253 non

238 2280 291 2306 est
312 2283 331 2305 a
349 2280 493 2306 natura:
514 2273 624 2306 timor
646 2284 733 2318 ergo
756 2272 929 2307 naturalis
950 2284 1025 2306 non
1048 2281 1100 2307 est
1123 2273 1166 2307 de
1189 2272 1288 2306 malo
1307 2281 1468 2315 naturae,
1491 2273 1535 2306 ad
1556 2283 1664 2319 quem
1685 2281 1808 2307 tamen

237 2325 307 2360 hoc
329 2325 466 2359 malum
490 2326 666 2371 pertinere
688 2326 839 2360 videtur.

309 2379 383 2413 SED
400 2389 554 2413 CONTRA
578 2387 641 2420 est,
664 2379 760 2425 quod
784 2379 920 2413 Philos.
943 2379 1030 2413 dicit
1047 2379 1083 2412 in
1110 2391 1137 2425 3.
1158 2379 1239 2413 Eth.
1263 2380 1354 2426 (cap.
1378 2379 1410 2414 6.
1434 2391 1455 2414 a
1475 2379 1702 2425 med.)‚·quod
1726 2381 1810 2414 inter

236 2433 348 2467 omnia
371 2432 649 2466 terribilissimam
670 2438 711 2466 cst
734 2445 832 2475 mors,
857 2444 948 2478 quae
972 2441 1024 2467 est
1046 2433 1185 2466 malum
1207 2440 1367 2467 naturae.

309 2486 538 2520 Ruspomfio
566 2485 772 2527 dicendum,
800 2487 908 2532 quod,
936 2486 1028 2520 sicut
1050 2486 1186 2520 Philos.
1216 2486 1302 2520 dicit
1328 2487 1363 2520 in
1386 2496 1417 2520 2.
1440 2485 1592 2520 Rhetor.
1615 2486 1704 2532 (cap.
1723 2498 1751 2532 5.
1774 2487 1808 2520 in

230 2539 374 2586 prima),
396 2539 506 2572 timor
528 2539 693 2585 provenit
715 2551 756 2572 ex
779 2539 968 2584 phantasia
991 2539 1098 2574 futuri
1121 2539 1208 2573 mali
1231 2539 1439 2586 corruptivi,
1465 2539 1523 2573 vel
1550 2539 1808 2574 contristativi:

237 2593 328 2626 sicut
351 2600 470 2626 autem
494 2592 782 2626 contristativum
807 2592 945 2626 malum
973 2601 1036 2635 est,
1060 2593 1157 2639 quod
1181 2593 1420 2627 contrariatur
1445 2592 1639 2627 voluntati:
1663 2593 1711 2626 ita
1733 2603 1810 2627 cor-

238 2646 418 2692 ruptivum
441 2645 579 2679 malum
602 2653 666 2687 est,
689 2646 784 2691 quod
809 2648 1048 2680 contrariatur
1070 2655 1230 2688 naturae,
1258 2654 1293 2680 ct
1311 2647 1381 2680 hoc
1405 2654 1459 2680 est
1480 2645 1618 2680 malum
1638 2654 1807 2680 naturae:

237 2699 331 2733 unde
354 2699 396 2733 de
420 2699 518 2733 malo
540 2707 688 2733 naturae
712 2707 830 2745 potest
852 2711 928 2733 csse
951 2700 1071 2733 timor.
1097 2700 1167 2734 Sed
1191 2700 1497 2734 considerandum
1520 2707 1584 2741 est,
1611 2699 1708 2745 quod
1736 2710 1809 2733 ma-

236 2752 311 2786 lum
334 2761 483 2787 naturae
506 2752 697 2798 quandoque
719 2761 772 2786 est
795 2764 812 2785 a
837 2764 943 2786 causa
967 2753 1133 2793 naturali,
1156 2761 1190 2787 et
1211 2762 1295 2787 tunc
1328 2753 1458 2787 dicitur
1484 2752 1623 2787 malum
1645 2760 1806 2794 naturae,

237 2816 310 2839 non
332 2805 451 2839 solum
475 2806 557 2851 quia
581 2806 695 2852 privat
717 2814 865 2840 naturae
887 2806 1036 2847 bonum,
1064 2807 1125 2840 sed
1149 2806 1258 2840 ctiam
1285 2807 1369 2853 quia
1396 2814 1448 2841 est
1470 2805 1618 2841 effectus
1637 2814 1806 2848 naturae3

236 2859 328 2893 sicut
350 2870 448 2893 mors
470 2859 654 2901 naturalis,
676 2867 710 2893 et
740 2859 801 2892 alii
823 2859 1033 2904 hujusmodi
1061 2859 1231 2894 defectus.
1256 2860 1447 2906 Aliquando
1469 2871 1556 2894 vero
1583 2859 1722 2894 malum
1749 2870 1808 2893 na-
