<?xml version="1.0" encoding="UTF-8"?>
<!DOCTYPE html PUBLIC "-//W3C//DTD XHTML 1.0 Transitional//EN"
    "http://www.w3.org/TR/xhtml1/DTD/xhtml1-transitional.dtd">
<html xmlns="http://www.w3.org/1999/xhtml" xml:lang="en" lang="en">
 <head>
  <title>
</title>
<meta http-equiv="Content-Type" content="text/html;charset=utf-8" />
  <meta name='ocr-system' content='tesseract 3.04.00' />
  <meta name='ocr-capabilities' content='ocr_page ocr_carea ocr_par ocr_line ocrx_word'/>
</head>
<body>
  <div class='ocr_page' id='page_1' title='image "./divithomaeaquina02thomuoft_0259.png"; bbox 0 0 1907 3198; ppageno 0'>
   <div class='ocr_carea' id='block_1_1' title="bbox 0 2088 59 2945">
    <p class='ocr_par' dir='ltr' id='par_1_1' title="bbox 0 2088 59 2945">
     <span class='ocr_line' id='line_1_1' title="bbox 0 2088 59 2945; baseline 0 0"><span class='ocrx_word' id='word_1_1' title='bbox 0 2088 59 2945; x_wconf 95' lang='lat' dir='ltr'> </span> 
     </span>
    </p>
   </div>
   <div class='ocr_carea' id='block_1_2' title="bbox 498 184 1664 229">
    <p class='ocr_par' dir='ltr' id='par_1_2' title="bbox 498 184 1664 229">
     <span class='ocr_line' id='line_1_2' title="bbox 498 184 1664 229; baseline 0.001 -15"><span class='ocrx_word' id='word_1_2' title='bbox 498 184 723 220; x_wconf 83' lang='lat' dir='ltr'>QUAESTIO</span> <span class='ocrx_word' id='word_1_3' title='bbox 756 184 912 214; x_wconf 86' lang='lat' dir='ltr'>XXXIII.</span> <span class='ocrx_word' id='word_1_4' title='bbox 946 184 1195 215; x_wconf 89' lang='lat' dir='ltr'>ARTICULUS</span> <span class='ocrx_word' id='word_1_5' title='bbox 1227 184 1290 215; x_wconf 89' lang='lat'>111.</span> <span class='ocrx_word' id='word_1_6' title='bbox 1580 186 1664 229; x_wconf 70' lang='grc'>255</span> 
     </span>
    </p>
   </div>
   <div class='ocr_carea' id='block_1_3' title="bbox 22 265 1689 1831">
    <p class='ocr_par' dir='ltr' id='par_1_3' title="bbox 75 265 1672 800">
     <span class='ocr_line' id='line_1_3' title="bbox 79 265 1669 314; baseline 0 -13"><span class='ocrx_word' id='word_1_7' title='bbox 79 267 230 302; x_wconf 87' lang='lat' dir='ltr'>attentio</span> <span class='ocrx_word' id='word_1_8' title='bbox 253 274 377 301; x_wconf 84' lang='lat' dir='ltr'>autem</span> <span class='ocrx_word' id='word_1_9' title='bbox 395 266 543 312; x_wconf 88' lang='lat' dir='ltr'>adjuvat</span> <span class='ocrx_word' id='word_1_10' title='bbox 565 266 839 313; x_wconf 85' lang='lat' dir='ltr'>operationem:</span> <span class='ocrx_word' id='word_1_11' title='bbox 863 266 926 301; x_wconf 90' lang='lat' dir='ltr'>sed</span> <span class='ocrx_word' id='word_1_12' title='bbox 948 265 1213 302; x_wconf 83' lang='lat' dir='ltr'>delectationes</span> <span class='ocrx_word' id='word_1_13' title='bbox 1232 265 1444 313; x_wconf 88' lang='lat' dir='ltr'>corporales</span> <span class='ocrx_word' id='word_1_14' title='bbox 1463 267 1669 314; x_wconf 89' lang='lat' dir='ltr'>impediunt</span> 
     </span>
     <span class='ocr_line' id='line_1_4' title="bbox 78 320 1669 367; baseline 0.001 -12"><span class='ocrx_word' id='word_1_15' title='bbox 78 332 186 355; x_wconf 91' lang='lat' dir='ltr'>usum</span> <span class='ocrx_word' id='word_1_16' title='bbox 207 320 358 355; x_wconf 89' lang='lat' dir='ltr'>rationis</span> <span class='ocrx_word' id='word_1_17' title='bbox 380 320 510 367; x_wconf 79' lang='lat' dir='ltr'>triplici</span> <span class='ocrx_word' id='word_1_18' title='bbox 527 321 680 355; x_wconf 87' lang='lat' dir='ltr'>ratione.</span> <span class='ocrx_word' id='word_1_19' title='bbox 702 321 820 356; x_wconf 87' lang='lat' dir='ltr'>Primo</span> <span class='ocrx_word' id='word_1_20' title='bbox 848 320 998 367; x_wconf 91' lang='lat' dir='ltr'>quidem</span> <span class='ocrx_word' id='word_1_21' title='bbox 1020 321 1162 355; x_wconf 89' lang='lat' dir='ltr'>ratione</span> <span class='ocrx_word' id='word_1_22' title='bbox 1184 320 1447 355; x_wconf 86' lang='lat' dir='ltr'>distractionis:</span> <span class='ocrx_word' id='word_1_23' title='bbox 1471 321 1554 367; x_wconf 90' lang='lat' dir='ltr'>quia</span> <span class='ocrx_word' id='word_1_24' title='bbox 1575 321 1669 356; x_wconf 89' lang='lat' dir='ltr'>sicut</span> 
     </span>
     <span class='ocr_line' id='line_1_5' title="bbox 75 373 1670 422; baseline 0 -13"><span class='ocrx_word' id='word_1_25' title='bbox 75 376 151 422; x_wconf 89' lang='lat' dir='ltr'>jam</span> <span class='ocrx_word' id='word_1_26' title='bbox 173 374 313 409; x_wconf 90' lang='lat' dir='ltr'>dictum</span> <span class='ocrx_word' id='word_1_27' title='bbox 334 382 389 409; x_wconf 91' lang='lat' dir='ltr'>est</span> <span class='ocrx_word' id='word_1_28' title='bbox 411 373 456 421; x_wconf 86' lang='lat' dir='ltr'>(q.</span> <span class='ocrx_word' id='word_1_29' title='bbox 478 386 512 419; x_wconf 84' lang='lat'>4.</span> <span class='ocrx_word' id='word_1_30' title='bbox 535 380 600 410; x_wconf 89' lang='lat' dir='ltr'>art.</span> <span class='ocrx_word' id='word_1_31' title='bbox 623 387 651 410; x_wconf 81' lang='lat'>1.</span> <span class='ocrx_word' id='word_1_32' title='bbox 673 374 716 409; x_wconf 86' lang='lat' dir='ltr'>ad</span> <span class='ocrx_word' id='word_1_33' title='bbox 733 375 779 421; x_wconf 84' lang='lat'>3.)</span> <span class='ocrx_word' id='word_1_34' title='bbox 803 374 848 408; x_wconf 86' lang='lat' dir='ltr'>ad</span> <span class='ocrx_word' id='word_1_35' title='bbox 875 385 930 416; x_wconf 87' lang='lat' dir='ltr'>ea,</span> <span class='ocrx_word' id='word_1_36' title='bbox 956 374 993 408; x_wconf 92' lang='lat' dir='ltr'>in</span> <span class='ocrx_word' id='word_1_37' title='bbox 1016 374 1146 421; x_wconf 89' lang='lat' dir='ltr'>quibus</span> <span class='ocrx_word' id='word_1_38' title='bbox 1174 373 1414 416; x_wconf 84' lang='lat' dir='ltr'>delectamur,</span> <span class='ocrx_word' id='word_1_39' title='bbox 1437 374 1597 409; x_wconf 88' lang='lat' dir='ltr'>multum</span> <span class='ocrx_word' id='word_1_40' title='bbox 1620 383 1670 409; x_wconf 90' lang='lat' dir='ltr'>at-</span> 
     </span>
     <span class='ocr_line' id='line_1_6' title="bbox 77 427 1670 474; baseline 0 -10"><span class='ocrx_word' id='word_1_41' title='bbox 77 429 277 464; x_wconf 85' lang='lat' dir='ltr'>tendimus:</span> <span class='ocrx_word' id='word_1_42' title='bbox 301 440 387 464; x_wconf 91' lang='lat' dir='ltr'>cum</span> <span class='ocrx_word' id='word_1_43' title='bbox 410 437 534 463; x_wconf 89' lang='lat' dir='ltr'>autern</span> <span class='ocrx_word' id='word_1_44' title='bbox 555 429 710 463; x_wconf 89' lang='lat' dir='ltr'>intentio</span> <span class='ocrx_word' id='word_1_45' title='bbox 735 428 798 474; x_wconf 90' lang='lat' dir='ltr'>[al.</span> <span class='ocrx_word' id='word_1_46' title='bbox 821 428 974 474; x_wconf 78' lang='lat' dir='ltr'>attentio]</span> <span class='ocrx_word' id='word_1_47' title='bbox 997 427 1139 463; x_wconf 88' lang='lat' dir='ltr'>fortiter</span> <span class='ocrx_word' id='word_1_48' title='bbox 1163 428 1364 463; x_wconf 88' lang='lat' dir='ltr'>inhaeserit</span> <span class='ocrx_word' id='word_1_49' title='bbox 1386 427 1497 462; x_wconf 87' lang='lat' dir='ltr'>alicui</span> <span class='ocrx_word' id='word_1_50' title='bbox 1518 429 1582 471; x_wconf 87' lang='lat' dir='ltr'>rei,</span> <span class='ocrx_word' id='word_1_51' title='bbox 1610 429 1670 464; x_wconf 93' lang='lat' dir='ltr'>de-</span> 
     </span>
     <span class='ocr_line' id='line_1_7' title="bbox 76 482 1669 525; baseline -0.001 -8"><span class='ocrx_word' id='word_1_52' title='bbox 76 482 238 518; x_wconf 89' lang='lat' dir='ltr'>bilitatur</span> <span class='ocrx_word' id='word_1_53' title='bbox 263 483 359 517; x_wconf 89' lang='lat' dir='ltr'>circa</span> <span class='ocrx_word' id='word_1_54' title='bbox 387 482 475 517; x_wconf 89' lang='lat' dir='ltr'>alias</span> <span class='ocrx_word' id='word_1_55' title='bbox 503 494 571 524; x_wconf 89' lang='lat' dir='ltr'>res,</span> <span class='ocrx_word' id='word_1_56' title='bbox 598 482 658 517; x_wconf 77' lang='lat' dir='ltr'>vel</span> <span class='ocrx_word' id='word_1_57' title='bbox 679 482 842 517; x_wconf 90' lang='lat' dir='ltr'>totaliter</span> <span class='ocrx_word' id='word_1_58' title='bbox 863 482 906 516; x_wconf 95' lang='lat' dir='ltr'>ab</span> <span class='ocrx_word' id='word_1_59' title='bbox 929 482 980 516; x_wconf 90' lang='lat' dir='ltr'>eis</span> <span class='ocrx_word' id='word_1_60' title='bbox 1003 490 1218 517; x_wconf 89' lang='lat' dir='ltr'>revocatur:</span> <span class='ocrx_word' id='word_1_61' title='bbox 1241 491 1277 517; x_wconf 89' lang='lat' dir='ltr'>et</span> <span class='ocrx_word' id='word_1_62' title='bbox 1297 482 1502 517; x_wconf 89' lang='lat' dir='ltr'>secundum</span> <span class='ocrx_word' id='word_1_63' title='bbox 1524 483 1610 525; x_wconf 84' lang='lat' dir='ltr'>hoc,</span> <span class='ocrx_word' id='word_1_64' title='bbox 1638 483 1669 517; x_wconf 94' lang='lat' dir='ltr'>si</span> 
     </span>
     <span class='ocr_line' id='line_1_8' title="bbox 79 535 1668 584; baseline -0.001 -13"><span class='ocrx_word' id='word_1_65' title='bbox 79 535 275 571; x_wconf 89' lang='lat' dir='ltr'>delectatio</span> <span class='ocrx_word' id='word_1_66' title='bbox 303 536 505 584; x_wconf 88' lang='lat' dir='ltr'>corporalis</span> <span class='ocrx_word' id='word_1_67' title='bbox 531 535 642 572; x_wconf 89' lang='lat' dir='ltr'>fuerit</span> <span class='ocrx_word' id='word_1_68' title='bbox 667 548 814 583; x_wconf 84' lang='lat' dir='ltr'>magna,</span> <span class='ocrx_word' id='word_1_69' title='bbox 836 535 896 571; x_wconf 86' lang='lat' dir='ltr'>vel</span> <span class='ocrx_word' id='word_1_70' title='bbox 916 535 1078 570; x_wconf 89' lang='lat' dir='ltr'>totaliter</span> <span class='ocrx_word' id='word_1_71' title='bbox 1103 536 1280 583; x_wconf 89' lang='lat' dir='ltr'>impediet</span> <span class='ocrx_word' id='word_1_72' title='bbox 1300 547 1408 571; x_wconf 90' lang='lat' dir='ltr'>usum</span> <span class='ocrx_word' id='word_1_73' title='bbox 1431 537 1594 579; x_wconf 87' lang='lat' dir='ltr'>rationis,</span> <span class='ocrx_word' id='word_1_74' title='bbox 1623 537 1668 571; x_wconf 89' lang='lat' dir='ltr'>ad</span> 
     </span>
     <span class='ocr_line' id='line_1_9' title="bbox 76 589 1670 636; baseline -0.001 -11"><span class='ocrx_word' id='word_1_75' title='bbox 76 601 115 625; x_wconf 91' lang='lat' dir='ltr'>se</span> <span class='ocrx_word' id='word_1_76' title='bbox 134 590 379 625; x_wconf 90' lang='lat' dir='ltr'>intentionem</span> <span class='ocrx_word' id='word_1_77' title='bbox 397 590 512 624; x_wconf 89' lang='lat' dir='ltr'>animi</span> <span class='ocrx_word' id='word_1_78' title='bbox 533 591 764 632; x_wconf 89' lang='lat' dir='ltr'>attrahendo,</span> <span class='ocrx_word' id='word_1_79' title='bbox 779 589 840 625; x_wconf 91' lang='lat' dir='ltr'>vel</span> <span class='ocrx_word' id='word_1_80' title='bbox 862 589 1020 624; x_wconf 88' lang='lat' dir='ltr'>multum</span> <span class='ocrx_word' id='word_1_81' title='bbox 1039 590 1226 636; x_wconf 86' lang='lat' dir='ltr'>impediet.</span> <span class='ocrx_word' id='word_1_82' title='bbox 1249 589 1397 630; x_wconf 69' lang='lat' dir='ltr'>Secundo</span> <span class='ocrx_word' id='word_1_83' title='bbox 1420 590 1563 625; x_wconf 89' lang='lat' dir='ltr'>ratione</span> <span class='ocrx_word' id='word_1_84' title='bbox 1584 601 1670 625; x_wconf 91' lang='lat' dir='ltr'>con-</span> 
     </span>
     <span class='ocr_line' id='line_1_10' title="bbox 76 644 1670 692; baseline -0.001 -12"><span class='ocrx_word' id='word_1_85' title='bbox 76 644 291 680; x_wconf 87' lang='lat' dir='ltr'>trarietatis:</span> <span class='ocrx_word' id='word_1_86' title='bbox 306 644 489 692; x_wconf 90' lang='lat' dir='ltr'>quaedam</span> <span class='ocrx_word' id='word_1_87' title='bbox 504 644 603 679; x_wconf 90' lang='lat' dir='ltr'>enim</span> <span class='ocrx_word' id='word_1_88' title='bbox 618 644 892 686; x_wconf 87' lang='lat' dir='ltr'>delectationes,</span> <span class='ocrx_word' id='word_1_89' title='bbox 908 644 1069 678; x_wconf 81' lang='lat' dir='ltr'>maxime</span> <span class='ocrx_word' id='word_1_90' title='bbox 1084 644 1424 691; x_wconf 86' lang='lat' dir='ltr'>superexcedentes,</span> <span class='ocrx_word' id='word_1_91' title='bbox 1439 653 1523 678; x_wconf 92' lang='lat' dir='ltr'>sunt</span> <span class='ocrx_word' id='word_1_92' title='bbox 1540 652 1670 679; x_wconf 92' lang='lat' dir='ltr'>contra</span> 
     </span>
     <span class='ocr_line' id='line_1_11' title="bbox 78 696 1669 746; baseline -0.001 -13"><span class='ocrx_word' id='word_1_93' title='bbox 78 698 248 733; x_wconf 89' lang='lat' dir='ltr'>ordinem</span> <span class='ocrx_word' id='word_1_94' title='bbox 268 698 432 741; x_wconf 89' lang='lat' dir='ltr'>rationis,</span> <span class='ocrx_word' id='word_1_95' title='bbox 451 707 487 733; x_wconf 92' lang='lat' dir='ltr'>et</span> <span class='ocrx_word' id='word_1_96' title='bbox 509 710 573 746; x_wconf 88' lang='lat' dir='ltr'>per</span> <span class='ocrx_word' id='word_1_97' title='bbox 590 699 688 733; x_wconf 91' lang='lat' dir='ltr'>hunc</span> <span class='ocrx_word' id='word_1_98' title='bbox 704 699 859 733; x_wconf 90' lang='lat' dir='ltr'>modum</span> <span class='ocrx_word' id='word_1_99' title='bbox 873 697 1013 734; x_wconf 91' lang='lat' dir='ltr'>Philos.</span> <span class='ocrx_word' id='word_1_100' title='bbox 1033 698 1130 733; x_wconf 89' lang='lat' dir='ltr'>dicit.</span> <span class='ocrx_word' id='word_1_101' title='bbox 1150 699 1186 732; x_wconf 89' lang='lat' dir='ltr'>in</span> <span class='ocrx_word' id='word_1_102' title='bbox 1205 696 1237 733; x_wconf 91' lang='lat'>6.</span> <span class='ocrx_word' id='word_1_103' title='bbox 1257 698 1376 733; x_wconf 85' lang='lat' dir='ltr'>Ethic.</span> <span class='ocrx_word' id='word_1_104' title='bbox 1394 698 1484 746; x_wconf 81' lang='lat' dir='ltr'>(cap.</span> <span class='ocrx_word' id='word_1_105' title='bbox 1496 700 1556 745; x_wconf 77' lang='lat'>5),</span> <span class='ocrx_word' id='word_1_106' title='bbox 1570 698 1669 745; x_wconf 92' lang='lat' dir='ltr'>quod</span> 
     </span>
     <span class='ocr_line' id='line_1_12' title="bbox 77 752 1672 800; baseline 0 -13"><span class='ocrx_word' id='word_1_107' title='bbox 77 752 303 788; x_wconf 79' lang='lat' dir='ltr'>delectationes</span> <span class='ocrx_word' id='word_1_108' title='bbox 322 753 515 800; x_wconf 76' lang='lat' dir='ltr'>corporales</span> <span class='ocrx_word' id='word_1_109' title='bbox 535 758 759 799; x_wconf 79' lang='lat' dir='ltr'>corrumpunt</span> <span class='ocrx_word' id='word_1_110' title='bbox 778 754 1056 788; x_wconf 82' lang='lat' dir='ltr'>existimationem</span> <span class='ocrx_word' id='word_1_111' title='bbox 1071 753 1286 800; x_wconf 75' lang='lat' dir='ltr'>prudentiae,</span> <span class='ocrx_word' id='word_1_112' title='bbox 1308 765 1384 788; x_wconf 91' lang='lat' dir='ltr'>non</span> <span class='ocrx_word' id='word_1_113' title='bbox 1408 761 1530 788; x_wconf 88' lang='lat' dir='ltr'>autern</span> <span class='ocrx_word' id='word_1_114' title='bbox 1554 753 1672 788; x_wconf 79' lang='lat' dir='ltr'>existi-</span> 
     </span>
    </p>

    <p class='ocr_par' dir='ltr' id='par_1_4' title="bbox 22 806 1673 1233">
     <span class='ocr_line' id='line_1_13' title="bbox 77 806 1670 854; baseline 0 -13"><span class='ocrx_word' id='word_1_115' title='bbox 77 807 282 842; x_wconf 89' lang='lat' dir='ltr'>mationem</span> <span class='ocrx_word' id='word_1_116' title='bbox 295 806 573 854; x_wconf 89' lang='lat' dir='ltr'>speculativam,</span> <span class='ocrx_word' id='word_1_117' title='bbox 585 807 643 840; x_wconf 91' lang='lat' dir='ltr'>cui</span> <span class='ocrx_word' id='word_1_118' title='bbox 659 806 855 842; x_wconf 84' lang='lat' dir='ltr'>delectatio</span> <span class='ocrx_word' id='word_1_119' title='bbox 869 818 945 842; x_wconf 92' lang='lat' dir='ltr'>non</span> <span class='ocrx_word' id='word_1_120' title='bbox 960 807 1223 850; x_wconf 73' lang='lat' dir='ltr'>contrariatur,</span> <span class='ocrx_word' id='word_1_121' title='bbox 1246 815 1333 854; x_wconf 88' lang='lat' dir='ltr'>puta</span> <span class='ocrx_word' id='word_1_122' title='bbox 1351 807 1450 854; x_wconf 90' lang='lat' dir='ltr'>quod</span> <span class='ocrx_word' id='word_1_123' title='bbox 1465 806 1670 854; x_wconf 87' lang='lat' dir='ltr'>triangulus</span> 
     </span>
     <span class='ocr_line' id='line_1_14' title="bbox 22 855 1670 910; baseline 0 -14"><span class='ocrx_word' id='word_1_124' title='bbox 22 855 26 858; x_wconf 54' lang='grc'><em>’</em></span> <span class='ocrx_word' id='word_1_125' title='bbox 77 861 190 896; x_wconf 90' lang='lat' dir='ltr'>habet</span> <span class='ocrx_word' id='word_1_126' title='bbox 208 869 282 896; x_wconf 90' lang='lat' dir='ltr'>tres</span> <span class='ocrx_word' id='word_1_127' title='bbox 297 860 454 908; x_wconf 89' lang='lat' dir='ltr'>angulos</span> <span class='ocrx_word' id='word_1_128' title='bbox 473 860 646 908; x_wconf 86' lang='lat' dir='ltr'>aequales</span> <span class='ocrx_word' id='word_1_129' title='bbox 661 861 803 896; x_wconf 91' lang='lat' dir='ltr'>duobus</span> <span class='ocrx_word' id='word_1_130' title='bbox 826 862 953 897; x_wconf 88' lang='lat' dir='ltr'>rectis:</span> <span class='ocrx_word' id='word_1_131' title='bbox 973 862 1179 896; x_wconf 89' lang='lat' dir='ltr'>secundum</span> <span class='ocrx_word' id='word_1_132' title='bbox 1198 870 1322 896; x_wconf 85' lang='lat' dir='ltr'>autem</span> <span class='ocrx_word' id='word_1_133' title='bbox 1338 863 1495 910; x_wconf 83' lang='lat' dir='ltr'>primum</span> <span class='ocrx_word' id='word_1_134' title='bbox 1514 862 1670 896; x_wconf 90' lang='lat' dir='ltr'>modum</span> 
     </span>
     <span class='ocr_line' id='line_1_15' title="bbox 77 915 1668 963; baseline -0.001 -13"><span class='ocrx_word' id='word_1_135' title='bbox 77 923 270 962; x_wconf 87' lang='lat' dir='ltr'>utramque</span> <span class='ocrx_word' id='word_1_136' title='bbox 291 915 455 962; x_wconf 90' lang='lat' dir='ltr'>impedit.</span> <span class='ocrx_word' id='word_1_137' title='bbox 484 915 596 950; x_wconf 81' lang='lat' dir='ltr'>Tertio</span> <span class='ocrx_word' id='word_1_138' title='bbox 617 915 714 950; x_wconf 87' lang='lat' dir='ltr'>modo</span> <span class='ocrx_word' id='word_1_139' title='bbox 738 916 946 950; x_wconf 89' lang='lat' dir='ltr'>secundum</span> <span class='ocrx_word' id='word_1_140' title='bbox 967 916 1169 963; x_wconf 89' lang='lat' dir='ltr'>quamdam</span> <span class='ocrx_word' id='word_1_141' title='bbox 1195 915 1426 963; x_wconf 83' lang='lat' dir='ltr'>ligationem,</span> <span class='ocrx_word' id='word_1_142' title='bbox 1448 916 1668 962; x_wconf 88' lang='lat' dir='ltr'>inquantum</span> 
     </span>
     <span class='ocr_line' id='line_1_16' title="bbox 77 969 1673 1017; baseline 0 -13"><span class='ocrx_word' id='word_1_143' title='bbox 77 969 219 1005; x_wconf 87' lang='lat' dir='ltr'>scilicet</span> <span class='ocrx_word' id='word_1_144' title='bbox 241 969 285 1004; x_wconf 92' lang='lat' dir='ltr'>ad</span> <span class='ocrx_word' id='word_1_145' title='bbox 307 969 596 1005; x_wconf 88' lang='lat' dir='ltr'>delectationem</span> <span class='ocrx_word' id='word_1_146' title='bbox 618 969 852 1017; x_wconf 88' lang='lat' dir='ltr'>corporalem</span> <span class='ocrx_word' id='word_1_147' title='bbox 875 970 1037 1017; x_wconf 90' lang='lat' dir='ltr'>sequitur</span> <span class='ocrx_word' id='word_1_148' title='bbox 1057 971 1241 1017; x_wconf 90' lang='lat' dir='ltr'>quaedam</span> <span class='ocrx_word' id='word_1_149' title='bbox 1262 970 1520 1005; x_wconf 87' lang='lat' dir='ltr'>transmutatio</span> <span class='ocrx_word' id='word_1_150' title='bbox 1543 981 1673 1017; x_wconf 92' lang='lat' dir='ltr'>corpo-</span> 
     </span>
     <span class='ocr_line' id='line_1_17' title="bbox 77 1023 1673 1071; baseline 0 -13"><span class='ocrx_word' id='word_1_151' title='bbox 77 1023 176 1066; x_wconf 85' lang='lat' dir='ltr'>ralis,</span> <span class='ocrx_word' id='word_1_152' title='bbox 197 1024 318 1070; x_wconf 86' lang='lat' dir='ltr'>major</span> <span class='ocrx_word' id='word_1_153' title='bbox 339 1023 464 1066; x_wconf 89' lang='lat' dir='ltr'>etiam,</span> <span class='ocrx_word' id='word_1_154' title='bbox 486 1035 598 1071; x_wconf 89' lang='lat' dir='ltr'>quam</span> <span class='ocrx_word' id='word_1_155' title='bbox 625 1023 662 1058; x_wconf 92' lang='lat' dir='ltr'>in</span> <span class='ocrx_word' id='word_1_156' title='bbox 690 1023 770 1058; x_wconf 87' lang='lat' dir='ltr'>aliis</span> <span class='ocrx_word' id='word_1_157' title='bbox 797 1024 1041 1071; x_wconf 87' lang='lat' dir='ltr'>passionibus,</span> <span class='ocrx_word' id='word_1_158' title='bbox 1067 1033 1206 1071; x_wconf 87' lang='lat' dir='ltr'>quanto</span> <span class='ocrx_word' id='word_1_159' title='bbox 1232 1025 1489 1059; x_wconf 91' lang='lat' dir='ltr'>vehementius</span> <span class='ocrx_word' id='word_1_160' title='bbox 1517 1023 1673 1059; x_wconf 87' lang='lat' dir='ltr'>afficitur</span> 
     </span>
     <span class='ocr_line' id='line_1_18' title="bbox 79 1077 1673 1126; baseline 0 -14"><span class='ocrx_word' id='word_1_161' title='bbox 79 1078 260 1126; x_wconf 88' lang='lat' dir='ltr'>appetitus</span> <span class='ocrx_word' id='word_1_162' title='bbox 282 1077 327 1112; x_wconf 92' lang='lat' dir='ltr'>ad</span> <span class='ocrx_word' id='word_1_163' title='bbox 349 1089 429 1113; x_wconf 91' lang='lat' dir='ltr'>rem</span> <span class='ocrx_word' id='word_1_164' title='bbox 450 1086 695 1124; x_wconf 89' lang='lat' dir='ltr'>praesentem,</span> <span class='ocrx_word' id='word_1_165' title='bbox 711 1090 822 1125; x_wconf 88' lang='lat' dir='ltr'>quam</span> <span class='ocrx_word' id='word_1_166' title='bbox 842 1079 886 1113; x_wconf 87' lang='lat' dir='ltr'>ad</span> <span class='ocrx_word' id='word_1_167' title='bbox 905 1089 983 1113; x_wconf 89' lang='lat' dir='ltr'>rem</span> <span class='ocrx_word' id='word_1_168' title='bbox 1000 1079 1207 1114; x_wconf 88' lang='lat' dir='ltr'>absentem:</span> <span class='ocrx_word' id='word_1_169' title='bbox 1226 1078 1441 1125; x_wconf 88' lang='lat' dir='ltr'>hujusmodi</span> <span class='ocrx_word' id='word_1_170' title='bbox 1456 1087 1580 1113; x_wconf 89' lang='lat' dir='ltr'>autem</span> <span class='ocrx_word' id='word_1_171' title='bbox 1595 1089 1673 1113; x_wconf 90' lang='lat' dir='ltr'>cor-</span> 
     </span>
     <span class='ocr_line' id='line_1_19' title="bbox 77 1131 1672 1180; baseline 0 -14"><span class='ocrx_word' id='word_1_172' title='bbox 77 1131 224 1179; x_wconf 91' lang='lat' dir='ltr'>porales</span> <span class='ocrx_word' id='word_1_173' title='bbox 245 1131 537 1179; x_wconf 88' lang='lat' dir='ltr'>perturbationes</span> <span class='ocrx_word' id='word_1_174' title='bbox 559 1132 765 1179; x_wconf 88' lang='lat' dir='ltr'>impediunt</span> <span class='ocrx_word' id='word_1_175' title='bbox 786 1143 894 1167; x_wconf 88' lang='lat' dir='ltr'>usum</span> <span class='ocrx_word' id='word_1_176' title='bbox 916 1133 1087 1176; x_wconf 89' lang='lat' dir='ltr'>rationis;</span> <span class='ocrx_word' id='word_1_177' title='bbox 1107 1133 1201 1168; x_wconf 91' lang='lat' dir='ltr'>sicut</span> <span class='ocrx_word' id='word_1_178' title='bbox 1219 1141 1319 1180; x_wconf 88' lang='lat' dir='ltr'>patet</span> <span class='ocrx_word' id='word_1_179' title='bbox 1336 1133 1373 1167; x_wconf 91' lang='lat' dir='ltr'>in</span> <span class='ocrx_word' id='word_1_180' title='bbox 1387 1132 1598 1175; x_wconf 82' lang='lat' dir='ltr'>vinolentis,</span> <span class='ocrx_word' id='word_1_181' title='bbox 1610 1132 1672 1179; x_wconf 90' lang='lat' dir='ltr'>qui</span> 
     </span>
     <span class='ocr_line' id='line_1_20' title="bbox 77 1185 1044 1233; baseline -0.001 -12"><span class='ocrx_word' id='word_1_182' title='bbox 77 1185 216 1221; x_wconf 90' lang='lat' dir='ltr'>habent</span> <span class='ocrx_word' id='word_1_183' title='bbox 236 1197 343 1221; x_wconf 90' lang='lat' dir='ltr'>usum</span> <span class='ocrx_word' id='word_1_184' title='bbox 364 1186 518 1221; x_wconf 91' lang='lat' dir='ltr'>rationis</span> <span class='ocrx_word' id='word_1_185' title='bbox 540 1185 708 1233; x_wconf 88' lang='lat' dir='ltr'>ligatum,</span> <span class='ocrx_word' id='word_1_186' title='bbox 730 1185 791 1220; x_wconf 82' lang='lat' dir='ltr'>vel</span> <span class='ocrx_word' id='word_1_187' title='bbox 812 1186 1044 1232; x_wconf 89' lang='lat' dir='ltr'>impeditum.</span> 
     </span>
    </p>

    <p class='ocr_par' dir='ltr' id='par_1_5' title="bbox 78 1239 1673 1451">
     <span class='ocr_line' id='line_1_21' title="bbox 154 1239 1673 1287; baseline -0.001 -11"><span class='ocrx_word' id='word_1_188' title='bbox 154 1240 216 1276; x_wconf 82' lang='lat' dir='ltr'>An</span> <span class='ocrx_word' id='word_1_189' title='bbox 248 1250 403 1275; x_wconf 82' lang='lat' dir='ltr'>PRIMUM</span> <span class='ocrx_word' id='word_1_190' title='bbox 429 1251 519 1287; x_wconf 87' lang='lat' dir='ltr'>ergo</span> <span class='ocrx_word' id='word_1_191' title='bbox 547 1240 757 1282; x_wconf 86' lang='lat' dir='ltr'>dicendum,</span> <span class='ocrx_word' id='word_1_192' title='bbox 784 1240 883 1286; x_wconf 92' lang='lat' dir='ltr'>quod</span> <span class='ocrx_word' id='word_1_193' title='bbox 919 1239 1116 1274; x_wconf 88' lang='lat' dir='ltr'>delectatio</span> <span class='ocrx_word' id='word_1_194' title='bbox 1145 1240 1348 1286; x_wconf 85' lang='lat' dir='ltr'>corporalis</span> <span class='ocrx_word' id='word_1_195' title='bbox 1383 1240 1497 1275; x_wconf 90' lang='lat' dir='ltr'>habet</span> <span class='ocrx_word' id='word_1_196' title='bbox 1522 1240 1673 1287; x_wconf 89' lang='lat' dir='ltr'>quidem</span> 
     </span>
     <span class='ocr_line' id='line_1_22' title="bbox 80 1293 1670 1342; baseline -0.001 -13"><span class='ocrx_word' id='word_1_197' title='bbox 80 1294 242 1342; x_wconf 90' lang='lat' dir='ltr'>quietem</span> <span class='ocrx_word' id='word_1_198' title='bbox 269 1294 450 1342; x_wconf 87' lang='lat' dir='ltr'>appetitus</span> <span class='ocrx_word' id='word_1_199' title='bbox 475 1294 513 1329; x_wconf 90' lang='lat' dir='ltr'>in</span> <span class='ocrx_word' id='word_1_200' title='bbox 539 1293 762 1336; x_wconf 87' lang='lat' dir='ltr'>delectabili,</span> <span class='ocrx_word' id='word_1_201' title='bbox 783 1305 877 1341; x_wconf 90' lang='lat' dir='ltr'>quae</span> <span class='ocrx_word' id='word_1_202' title='bbox 904 1294 1006 1340; x_wconf 92' lang='lat' dir='ltr'>quies</span> <span class='ocrx_word' id='word_1_203' title='bbox 1033 1294 1218 1329; x_wconf 82' lang='lat' dir='ltr'>interdum</span> <span class='ocrx_word' id='word_1_204' title='bbox 1246 1294 1492 1329; x_wconf 89' lang='lat' dir='ltr'>contrariatur</span> <span class='ocrx_word' id='word_1_205' title='bbox 1518 1294 1670 1329; x_wconf 85' lang='lat' dir='ltr'>rationi:</span> 
     </span>
     <span class='ocr_line' id='line_1_23' title="bbox 79 1348 1672 1396; baseline -0.001 -13"><span class='ocrx_word' id='word_1_206' title='bbox 79 1348 142 1384; x_wconf 88' lang='lat' dir='ltr'>sed</span> <span class='ocrx_word' id='word_1_207' title='bbox 153 1359 196 1384; x_wconf 81' lang='lat' dir='ltr'>ex</span> <span class='ocrx_word' id='word_1_208' title='bbox 210 1356 312 1395; x_wconf 88' lang='lat' dir='ltr'>parte</span> <span class='ocrx_word' id='word_1_209' title='bbox 327 1348 494 1396; x_wconf 91' lang='lat' dir='ltr'>corporis</span> <span class='ocrx_word' id='word_1_210' title='bbox 509 1359 657 1395; x_wconf 90' lang='lat' dir='ltr'>semper</span> <span class='ocrx_word' id='word_1_211' title='bbox 669 1348 781 1383; x_wconf 88' lang='lat' dir='ltr'>habet</span> <span class='ocrx_word' id='word_1_212' title='bbox 793 1348 1159 1383; x_wconf 87' lang='lat' dir='ltr'>transmutationem:</span> <span class='ocrx_word' id='word_1_213' title='bbox 1175 1356 1211 1382; x_wconf 89' lang='lat' dir='ltr'>et</span> <span class='ocrx_word' id='word_1_214' title='bbox 1224 1356 1404 1396; x_wconf 89' lang='lat' dir='ltr'>quantum</span> <span class='ocrx_word' id='word_1_215' title='bbox 1415 1348 1460 1382; x_wconf 93' lang='lat' dir='ltr'>ad</span> <span class='ocrx_word' id='word_1_216' title='bbox 1475 1356 1672 1395; x_wconf 91' lang='lat' dir='ltr'>utrumque</span> 
     </span>
     <span class='ocr_line' id='line_1_24' title="bbox 78 1403 544 1451; baseline -0.002 -13"><span class='ocrx_word' id='word_1_217' title='bbox 78 1403 232 1451; x_wconf 90' lang='lat' dir='ltr'>impedit</span> <span class='ocrx_word' id='word_1_218' title='bbox 251 1403 404 1438; x_wconf 86' lang='lat' dir='ltr'>rationis</span> <span class='ocrx_word' id='word_1_219' title='bbox 425 1414 544 1438; x_wconf 88' lang='lat' dir='ltr'>usum.</span> 
     </span>
    </p>

    <p class='ocr_par' dir='ltr' id='par_1_6' title="bbox 79 1456 1674 1615">
     <span class='ocr_line' id='line_1_25' title="bbox 151 1456 1674 1504; baseline -0.001 -11"><span class='ocrx_word' id='word_1_220' title='bbox 151 1458 213 1493; x_wconf 90' lang='lat' dir='ltr'>AD</span> <span class='ocrx_word' id='word_1_221' title='bbox 232 1468 443 1493; x_wconf 80' lang='lat' dir='ltr'>SECUNDUM</span> <span class='ocrx_word' id='word_1_222' title='bbox 458 1457 668 1500; x_wconf 90' lang='lat' dir='ltr'>dicendum,</span> <span class='ocrx_word' id='word_1_223' title='bbox 686 1457 785 1504; x_wconf 92' lang='lat' dir='ltr'>quod</span> <span class='ocrx_word' id='word_1_224' title='bbox 797 1457 852 1491; x_wconf 89' lang='lat' dir='ltr'>vis</span> <span class='ocrx_word' id='word_1_225' title='bbox 867 1457 1076 1504; x_wconf 87' lang='lat' dir='ltr'>appetitiva,</span> <span class='ocrx_word' id='word_1_226' title='bbox 1093 1465 1129 1492; x_wconf 94' lang='lat' dir='ltr'>et</span> <span class='ocrx_word' id='word_1_227' title='bbox 1143 1457 1411 1504; x_wconf 79' lang='lat' dir='ltr'>apprehensiva</span> <span class='ocrx_word' id='word_1_228' title='bbox 1425 1465 1511 1492; x_wconf 89' lang='lat' dir='ltr'>sunt</span> <span class='ocrx_word' id='word_1_229' title='bbox 1524 1456 1674 1504; x_wconf 88' lang='lat' dir='ltr'>quidem</span> 
     </span>
     <span class='ocr_line' id='line_1_26' title="bbox 79 1511 1674 1560; baseline -0.003 -12"><span class='ocrx_word' id='word_1_230' title='bbox 79 1512 246 1548; x_wconf 86' lang='lat' dir='ltr'>diversae</span> <span class='ocrx_word' id='word_1_231' title='bbox 263 1520 397 1560; x_wconf 87' lang='lat' dir='ltr'>partes,</span> <span class='ocrx_word' id='word_1_232' title='bbox 418 1512 482 1548; x_wconf 91' lang='lat' dir='ltr'>sed</span> <span class='ocrx_word' id='word_1_233' title='bbox 503 1511 611 1547; x_wconf 91' lang='lat' dir='ltr'>unius</span> <span class='ocrx_word' id='word_1_234' title='bbox 633 1511 791 1554; x_wconf 90' lang='lat' dir='ltr'>animae,</span> <span class='ocrx_word' id='word_1_235' title='bbox 814 1519 850 1546; x_wconf 92' lang='lat' dir='ltr'>et</span> <span class='ocrx_word' id='word_1_236' title='bbox 871 1511 955 1546; x_wconf 89' lang='lat' dir='ltr'>ideo</span> <span class='ocrx_word' id='word_1_237' title='bbox 978 1523 1064 1545; x_wconf 91' lang='lat' dir='ltr'>cum</span> <span class='ocrx_word' id='word_1_238' title='bbox 1082 1511 1242 1546; x_wconf 88' lang='lat' dir='ltr'>intensio</span> <span class='ocrx_word' id='word_1_239' title='bbox 1265 1511 1412 1546; x_wconf 86' lang='lat' dir='ltr'>animae</span> <span class='ocrx_word' id='word_1_240' title='bbox 1430 1511 1674 1546; x_wconf 88' lang='lat' dir='ltr'>vehementer</span> 
     </span>
     <span class='ocr_line' id='line_1_27' title="bbox 79 1565 1429 1615; baseline -0.001 -13"><span class='ocrx_word' id='word_1_241' title='bbox 79 1567 292 1615; x_wconf 73' lang='lat' dir='ltr'>applicatur·</span> <span class='ocrx_word' id='word_1_242' title='bbox 303 1567 348 1602; x_wconf 90' lang='lat' dir='ltr'>ad</span> <span class='ocrx_word' id='word_1_243' title='bbox 371 1574 495 1602; x_wconf 89' lang='lat' dir='ltr'>actum</span> <span class='ocrx_word' id='word_1_244' title='bbox 516 1567 635 1609; x_wconf 88' lang='lat' dir='ltr'>unius;</span> <span class='ocrx_word' id='word_1_245' title='bbox 657 1565 856 1613; x_wconf 90' lang='lat' dir='ltr'>impeditur</span> <span class='ocrx_word' id='word_1_246' title='bbox 879 1566 921 1600; x_wconf 90' lang='lat' dir='ltr'>ab</span> <span class='ocrx_word' id='word_1_247' title='bbox 945 1574 1029 1600; x_wconf 89' lang='lat' dir='ltr'>actu</span> <span class='ocrx_word' id='word_1_248' title='bbox 1052 1566 1240 1600; x_wconf 89' lang='lat' dir='ltr'>contrario</span> <span class='ocrx_word' id='word_1_249' title='bbox 1268 1565 1429 1600; x_wconf 86' lang='lat' dir='ltr'>alterius.</span> 
     </span>
    </p>

    <p class='ocr_par' dir='ltr' id='par_1_7' title="bbox 78 1620 1689 1831">
     <span class='ocr_line' id='line_1_28' title="bbox 149 1620 1675 1668; baseline -0.003 -10"><span class='ocrx_word' id='word_1_250' title='bbox 149 1622 210 1657; x_wconf 89' lang='lat' dir='ltr'>AD</span> <span class='ocrx_word' id='word_1_251' title='bbox 238 1632 412 1658; x_wconf 78' lang='lat' dir='ltr'>TERTmM</span> <span class='ocrx_word' id='word_1_252' title='bbox 435 1621 646 1663; x_wconf 90' lang='lat' dir='ltr'>dicendum,</span> <span class='ocrx_word' id='word_1_253' title='bbox 669 1621 768 1668; x_wconf 90' lang='lat' dir='ltr'>quod</span> <span class='ocrx_word' id='word_1_254' title='bbox 795 1632 881 1655; x_wconf 93' lang='lat' dir='ltr'>usus</span> <span class='ocrx_word' id='word_1_255' title='bbox 908 1620 1060 1655; x_wconf 89' lang='lat' dir='ltr'>rationis</span> <span class='ocrx_word' id='word_1_256' title='bbox 1087 1620 1241 1667; x_wconf 88' lang='lat' dir='ltr'>requirit</span> <span class='ocrx_word' id='word_1_257' title='bbox 1267 1620 1431 1655; x_wconf 87' lang='lat' dir='ltr'>debitum</span> <span class='ocrx_word' id='word_1_258' title='bbox 1454 1632 1563 1655; x_wconf 89' lang='lat' dir='ltr'>usum</span> <span class='ocrx_word' id='word_1_259' title='bbox 1585 1620 1675 1654; x_wconf 90' lang='lat' dir='ltr'>ima-</span> 
     </span>
     <span class='ocr_line' id='line_1_29' title="bbox 80 1673 1673 1724; baseline -0.002 -13"><span class='ocrx_word' id='word_1_260' title='bbox 80 1676 290 1724; x_wconf 86' lang='lat' dir='ltr'>ginationis,</span> <span class='ocrx_word' id='word_1_261' title='bbox 318 1683 354 1711; x_wconf 91' lang='lat' dir='ltr'>et</span> <span class='ocrx_word' id='word_1_262' title='bbox 375 1675 530 1710; x_wconf 91' lang='lat' dir='ltr'>aliarum</span> <span class='ocrx_word' id='word_1_263' title='bbox 556 1675 691 1709; x_wconf 88' lang='lat' dir='ltr'>virium</span> <span class='ocrx_word' id='word_1_264' title='bbox 714 1675 983 1717; x_wconf 82' lang='lat' dir='ltr'>sensitivamm,</span> <span class='ocrx_word' id='word_1_265' title='bbox 1006 1686 1100 1721; x_wconf 92' lang='lat' dir='ltr'>quae</span> <span class='ocrx_word' id='word_1_266' title='bbox 1123 1683 1274 1709; x_wconf 88' lang='lat' dir='ltr'>utuntur</span> <span class='ocrx_word' id='word_1_267' title='bbox 1301 1685 1443 1721; x_wconf 87' lang='lat' dir='ltr'>organo</span> <span class='ocrx_word' id='word_1_268' title='bbox 1471 1673 1673 1721; x_wconf 89' lang='lat' dir='ltr'>corporali:</span> 
     </span>
     <span class='ocr_line' id='line_1_30' title="bbox 80 1728 1689 1776; baseline -0.002 -11"><span class='ocrx_word' id='word_1_269' title='bbox 80 1738 116 1766; x_wconf 91' lang='lat' dir='ltr'>et</span> <span class='ocrx_word' id='word_1_270' title='bbox 136 1730 221 1765; x_wconf 93' lang='lat' dir='ltr'>ideo</span> <span class='ocrx_word' id='word_1_271' title='bbox 243 1741 286 1765; x_wconf 85' lang='lat' dir='ltr'>ex</span> <span class='ocrx_word' id='word_1_272' title='bbox 310 1729 619 1765; x_wconf 89' lang='lat' dir='ltr'>transmutatione</span> <span class='ocrx_word' id='word_1_273' title='bbox 647 1728 831 1776; x_wconf 84' lang='lat' dir='ltr'>corporali</span> <span class='ocrx_word' id='word_1_274' title='bbox 858 1740 944 1764; x_wconf 88' lang='lat' dir='ltr'>usus</span> <span class='ocrx_word' id='word_1_275' title='bbox 971 1728 1123 1763; x_wconf 89' lang='lat' dir='ltr'>rationis</span> <span class='ocrx_word' id='word_1_276' title='bbox 1150 1729 1360 1776; x_wconf 87' lang='lat' dir='ltr'>impeditur,</span> <span class='ocrx_word' id='word_1_277' title='bbox 1387 1729 1566 1776; x_wconf 89' lang='lat' dir='ltr'>impedito</span> <span class='ocrx_word' id='word_1_278' title='bbox 1590 1736 1689 1774; x_wconf 31' lang='lat' dir='ltr'>actu-</span> 
     </span>
     <span class='ocr_line' id='line_1_31' title="bbox 78 1783 1188 1831; baseline -0.001 -12"><span class='ocrx_word' id='word_1_279' title='bbox 78 1785 220 1820; x_wconf 89' lang='lat' dir='ltr'>virtutis</span> <span class='ocrx_word' id='word_1_280' title='bbox 242 1784 506 1831; x_wconf 82' lang='lat' dir='ltr'>imaginitivae,</span> <span class='ocrx_word' id='word_1_281' title='bbox 528 1791 564 1818; x_wconf 87' lang='lat' dir='ltr'>et</span> <span class='ocrx_word' id='word_1_282' title='bbox 585 1783 742 1818; x_wconf 90' lang='lat' dir='ltr'>aliarum</span> <span class='ocrx_word' id='word_1_283' title='bbox 763 1783 897 1818; x_wconf 86' lang='lat' dir='ltr'>virium</span> <span class='ocrx_word' id='word_1_284' title='bbox 920 1783 1188 1818; x_wconf 78' lang='lat' dir='ltr'>sensitivarum.</span> 
     </span>
    </p>
   </div>
   <div class='ocr_carea' id='block_1_4' title="bbox 336 1926 1672 2069">
    <p class='ocr_par' dir='ltr' id='par_1_8' title="bbox 336 1926 1672 2069">
     <span class='ocr_line' id='line_1_32' title="bbox 646 1926 1672 1985; baseline 0.002 -15"><span class='ocrx_word' id='word_1_285' title='bbox 646 1926 998 1972; x_wconf 88' lang='lat' dir='ltr'>ARTICULUS</span> <span class='ocrx_word' id='word_1_286' title='bbox 1038 1927 1116 1970; x_wconf 91' lang='lat' dir='ltr'>IV.</span> <span class='ocrx_word' id='word_1_287' title='bbox 1609 1948 1672 1985; x_wconf 78' lang='lat'>193</span> 
     </span>
     <span class='ocr_line' id='line_1_33' title="bbox 336 2037 1416 2069; baseline -0.003 0"><span class='ocrx_word' id='word_1_288' title='bbox 336 2038 493 2069; x_wconf 82' lang='lat' dir='ltr'>UTRUM</span> <span class='ocrx_word' id='word_1_289' title='bbox 516 2038 805 2069; x_wconf 85' lang='lat' dir='ltr'>DELECTATIO</span> <span class='ocrx_word' id='word_1_290' title='bbox 827 2038 1058 2068; x_wconf 81' lang='lat' dir='ltr'><strong>PERFICIAT</strong></span> <span class='ocrx_word' id='word_1_291' title='bbox 1081 2037 1416 2067; x_wconf 72' lang='lat' dir='ltr'><strong>OPERATIONEM.</strong></span> 
     </span>
    </p>
   </div>
   <div class='ocr_carea' id='block_1_5' title="bbox 19 2103 1675 2228">
    <p class='ocr_par' dir='ltr' id='par_1_9' title="bbox 19 2103 1675 2228">
     <span class='ocr_line' id='line_1_34' title="bbox 19 2103 1675 2176; baseline -0.002 -13"><span class='ocrx_word' id='word_1_292' title='bbox 19 2103 26 2154; x_wconf 43' lang='grc'>1-</span> <span class='ocrx_word' id='word_1_293' title='bbox 82 2128 188 2175; x_wconf 85' lang='lat' dir='ltr'>(Insr.</span> <span class='ocrx_word' id='word_1_294' title='bbox 208 2140 239 2175; x_wconf 87' lang='lat' dir='ltr'>q.</span> <span class='ocrx_word' id='word_1_295' title='bbox 250 2139 304 2176; x_wconf 88' lang='lat'>34.</span> <span class='ocrx_word' id='word_1_296' title='bbox 323 2132 389 2164; x_wconf 83' lang='lat' dir='ltr'>art.</span> <span class='ocrx_word' id='word_1_297' title='bbox 407 2139 441 2173; x_wconf 89' lang='lat'>4.</span> <span class='ocrx_word' id='word_1_298' title='bbox 460 2127 504 2163; x_wconf 89' lang='lat' dir='ltr'>ad</span> <span class='ocrx_word' id='word_1_299' title='bbox 517 2140 547 2175; x_wconf 81' lang='lat'>3.</span> <span class='ocrx_word' id='word_1_300' title='bbox 566 2132 595 2163; x_wconf 84' lang='lat' dir='ltr'>et</span> <span class='ocrx_word' id='word_1_301' title='bbox 612 2139 642 2174; x_wconf 86' lang='lat' dir='ltr'>q.</span> <span class='ocrx_word' id='word_1_302' title='bbox 661 2139 719 2173; x_wconf 84' lang='lat'>40.</span> <span class='ocrx_word' id='word_1_303' title='bbox 738 2132 804 2162; x_wconf 86' lang='lat' dir='ltr'>art.</span> <span class='ocrx_word' id='word_1_304' title='bbox 823 2128 855 2163; x_wconf 80' lang='lat'>8.</span> <span class='ocrx_word' id='word_1_305' title='bbox 875 2133 965 2174; x_wconf 83' lang='lat' dir='ltr'>corp.</span> <span class='ocrx_word' id='word_1_306' title='bbox 984 2132 1012 2162; x_wconf 81' lang='lat' dir='ltr'>et</span> <span class='ocrx_word' id='word_1_307' title='bbox 1030 2139 1063 2171; x_wconf 79' lang='lat'>4.</span> <span class='ocrx_word' id='word_1_308' title='bbox 1083 2127 1172 2161; x_wconf 74' lang='lat' dir='ltr'>Dist.</span> <span class='ocrx_word' id='word_1_309' title='bbox 1192 2137 1242 2172; x_wconf 87' lang='lat'>17.</span> <span class='ocrx_word' id='word_1_310' title='bbox 1262 2138 1292 2172; x_wconf 86' lang='lat' dir='ltr'>q.</span> <span class='ocrx_word' id='word_1_311' title='bbox 1311 2138 1339 2161; x_wconf 78' lang='grc' dir='ltr'>Ι.</span> <span class='ocrx_word' id='word_1_312' title='bbox 1359 2126 1402 2160; x_wconf 83' lang='lat' dir='ltr'>ad</span> <span class='ocrx_word' id='word_1_313' title='bbox 1415 2138 1444 2173; x_wconf 78' lang='lat'>3.</span> <span class='ocrx_word' id='word_1_314' title='bbox 1464 2137 1494 2173; x_wconf 82' lang='lat' dir='ltr'>q.</span> <span class='ocrx_word' id='word_1_315' title='bbox 1514 2137 1546 2161; x_wconf 86' lang='lat'>2.</span> <span class='ocrx_word' id='word_1_316' title='bbox 1565 2131 1630 2161; x_wconf 86' lang='lat' dir='ltr'>art.</span> <span class='ocrx_word' id='word_1_317' title='bbox 1645 2138 1675 2173; x_wconf 80' lang='lat'>3.</span> 
     </span>
     <span class='ocr_line' id='line_1_35' title="bbox 22 2180 1254 2228; baseline -0.004 -9"><span class='ocrx_word' id='word_1_318' title='bbox 22 2186 30 2209; x_wconf 87' lang='lat'>¹¹</span> <span class='ocrx_word' id='word_1_319' title='bbox 499 2187 528 2217; x_wconf 87' lang='lat' dir='ltr'>et</span> <span class='ocrx_word' id='word_1_320' title='bbox 556 2181 645 2217; x_wconf 86' lang='lat' dir='ltr'>Veri.</span> <span class='ocrx_word' id='word_1_321' title='bbox 668 2193 698 2228; x_wconf 85' lang='lat' dir='ltr'>q.</span> <span class='ocrx_word' id='word_1_322' title='bbox 721 2181 779 2217; x_wconf 82' lang='lat'>26.</span> <span class='ocrx_word' id='word_1_323' title='bbox 801 2186 866 2216; x_wconf 87' lang='lat' dir='ltr'>art.</span> <span class='ocrx_word' id='word_1_324' title='bbox 888 2193 940 2217; x_wconf 87' lang='lat'>10.</span> <span class='ocrx_word' id='word_1_325' title='bbox 963 2187 1054 2228; x_wconf 83' lang='lat' dir='ltr'>corp.</span> <span class='ocrx_word' id='word_1_326' title='bbox 1076 2186 1107 2216; x_wconf 87' lang='lat' dir='ltr'>et</span> <span class='ocrx_word' id='word_1_327' title='bbox 1128 2180 1171 2215; x_wconf 81' lang='lat' dir='ltr'>ad</span> <span class='ocrx_word' id='word_1_328' title='bbox 1192 2182 1254 2226; x_wconf 89' lang='lat'><em>2.).</em></span> 
     </span>
    </p>
   </div>
   <div class='ocr_carea' id='block_1_6' title="bbox 16 2268 1680 2860">
    <p class='ocr_par' dir='ltr' id='par_1_10' title="bbox 54 2268 1678 2482">
     <span class='ocr_line' id='line_1_36' title="bbox 155 2268 1678 2318; baseline -0.003 -11"><span class='ocrx_word' id='word_1_329' title='bbox 155 2271 216 2306; x_wconf 86' lang='lat' dir='ltr'>AD</span> <span class='ocrx_word' id='word_1_330' title='bbox 238 2281 430 2312; x_wconf 75' lang='lat' dir='ltr'><strong>QUARTUM</strong></span> <span class='ocrx_word' id='word_1_331' title='bbox 452 2270 503 2306; x_wconf 90' lang='lat' dir='ltr'>sic</span> <span class='ocrx_word' id='word_1_332' title='bbox 525 2270 746 2318; x_wconf 88' lang='lat' dir='ltr'>proceditur.</span> <span class='ocrx_word' id='word_1_333' title='bbox 769 2269 934 2312; x_wconf 87' lang='lat' dir='ltr'>Videtur,</span> <span class='ocrx_word' id='word_1_334' title='bbox 958 2269 1056 2316; x_wconf 90' lang='lat' dir='ltr'>quod</span> <span class='ocrx_word' id='word_1_335' title='bbox 1079 2269 1275 2304; x_wconf 86' lang='lat' dir='ltr'>delectatio</span> <span class='ocrx_word' id='word_1_336' title='bbox 1297 2280 1373 2304; x_wconf 89' lang='lat' dir='ltr'>non</span> <span class='ocrx_word' id='word_1_337' title='bbox 1401 2268 1567 2316; x_wconf 85' lang='lat' dir='ltr'>perficiat</span> <span class='ocrx_word' id='word_1_338' title='bbox 1593 2280 1678 2316; x_wconf 93' lang='lat' dir='ltr'>ope-</span> 
     </span>
     <span class='ocr_line' id='line_1_37' title="bbox 83 2323 1677 2372; baseline -0.003 -11"><span class='ocrx_word' id='word_1_339' title='bbox 83 2325 285 2361; x_wconf 88' lang='lat' dir='ltr'>rationem:</span> <span class='ocrx_word' id='word_1_340' title='bbox 308 2325 430 2360; x_wconf 90' lang='lat' dir='ltr'>omnis</span> <span class='ocrx_word' id='word_1_341' title='bbox 452 2325 551 2360; x_wconf 86' lang='lat' dir='ltr'>enirn</span> <span class='ocrx_word' id='word_1_342' title='bbox 573 2325 737 2359; x_wconf 87' lang='lat' dir='ltr'>humana</span> <span class='ocrx_word' id='word_1_343' title='bbox 764 2324 930 2372; x_wconf 89' lang='lat' dir='ltr'>operatio</span> <span class='ocrx_word' id='word_1_344' title='bbox 959 2324 1001 2358; x_wconf 89' lang='lat' dir='ltr'>ab</span> <span class='ocrx_word' id='word_1_345' title='bbox 1030 2335 1097 2359; x_wconf 93' lang='lat' dir='ltr'>usu</span> <span class='ocrx_word' id='word_1_346' title='bbox 1124 2323 1276 2358; x_wconf 90' lang='lat' dir='ltr'>rationis</span> <span class='ocrx_word' id='word_1_347' title='bbox 1304 2323 1502 2370; x_wconf 88' lang='lat' dir='ltr'>dependet:</span> <span class='ocrx_word' id='word_1_348' title='bbox 1530 2323 1592 2358; x_wconf 92' lang='lat' dir='ltr'>sed</span> <span class='ocrx_word' id='word_1_349' title='bbox 1620 2323 1677 2358; x_wconf 92' lang='lat' dir='ltr'>de-</span> 
     </span>
     <span class='ocr_line' id='line_1_38' title="bbox 84 2377 1678 2427; baseline -0.002 -12"><span class='ocrx_word' id='word_1_350' title='bbox 84 2379 235 2415; x_wconf 87' lang='lat' dir='ltr'>lectatio</span> <span class='ocrx_word' id='word_1_351' title='bbox 261 2379 416 2427; x_wconf 91' lang='lat' dir='ltr'>impedit</span> <span class='ocrx_word' id='word_1_352' title='bbox 440 2391 549 2414; x_wconf 91' lang='lat' dir='ltr'>usum</span> <span class='ocrx_word' id='word_1_353' title='bbox 577 2379 740 2421; x_wconf 89' lang='lat' dir='ltr'>rationis,</span> <span class='ocrx_word' id='word_1_354' title='bbox 769 2387 808 2414; x_wconf 91' lang='lat' dir='ltr'>ut</span> <span class='ocrx_word' id='word_1_355' title='bbox 834 2378 974 2414; x_wconf 91' lang='lat' dir='ltr'>dictum</span> <span class='ocrx_word' id='word_1_356' title='bbox 997 2387 1051 2414; x_wconf 89' lang='lat' dir='ltr'>est</span> <span class='ocrx_word' id='word_1_357' title='bbox 1073 2378 1156 2423; x_wconf 86' lang='lat' dir='ltr'>(art.</span> <span class='ocrx_word' id='word_1_358' title='bbox 1178 2378 1315 2426; x_wconf 82' lang='lat' dir='ltr'>praec.)</span> <span class='ocrx_word' id='word_1_359' title='bbox 1323 2390 1336 2419; x_wconf 89' lang='lat'>‚·</span> <span class='ocrx_word' id='word_1_360' title='bbox 1365 2388 1454 2424; x_wconf 86' lang='lat' dir='ltr'>ergo</span> <span class='ocrx_word' id='word_1_361' title='bbox 1482 2377 1678 2413; x_wconf 88' lang='lat' dir='ltr'>delectatio</span> 
     </span>
     <span class='ocr_line' id='line_1_39' title="bbox 54 2433 1117 2482; baseline -0.002 -13"><span class='ocrx_word' id='word_1_362' title='bbox 54 2453 56 2455; x_wconf 96' lang='lat'>·</span> <span class='ocrx_word' id='word_1_363' title='bbox 81 2445 158 2469; x_wconf 89' lang='lat' dir='ltr'>non</span> <span class='ocrx_word' id='word_1_364' title='bbox 179 2433 331 2482; x_wconf 87' lang='lat' dir='ltr'>perficit,</span> <span class='ocrx_word' id='word_1_365' title='bbox 353 2433 416 2469; x_wconf 91' lang='lat' dir='ltr'>sed</span> <span class='ocrx_word' id='word_1_366' title='bbox 438 2433 603 2468; x_wconf 90' lang='lat' dir='ltr'>debilitat</span> <span class='ocrx_word' id='word_1_367' title='bbox 621 2433 878 2480; x_wconf 87' lang='lat' dir='ltr'>operationem</span> <span class='ocrx_word' id='word_1_368' title='bbox 899 2433 1117 2467; x_wconf 86' lang='lat' dir='ltr'>humanam.</span> 
     </span>
    </p>

    <p class='ocr_par' dir='ltr' id='par_1_11' title="bbox 16 2485 1679 2644">
     <span class='ocr_line' id='line_1_40' title="bbox 157 2485 1679 2535; baseline -0.001 -12"><span class='ocrx_word' id='word_1_369' title='bbox 157 2498 189 2523; x_wconf 91' lang='lat'>2.</span> <span class='ocrx_word' id='word_1_370' title='bbox 211 2487 452 2524; x_wconf 77' lang='lat' dir='ltr'>PRAETEREA.</span> <span class='ocrx_word' id='word_1_371' title='bbox 475 2487 579 2522; x_wconf 89' lang='lat' dir='ltr'>Nihil</span> <span class='ocrx_word' id='word_1_372' title='bbox 600 2495 655 2522; x_wconf 88' lang='lat' dir='ltr'>est</span> <span class='ocrx_word' id='word_1_373' title='bbox 675 2487 915 2535; x_wconf 90' lang='lat' dir='ltr'>perfectivum</span> <span class='ocrx_word' id='word_1_374' title='bbox 938 2487 994 2522; x_wconf 87' lang='lat' dir='ltr'>sui</span> <span class='ocrx_word' id='word_1_375' title='bbox 1015 2487 1140 2534; x_wconf 89' lang='lat' dir='ltr'>ipsius,</span> <span class='ocrx_word' id='word_1_376' title='bbox 1163 2486 1222 2521; x_wconf 81' lang='lat' dir='ltr'>vel</span> <span class='ocrx_word' id='word_1_377' title='bbox 1244 2497 1331 2521; x_wconf 91' lang='lat' dir='ltr'>suae</span> <span class='ocrx_word' id='word_1_378' title='bbox 1354 2497 1504 2521; x_wconf 86' lang='lat' dir='ltr'>causae:</span> <span class='ocrx_word' id='word_1_379' title='bbox 1531 2485 1594 2520; x_wconf 90' lang='lat' dir='ltr'>sed</span> <span class='ocrx_word' id='word_1_380' title='bbox 1621 2486 1679 2521; x_wconf 88' lang='lat' dir='ltr'>de-</span> 
     </span>
     <span class='ocr_line' id='line_1_41' title="bbox 83 2539 1676 2590; baseline -0.002 -13"><span class='ocrx_word' id='word_1_381' title='bbox 83 2541 232 2578; x_wconf 87' lang='lat' dir='ltr'>lectatio</span> <span class='ocrx_word' id='word_1_382' title='bbox 254 2550 310 2578; x_wconf 86' lang='lat' dir='ltr'>est</span> <span class='ocrx_word' id='word_1_383' title='bbox 330 2542 507 2590; x_wconf 88' lang='lat' dir='ltr'>operatio,</span> <span class='ocrx_word' id='word_1_384' title='bbox 528 2550 569 2576; x_wconf 90' lang='lat' dir='ltr'>ut</span> <span class='ocrx_word' id='word_1_385' title='bbox 589 2541 722 2576; x_wconf 89' lang='lat' dir='ltr'>dicitur</span> <span class='ocrx_word' id='word_1_386' title='bbox 747 2542 785 2576; x_wconf 92' lang='lat' dir='ltr'>in</span> <span class='ocrx_word' id='word_1_387' title='bbox 812 2553 844 2588; x_wconf 91' lang='lat'>7.</span> <span class='ocrx_word' id='word_1_388' title='bbox 868 2541 951 2576; x_wconf 84' lang='lat' dir='ltr'>Eth.</span> <span class='ocrx_word' id='word_1_389' title='bbox 975 2541 1064 2588; x_wconf 81' lang='lat' dir='ltr'>(cap.</span> <span class='ocrx_word' id='word_1_390' title='bbox 1087 2553 1137 2576; x_wconf 88' lang='lat'>12.</span> <span class='ocrx_word' id='word_1_391' title='bbox 1160 2546 1190 2576; x_wconf 88' lang='lat' dir='ltr'>et</span> <span class='ocrx_word' id='word_1_392' title='bbox 1211 2540 1274 2587; x_wconf 83' lang='lat'><em>13.)</em></span> <span class='ocrx_word' id='word_1_393' title='bbox 1303 2548 1339 2575; x_wconf 88' lang='lat' dir='ltr'>et</span> <span class='ocrx_word' id='word_1_394' title='bbox 1360 2540 1397 2574; x_wconf 92' lang='lat' dir='ltr'>in</span> <span class='ocrx_word' id='word_1_395' title='bbox 1424 2550 1476 2575; x_wconf 89' lang='lat'>10.</span> <span class='ocrx_word' id='word_1_396' title='bbox 1501 2539 1591 2587; x_wconf 82' lang='lat' dir='ltr'>(cap.</span> <span class='ocrx_word' id='word_1_397' title='bbox 1613 2541 1676 2585; x_wconf 81' lang='grc'><strong><em>4.),</em></strong></span> 
     </span>
     <span class='ocr_line' id='line_1_42' title="bbox 16 2593 1678 2644; baseline -0.002 -13"><span class='ocrx_word' id='word_1_398' title='bbox 16 2630 18 2637; x_wconf 87' lang='grc'><strong>,</strong></span> <span class='ocrx_word' id='word_1_399' title='bbox 84 2596 183 2644; x_wconf 91' lang='lat' dir='ltr'>quod</span> <span class='ocrx_word' id='word_1_400' title='bbox 204 2604 351 2644; x_wconf 88' lang='lat' dir='ltr'>oportet</span> <span class='ocrx_word' id='word_1_401' title='bbox 371 2604 412 2631; x_wconf 88' lang='lat' dir='ltr'>ut</span> <span class='ocrx_word' id='word_1_402' title='bbox 431 2594 658 2642; x_wconf 87' lang='lat' dir='ltr'>intelligatur</span> <span class='ocrx_word' id='word_1_403' title='bbox 683 2595 737 2630; x_wconf 78' lang='lat' dir='ltr'>vel</span> <span class='ocrx_word' id='word_1_404' title='bbox 763 2595 1017 2638; x_wconf 89' lang='lat' dir='ltr'>essentialiter,</span> <span class='ocrx_word' id='word_1_405' title='bbox 1039 2595 1093 2630; x_wconf 81' lang='lat' dir='ltr'>vel</span> <span class='ocrx_word' id='word_1_406' title='bbox 1119 2594 1338 2637; x_wconf 75' lang='lat' dir='ltr'>causaliter3</span> <span class='ocrx_word' id='word_1_407' title='bbox 1365 2605 1454 2641; x_wconf 87' lang='lat' dir='ltr'>ergo</span> <span class='ocrx_word' id='word_1_408' title='bbox 1482 2593 1678 2629; x_wconf 86' lang='lat' dir='ltr'>delectatio</span> 
     </span>
    </p>

    <p class='ocr_par' dir='ltr' id='par_1_12' title="bbox 84 2649 611 2698">
     <span class='ocr_line' id='line_1_43' title="bbox 84 2649 611 2698; baseline -0.002 -13"><span class='ocrx_word' id='word_1_409' title='bbox 84 2661 161 2686; x_wconf 91' lang='lat' dir='ltr'>non</span> <span class='ocrx_word' id='word_1_410' title='bbox 181 2649 324 2698; x_wconf 81' lang='lat' dir='ltr'>perficit</span> <span class='ocrx_word' id='word_1_411' title='bbox 345 2650 611 2697; x_wconf 88' lang='lat' dir='ltr'>operationem.</span> 
     </span>
    </p>

    <p class='ocr_par' dir='ltr' id='par_1_13' title="bbox 39 2702 1680 2860">
     <span class='ocr_line' id='line_1_44' title="bbox 39 2702 1680 2752; baseline -0.002 -12"><span class='ocrx_word' id='word_1_412' title='bbox 39 2703 41 2707; x_wconf 71' lang='grc'>’</span> <span class='ocrx_word' id='word_1_413' title='bbox 161 2716 190 2752; x_wconf 84' lang='lat'>3.</span> <span class='ocrx_word' id='word_1_414' title='bbox 212 2704 453 2740; x_wconf 73' lang='lat' dir='ltr'>PRAETEREA.</span> <span class='ocrx_word' id='word_1_415' title='bbox 477 2704 517 2739; x_wconf 90' lang='lat' dir='ltr'>Si</span> <span class='ocrx_word' id='word_1_416' title='bbox 539 2703 734 2739; x_wconf 87' lang='lat' dir='ltr'>delectatio</span> <span class='ocrx_word' id='word_1_417' title='bbox 757 2703 899 2751; x_wconf 89' lang='lat' dir='ltr'>perficit</span> <span class='ocrx_word' id='word_1_418' title='bbox 920 2704 1188 2750; x_wconf 88' lang='lat' dir='ltr'>operationem,</span> <span class='ocrx_word' id='word_1_419' title='bbox 1208 2712 1269 2738; x_wconf 92' lang='lat' dir='ltr'>aut</span> <span class='ocrx_word' id='word_1_420' title='bbox 1291 2702 1433 2750; x_wconf 83' lang='lat' dir='ltr'>perficit</span> <span class='ocrx_word' id='word_1_421' title='bbox 1450 2703 1567 2750; x_wconf 87' lang='lat' dir='ltr'>ipsam</span> <span class='ocrx_word' id='word_1_422' title='bbox 1586 2702 1680 2737; x_wconf 88' lang='lat' dir='ltr'>sicut</span> 
     </span>
     <span class='ocr_line' id='line_1_45' title="bbox 86 2757 1679 2804; baseline -0.001 -10"><span class='ocrx_word' id='word_1_423' title='bbox 86 2758 179 2802; x_wconf 89' lang='lat' dir='ltr'>finis,</span> <span class='ocrx_word' id='word_1_424' title='bbox 202 2767 264 2794; x_wconf 92' lang='lat' dir='ltr'>aut</span> <span class='ocrx_word' id='word_1_425' title='bbox 283 2759 378 2794; x_wconf 89' lang='lat' dir='ltr'>sicut</span> <span class='ocrx_word' id='word_1_426' title='bbox 397 2757 530 2802; x_wconf 88' lang='lat' dir='ltr'>forma,</span> <span class='ocrx_word' id='word_1_427' title='bbox 552 2765 614 2792; x_wconf 92' lang='lat' dir='ltr'>aut</span> <span class='ocrx_word' id='word_1_428' title='bbox 634 2758 728 2793; x_wconf 89' lang='lat' dir='ltr'>sicut</span> <span class='ocrx_word' id='word_1_429' title='bbox 750 2769 879 2804; x_wconf 86' lang='lat' dir='ltr'>agens:</span> <span class='ocrx_word' id='word_1_430' title='bbox 903 2758 967 2792; x_wconf 91' lang='lat' dir='ltr'>sed</span> <span class='ocrx_word' id='word_1_431' title='bbox 989 2768 1064 2792; x_wconf 93' lang='lat' dir='ltr'>non</span> <span class='ocrx_word' id='word_1_432' title='bbox 1087 2758 1181 2792; x_wconf 90' lang='lat' dir='ltr'>sicut</span> <span class='ocrx_word' id='word_1_433' title='bbox 1207 2757 1307 2799; x_wconf 88' lang='lat' dir='ltr'>finis;</span> <span class='ocrx_word' id='word_1_434' title='bbox 1334 2758 1418 2803; x_wconf 85' lang='lat' dir='ltr'>quia</span> <span class='ocrx_word' id='word_1_435' title='bbox 1446 2757 1679 2802; x_wconf 85' lang='lat' dir='ltr'>operationes</span> 
     </span>
     <span class='ocr_line' id='line_1_46' title="bbox 47 2810 1678 2860; baseline -0.002 -12"><span class='ocrx_word' id='word_1_436' title='bbox 47 2815 50 2829; x_wconf 89' lang='lat'><strong>¹</strong></span> <span class='ocrx_word' id='word_1_437' title='bbox 86 2823 162 2848; x_wconf 89' lang='lat' dir='ltr'>non</span> <span class='ocrx_word' id='word_1_438' title='bbox 180 2820 404 2860; x_wconf 88' lang='lat' dir='ltr'>quaeruntur</span> <span class='ocrx_word' id='word_1_439' title='bbox 417 2819 566 2860; x_wconf 90' lang='lat' dir='ltr'>propter</span> <span class='ocrx_word' id='word_1_440' title='bbox 583 2810 880 2854; x_wconf 89' lang='lat' dir='ltr'>delectationem,</span> <span class='ocrx_word' id='word_1_441' title='bbox 897 2811 961 2846; x_wconf 89' lang='lat' dir='ltr'>sed</span> <span class='ocrx_word' id='word_1_442' title='bbox 977 2811 1095 2858; x_wconf 86' lang='lat' dir='ltr'>magis</span> <span class='ocrx_word' id='word_1_443' title='bbox 1115 2822 1133 2846; x_wconf 89' lang='lat' dir='ltr'>e</span> <span class='ocrx_word' id='word_1_444' title='bbox 1150 2821 1342 2852; x_wconf 81' lang='lat' dir='ltr'>conversO,</span> <span class='ocrx_word' id='word_1_445' title='bbox 1358 2819 1397 2845; x_wconf 87' lang='lat' dir='ltr'>ut</span> <span class='ocrx_word' id='word_1_446' title='bbox 1415 2821 1521 2857; x_wconf 76' lang='lat' dir='ltr'>supra</span> <span class='ocrx_word' id='word_1_447' title='bbox 1539 2810 1678 2845; x_wconf 89' lang='lat' dir='ltr'>dictum</span> 
     </span>
    </p>
   </div>
   <div class='ocr_carea' id='block_1_7' title="bbox 22 2864 1681 2914">
    <p class='ocr_par' dir='ltr' id='par_1_14' title="bbox 22 2864 1681 2914">
     <span class='ocr_line' id='line_1_47' title="bbox 22 2864 1681 2914; baseline -0.002 -11"><span class='ocrx_word' id='word_1_448' title='bbox 22 2895 29 2907; x_wconf 72' lang='grc'>,.</span> <span class='ocrx_word' id='word_1_449' title='bbox 87 2874 142 2902; x_wconf 89' lang='lat' dir='ltr'>est</span> <span class='ocrx_word' id='word_1_450' title='bbox 163 2866 246 2912; x_wconf 86' lang='lat' dir='ltr'>(art.</span> <span class='ocrx_word' id='word_1_451' title='bbox 263 2867 411 2914; x_wconf 82' lang='lat' dir='ltr'>praec.):</span> <span class='ocrx_word' id='word_1_452' title='bbox 432 2877 501 2901; x_wconf 89' lang='lat' dir='ltr'>nec</span> <span class='ocrx_word' id='word_1_453' title='bbox 524 2865 656 2900; x_wconf 90' lang='lat' dir='ltr'>iterum</span> <span class='ocrx_word' id='word_1_454' title='bbox 679 2876 742 2912; x_wconf 89' lang='lat' dir='ltr'>per</span> <span class='ocrx_word' id='word_1_455' title='bbox 763 2866 919 2900; x_wconf 89' lang='lat' dir='ltr'>modum</span> <span class='ocrx_word' id='word_1_456' title='bbox 942 2864 1145 2907; x_wconf 83' lang='lat' dir='ltr'>efficientis,</span> <span class='ocrx_word' id='word_1_457' title='bbox 1173 2865 1258 2912; x_wconf 83' lang='lat' dir='ltr'>quia</span> <span class='ocrx_word' id='word_1_458' title='bbox 1286 2864 1404 2911; x_wconf 84' lang='lat' dir='ltr'>magis</span> <span class='ocrx_word' id='word_1_459' title='bbox 1433 2865 1598 2911; x_wconf 91' lang='lat' dir='ltr'>operatio</span> <span class='ocrx_word' id='word_1_460' title='bbox 1626 2873 1681 2900; x_wconf 90' lang='lat' dir='ltr'>est</span> 
     </span>
    </p>
   </div>
   <div class='ocr_carea' id='block_1_8' title="bbox 42 2911 1681 2977">
    <p class='ocr_par' dir='ltr' id='par_1_15' title="bbox 42 2911 1681 2977">
     <span class='ocr_line' id='line_1_48' title="bbox 42 2911 1681 2977; baseline -0.001 -21"><span class='ocrx_word' id='word_1_461' title='bbox 42 2911 50 2977; x_wconf 43' lang='grc' dir='ltr'>ἶ</span> <span class='ocrx_word' id='word_1_462' title='bbox 88 2931 199 2956; x_wconf 87' lang='lat' dir='ltr'>causa</span> <span class='ocrx_word' id='word_1_463' title='bbox 219 2919 381 2956; x_wconf 89' lang='lat' dir='ltr'>efficiens</span> <span class='ocrx_word' id='word_1_464' title='bbox 402 2919 676 2956; x_wconf 85' lang='lat' dir='ltr'>delectationis:</span> <span class='ocrx_word' id='word_1_465' title='bbox 699 2930 766 2954; x_wconf 89' lang='lat' dir='ltr'>nec</span> <span class='ocrx_word' id='word_1_466' title='bbox 788 2919 922 2954; x_wconf 89' lang='lat' dir='ltr'>iterum</span> <span class='ocrx_word' id='word_1_467' title='bbox 946 2919 1039 2954; x_wconf 91' lang='lat' dir='ltr'>sicut</span> <span class='ocrx_word' id='word_1_468' title='bbox 1065 2918 1206 2962; x_wconf 82' lang='lat' dir='ltr'>forma3</span> <span class='ocrx_word' id='word_1_469' title='bbox 1227 2929 1304 2953; x_wconf 93' lang='lat' dir='ltr'>non</span> <span class='ocrx_word' id='word_1_470' title='bbox 1327 2919 1426 2953; x_wconf 87' lang='lat' dir='ltr'>enim</span> <span class='ocrx_word' id='word_1_471' title='bbox 1454 2918 1596 2966; x_wconf 86' lang='lat' dir='ltr'>perficit</span> <span class='ocrx_word' id='word_1_472' title='bbox 1622 2919 1681 2954; x_wconf 92' lang='lat' dir='ltr'>de—</span> 
     </span>
    </p>
   </div>
  </div>
 </body>
</html>
