1875 3198
218 167 302 221 650
671 177 893 213 QUAESTIO
927 177 1013 207 XCI.
1048 177 1292 207 ARTICULUS
1324 177 1351 207 Ι.

215 268 337 294 ternus
359 259 500 293 divinae
516 258 606 305 legis
623 267 820 305 conceptus
838 259 946 293 habet
961 259 1140 293 rationem
1161 258 1251 305 legis
1267 266 1445 300 aeternae,
1468 257 1669 292 secundum
1683 257 1779 304 quod

217 325 236 347 a
257 314 338 347 Deo
361 313 550 347 ordinatur
572 313 615 346 ad
638 313 940 358 gubernationem
961 323 1081 346 rerum
1104 312 1146 345 ab
1169 312 1247 358 ipso
1266 311 1594 358 praecognitarum.
1745 343 1749 348 .

289 367 349 400 AD
371 377 578 401 SECUNDUM
606 366 811 407 dicendum,
835 365 931 411 quod
958 365 1205 411 promulgatio
1232 365 1271 399 fit
1297 373 1331 399 et
1355 365 1479 408 verbo,
1506 372 1540 399 et
1565 364 1717 411 scripto:
1746 372 1781 399 et

216 427 369 466 utroque
392 420 503 453 modo
526 419 582 453 lex
605 427 750 453 aeterna
768 419 877 452 habet
895 418 1228 464 promulgationem
1248 430 1289 453 ex
1303 427 1402 465 parte
1416 418 1488 453 Dei
1505 417 1778 465 promulgantis:

217 473 299 520 quia
322 482 356 508 et
378 474 527 507 verbum
550 473 711 506 divinum
732 480 785 506 est
807 480 1013 506 aeternum:
1042 480 1077 506 et
1103 472 1287 518 Scriptura
1314 471 1394 505 libri
1420 471 1515 506 vitae
1542 479 1596 506 est
1617 479 1779 506 aeterna:

216 527 278 561 sed
301 539 342 561 ex
364 535 463 573 parte
486 534 669 560 creaturae
686 525 873 568 audientis,
893 534 953 560 aut
966 526 1188 571 inspicientis
1209 537 1285 560 non
1298 533 1417 572 potest
1437 536 1514 560 esse
1535 524 1780 572 promulgatio

217 588 373 614 aeterna.

288 634 346 667 AD
371 643 542 668 TERTmM
564 632 769 675 dicendum,
793 632 889 678 quod
911 631 968 666 lex
989 632 1162 679 importat
1183 632 1350 667 ordinem
1375 633 1420 667 ad
1441 632 1552 667 finem
1579 632 1709 674 active;
1733 631 1783 666 in-

216 695 392 733 quantum
411 686 550 721 scilicet
576 697 638 732 per
669 697 750 720 earn
782 686 992 720 ordinantur
1023 686 1142 732 aliqua
1169 686 1205 720 in
1224 686 1354 729 finem;
1379 697 1456 720 non
1482 694 1602 720 autem
1629 685 1781 732 passive,

215 740 308 775 idest
330 740 426 786 quod
449 741 524 786 ipsa
546 739 602 773 lex
625 740 810 774 ordinetur
829 740 872 773 ad
886 739 1009 782 finem,
1030 740 1099 774 nisi
1112 751 1175 785 per
1194 740 1361 774 accidens
1379 740 1416 774 in
1434 740 1666 786 gubernante,
1682 740 1783 785 cujus

216 793 296 828 finis
319 802 372 828 est
394 802 491 828 extra
512 793 649 840 ipsum3
673 793 716 827 ad
738 805 847 839 quem
870 793 981 827 etiarn
1006 805 1155 828 necesse
1179 805 1197 828 e
1217 801 1232 827 t
1256 801 1295 828 ut
1311 793 1371 827 lex
1391 794 1466 839 ejus
1489 793 1692 828 ordinetur:
1719 793 1782 827 sed

216 847 296 881 finis
318 847 460 882 divinae
479 847 748 893 gubernationis
772 855 825 882 est
842 847 918 893 ipse
937 847 1054 889 Deus;
1077 858 1143 881 nec
1159 847 1235 893 ejus
1256 846 1314 881 lex
1332 855 1385 882 est
1403 846 1498 882 aliud
1515 847 1557 881 ab
1573 847 1669 893 ipso;
1687 846 1782 880 unde

216 900 273 936 lex
296 909 440 936 aeterna
454 912 528 935 non
548 900 734 934 ordinatur
754 900 790 934 in
814 900 925 935 alium
946 900 1068 935 finem.

775 1079 1121 1125 ARTICULUS
1150 1080 1207 1122 ΙΙ.
1715 1089 1780 1135 485

470 1189 624 1220 UTR'JM
651 1189 717 1219 SIT
744 1189 789 1219 IN
815 1189 944 1219 NOBIS
972 1189 1139 1224 ALIQUA
1164 1188 1249 1218 LEX
1273 1187 1534 1217 NATURALIS.

541 1283 641 1330 (Infr.
664 1296 694 1330 q.
717 1284 774 1330 96.
798 1289 861 1318 art.
884 1295 914 1318 2.
938 1283 980 1317 ad
997 1295 1026 1329 3.
1045 1289 1075 1318 et
1095 1294 1124 1329 q.
1148 1294 1202 1329 97.
1224 1287 1288 1316 art.
1310 1293 1338 1317 1.
1361 1281 1404 1316 ad
1423 1294 1451 1317 1.

479 1344 507 1373 et
532 1349 565 1382 4.
592 1339 681 1372 Dist.
704 1349 748 1384 33.
777 1349 806 1383 q.
833 1349 864 1372 2.
892 1342 957 1372 art.
996 1349 1024 1371 Ι.
1058 1343 1147 1383 corp.
1181 1341 1210 1371 et
1243 1337 1338 1372 Rom.
1372 1336 1405 1371 8.
1430 1335 1524 1382 fin).

291 1435 350 1469 ΑΙ)
378 1444 584 1469 SECUNDUM
607 1433 657 1467 sic
680 1432 897 1479 proceditur.
919 1432 1083 1474 Videtur,
1110 1431 1207 1478 quod
1229 1443 1303 1466 non
1325 1433 1369 1466 sit
1394 1432 1431 1465 in
1457 1431 1562 1466 nobis
1585 1430 1704 1477 aliqua
1730 1430 1786 1466 lex

218 1488 408 1523 naturalis:
431 1487 652 1521 sufficienter
671 1487 767 1520 enim
785 1486 901 1520 homo
919 1487 1138 1532 gubernatur
1151 1497 1214 1532 per
1228 1485 1349 1532 legem
1365 1494 1566 1520 aeternam:
1589 1485 1674 1519 dicit
1689 1485 1787 1519 enim
1836 1527 1838 1529 Ι

220 1544 373 1588 August.
398 1543 432 1575 in
458 1552 486 1574 1.
509 1540 552 1574 de
572 1541 649 1574 Lib.
666 1540 752 1574 Arb.
770 1539 856 1587 (cap.
877 1540 909 1575 6.
929 1541 1019 1575 circa
1028 1539 1124 1586 βω),
1140 1540 1237 1586 quod
1251 1539 1309 1573 lex
1331 1547 1475 1574 aeterna
1494 1547 1558 1581 est,
1573 1539 1787 1585 quajustum
1836 1562 1848 1568 -

220 1604 273 1630 est
294 1603 332 1629 ut
354 1594 477 1628 omnia
496 1594 567 1628 sint
589 1594 877 1628 ordinatissima:
903 1593 965 1628 sed
987 1602 1114 1628 natura
1136 1604 1210 1627 non
1233 1593 1391 1628 abundat
1411 1593 1446 1627 in
1468 1592 1669 1640 superfluis,
1696 1592 1788 1627 sicut

218 1660 285 1683 nec
309 1648 430 1683 deficit
450 1648 485 1681 in
507 1648 739 1689 necessariis,
763 1658 850 1693 ergo
872 1659 946 1681 non
967 1656 1019 1682 est
1039 1647 1182 1681 homini
1204 1647 1324 1693 aliqua
1342 1646 1399 1681 lex
1419 1646 1604 1681 naturalis.

291 1713 322 1736 2.
345 1702 583 1737 PRAETEREA.
611 1701 679 1735 Per
705 1701 826 1747 legem
853 1701 1039 1735 ordinatur
1065 1701 1180 1735 horno
1207 1700 1244 1734 in
1265 1701 1338 1735 suis
1366 1700 1503 1735 actibus
1531 1701 1576 1734 ad
1601 1699 1724 1743 finem,
1750 1707 1789 1734 ut
1838 1732 1841 1742 ,

219 1768 326 1803 supra
351 1756 517 1790 habiturn
543 1763 597 1789 est
622 1755 669 1801 (q.
685 1761 800 1802 praec.
824 1760 887 1790 art.
915 1755 986 1800 2.):
1013 1755 1076 1790 sed
1104 1755 1284 1789 ordinatio
1309 1754 1557 1789 humanorum
1576 1761 1723 1788 actuum
1744 1753 1788 1788 ad
1835 1754 1844 1789 ¹.

220 1810 331 1845 finem
353 1821 427 1844 non
449 1817 503 1843 est
523 1821 586 1854 per
606 1817 786 1851 naturam,
809 1809 902 1843 sicut
920 1809 1051 1843 accidit
1071 1809 1109 1842 in
1131 1808 1303 1843 creaturis
1324 1808 1572 1850 rationalibus,
1593 1819 1686 1855 quae
1707 1807 1788 1842 solo

221 1864 381 1910 appetitu
402 1862 558 1897 naturali
579 1871 692 1909 agunt
713 1871 860 1909 propter
881 1862 1012 1905 finem3
1034 1862 1096 1897 sed
1119 1862 1193 1908 agit
1213 1863 1328 1897 homo
1350 1870 1497 1909 propter
1518 1861 1628 1897 finem
1654 1873 1717 1909 per
1737 1873 1789 1897 ra·
1831 1853 1841 1883 ’-

218 1918 369 1960 tionem‚
392 1925 426 1952 et
443 1917 688 1960 voluntatem3
712 1928 798 1963 ergo
820 1928 896 1951 non
919 1925 972 1951 est
994 1916 1114 1963 aliqua
1135 1916 1192 1951 lex
1214 1916 1358 1951 homini
1379 1915 1563 1952 naturalis.

296 1983 325 2018 3.
347 1971 585 2006 PRAETEREA.
611 1970 761 2011 Quanto
784 1970 912 2017 aliquis
935 1979 988 2005 est
1008 1970 1166 2013 liberior,
1187 1978 1288 2005 tanto
1310 1971 1430 2005 minus
1449 1978 1502 2005 est
1519 1970 1583 2004 sub
1604 1969 1702 2016 lege:
1725 1969 1786 2004 sed

220 2025 336 2059 homo
359 2033 413 2060 est
433 2024 581 2058 liberior
603 2024 772 2058 omnibus
791 2024 868 2058 aliis
892 2024 1108 2059 animalibus
1126 2032 1273 2071 propter
1293 2023 1448 2058 liberum
1470 2023 1668 2066 arbitrium,
1691 2023 1788 2070 quod
1801 2053 1810 2064 ,

220 2090 305 2125 prae
325 2078 402 2112 aliis
425 2077 642 2112 animalibus
663 2078 788 2113 habet:
813 2089 896 2112 cum
917 2078 1026 2124 igitur
1047 2077 1092 2112 ali
1085 2089 1117 2112 a
1140 2077 1311 2112 animalia
1328 2089 1402 2112 non
1424 2077 1621 2112 subdantur
1641 2076 1714 2124 legi
1730 2088 1789 2111 na·
1833 2092 1839 2100 ·

219 2132 338 2174 turali,
359 2143 426 2166 nec
449 2132 564 2166 horno
588 2131 695 2165 alicui
713 2131 785 2177 legi
806 2131 961 2166 naturali
982 2132 1164 2167 subdetur.
1813 2133 1836 2183 ἶ

293 2186 367 2221 SED
390 2196 545 2221 CONTRA
569 2193 632 2228 est,
655 2160 771 2231 quode
775 2185 882 2220 Rom.
911 2196 941 2220 2.
969 2197 1075 2232 super
1101 2185 1208 2220 illud:
1240 2185 1327 2221 Cum
1349 2190 1468 2232 gentes,
1495 2197 1577 2232 quas
1599 2185 1697 2232 larem
1722 2196 1788 2220 non
1819 2186 1835 2231 ξ

220 2241 349 2282 habent,
373 2246 474 2274 nztm
476 2240 552 2274 diet
557 2252 573 2274 ι’
591 2251 627 2274 ea
649 2251 729 2285 qua
756 2241 805 2274 [ω
786 2241 832 2285 gis
851 2245 937 2282 sunt,
950 2240 1099 2286 faciunt,
1122 2239 1208 2274 dicit
1228 2239 1348 2274 Gloss.
1371 2239 1514 2286 (ordin.)
1538 2239 1648 2286 quod,
1666 2239 1696 2274 si
1713 2249 1787 2273 non
1814 2241 1828 2277 ‚⁴

220 2294 356 2328 habent
376 2293 497 2339 legem
519 2295 700 2339 scriptam,
723 2271 858 2328 habent
883 2301 1005 2328 tamen
1032 2293 1154 2340 legem
1181 2292 1394 2336 naturalem,
1422 2305 1491 2340 qua
1517 2292 1667 2340 quilibet
1687 2292 1790 2328 intel·

221 2348 311 2394 ligit,
334 2356 369 2382 et
390 2347 455 2381 sibi
475 2347 642 2381 conscius
667 2355 729 2389 est,
752 2347 837 2393 quid
859 2349 903 2381 sit
924 2348 1073 2389 bonum,
1096 2356 1132 2382 et
1153 2347 1237 2393 quid
1259 2346 1409 2381 malum.
1806 2342 1833 2389 ,⁴

294 2401 525 2436 RESPONDEO
548 2401 754 2442 dicendum,
777 2401 885 2446 quod,
901 2401 993 2436 sicut
1013 2412 1121 2447 supra
1143 2401 1278 2435 dictum
1293 2409 1347 2435 est
1361 2400 1406 2447 (q.
1423 2406 1538 2448 praec.
1557 2405 1620 2435 art.
1642 2413 1669 2436 ι.
1687 2399 1731 2435 αᾱ
1742 2401 1786 2446 ι.)
1823 2415 1825 2419 ’

221 2454 291 2497 lex,
319 2466 403 2489 cum
430 2455 474 2489 sit
499 2453 636 2500 regula,
665 2462 699 2488 et
725 2466 906 2497 mensura,
932 2455 1104 2501 dupliciter
1130 2463 1249 2501 potest
1270 2466 1347 2489 esse
1373 2455 1409 2497 in
1438 2454 1574 2501 aliquo:
1603 2466 1667 2490 uno
1693 2453 1798 2489 modo-

222 2509 314 2543 sicut
335 2509 370 2542 in
393 2508 592 2554 regulante,
616 2516 650 2542 et
672 2517 921 2543 mensurante:
937 2509 1003 2543 alio
1025 2509 1120 2543 modo
1141 2510 1232 2543 sicut
1253 2509 1289 2542 in
1311 2507 1490 2555 regulam,
1511 2517 1547 2543 et
1567 2515 1788 2544 mensurato:

223 2563 305 2609 quia
327 2563 542 2609 inquantum
565 2562 754 2608 participat
776 2562 909 2608 aliquid
932 2563 975 2597 de
1003 2562 1139 2608 regula,
1161 2562 1219 2597 vel
1246 2573 1425 2605 mensura,
1447 2563 1498 2597 sic
1519 2562 1713 2609 regulatur,
1729 2561 1788 2597 vel
1819 2556 1827 2584 ’-

221 2625 468 2652 mensuratur:
488 2616 582 2650 unde
606 2627 689 2650 curn
712 2616 849 2658 omnia,
871 2628 963 2662 quae
986 2616 1128 2651 divinae
1148 2616 1397 2663 providentiae
1423 2616 1634 2658 subduntur,
1662 2627 1682 2650 a
1707 2615 1787 2662 lege
1822 2644 1825 2647 .

223 2678 368 2705 aeterna
391 2669 610 2716 regulentur‚
626 2677 659 2704 et
675 2678 937 2711 mensurentur,
954 2678 990 2704 ut
1006 2682 1047 2705 ex
1062 2670 1165 2705 dictis
1179 2678 1276 2717 patet
1293 2670 1376 2716 (art.
1394 2670 1540 2717 praec),
1555 2669 1786 2705 manifestum
1814 2700 1818 2703 .

223 2732 288 2766 est,
310 2724 407 2770 quod
431 2724 554 2758 omnia
577 2723 791 2770 participant
814 2723 1014 2770 aliqualiter
1035 2723 1157 2770 legem
1180 2732 1387 2766 aeternam;
1414 2723 1628 2770 inquantum
1650 2722 1789 2759 scilicet

223 2789 265 2812 ex
290 2778 529 2824 impressione
556 2778 631 2823 ejus
662 2777 796 2811 habent
821 2777 1075 2812 inclinationes
1101 2777 1138 2811 in
1163 2777 1329 2824 proprios
1360 2784 1472 2819 actus,
1499 2785 1534 2812 et
1558 2776 1658 2812 fines.
1690 2776 1787 2811 Inter

224 2839 367 2866 caetera
389 2839 509 2866 autem
530 2830 716 2866 rationalis
736 2839 897 2866 creatura
921 2830 1167 2866 excellentiori
1189 2831 1348 2878 quodam
1370 2831 1482 2866 modo
1509 2830 1652 2865 divinae
1671 2830 1787 2877 provi-

224 2885 366 2920 dentiae
387 2886 559 2931 subjacet,
579 2885 793 2932 inquantum
815 2893 849 2920 et
871 2885 946 2931 ipsa
967 2884 1004 2919 tit
1018 2884 1266 2932 providentiae
1280 2884 1470 2933 particeps,
1486 2883 1551 2919 sibi
1566 2883 1645 2931 ipsi,
1659 2891 1694 2919 et
1707 2882 1786 2918 aliis
