1875 3198
175 163 261 218 684
595 173 818 209 QUAEsrto
853 172 972 202 xcvt.
1007 171 1255 201 ART1cULUs
1289 171 1334 200 11.

244 267 275 291 2.
302 257 542 291 PRAETEREA.
575 255 731 289 Intentio
762 253 982 300 legislatoris
1010 261 1063 286 est
1090 253 1187 286 cives
1213 251 1334 286 facere
1360 252 1562 286 virtuosos:
1586 250 1649 285 sed
1675 262 1752 285 non

170 306 290 356 potest
316 310 444 356 aliquis
473 320 550 344 esse
576 310 771 350 virtuosus,
798 307 864 341 nisi
895 307 937 340 ab
967 306 1137 340 omnibus
1163 305 1260 339 vitiis
1288 313 1564 351 compescatu13
1591 315 1680 351 ergo
1707 304 1751 338 ad

170 364 292 410 legem
313 364 516 397 humanam
539 363 694 409 pertinet
716 361 841 395 omnia
862 360 949 394 vitia
973 370 1220 405 compescere.

245 429 274 463 3.
297 417 534 452 PRAETEREA.
558 416 634 450 Lex
654 416 818 449 humana
833 425 853 447 a
871 413 952 460 lege
970 412 1127 447 naturali
1145 412 1339 454 derivatur,
1358 419 1398 446 ut
1414 422 1523 457 supra
1543 410 1681 445 dictum
1698 419 1753 446 est

170 472 217 517 (q.
241 483 292 517 91.
315 476 382 505 art.
402 483 429 517 3.
452 476 483 505 et
504 482 533 516 q.
558 482 604 516 93.
628 474 691 503 art.
710 468 778 514 3.):
799 467 860 502 sed
888 467 1014 501 omnia
1039 466 1127 500 vitia
1152 473 1358 512 repugnant
1378 464 1452 511 legi
1472 472 1641 507 naturae;
1664 476 1752 512 ergo

170 524 229 559 lex
249 525 413 559 humana
435 524 561 558 omnia
581 523 668 556 vitia
691 522 797 556 debet
817 521 1000 556 cohibere.

245 578 320 613 SED
343 588 500 612 CONTRA
523 584 588 618 est,
611 575 709 622 quod
732 575 862 609 dicitur
882 575 919 608 in
946 585 974 608 1.
997 574 1041 608 de
1064 574 1141 607 Lib.
1165 573 1252 607 Arb.
1267 574 1356 620 (cap.
1372 584 1401 619 5.
1417 573 1592 619 cir.fin.):
1619 572 1754 607 Videtur

171 632 255 666 mihi
276 632 375 677 legem
398 633 506 672 istam,
529 641 612 676 quae
627 629 754 676 populo
775 628 912 674 regendo
934 629 1105 670 scribitur,
1128 632 1213 662 recte
1231 628 1294 661 ista
1314 628 1521 673 permittere,
1545 632 1576 662 et
1600 626 1751 661 divinam

166 685 418 732 providentiam
441 683 615 718 vindicare
627 697 636 717 .·
660 683 722 717 sed
745 682 867 716 divina
889 681 1120 728 providentia
1141 692 1217 716 non
1239 680 1400 714 vindicat
1425 681 1495 714 nisi
1521 680 1629 723 vitia3
1666 691 1753 727 ergo

171 747 268 774 recte
291 739 348 772 lex
369 739 532 772 humana
554 737 729 784 permittit
752 736 873 782 aliqua
894 736 993 778 vitia,
1016 747 1090 770 non
1114 735 1322 769 cohibendo
1345 734 1434 781 ipsa.

243 793 474 827 RESPONDEO
494 791 702 832 dicendum,
718 790 828 836 quod,
851 790 1030 835 sicutjam
1051 789 1189 823 dictum
1212 796 1266 822 est
1287 789 1336 834 (q.
1360 800 1416 835 90.
1439 793 1505 823 art.
1524 800 1552 823 Ι.
1572 792 1601 822 et
1618 789 1681 834 2.)‚
1696 787 1752 822 lex

171 847 318 893 ponitur
336 855 375 880 ut
386 845 567 892 quaedam
582 844 720 891 regula,
735 844 793 878 vel
809 855 981 878 mensura
995 844 1246 877 humanorum
1262 850 1429 877 actuum:
1445 853 1618 876 mensura
1633 850 1754 876 autem

171 900 261 935 debet
281 912 341 934 esse
364 900 563 945 homogenea
577 903 782 941 mensurato,
807 906 847 931 ut
870 897 1002 932 dicitur
1019 898 1056 931 in
1076 908 1128 932 10.
1143 896 1304 943 Metaph.
1325 897 1406 941 (tex.
1425 908 1453 943 3.
1469 901 1500 931 et
1519 897 1569 941 4.)
1581 909 1591 930 .·
1615 896 1754 930 diversa

172 955 270 987 enim
293 953 444 988 diversis
466 961 742 994 mensurantur3
765 951 860 986 unde
884 959 1040 998 oportet,
1063 951 1162 997 quod
1185 950 1296 984 etiam
1317 949 1417 996 leges
1439 950 1676 995 imponantur
1693 949 1757 983 ho-

172 1007 328 1041 minibus
350 1007 552 1041 secundum
575 1017 705 1040 eorum
728 1005 999 1047 conditionem;
1023 1005 1119 1051 quia,
1141 1012 1180 1038 ut
1201 1003 1362 1038 Isidorus
1385 1003 1471 1038 dicit
1493 1004 1570 1049 (lib.
1588 1015 1619 1050 5.
1644 1004 1754 1049 Etym.

173 1067 245 1107 cap.
269 1062 352 1106 21),
377 1060 435 1094 lex
458 1061 564 1095 debet
587 1071 664 1094 esse
686 1058 880 1105 possibilis,
903 1067 937 1093 et
953 1059 1156 1093 secundum
1181 1066 1362 1099 naturam,
1385 1065 1420 1092 et
1446 1057 1650 1092 secundum
1673 1068 1757 1091 con-

171 1114 402 1149 suetudinem
422 1114 577 1161 patriae:
594 1121 754 1160 potestas
774 1121 909 1155 autem,
921 1113 996 1147 sive
1010 1112 1164 1147 facultas
1184 1112 1361 1158 operandi
1379 1123 1422 1146 ex
1435 1112 1601 1146 interiori
1618 1112 1756 1153 habitu,

171 1180 235 1203 seu
257 1168 494 1214 dispositione
516 1167 698 1214 procedit:
720 1178 796 1201 non
819 1167 918 1201 enim
939 1166 1039 1200 idem
1061 1174 1115 1201 est
1135 1165 1310 1212 possibile
1330 1165 1376 1208 ei,
1399 1166 1460 1212 qui
1482 1177 1558 1200 non
1571 1165 1683 1200 habet
1696 1166 1758 1199 ha-

171 1222 286 1256 bitum
307 1221 460 1263 virtutis,
484 1230 518 1255 et
539 1221 703 1254 virtuoso
720 1232 727 1254 :
750 1220 844 1254 sicut
865 1220 976 1254 etiam
998 1231 1073 1254 non
1096 1228 1151 1254 est
1171 1220 1270 1254 idem
1291 1219 1464 1266 possibile
1482 1230 1608 1266 puero,
1625 1227 1660 1253 et
1676 1219 1756 1253 viro

172 1274 353 1321 perfecto:
377 1283 412 1309 et
433 1283 581 1321 propter
601 1275 674 1308 hoc
696 1285 772 1308 non
794 1274 941 1320 ponitur
960 1274 1090 1308 eadem
1108 1273 1165 1308 lex
1184 1273 1315 1320 pueris,
1336 1285 1428 1320 quae
1444 1273 1591 1319 ponitur
1608 1272 1756 1307 adultis:

172 1329 288 1363 multa
310 1329 408 1363 enim
431 1329 550 1374 pueris
579 1329 848 1374 permittuntur,
871 1339 964 1374 quae
991 1328 1027 1361 in
1056 1327 1188 1362 adultis
1214 1327 1297 1373 1686
1323 1327 1534 1374 puniuntur,
1561 1326 1620 1361 vel
1647 1327 1758 1361 etiam

171 1383 439 1429 vituperantur:
463 1391 497 1416 et
518 1381 684 1416 similiter
706 1381 822 1416 multa
841 1390 924 1416 sunt
938 1381 1180 1428 permittenda
1196 1381 1407 1415 hominibus
1423 1392 1498 1415 non
1512 1380 1681 1427 perfectis
1692 1380 1760 1414 vir-

171 1444 259 1478 tute,
283 1447 375 1482 quae
397 1448 472 1470 non
495 1444 615 1470 essent
635 1435 827 1470 toleranda
848 1435 885 1469 in
907 1435 1121 1470 hominibus
1142 1435 1334 1469 virtuosis:
1358 1434 1415 1469 lex
1442 1443 1566 1469 autem
1591 1435 1755 1468 humana

173 1490 319 1535 ponitur
329 1489 554 1524 multitudini
567 1490 774 1531 hominum,
789 1490 826 1523 in
839 1501 909 1535 qua
925 1490 1043 1534 major
1053 1500 1135 1535 pars
1148 1497 1201 1523 est
1215 1489 1412 1523 hominum
1422 1500 1498 1523 non
1512 1487 1759 1535 perfectorum

171 1543 320 1586 virtute3
344 1551 379 1578 et
399 1543 482 1578 ideo
505 1543 586 1589 1686
608 1543 772 1577 humana
793 1554 869 1577 non
890 1543 1131 1589 prohibentur
1154 1543 1280 1577 omnia
1300 1542 1400 1585 vitia,
1424 1554 1444 1576 a
1463 1543 1592 1589 quibus
1607 1541 1760 1576 virtuosi

173 1597 365 1639 abstinent,
388 1597 450 1631 sed
473 1596 595 1631 solum
617 1597 798 1643 graviora,
822 1609 841 1631 a
864 1597 992 1643 quibus
1011 1597 1185 1644 possibile
1205 1605 1259 1631 est
1273 1598 1455 1643 majorem
1476 1605 1620 1643 partem
1640 1596 1761 1631 multi-

171 1651 306 1686 tudinis
322 1651 512 1693 abstinere,
528 1659 562 1685 et
576 1652 770 1696 praecipue
786 1662 878 1697 quae
890 1651 1019 1685 suntin
1034 1659 1302 1685 nocumentum
1318 1651 1489 1693 aliorum,
1504 1651 1581 1686 sine
1597 1662 1760 1697 quorum

172 1705 419 1750 prohibitione
442 1705 599 1740 societas
620 1705 783 1739 humana
807 1705 1018 1739 conservari
1037 1717 1113 1739 non
1134 1713 1277 1752 posset:
1301 1705 1396 1740 sicut
1415 1705 1656 1751 prohibentur
1677 1703 1760 1751 1686

172 1759 335 1793 humana
356 1758 570 1800 homicidia,
592 1758 698 1801 furta,
722 1767 756 1793 et
777 1758 1001 1804 hujusmodi.

245 1813 306 1847 AD
328 1823 480 1847 PRIMUM
495 1824 582 1859 ergo
606 1812 814 1854 dicendum,
834 1813 932 1858 quod
952 1812 1104 1846 audacia
1119 1813 1299 1859 pertinere
1313 1812 1456 1847 videtur
1471 1813 1516 1846 ad
1529 1812 1761 1847 invasionem

173 1865 350 1909 aliorum3
373 1866 468 1900 unde
490 1866 684 1913 praecipue
704 1866 860 1913 pertinet
883 1867 926 1900 ad
948 1865 1012 1900 illa
1033 1874 1196 1913 peccata,
1219 1867 1349 1913 quibus
1370 1866 1502 1913 injuria
1523 1866 1698 1913 proximis
1719 1867 1763 1900 ir-

172 1928 333 1966 rogatur,
356 1931 449 1966 quae
472 1919 553 1966 1686
575 1920 739 1954 humana
762 1920 1012 1966 prohibentur,
1035 1928 1074 1954 ut
1096 1920 1236 1954 dictum
1259 1928 1313 1955 est
1335 1922 1387 1965 (in
1409 1926 1498 1967 corp.
1521 1921 1616 1966 art).

244 1974 305 2008 AD
328 1984 539 2008 SECUNDUM
566 1973 775 2015 dicendum,
803 1973 901 2020 quod
927 1974 986 2008 lex
1012 1974 1176 2008 humana
1204 1974 1359 2008 intendit
1384 1974 1556 2008 homines
1588 1973 1761 2008 inducere

173 2027 218 2061 ad
239 2028 423 2069 virtutem,
438 2039 512 2061 non
532 2027 664 2070 subito,
684 2027 746 2061 sed
765 2027 966 2073 gradatim3
989 2035 1025 2062 et
1044 2027 1128 2062 ideo
1146 2039 1222 2062 non
1244 2028 1367 2062 statim
1388 2027 1613 2062 multitudini
1633 2028 1764 2074 imper-

172 2080 356 2115 fectorum
384 2081 543 2127 imponit
570 2092 623 2123 ea,
655 2092 747 2127 quae
778 2089 861 2115 sunt
889 2082 964 2126 jam
990 2081 1252 2124 virtuosorum,
1279 2089 1318 2116 ut
1344 2081 1484 2116 scilicet
1513 2081 1555 2115 ab
1590 2081 1762 2116 omnibus

173 2134 280 2169 malis
302 2134 525 2177 abstineant3
549 2134 712 2181 alioquin
731 2133 937 2181 imperfecti
954 2135 1168 2180 hujusmodi
1185 2144 1380 2181 praecepta
1397 2134 1491 2169 ferre
1508 2146 1585 2169 non
1599 2134 1763 2169 valentes
1808 2171 1811 2180 ¹

171 2188 209 2222 in
220 2188 402 2223 deteriora
424 2187 520 2222 mala
540 2196 820 2234 prorumperent
834 2188 927 2223 sicut
944 2188 1074 2222 dicitur
1092 2189 1200 2223 Prov.
1219 2199 1292 2235 30.:
1314 2189 1387 2233 Qui
1404 2190 1503 2224 nimis
1521 2187 1762 2234 (vehementer)

172 2244 332 2288 emungit,
356 2242 443 2277 elicit
463 2243 667 2287 sanguinem.
691 2241 735 2276 Et
761 2241 890 2276 Matth.
914 2253 946 2289 9.
975 2241 1072 2288 quod
1094 2244 1122 2277 si
1141 2244 1262 2276 vinum
1287 2254 1426 2285 novum,
1454 2242 1548 2277 idest
1568 2249 1761 2289 praecepta

173 2295 354 2342 perfectae
375 2296 482 2337 vitae,
508 2297 660 2329 mittatur
686 2297 720 2329 in
748 2300 835 2330 utres
860 2301 992 2337 veteres,
1024 2296 1117 2330 idest
1141 2296 1177 2330 in
1204 2296 1375 2330 homines
1401 2295 1647 2343 imperfectos,
1675 2300 1763 2330 utres

173 2355 392 2397 rumpuntur,
422 2354 451 2384 et
482 2350 602 2383 vinum
630 2349 820 2394 effunditur,
851 2349 945 2384 idest
975 2358 1169 2396 praecepta
1199 2357 1496 2392 contemnuntur,
1527 2357 1563 2384 et
1592 2349 1763 2384 homines

174 2415 216 2439 ex
239 2411 453 2450 contemptu
477 2403 521 2437 ad
548 2404 673 2450 pejora
696 2402 793 2437 mala
815 2412 1069 2450 prorumpunt.

246 2458 307 2492 AD
331 2467 505 2492 TERTmM
524 2457 733 2498 dicendum,
756 2457 853 2502 quod
877 2456 934 2491 lex
955 2456 1130 2491 naturalis
1153 2465 1207 2492 est
1221 2457 1402 2504 quaedam
1424 2456 1654 2503 participatio
1672 2455 1763 2502 legis

175 2519 321 2546 aeterna
343 2511 379 2544 in
402 2511 526 2546 nobis:
553 2509 610 2544 lex
634 2518 756 2544 autem
779 2510 941 2544 humana
964 2510 1086 2545 deficit
1113 2522 1132 2544 a
1159 2510 1241 2557 1686
1271 2519 1436 2553 aeterna3
1459 2510 1547 2544 dicit
1571 2510 1669 2544 enim
1691 2510 1764 2544 Au-

174 2565 339 2611 gustinus
360 2564 396 2598 in
425 2576 452 2599 1.
476 2564 519 2598 de
542 2564 620 2598 Lib.
649 2564 736 2597 Arb.
766 2565 858 2611 (cap.
876 2577 905 2610 5.
928 2566 963 2598 in.
978 2565 1058 2611 jin.)
1073 2577 1083 2599 .·
1106 2565 1176 2599 Lex
1197 2566 1272 2607 ista,
1299 2576 1382 2610 quae
1404 2563 1551 2610 regendis
1572 2564 1764 2598 civitatibus
1814 2557 1819 2560 ⁵

173 2619 294 2663 fertur,
329 2618 437 2653 multa
459 2618 617 2660 concedit,
645 2622 741 2663 atque
773 2619 939 2664 impunita
967 2618 1136 2664 relinquit,
1161 2630 1244 2664 quae
1260 2625 1323 2665 pei·
1344 2617 1498 2652 divinam
1513 2617 1761 2664 providentiam

174 2672 404 2714 vindicantur,
427 2684 528 2718 neque
549 2673 637 2706 enim
659 2673 739 2717 quia
766 2683 832 2705 non
854 2673 969 2705 omnia
984 2672 1084 2718 sarit,
1110 2671 1179 2706 ideo
1201 2684 1284 2718 quae
1298 2672 1398 2718 jacit,
1422 2670 1646 2718 improbanda
1665 2675 1760 2710 sunl;

175 2726 270 2760 unde
282 2726 394 2761 etiam
406 2725 461 2760 lex
472 2726 635 2760 humana
649 2736 724 2759 non
739 2726 865 2759 omnia
883 2733 1003 2770 potest
1022 2725 1229 2772 prohibere,
1240 2736 1333 2772 quae
1347 2724 1516 2772 prohibet
1529 2723 1587 2759 lex
1600 2731 1760 2758 naturae.
