1875 3198
210 181 292 237 678
652 191 873 228 QUAESTIO
906 191 1008 220 xcv.
1042 190 1288 220 ARTICULUS
1322 190 1366 219 11.

772 372 1119 418 ARTICULUS
1150 373 1206 415 ΙΙ.
1715 393 1776 428 505

536 481 690 511 UTRUM
718 481 851 511 OMNIS
879 481 963 510 LEX
997 481 1256 511 HUMANITUS
1289 480 1453 510 POSITA

645 547 672 574 A
696 546 807 575 LEGE
828 546 1051 577 NATURALI
1078 546 1342 576 DERIVETUR.

706 639 798 683 (Lib.
822 651 850 685 3.
881 639 998 674 Contr.
1024 651 1054 685 g.
1082 645 1155 686 cap.
1182 639 1279 686 123).

280 748 340 782 AD
368 757 577 782 SECUNDUM
599 747 650 781 sic
679 746 897 793 proceditur.
924 746 1089 789 Videtur,
1117 746 1214 793 quod
1241 758 1316 780 non
1344 748 1463 781 omnis
1490 745 1547 780 lex
1571 745 1784 780 humanitus

209 801 327 848 posita
350 812 369 834 a
392 800 472 846 lege
494 799 651 834 naturali
672 800 871 835 derivetur:
896 801 981 834 dicit
996 800 1094 834 enim
1108 799 1356 846 Philosophus
1371 800 1407 833 in
1426 811 1455 845 5.
1470 799 1630 834 Ethicor.
1647 800 1737 847 (cap.
1753 811 1783 846 7.

208 857 242 889 in
260 854 402 901 princ),
423 854 520 900 quod
543 855 677 899 justum
699 853 816 899 legale
840 862 903 896 est,
926 855 1023 900 quod
1045 854 1223 900 principio
1242 853 1389 900 quidem
1410 852 1503 887 nihil
1521 853 1649 896 differt,
1663 862 1784 888 utrum

209 908 271 950 sic,
294 907 353 942 vel
380 907 484 942 aliter
505 907 582 943 fiat:
605 907 667 942 sed
690 908 725 941 in
747 908 815 949 his,
838 919 930 953 quae
952 908 1117 942 oriuntur
1139 919 1180 941 ex
1202 907 1283 953 lege
1309 907 1477 950 naturali,
1506 906 1634 949 differt,
1663 915 1784 942 utrum

208 962 272 1003 sic,
294 961 353 995 vel
384 960 487 995 aliter
509 961 586 1003 fiat3
611 972 698 1007 ergo
727 972 781 1004 ea,
804 972 896 1007 quae
918 968 1000 995 sunt
1031 961 1171 1008 legibus
1197 961 1368 995 humanis
1390 969 1533 1003 statuta,
1555 971 1631 995 non
1660 961 1785 995 omnia

208 1016 417 1050 derivantur
445 1028 463 1049 a
485 1015 566 1061 1686
588 1023 750 1050 naturae.

281 1081 312 1104 2.
336 1069 574 1104 PRAETEREA.
594 1069 655 1114 Jus
678 1069 876 1115 positivum
904 1069 1074 1103 dividitur
1101 1077 1227 1103 contra
1254 1070 1308 1115 jus
1334 1067 1510 1111 naturale,
1537 1076 1575 1103 ut
1599 1076 1698 1115 patet
1723 1079 1786 1114 per

208 1123 389 1158 Isidorum
412 1123 447 1156 in
462 1122 555 1156 libro
582 1133 609 1167 ς.
634 1122 794 1169 Etymol.
819 1123 905 1169 (cap.
925 1124 988 1168 4.),
1005 1131 1039 1157 et
1055 1134 1118 1169 per
1133 1122 1403 1169 Philosophum
1417 1122 1454 1156 in
1479 1133 1507 1167 5.
1530 1122 1691 1157 Ethicor.
1709 1121 1786 1165 (loc.

209 1178 303 1222 cit.):
327 1177 389 1211 sed
416 1188 469 1218 ea,
498 1188 589 1222 quae
613 1176 820 1210 derivantur
847 1188 867 1210 a
888 1176 1072 1222 principiis
1096 1176 1354 1210 communibus
1384 1175 1475 1222 legis
1503 1184 1665 1218 naturae,
1695 1176 1787 1210 sicut

210 1229 480 1272 conclusiones,
495 1230 676 1275 pertinent
691 1230 735 1264 ad
749 1229 871 1276 1686111
893 1238 1056 1272 naturae,
1076 1237 1114 1264 ut
1135 1241 1243 1276 supra
1262 1229 1400 1264 dictum
1418 1237 1471 1264 est
1491 1232 1662 1276 (q.praec.
1682 1234 1745 1264 art.
1758 1241 1786 1275 3.

209 1290 239 1319 et
258 1285 331 1329 4.);
362 1295 449 1330 ergo
473 1295 526 1325 ea,
549 1295 642 1330 quae
668 1291 752 1317 sunt
773 1283 816 1317 de
840 1283 921 1329 lege
948 1284 1122 1326 humana,
1149 1295 1224 1318 non
1252 1283 1459 1318 derivantur
1478 1295 1498 1317 a
1517 1282 1599 1329 1686
1625 1291 1786 1317 naturae.

284 1349 312 1383 3.
336 1338 575 1372 PRAETEREA.
600 1337 674 1371 Lex
695 1345 846 1371 naturae
869 1345 922 1371 est
944 1337 1073 1371 eadem
1096 1337 1190 1384 apud
1213 1348 1365 1372 omnes:
1394 1337 1480 1371 dicit
1506 1337 1605 1371 enirn
1622 1336 1789 1371 Philoso-

209 1391 301 1438 phus
320 1391 357 1425 in
383 1402 410 1436 ς.
434 1391 550 1425 Ethic.
571 1391 660 1437 (cap.
681 1402 710 1437 7.
733 1392 768 1424 in
785 1389 931 1437 priua),
955 1391 1053 1437 quod
1074 1390 1238 1425 naturale
1260 1392 1315 1436 jus
1334 1399 1398 1433 est,
1417 1391 1514 1437 quod
1529 1391 1661 1437 ubique
1679 1390 1789 1425 habet

210 1445 376 1479 eamdem
398 1444 618 1490 potentiam:
645 1444 675 1478 si
700 1444 809 1490 igitur
843 1444 942 1490 leges
977 1444 1161 1479 humanae
1189 1456 1208 1478 a
1235 1444 1391 1478 naturali
1416 1444 1497 1491 lege
1529 1444 1787 1486 derivarentur,

209 1506 419 1544 sequeretur
441 1498 551 1532 etiam
580 1497 678 1544 quod
699 1497 798 1543 ipsae
826 1505 948 1532 essent
977 1498 1129 1532 eaedem
1156 1497 1250 1544 apud
1282 1509 1423 1540 omnes,
1452 1499 1550 1544 quod
1577 1505 1676 1544 patet
1709 1509 1787 1532 esse

208 1551 351 1586 falsum.

279 1615 313 1648 4,
335 1605 572 1639 PRAETEREA.
593 1604 743 1647 Eorum,
766 1616 858 1651 quae
875 1617 895 1638 a
910 1604 992 1651 lege
1014 1605 1171 1639 naturali
1189 1605 1407 1647 derivantur,
1429 1613 1548 1651 potest
1563 1605 1682 1651 aliqua
1696 1604 1788 1639 ratio

209 1659 404 1705 assignari:
428 1659 491 1692 sed
510 1670 584 1692 non
608 1659 786 1700 omnium,
809 1669 902 1704 quae
931 1670 950 1692 a
969 1659 1167 1704 majoribus
1194 1658 1275 1705 lege
1297 1666 1428 1693 statuta
1450 1667 1545 1702 sunt,
1566 1659 1658 1693 ratio
1689 1658 1790 1692 reddi

209 1720 338 1758 potest,
361 1719 399 1746 ut
415 1712 646 1758 Jurisperitus
670 1711 757 1746 dicit
779 1712 852 1757 (lib.
868 1712 942 1757 Lff.
959 1712 995 1746 ἄιε
1009 1712 1121 1757 Legib.
1137 1718 1166 1747 et
1180 1713 1444 1757 senatuscons.);
1461 1724 1549 1759 ergo
1568 1723 1644 1747 non
1659 1723 1789 1747 omnes

208 1767 308 1813 leges
331 1766 515 1800 humanae
539 1766 748 1800 derivantur
776 1777 795 1799 a
817 1765 898 1812 lege
926 1765 1092 1800 naturali.

281 1820 356 1855 SED
373 1831 529 1855 CONTRA
545 1829 607 1862 est,
625 1820 722 1866 quod
739 1819 883 1854 Tullius
898 1820 985 1854 dicit
999 1821 1036 1854 in
1050 1831 1115 1855 sua
1129 1820 1280 1855 Rhetor.
1296 1820 1370 1865 (lib.
1384 1833 1415 1856 2.
1430 1821 1467 1856 de
1480 1820 1610 1856 Invent.
1626 1821 1788 1867 aliquant.

208 1879 282 1909 ante
301 1875 399 1919 fin.):
429 1875 488 1909 Res
514 1886 534 1908 a
568 1879 691 1908 natura
719 1874 900 1920 projectas,
929 1879 956 1909 et
986 1885 1006 1908 a
1034 1874 1263 1909 consuetudine
1293 1876 1457 1922 probatas
1489 1875 1598 1921 legum
1624 1879 1738 1916 metus,
1761 1878 1789 1909 et

208 1928 322 1973 religio
348 1929 469 1962 sanxit.

280 1981 512 2016 RESPONDEO
529 1980 736 2022 dicendum,
752 1981 861 2027 quod,
877 1981 970 2015 sicut
992 1981 1147 2028 August.
1164 1981 1250 2016 dicit
1272 1981 1308 2015 in
1336 1993 1362 2015 1.
1387 1982 1430 2016 de
1446 1981 1524 2016 Lib.
1546 1982 1634 2016 Arb.
1660 1981 1747 2028 (cap.
1758 1993 1788 2027 5.

203 2041 329 2081 parum
351 2046 371 2069 α
386 2034 534 2082 princ),
550 2046 624 2068 non
646 2034 787 2068 videtur
802 2046 879 2069 esse
902 2034 970 2076 lex,
994 2046 1086 2081 quae
1107 2036 1201 2080 justa
1222 2046 1297 2069 non
1312 2034 1436 2078 fuerit;
1458 2035 1553 2070 unde
1571 2035 1788 2082 inquantum

209 2088 318 2122 habet
339 2088 382 2122 de
404 2089 550 2133 justitia,
574 2088 753 2122 intantum
776 2088 886 2122 habet
913 2088 956 2122 de
979 2089 1110 2122 virtute
1137 2087 1244 2134 legis:
1272 2089 1309 2123 in
1335 2089 1442 2123 rebus
1470 2097 1592 2123 autem
1618 2089 1788 2123 humanis

209 2142 339 2176 dicitur
354 2154 431 2176 esse
447 2142 594 2188 aliquod
616 2143 752 2187 justum
767 2153 809 2176 ex
829 2153 872 2176 eo
889 2142 986 2188 quod
1002 2150 1055 2176 est
1068 2150 1209 2176 rectum
1223 2142 1425 2177 secundum
1439 2142 1606 2189 regulam
1620 2143 1789 2178 rationis:

210 2196 359 2230 rationis
383 2204 505 2230 autem
527 2196 643 2242 prima
666 2196 791 2241 regula
814 2203 867 2230 est
888 2195 946 2229 lex
967 2203 1129 2238 naturae,
1152 2204 1190 2230 ut
1212 2207 1253 2230 ex
1268 2197 1482 2242 supradictis
1503 2204 1602 2243 patet
1617 2196 1788 2244 (q.praec.

210 2256 275 2285 art.
295 2250 345 2295 2.)
356 2262 368 2291 ;
393 2250 487 2284 unde
510 2250 630 2284 omnis
653 2249 710 2283 lex
732 2249 943 2284 humanitus
966 2250 1083 2296 posita
1105 2250 1286 2284 intantum
1317 2250 1427 2285 habet
1449 2250 1492 2285 de
1519 2251 1659 2285 ratione
1686 2250 1788 2296 legis,

210 2304 425 2350 inquantum
442 2315 460 2337 a
473 2303 554 2349 lege
571 2311 720 2337 naturae
737 2303 932 2337 derivatur:
956 2304 986 2337 si
999 2315 1086 2338 vero
1102 2304 1138 2338 in
1154 2303 1276 2350 aliquo
1293 2315 1310 2338 a
1326 2304 1407 2350 lege
1422 2304 1578 2339 naturali
1595 2304 1789 2346 discordet,
1837 2320 1841 2329 ν

210 2358 283 2402 jam
310 2369 384 2391 non
407 2357 473 2391 erit
487 2356 555 2399 lex,
571 2356 632 2391 sed
654 2356 744 2402 legis
768 2357 964 2402 corruptio.
989 2357 1061 2391 Sed
1081 2358 1269 2391 sciendum
1292 2366 1356 2399 est,
1371 2358 1470 2404 quod
1493 2369 1513 2392 a
1534 2357 1616 2404 lege
1634 2357 1789 2392 naturali

210 2411 385 2458 dupliciter
407 2418 525 2457 potest
549 2410 683 2456 aliquid
707 2411 878 2444 derivari:
902 2423 965 2444 mzo
989 2411 1097 2452 modo,
1125 2411 1218 2445 sicut
1240 2410 1495 2446 conclusiones
1519 2423 1561 2446 ex
1583 2411 1787 2458 principiis:
1832 2415 1836 2441 ἔ

210 2465 277 2499 alio
301 2465 408 2507 modo,
439 2465 531 2499 sicut
561 2464 883 2499 determinationes
911 2464 1091 2510 quaedam
1123 2464 1330 2511 aliquorum
1365 2465 1630 2499 communium.
1654 2466 1790 2500 Primus

211 2518 358 2564 quidem
381 2518 512 2553 modus
540 2517 667 2552 similis
695 2525 746 2552 est
771 2518 814 2559 ei,
836 2529 908 2563 quo
931 2518 967 2551 in
991 2518 1149 2552 scientiis
1173 2530 1214 2552 ex
1236 2518 1422 2565 principiis
1449 2518 1706 2553 conclusiones
1733 2519 1790 2554 de·
1827 2518 1851 2558 f

211 2572 472 2606 monstrativae
507 2572 766 2618 producuntur.
793 2571 941 2606 Secundo
968 2583 1055 2606 vero
1084 2572 1196 2606 modo
1232 2572 1348 2607 simile
1376 2580 1439 2615 est,
1466 2573 1564 2619 quod
1590 2573 1627 2607 in
1655 2572 1788 2607 artibus
1844 2566 1850 2575 '¹

211 2624 351 2659 formae
374 2637 590 2660 communes
618 2625 904 2659 determinantur
931 2626 974 2659 ad
999 2625 1132 2672 aliquid
1155 2625 1330 2672 speciale:
1359 2626 1452 2660 sicut
1479 2625 1604 2661 artifex
1629 2625 1788 2661 formam

212 2690 450 2713 communem
473 2680 603 2713 domus
625 2689 772 2712 necesse
796 2686 848 2712 est
876 2679 973 2725 quod
1001 2679 1219 2714 determinet
1246 2680 1289 2714 ad
1316 2680 1423 2721 hanc,
1445 2679 1504 2714 vel
1530 2679 1631 2714 illam
1659 2679 1788 2714 domus

212 2732 387 2778 figuram3
403 2733 611 2767 derivantur
629 2743 716 2778 ergo
736 2732 915 2778 quaedam
936 2743 954 2766 a
974 2733 1159 2779 principiis
1179 2733 1436 2768 communibus
1455 2733 1545 2780 legis
1559 2741 1710 2768 naturae
1725 2743 1788 2780 per

212 2787 365 2821 modum
388 2786 685 2821 conclusionum:
709 2787 800 2820 sicut
821 2785 892 2820 hoc
917 2786 1013 2832 quod
1037 2795 1090 2820 est
1111 2799 1175 2821 non
1203 2799 1263 2822 essa
1289 2787 1514 2829 occidendum,
1537 2795 1576 2822 ut
1599 2786 1787 2822 conclusio

211 2841 392 2886 quaedam
415 2841 566 2875 derivari
591 2847 708 2886 potest
730 2839 772 2873 ab
789 2851 832 2873 eo
852 2840 948 2885 quod
969 2848 1033 2881 cst,
1054 2841 1137 2874 nulli
1155 2841 1417 2887 csscjizriendum
1438 2841 1585 2875 malum:
1605 2840 1786 2887 quaedam

212 2904 299 2928 vero
314 2905 377 2940 per
391 2894 543 2928 modum
559 2893 888 2928 determinationis:
906 2894 997 2927 sicut
1012 2894 1067 2928 lex
1082 2902 1231 2929 naturae
1247 2895 1367 2937 habet,
1382 2895 1480 2942 quod
1494 2894 1554 2929 ille
1573 2894 1634 2941 qui
1647 2902 1787 2941 peccat,
