1907 3182
225 199 307 243 452
636 198 856 234 QUAESTIO
891 199 1005 228 LXVI.
1039 198 1283 228 ARTICULUS
1317 198 1343 227 1.

295 279 370 314 SED
404 290 569 314 CONTRA.
593 280 824 326 Ubicumque
854 288 974 326 potest
1003 291 1080 314 esse
1109 287 1357 325 augmentum,
1381 286 1415 313 et
1438 279 1778 325 superabundantia,

223 340 341 379 potest
361 344 438 367 esse
464 333 718 380 inaequalitas:
741 333 804 367 sed
826 333 861 366 in
882 333 1071 367 virtutibus
1092 333 1272 367 invenitur
1297 332 1635 379 superabundantia,
1649 341 1684 368 et
1698 345 1780 380 aug-

223 395 404 421 mentum:
429 387 556 421 dicitur
570 388 667 421 enim
681 387 808 420 Matth.
829 397 868 431 5.:
884 387 961 421 Nisi
982 386 1205 421 abundaverit
1213 387 1346 432 justitia
1362 391 1470 421 vestra
1481 386 1558 432 plus
1578 398 1678 432 quam
1695 387 1780 422 Scri-

223 441 352 482 barum,
368 440 673 481 etPharisczeorum,
689 452 755 473 non
778 441 944 474 intrabitis
958 441 991 473 in
1008 452 1144 485 regnum
1163 439 1338 474 Coelorum
1347 452 1359 480 ,·
1383 447 1418 474 et
1438 440 1545 473 Prov.
1565 450 1615 484 15.
1631 439 1779 474 dicitur:

222 494 262 528 In
284 493 468 528 abundanti
485 495 617 539 jai-titia
638 495 745 528 virtus
770 494 921 527 maxima
946 498 990 528 est
1002 506 1014 534 ,·
1039 504 1125 539 ergo
1152 492 1303 535 videtur,
1326 493 1422 539 quod
1443 493 1554 527 virtus
1575 493 1688 539 possit
1702 504 1779 528 esse

223 548 349 592 major,
372 546 430 580 vel
451 547 580 580 minor.

293 600 522 634 RESPONDEO
538 600 743 641 dicendum,
759 600 855 646 quod
871 611 953 634 cum
973 600 1173 645 quaeritur:
1193 608 1313 634 utrum
1332 601 1442 634 virtus
1469 611 1540 634 una
1565 601 1678 646 possit
1704 611 1781 634 esse

223 655 340 699 major
359 653 439 694 alia,
462 653 625 699 quaestio
648 653 820 699 dupliciter
840 653 993 699 intelligi
1015 661 1155 699 potest:
1179 665 1242 687 uno
1263 653 1357 688 modo
1384 653 1420 687 in
1445 653 1633 687 virtutibus
1660 653 1779 699 specie

223 705 466 740 differentibus
483 717 489 739 z
512 713 546 739 et
568 705 617 739 sic
640 705 873 740 manifestum
896 714 958 748 est,
978 706 1074 752 quod
1094 718 1164 740 una
1181 706 1294 740 virtus
1313 713 1367 740 est
1384 705 1453 740 alia
1474 707 1610 752 major:
1637 717 1781 752 semper

224 760 321 793 enim
343 767 396 793 est
417 759 536 805 potior
557 770 663 793 causa
686 770 751 793 suo
775 759 925 802 effectu3
953 768 988 794 et
1008 760 1044 793 in
1071 759 1255 794 effectibus
1281 767 1382 793 tanto
1410 759 1544 805 aliquid
1571 767 1624 793 est
1649 759 1781 805 potius,

224 821 358 858 quanto
382 820 434 846 est
456 823 585 846 causae
607 812 853 858 propinquius.
875 812 1110 847 Manifestum
1133 821 1186 847 est
1200 821 1320 846 autem
1336 824 1378 846 ex
1393 813 1495 847 dictis
1512 811 1556 858 (q.
1573 813 1623 848 61.
1639 818 1703 848 art.
1718 813 1780 857 2.),

223 867 319 912 quod
342 877 460 907 causa,
483 873 518 900 et
539 866 636 899 radix
659 866 811 899 humani
831 866 919 900 boni
940 875 993 901 est
1013 867 1124 908 ratio;
1145 875 1179 900 et
1200 866 1281 900 ideo
1304 866 1503 912 prudentia,
1529 877 1620 912 quae
1642 865 1782 912 perficit

222 919 410 960 rationem,
433 918 629 964 praefertur
650 919 687 952 in
708 919 868 953 bonitate
891 919 969 954 aliis
990 919 1179 953 virtutibus
1202 919 1400 953 moralibus
1418 918 1684 965 perficientibus
1704 919 1779 952 vim

223 972 466 1018 appetitivam,
488 972 702 1018 inquantum
724 973 912 1019 participat
934 973 1131 1007 rationem:
1160 981 1194 1007 et
1214 973 1250 1006 in
1276 973 1332 1007 his
1363 973 1472 1007 etiam
1501 980 1602 1007 tanto
1633 980 1686 1007 est
1711 983 1782 1006 una

223 1025 333 1060 altera
356 1025 495 1067 melior,
519 1034 652 1072 quanto
676 1026 791 1071 magis
814 1027 857 1060 ad
879 1027 1059 1061 rationem
1081 1027 1235 1068 accedit,
1259 1026 1352 1061 unde
1375 1034 1410 1060 et
1435 1027 1580 1072 justitia,
1607 1037 1699 1072 quae
1726 1034 1779 1060 est

220 1080 256 1114 in
278 1079 475 1122 voluntate,
497 1080 696 1126 praefertur
718 1080 795 1114 aliis
822 1080 1010 1115 virtutibus
1037 1080 1252 1122 moralibus;
1280 1088 1314 1114 et
1338 1079 1522 1122 fortitudo,
1549 1091 1641 1126 quae
1669 1088 1722 1114 est
1746 1080 1781 1113 in

222 1133 403 1176 irascibili,
430 1133 628 1179 praefertur
659 1134 932 1180 temperantiae,
967 1145 1058 1180 quae
1089 1142 1141 1168 est
1163 1136 1199 1168 in
1229 1133 1514 1179 concupiscibili,
1544 1145 1636 1180 quae
1663 1133 1782 1168 minus

222 1187 411 1233 participat
432 1187 622 1230 rationem,
645 1196 683 1222 ut
704 1196 801 1234 patet
822 1188 857 1221 in
881 1199 912 1233 7.
936 1187 1051 1222 Ethic.
1074 1189 1162 1234 (cap.
1186 1188 1246 1231 6.).
1270 1188 1349 1222 Alio
1375 1187 1470 1222 modo
1492 1195 1610 1233 potest
1630 1186 1783 1233 intelligi

222 1243 384 1286 quaestio
403 1241 438 1274 in
453 1241 582 1275 virtute
599 1242 761 1287 ejusdem
775 1241 924 1287 speciei:
948 1249 983 1276 et
1004 1242 1053 1275 sic
1070 1242 1268 1276 secundum
1286 1253 1338 1283 ea,
1354 1252 1446 1287 quae
1461 1241 1556 1281 dicta
1576 1248 1659 1275 sunt
1676 1251 1782 1287 supra

225 1294 269 1339 (q.
288 1306 338 1340 52.
361 1299 424 1330 art.
447 1295 502 1338 1.),
528 1307 611 1328 cum
634 1295 677 1329 de
699 1295 962 1329 intensionibus
983 1295 1173 1329 habituum
1196 1303 1371 1341 ageretur,
1397 1295 1509 1329 virtus
1535 1302 1654 1341 potest
1679 1294 1784 1341 dupli-

222 1349 302 1382 citer
324 1348 394 1381 dici
415 1350 543 1393 maior,
566 1356 600 1382 et
622 1349 764 1384 minor:
787 1360 850 1382 zano
872 1349 966 1382 modo
989 1349 1189 1383 secundum
1215 1349 1391 1394 seipsam;
1414 1349 1479 1382 alio
1505 1348 1600 1383 modo
1623 1359 1665 1382 ex
1682 1355 1782 1394 parte

222 1401 467 1447 participantis
489 1402 650 1447 subjecti.
680 1402 718 1436 Si
740 1402 847 1447 igitur
869 1402 1069 1436 secundum
1095 1402 1251 1447 seipsam
1273 1402 1531 1444 consideretur,
1554 1401 1779 1448 magnitudo,

221 1454 280 1489 vel
302 1455 457 1500 parvitas
486 1456 561 1500 ejus
589 1456 781 1489 attenditur
807 1456 1006 1489 secundum
1034 1467 1086 1497 ea,
1115 1457 1157 1489 ad
1185 1467 1276 1501 quae
1303 1467 1340 1490 se
1368 1455 1535 1497 extendit,
1563 1455 1782 1501 quicumque

223 1516 343 1542 autem
365 1509 473 1542 habet
497 1508 655 1554 aliquam
676 1509 857 1550 virtutem,
873 1517 957 1555 puta
975 1510 1264 1555 temperantiam,
1278 1509 1387 1542 habet
1407 1509 1522 1555 ipsam
1545 1516 1719 1555 quantum
1739 1507 1782 1541 ad

223 1561 357 1604 onmia,
380 1562 423 1595 ad
446 1573 536 1608 quae
559 1574 595 1596 se
617 1562 855 1607 temperantia
874 1562 1054 1596 extendit:
1082 1562 1178 1608 quod
1201 1562 1244 1596 de
1266 1562 1427 1604 scientia,
1450 1570 1484 1596 et
1506 1570 1580 1596 arte
1602 1573 1676 1596 non
1699 1572 1781 1596 con-

221 1615 342 1660 tingit,
369 1626 444 1649 non
467 1616 563 1649 enim
586 1616 804 1661 quicumque
839 1624 890 1649 est
925 1616 1194 1661 grammaticus,
1222 1616 1288 1650 scit
1314 1616 1449 1657 omnia,
1476 1626 1568 1661 quae
1596 1615 1640 1649 ad
1667 1626 1783 1661 gram-

222 1669 393 1702 maticam
414 1669 606 1714 pertinent,
630 1677 663 1703 et
688 1669 862 1703 sssczmdmn
890 1669 947 1703 hoc
975 1670 1048 1703 hana
1074 1669 1229 1704 dixerunt
1257 1669 1369 1710 Stoici,
1398 1677 1435 1703 ut
1462 1668 1669 1714 Simplicius
1697 1668 1783 1702 dicit

222 1722 257 1755 in
280 1730 476 1756 comment.
499 1722 722 1756 Praedicam.
748 1722 836 1768 (cap.
852 1722 887 1756 de
904 1723 1065 1767 Quam),
1089 1723 1184 1768 quod
1200 1724 1306 1756 virtus
1327 1734 1391 1756 aon
1409 1723 1525 1769 recipit
1544 1723 1661 1768 magis,
1680 1733 1780 1768 neque:

222 1777 340 1817 inimus,
364 1776 456 1809 sicut
475 1775 636 1817 scientia,
657 1775 715 1809 vel
737 1787 812 1818 ars;
836 1787 878 1809 eo
902 1776 998 1822 quod
1018 1776 1109 1809 ratio
1131 1775 1271 1809 virtutis
1295 1775 1460 1810 consistit
1479 1776 1516 1809 in
1538 1777 1710 1810 maximo.

293 1829 331 1862 Si
353 1840 439 1863 vero
463 1829 710 1863 consideretur
731 1829 843 1863 virtus
870 1841 911 1863 ex
938 1837 1037 1875 parte
1064 1829 1213 1874 subJecti
1238 1829 1496 1875 participantis,
1527 1829 1577 1863 sic
1607 1828 1784 1874 contingit

221 1882 390 1916 virtutem
413 1894 489 1916 esse
513 1884 701 1928 majorem,
723 1882 782 1916 vel
803 1883 996 1924 minorem,
1019 1883 1094 1917 sive
1109 1883 1309 1917 secundum
1331 1883 1471 1917 diversa
1485 1891 1651 1929 tempora
1669 1882 1705 1916 in
1727 1893 1785 1916 eo-

222 1937 316 1978 dem,
339 1938 413 1970 sive
435 1937 470 1970 in
494 1937 641 1970 diversis
662 1936 871 1970 hominibus
894 1936 976 1982 quia
999 1936 1042 1970 ad
1063 1936 1313 1981 attingendum
1334 1936 1496 1970 medium
1517 1937 1668 1978 virtutis,
1687 1935 1784 1982 quod

222 1998 276 2024 est
297 1990 497 2024 secundum
520 1991 699 2025 rationem
717 1998 866 2032 rectam,
889 2001 980 2024 unus
1003 1998 1055 2024 est
1076 1990 1206 2024 melius
1229 1990 1434 2036 dispositus,
1461 2001 1571 2036 quam
1598 1989 1700 2032 alius,
1725 1988 1785 2023 vel

222 2052 368 2090 propter
390 2045 567 2089 majorem
591 2044 869 2085 assuetudinem,
888 2043 944 2078 vel
961 2052 1107 2089 propter
1122 2043 1312 2077 meliorem
1332 2044 1607 2090 dispositionem
1621 2051 1783 2084 naturae,

221 2097 279 2131 vel
300 2106 445 2143 propter
467 2098 707 2144 perspicacius
725 2097 899 2143 judicium
924 2097 1083 2139 rationis,
1111 2105 1171 2131 aut
1197 2097 1306 2131 etiam
1333 2105 1478 2143 propter
1505 2098 1620 2142 majus
1648 2098 1782 2143 gratiae

223 2152 372 2193 donum,
395 2152 490 2197 quod
514 2151 707 2196 unicuique
731 2152 884 2185 donatur
905 2151 1079 2185 siwardum
1101 2162 1287 2185 mensuram
1308 2150 1495 2185 donationis
1520 2151 1656 2193 Christi,
1680 2158 1718 2184 ut
1737 2149 1784 2184 di—

224 2205 314 2238 citur
337 2206 379 2238 ad
403 2204 491 2250 Eph.
515 2214 566 2247 4.:
591 2213 624 2238 et
646 2205 681 2238 in
703 2204 774 2238 hoc
797 2204 1011 2239 deficiebant
1039 2204 1163 2246 Stoici,
1187 2204 1416 2238 aestimantes
1443 2203 1583 2238 nullum
1611 2215 1689 2238 esse
1715 2204 1784 2238 vir-

223 2264 351 2293 tuosum.
374 2258 579 2300 dicendum,
607 2259 672 2292 nisi
701 2259 761 2304 qui
783 2270 924 2292 summe
952 2257 1057 2292 fuerit
1084 2258 1276 2304 dispositus
1304 2258 1346 2292 ad
1373 2259 1558 2292 virtutem:
1585 2268 1659 2292 non
1687 2257 1783 2291 enim

223 2312 375 2355 exigitur
398 2312 440 2345 ad
464 2312 641 2345 rationem
663 2312 813 2353 virtutis,
837 2312 932 2358 quod
957 2312 1107 2357 attingat
1129 2320 1247 2345 rectae
1271 2311 1418 2345 rationis
1447 2311 1608 2345 medium
1635 2311 1670 2344 in
1698 2311 1785 2344 indi-

222 2365 352 2399 visibili
376 2365 483 2406 (sicut
507 2365 620 2398 Stoici
642 2365 829 2410 putabant)
853 2365 915 2399 sed
938 2364 1067 2398 sufficit
1089 2375 1200 2410 prope
1223 2365 1383 2398 medium
1406 2375 1495 2406 esse,
1510 2373 1547 2398 ut
1568 2364 1604 2398 in
1619 2374 1650 2398 2.
1667 2363 1782 2398 Ethic.

222 2420 313 2466 (cap.
334 2420 365 2453 6.
385 2424 457 2452 atili·
484 2419 584 2463 med.)
607 2418 753 2452 dicitur:
774 2419 869 2452 idem
893 2418 1000 2452 etiam
1024 2417 1238 2452 indivisibile
1262 2418 1406 2462 signum
1430 2429 1519 2452 unus
1535 2417 1782 2464 propinquius,

223 2481 257 2507 et
279 2472 478 2519 promptius
503 2471 654 2515 attingit,
677 2483 784 2517 quam
810 2471 916 2505 alius:
940 2473 1031 2505 sicut
1051 2472 1158 2505 etiam
1182 2479 1278 2518 patet
1299 2471 1334 2505 in
1353 2471 1622 2517 sagittatoribus
1642 2471 1783 2505 trahen-

222 2526 315 2560 tibus
339 2526 380 2559 ad
405 2533 540 2559 certum
563 2525 718 2568 signum.

294 2580 353 2614 AD
376 2590 523 2614 PRlMUM
547 2591 632 2623 ergo
657 2579 861 2620 dicendum,
877 2580 972 2625 quod
990 2578 1186 2625 aequalitas
1201 2578 1261 2612 illa
1280 2589 1353 2612 non
1372 2579 1492 2612 solum
1509 2586 1561 2613 est
1582 2578 1782 2613 secundum

224 2633 460 2679 quantitatem
484 2632 698 2673 absolutam,
721 2632 781 2666 sed
805 2633 913 2666 etiam
941 2633 1139 2666 secundum
1168 2632 1441 2678 proportionem
1469 2632 1701 2677 intelligenda
1722 2632 1782 2677 [al.

222 2687 306 2732 qumi
328 2687 466 2732 qualitas
489 2687 545 2720 fllia
567 2698 629 2719 1101!
653 2691 695 2720 cst
715 2686 887 2719 secundum
911 2688 1126 2730 quantitatem!
1151 2687 1331 2720 absolutum
1349 2685 1400 2720 scd
1418 2691 1459 2720 cs!
1473 2686 1681 2730 sechAumJ:
1702 2687 1783 2731 quia

223 2752 350 2774 omnes
372 2740 519 2774 virtutes
542 2739 857 2785 proportionaliter
872 2748 1036 2772 crescunt
1051 2739 1084 2772 in
1108 2739 1268 2779 homine,
1285 2747 1322 2773 ut
1340 2738 1430 2772 infra
1447 2739 1583 2773 dicetur
1597 2739 1678 2784 (art.
1693 2739 1782 2785 seq).

295 2794 352 2827 ΑΙ)
376 2804 580 2827 SECUNDUM
600 2792 805 2833 dicendum,
825 2793 920 2837 quod
945 2792 1029 2825 illud
1054 2793 1218 2834 ultimum,
1243 2792 1338 2838 quod
1362 2792 1514 2838 pertinet
1535 2792 1578 2826 ad
1601 2792 1782 2833 virtutem,

223 2855 339 2893 potest
362 2847 491 2880 habere
516 2847 691 2880 rationem
713 2847 827 2889 magis,
852 2845 907 2879 vel
932 2847 1037 2879 'nimis
1065 2846 1148 2879 boni
1177 2846 1375 2879 secundum
1403 2845 1605 2891 praedictos
1632 2845 1783 2886 modos;

224 2912 307 2934 cum
330 2912 402 2934 non
425 2900 466 2934 sit
491 2900 656 2935 ultimum
681 2898 905 2940 indivisibile,
930 2906 965 2932 ut
987 2899 1123 2932 dietum
1147 2907 1198 2933 est
1223 2900 1270 2942 (1'11
1293 2905 1382 2945 corp.
1404 2899 1499 2943 art).
