1907 3198
541 181 766 219 QUAESTIO
799 181 918 212 LXXI.
952 182 1200 214 ARTICULUS
1233 182 1261 212 1.
1594 184 1649 227 49
1656 184 1678 226 5

599 412 958 474 QUAESTIO
1000 412 1186 461 LXXI.

375 537 438 569 DF
475 538 632 577 VITIIS,
673 538 734 570 ET
772 538 997 571 PECCATIS
1035 538 1299 571 SECUNDUM
1339 536 1407 576 SE,

559 611 612 642 IN
638 610 727 643 SEX
751 610 1018 643 ARTICULOS
1044 610 1222 643 DIVISA.

173 750 454 798 Consequenter
479 751 788 787 considerandum
816 760 871 787 est
900 751 944 787 de
973 752 1082 795 vitiis,
1112 760 1149 787 et
1174 752 1344 799 peccatis.
1378 751 1488 787 Circa
1515 763 1607 799 quae
1628 763 1683 787 sex

102 805 367 841 consideranda
386 814 601 841 occurrunt:
620 807 735 854 primo
756 797 907 854 quidem
928 806 1003 841 de
994 806 1081 853 ipsis
1103 806 1212 849 vitiis,
1234 814 1271 841 et
1291 806 1451 853 peccatis
1478 805 1683 841 secundum

101 870 157 895 se·
176 859 318 896 secundo
335 859 380 895 de
398 860 631 896 distinctione
652 872 802 897 eorum:
825 862 922 896 tertio
937 861 982 895 de
997 861 1276 908 comparatione
1295 871 1425 895 eorum
1444 860 1682 895 adinvicem:

100 919 220 962 quarto
241 914 287 949 de
307 914 472 962 subjecto
493 915 653 962 peccati:
676 917 790 962 quinto
811 915 856 950 de
878 926 989 950 causa
1011 915 1107 962 ejus:
1129 920 1216 951 sexto
1239 915 1283 950 de
1306 914 1468 950 effectu
1458 915 1584 963 ipsius.

596 1003 700 1040 Circa
717 1005 871 1052 primum
892 1010 1103 1052 quaeruntur
1122 1017 1187 1041 sex.

173 1075 311 1110 Primo.
333 1075 467 1110 Utrum
488 1076 619 1111 vitium
641 1077 882 1112 contrarietur
902 1077 1037 1112 virtuti.

175 1129 358 1166 Secundo.
381 1130 514 1165 Utrum
535 1131 665 1166 vitium
683 1131 730 1166 sit
750 1140 878 1166 contra
899 1140 1080 1166 naturam.

175 1183 315 1220 Tertio.
338 1183 439 1226 Quid
459 1185 506 1220 sit
524 1187 638 1232 pejus,
660 1194 782 1220 utrum
802 1187 945 1229 vitium,
967 1185 1026 1221 vel
1049 1194 1151 1221 actus
1171 1186 1337 1221 vitiosus.

176 1237 330 1280 Quarto.
349 1238 482 1274 Utrum
505 1248 606 1274 actus
627 1240 780 1275 vitiosus
802 1240 917 1287 possit
938 1251 1017 1276 esse
1039 1240 1150 1275 simul
1173 1252 1259 1275 cum
1280 1242 1423 1276 virtute.

175 1291 328 1335 Quinto.
349 1292 482 1328 Utrum
503 1293 541 1328 in
563 1294 666 1328 omni
686 1303 841 1340 peccato
864 1295 910 1329 sit
931 1294 1062 1341 aliquis
1086 1302 1199 1329 actus.

174 1345 297 1382 Sexto.
322 1346 380 1382 De
405 1346 617 1382 definitione
643 1348 796 1394 peccati,
831 1359 943 1395 quam
970 1348 1199 1395 Augustinus
1233 1349 1337 1395 ponit
1370 1348 1430 1383 lib.
1465 1358 1520 1383 22.
1553 1357 1681 1383 contra

102 1399 297 1436 Faustum:
311 1401 488 1437 Peccatum
504 1407 550 1437 est
565 1401 704 1446 dictum,
718 1403 772 1438 vel
781 1402 928 1449 sactum,
943 1402 996 1438 vel
1013 1404 1225 1450 concupitum
1244 1409 1363 1439 contra
1380 1403 1482 1450 legem
1500 1408 1680 1438 aeternam.

678 1546 1028 1593 ARTICULUS
1064 1548 1098 1591 I.
1613 1571 1679 1607 372

420 1657 577 1688 UTRUM
602 1658 763 1688 VITIUM
790 1658 1135 1689 CONTRARIETUR
1160 1658 1359 1689 VIRTUTI.

140 1745 254 1794 (Supr.
267 1757 300 1793 q.
313 1745 373 1782 66.
385 1751 452 1782 art.
466 1759 494 1782 ι.
509 1745 553 1781 ad
564 1758 596 1782 2.
611 1752 643 1782 et
662 1747 749 1782 Veri.
764 1759 795 1794 q.
810 1758 861 1792 14.
877 1752 941 1782 art.
959 1747 991 1783 6.
1008 1747 1051 1782 ad
1063 1759 1094 1783 2.
1111 1752 1139 1782 et
1159 1748 1244 1783 Virt.
1260 1759 1290 1794 q.
1306 1760 1334 1783 Ι.
1349 1752 1413 1782 art.
1429 1759 1457 1783 1.
1472 1747 1516 1782 ad
1528 1760 1556 1783 Ι.
1571 1752 1601 1783 et
1614 1759 1643 1794 5.

699 1813 730 1848 q.
753 1813 781 1837 1.
804 1806 868 1836 art.
891 1813 935 1848 13.
958 1802 1079 1848 corp).

167 1889 230 1925 AD
251 1900 403 1926 PRIMUM
424 1890 476 1925 sic
497 1891 718 1937 proceditur.
741 1891 907 1934 Videtur,
926 1892 1024 1938 quod
1043 1892 1172 1927 vitium
1187 1903 1262 1927 non
1278 1893 1520 1927 contrarietur
1537 1893 1679 1928 virtuti:

95 1943 159 1979 uni
179 1944 279 1980 enim
298 1955 413 1979 unum
436 1952 491 1980 est
511 1945 747 1988 contrarium,
770 1954 809 1980 ut
829 1946 1003 1992 probatur
1024 1947 1061 1980 in
1088 1957 1138 1982 10.
1162 1947 1369 1994 Metaphys.
1394 1948 1472 1992 (tex.
1492 1949 1558 1994 17.)
1573 1961 1583 1982 .·
1612 1948 1676 1982 sed

95 1998 219 2034 virmti
238 1999 506 2034 contrariantur
525 2009 731 2047 peccatum,
753 2008 787 2035 et
809 2000 968 2043 malitia;
990 2012 1066 2035 non
1093 2012 1182 2047 ergo
1210 2002 1452 2036 contrariatur
1474 2002 1506 2037 ei
1528 2002 1680 2045 vitium;

96 2054 181 2101 quia
199 2053 330 2088 vitium
349 2054 492 2096 dicitur,
513 2054 658 2090 etiamsi
677 2055 724 2090 sit
745 2054 905 2090 indebita
926 2055 1116 2102 dispositio
1139 2056 1392 2091 membrorum
1415 2056 1679 2103 corporalium,

95 2106 156 2143 vel
175 2118 490 2155 quarumcumque
511 2119 645 2143 rerum.

168 2171 202 2196 2.
221 2161 461 2198 PRAETEREA.
482 2161 606 2198 Virtus
628 2163 797 2198 nominat
817 2163 1016 2224 quamdam
1038 2163 1302 2225 perfectionem
1324 2165 1527 2211 potentiae:
1551 2164 1614 2200 sed
1632 2165 1681 2199 vi·

95 2215 189 2251 tium
212 2215 305 2251 nihil
329 2216 499 2252 nominat
524 2217 569 2252 ad
594 2218 799 2264 potentiam
822 2213 1027 2265 pertinens;
1061 2230 1150 2265 ergo
1177 2219 1307 2254 vitium
1333 2230 1409 2254 non
1440 2219 1681 2254 contrariatur

94 2269 229 2306 virtuti.

168 2336 201 2372 3.
220 2324 460 2362 PRAETEREA.
484 2325 629 2361 Tullius
650 2326 766 2361 dicit
758 2339 794 2361 m
812 2337 845 2370 4.
862 2327 906 2362 de
927 2326 1079 2362 Tuscul.
1097 2326 1187 2369 QQ.
1203 2328 1342 2375 (parum
1366 2333 1441 2363 ante
1461 2327 1561 2373 rncd.)
1581 2328 1679 2375 quod

94 2379 203 2416 virtus
234 2385 278 2416 est
303 2380 467 2428 quaedam
492 2382 618 2416 sanitas
644 2382 801 2416 animae:
835 2381 982 2416 sanitati
1008 2390 1132 2417 autem
1163 2382 1361 2429 opponitur
1391 2382 1593 2429 aegritudo,
1621 2382 1681 2417 vel

44 2430 45 2435 ¹
95 2432 245 2469 morbus
264 2434 395 2481 magis,
416 2445 528 2482 quam
549 2435 698 2478 vitium;
717 2446 806 2482 ergo
827 2436 952 2471 virtuti
973 2447 1049 2471 non
1073 2436 1314 2471 contrariatur
1336 2436 1477 2471 vitium.

167 2485 242 2523 SED
261 2497 418 2524 CONTRA
433 2496 498 2531 est,
516 2489 615 2536 quod
630 2489 718 2524 dicit
732 2489 886 2536 August.
903 2489 938 2524 in
953 2490 1047 2525 libro
1062 2490 1106 2525 de
1121 2489 1353 2525 perfectione
1364 2490 1529 2536 Justitiae
1543 2492 1631 2538 (cap.
1646 2502 1678 2526 2.

95 2541 175 2577 circ.
186 2541 271 2589 fin.)
289 2542 388 2589 quod
408 2543 532 2577 vitium
553 2548 596 2578 est
617 2543 771 2590 qualitas,
793 2543 969 2578 secundum
990 2556 1090 2591 quam
1113 2545 1222 2579 malus
1242 2550 1288 2579 cst
1308 2546 1463 2579 animus:
1486 2545 1598 2579 virtus
1621 2556 1680 2579 au·

93 2600 170 2630 tem
190 2603 246 2631 est
265 2595 433 2643 qualitas,
455 2608 548 2644 quae
574 2597 661 2642 facit
686 2598 809 2632 bouum
834 2598 1019 2641 habentem,
1047 2607 1086 2633 ut
1107 2610 1149 2633 ex
1177 2610 1285 2646 supra
1311 2599 1416 2634 dictis
1443 2607 1541 2646 patet
1568 2604 1614 2646 (q.
1632 2611 1677 2646 55.

94 2653 169 2685 art„
175 2661 206 2697 3.
225 2654 256 2686 ct
270 2651 320 2697 4.)
330 2663 344 2692 ,·
367 2661 456 2698 ergo
476 2651 608 2686 vitium
631 2653 873 2688 contrariatur
894 2653 1030 2688 virtuti.

165 2702 397 2740 RESPONDEO
424 2705 633 2748 dicendum,
663 2706 761 2753 quod
789 2707 886 2742 circa
911 2707 1083 2742 virtutem
1110 2707 1174 2742 duo
1202 2718 1398 2754 possumus
1427 2707 1677 2750 considerare;

48 2752 49 2755 ¹
94 2755 235 2793 scilicet
253 2757 372 2806 ipsam
392 2760 561 2794 essentiam
583 2760 736 2802 virtutis,
759 2768 794 2795 et
816 2760 861 2802 id,
881 2761 925 2795 ad
948 2761 1046 2808 quod
1069 2770 1123 2796 est
1144 2762 1267 2796 virtus.
1288 2761 1327 2795 In
1350 2762 1506 2796 essentia
1528 2761 1674 2808 quidem

93 2809 236 2847 virtutis
264 2811 401 2860 aliquid
429 2813 653 2849 considerari
674 2822 795 2861 potest
823 2814 957 2858 directe,
990 2824 1025 2850 et
1055 2815 1189 2862 aliquid
1221 2827 1263 2850 ex
1294 2818 1510 2862 consequents'.
1541 2816 1676 2851 Direclc

95 2863 245 2912 quidem
276 2865 390 2902 virtus
421 2866 598 2915 importat
629 2868 910 2916 dispositionem
941 2870 1141 2916 quamdam
1169 2869 1322 2916 alicujus
1350 2869 1611 2904 convenienter
1637 2881 1675 2905 se

94 2916 246 2956 habenti
275 2920 477 2956 secundum
509 2921 664 2957 modum
699 2933 786 2958 suae
812 2931 983 2967 naturae3
1010 2923 1105 2959 unde
1131 2923 1269 2959 Philos.
1297 2924 1385 2959 dicit
1410 2925 1445 2959 in
1469 2935 1501 2970 7.
1527 2923 1674 2971 Physic.
