1907 3198
6 1190 26 1262 *g*

503 179 728 217 QUAESTIO
762 179 896 210 xcvu.
930 179 1177 210 ARTICULUS
1211 178 1238 208 Ι.
1574 169 1654 223 691

80 263 308 301 instituentes
329 261 462 309 aliqua,
476 272 569 308 quae
583 261 619 295 in
639 261 869 307 paucioribus
889 260 1044 296 deficere
1067 268 1219 308 possunt
1234 271 1252 293 a
1273 260 1462 294 communi
1486 259 1658 302 utilitate3

23 332 25 339 ¹
81 328 126 355 ex
145 324 247 365 parte
266 326 356 351 vero
376 315 585 358 hominum,
607 326 764 362 quorum
787 322 889 349 actus
911 313 992 360 lege
1014 313 1236 360 regulantur‚
1252 313 1310 348 lex
1329 322 1427 349 recte
1448 312 1581 348 mutari
1600 324 1662 360 po-

78 379 151 408 test
169 377 317 418 propter
337 368 580 404 mutationem
603 368 857 404 conditionum
881 368 1089 410 hominum,
1111 368 1240 415 quibus
1269 368 1471 402 secundum
1499 367 1658 402 diversas

81 435 212 461 eorum
243 422 474 458 conditiones
501 422 642 457 diversa
669 421 882 468 expediunt:
906 421 998 456 sicut
1018 421 1245 468 Augustinus
1265 421 1366 468 ponit
1388 421 1598 468 exemplum
1624 421 1660 455 in

85 488 115 515 ι.
135 476 181 513 de
199 476 277 512 Lib.
295 475 429 512 Arbitr.
457 475 545 523 (cap.
573 476 606 511 6.
629 487 650 510 a
666 476 808 523 princ),
836 475 933 522 quod
957 476 985 510 si
1012 475 1168 522 populus
1195 475 1241 510 sit
1260 475 1352 510 bene
1381 475 1604 517 moderatus,
1627 482 1662 509 et

81 530 215 580 gavia,
241 529 522 576 communisque
549 528 711 564 utilitatis
742 528 1042 574 diligentissimus
1069 536 1204 571 custos,
1233 537 1330 563 recte
1360 528 1418 563 lex
1447 527 1569 571 fertur,
1591 539 1661 575 qua

79 583 147 621 tali
165 582 303 632 populo
323 582 433 618 liceat
453 593 578 617 creare
600 582 667 616 sibi
688 583 933 628 magistratus,
955 594 1019 628 per
1040 594 1133 629 quos
1155 582 1358 629 respublica
1380 582 1660 616 administretur.

81 637 199 674 Porro
220 638 250 672 si
269 634 446 684 paulatim
468 635 566 670 idem
588 634 744 682 populus
765 635 981 682 depravatus
1003 636 1136 671 habeat
1157 635 1286 671 venale
1308 635 1535 682 suffragium,
1557 645 1592 670 et
1611 646 1664 670 re-

82 690 208 739 gimen
227 688 430 737 flagitiosis,
451 688 710 735 sceleratisque
732 689 952 731 committat,
979 698 1076 724 recte
1107 690 1277 724 adimitur
1303 690 1440 737 populo
1463 689 1543 724 talis
1565 697 1664 736 pote-

82 752 156 782 stas
176 743 286 780 dandi
306 743 479 786 honores,
501 750 536 777 et
557 742 601 777 ad
624 753 827 790 paucorum
848 743 1031 777 bonorum
1054 743 1145 778 redit
1166 743 1364 778 arbitrium.

154 797 216 834 An
235 806 388 834 Pantuu
409 806 498 844 ergo
515 795 724 839 dicendum,
745 796 842 842 quod
865 796 1039 832 naturalis
1061 796 1119 832 lex
1147 804 1200 832 est
1226 797 1454 844 participatio
1481 796 1662 844 quaedam

83 851 175 899 legis
193 858 373 894 aeternae,
394 858 434 886 ut
459 861 567 896 supra
594 849 732 884 dictum
760 858 813 885 est
837 849 882 897 (q.
905 862 953 897 93.
976 856 1042 886 art.
1061 851 1108 897 3.)
1121 863 1133 891 ,·
1157 859 1192 885 et
1218 851 1302 886 ideo
1322 850 1521 886 immobilis
1548 861 1665 897 perse-

83 912 204 943 verat:
224 904 324 952 quod
343 904 455 940 habet
475 915 519 939 ex
533 903 803 946 immobilitate,
823 912 858 939 et
879 904 1102 951 perfectione
1122 905 1266 940 divinae
1281 905 1431 940 rationis
1445 904 1663 956 instituentis

82 967 268 996 naturam:
289 958 354 994 sed
375 959 468 993 ratio
489 958 652 992 humana
675 958 859 993 mutabilis
882 967 947 1001 est,
971 967 1005 993 et
1027 958 1257 1006 imperfecta:
1278 967 1312 994 et
1327 959 1409 994 ideo
1425 960 1501 1005 ejus
1515 959 1574 994 lex
1588 970 1664 993 mu-

82 1012 203 1050 tabilis
223 1020 295 1048 est:
317 1020 354 1048 et
373 1020 561 1060 praeterea
582 1011 639 1046 lex
653 1011 828 1046 naturalis
843 1013 1007 1047 continet
1021 1013 1201 1059 quaedam
1223 1013 1439 1048 universalia
1458 1020 1663 1060 praecepta,

84 1078 178 1116 quae
196 1077 342 1114 semper
361 1074 528 1101 manent:
551 1065 610 1101 lex
631 1077 719 1100 vero
738 1067 855 1112 posita
871 1067 913 1101 ab
928 1066 1080 1102 homine
1101 1067 1263 1101 continet
1277 1074 1468 1114 praecepta
1483 1066 1663 1113 quaedam

84 1120 316 1170 particularia
337 1119 540 1155 secundum
562 1119 726 1154 diversos
749 1130 865 1162 casus,
884 1120 945 1167 qui
967 1128 1171 1166 emergunt.

156 1174 218 1210 AD
239 1183 449 1210 SECUNDUM
467 1173 675 1215 dicendum,
695 1173 791 1220 quod
815 1185 984 1208 mensura
1006 1174 1112 1208 debet
1134 1185 1212 1209 esse
1234 1185 1464 1220 permanens,
1486 1182 1663 1220 quantum

85 1236 141 1264 est
161 1226 352 1274 possibile:
374 1226 438 1262 sed
460 1226 495 1261 in
518 1226 624 1261 rebus
647 1226 880 1262 mutabilibus
907 1238 981 1261 non
1009 1234 1127 1274 potest
1154 1239 1232 1262 esse
1259 1227 1393 1274 aliquid
1421 1228 1574 1262 omnino
1600 1228 1666 1262 im·

87 1279 308 1317 mutabiliter
339 1291 576 1328 permanens:
604 1287 639 1314 et
666 1279 748 1314 ideo
775 1279 833 1315 lex
860 1280 1023 1314 humana
1051 1291 1126 1315 non
1154 1289 1272 1327 potest
1299 1292 1377 1316 esse
1413 1282 1566 1316 omnino
1600 1282 1666 1316 im-

87 1333 283 1370 mutabilis.

158 1387 221 1424 An
238 1396 412 1423 mrum
425 1385 634 1429 dicendum,
649 1386 746 1433 quod
761 1391 886 1422 rectum
900 1387 937 1421 in
951 1387 1058 1422 rebus
1072 1388 1323 1434 corporalibus
1338 1388 1468 1423 dicitur
1482 1388 1663 1423 absolute:

87 1448 124 1476 et
142 1440 228 1476 ideo
249 1451 407 1488 semper,
429 1447 605 1486 quantum
627 1447 681 1475 est
701 1439 745 1474 de
767 1451 816 1482 se,
839 1448 963 1475 manet
981 1449 1141 1476 rectum:
1158 1442 1220 1476 sed
1236 1442 1414 1476 rectitudo
1429 1442 1519 1489 legis
1534 1442 1663 1476 dicitur

88 1495 125 1530 in
138 1493 266 1530 ordine
281 1493 326 1529 ad
341 1492 534 1529 utilitatem
548 1504 799 1536 communem,
814 1494 873 1528 cui
887 1505 962 1529 non
973 1505 1118 1541 semper
1128 1496 1425 1542 proportionatur
1436 1508 1507 1530 una
1522 1496 1665 1531 eadem-

85 1558 156 1596 que
177 1558 247 1591 res,
266 1547 362 1584 sicut
381 1558 487 1595 supra
509 1546 647 1582 dictum
668 1555 722 1582 est
741 1547 791 1592 (in
813 1549 943 1595 corp.),·
967 1556 1001 1583 et
1022 1548 1106 1583 ideo
1128 1548 1210 1584 talis
1232 1550 1410 1584 rectitudo
1434 1559 1604 1584 mutatur.

661 1713 1010 1759 ARTICULUS
1038 1716 1094 1759 11.
1598 1740 1660 1774 515

331 1822 487 1854 UTRUM
526 1822 612 1853 LEX
650 1822 837 1854 HUMANA
874 1824 1038 1855 SEMPER
1078 1825 1146 1854 SIT
1186 1825 1420 1865 MCTANDA,

455 1888 644 1925 QUANDO
672 1889 896 1920 OCCURRIT
919 1890 1104 1927 ALIQUID
1129 1891 1303 1921 MELIUS.

159 1983 221 2018 AD
242 1991 451 2018 SECUNDUM
473 1982 524 2018 sic
547 1983 764 2030 proceditur.
787 1983 951 2026 Videtur,
970 1985 1067 2031 quod
1087 1996 1232 2032 semper
1250 1985 1308 2020 lex
1330 1985 1503 2027 humana,
1519 1986 1665 2032 quando

88 2034 224 2083 aliquid
244 2035 377 2071 melius
397 2036 567 2079 occurrit,
593 2037 639 2072 sit
665 2038 856 2073 mutanda:
883 2037 984 2084 leges
1014 2039 1112 2073 enim
1134 2038 1318 2074 humanae
1345 2047 1429 2074 sunt
1451 2039 1665 2074 adinventae

87 2100 151 2138 per
170 2089 353 2126 rationem
370 2089 585 2133 humanam,
607 2090 701 2126 sicut
721 2091 833 2126 etiam
855 2091 947 2127 aliae
970 2101 1085 2128 artes:
1107 2093 1170 2128 sed
1192 2093 1229 2127 in
1252 2093 1331 2128 aliis
1353 2093 1487 2128 artibus
1507 2101 1666 2128 mutatur

88 2142 137 2186 id,
157 2142 256 2190 quod
276 2143 374 2191 prius
394 2143 597 2186 tenebatur,
619 2144 648 2180 si
671 2144 806 2191 aliquid
829 2145 959 2181 melius
981 2155 1167 2189 occurrat;
1190 2158 1278 2193 ergo
1302 2147 1398 2182 idem
1418 2156 1472 2182 est
1490 2147 1600 2182 etiam
1620 2146 1666 2182 fa-

88 2195 260 2232 ciendum
280 2196 318 2232 in
338 2195 480 2244 legibus
501 2197 683 2233 humanis.

161 2259 194 2286 2.
215 2249 455 2286 PRAETEREA.
474 2250 526 2286 Ex
544 2251 601 2286 his
614 2263 706 2299 quae
722 2252 914 2299 praeterita
933 2262 1027 2296 sunt,
1042 2254 1232 2301 providere
1247 2265 1442 2301 possumus
1458 2255 1501 2289 de
1517 2253 1663 2290 suturis:

88 2302 152 2339 sed
172 2303 243 2339 nisi
262 2302 365 2351 leges
390 2303 574 2340 humanae
602 2313 762 2340 mutatae
790 2305 940 2342 fuissent
967 2307 1304 2354 supervenientibus
1331 2308 1543 2343 melioribus
1571 2309 1667 2343 adin-

88 2356 335 2400 ventionibus,
355 2356 472 2393 multa
497 2358 791 2394 inconvenientia
818 2369 1070 2407 sequerentur:
1099 2372 1144 2396 eo
1171 2362 1268 2408 quod
1295 2361 1396 2407 leges
1423 2362 1590 2408 antiquae
1618 2363 1667 2397 in-

88 2409 284 2446 veniuntur
303 2409 438 2447 multas
454 2411 628 2446 ruditates
647 2413 856 2456 continere;
875 2425 964 2460 ergo
978 2414 1131 2457 videtur,
1146 2415 1243 2461 quod
1259 2414 1358 2461 leges
1373 2415 1443 2450 sint
1458 2416 1666 2458 mutandae,

89 2463 392 2512 quotiescumque
414 2464 549 2512 aliquid
571 2465 701 2500 melius
721 2466 879 2502 occurrit
896 2467 1141 2503 statuendum.

113 2536 126 2546 =
165 2516 444 2564 &praeratum
460 2518 578 2566 Leges
588 2519 772 2554 humanae
784 2520 879 2555 circa
899 2530 1002 2556 actus
1021 2521 1223 2567 singulares
1235 2522 1428 2557 hominum
1445 2531 1665 2558 statuuntur:

89 2568 129 2605 in
159 2569 403 2618 singularibus
428 2580 551 2607 autem
578 2571 774 2619 perfectam
803 2574 1052 2620 cognitionem
1081 2576 1231 2622 adipisci
1258 2588 1331 2611 non
1365 2588 1571 2623 possumus,
1598 2577 1666 2611 nisi

89 2632 155 2671 per
173 2623 448 2671 experientiam,
469 2636 561 2672 quae
582 2633 748 2673 tempore
771 2627 919 2674 indiget,
942 2637 979 2663 ut
1000 2628 1130 2664 dicitur
1145 2630 1180 2664 in
1198 2639 1228 2664 2.
1245 2629 1359 2665 Ethic.
1377 2631 1551 2678 (inprinc.
1570 2631 1664 2675 liin),-

91 2686 180 2724 ergo
201 2676 354 2722 videtur,
375 2678 472 2726 quod
494 2690 558 2727 per
583 2680 855 2716 successionem
881 2683 1057 2729 temporis
1086 2684 1199 2730 possit
1227 2683 1361 2730 aliquid
1390 2684 1520 2719 melius
1542 2696 1667 2720 occur-

89 2739 172 2766 rere
190 2731 436 2767 statuendum.

163 2781 241 2820 Seu
261 2793 419 2821 coum
439 2793 505 2830 est,
526 2787 623 2834 quod
643 2787 773 2822 dicitur
795 2787 829 2822 in
852 2788 1017 2824 Decretis
1040 2789 1119 2824 dist.
1147 2800 1198 2825 12.
1220 2790 1306 2838 (cap.
1323 2793 1387 2837 5.):
1406 2791 1593 2827 Ridiculum
1609 2798 1666 2835 est,

91 2839 123 2873 ae
138 2837 216 2874 satis
235 2836 458 2876 abominabile
477 2839 622 2883 dedecus,
643 2846 680 2877 ue
701 2841 905 2885 traditiones,
925 2855 1006 2890 quas
1033 2845 1215 2890 antiquitus
1237 2856 1255 2878 ιι
1276 2844 1435 2880 Patribus
1455 2847 1664 2894 suscepimus,

91 2889 236 2939 infringi
250 2893 440 2940 patiamur.
