1907 3198
485 159 710 195 QUAESTIO
744 159 847 189 XXV.
881 159 1130 190 ARTICULUS
1164 159 1221 190 IV.
1563 161 1646 204 205

59 242 130 277 sint
151 240 301 276 ultimae
323 242 511 288 passiones
533 241 758 288 simpliciter,
779 250 904 276 tamen
927 250 1011 276 sunt
1032 241 1183 276 ultimae
1210 241 1247 275 in
1275 253 1408 287 genere
1436 243 1650 289 passionum

58 295 285 331 tendentium
306 295 343 329 in
366 294 475 337 aliud,
498 296 602 342 quasi
627 295 664 329 in
690 295 868 330 futurum:
892 307 959 330 nec
986 303 1107 342 potest
1129 307 1208 330 esse
1232 295 1405 330 instantia
1426 296 1497 331 nisi
1519 297 1563 331 de
1586 298 1650 339 ira,

59 360 152 396 quae
180 357 305 384 tamen
338 360 413 383 non
444 357 564 395 potest
596 349 685 396 poni
717 349 928 396 principalis
950 350 1094 396 passio3
1122 350 1207 396 quia
1238 358 1291 384 est
1321 350 1471 396 quidam
1500 349 1651 386 effectus

6 400 17 410 ⁶
59 403 245 446 audaciae,
279 414 372 449 quae
399 414 475 437 non
502 411 622 449 potest
649 414 726 438 esse
753 403 874 450 passio
909 403 1132 450 principalis,
1167 412 1206 438 ut
1239 403 1333 438 infra
1361 404 1501 438 dicetur
1529 404 1573 451 (q.
1601 417 1654 451 45,

60 461 126 492 art.
141 468 172 492 2.
195 457 238 492 ad
254 457 314 504 3.).

129 510 190 545 AD
213 521 387 546 TERTmM
406 510 615 554 dicendum,
635 511 732 557 quod
756 511 960 557 desperatio
983 511 1158 558 importat
1180 522 1368 546 recessum
1385 523 1404 546 a
1419 512 1531 555 bono,
1551 513 1649 559 quod

59 571 113 599 est
133 565 236 610 quasi
258 575 321 611 per
343 564 531 599 accidens:
555 573 591 599 et
613 564 765 599 audacia
784 565 959 611 importat
977 576 1168 600 accessum
1189 565 1233 599 ad
1253 565 1406 607 malum,
1422 566 1520 612 quod
1540 566 1651 601 etiarn

58 625 112 653 est
132 629 196 665 per
215 618 403 652 accidens:
423 617 508 653 ideo
528 618 597 653 hae
612 619 801 665 passiones
816 630 890 653 non
906 627 1059 665 possunt
1081 630 1160 653 esse
1184 619 1425 666 principale53
1449 620 1533 666 quia
1552 620 1650 667 quod

58 679 112 707 est
132 683 196 718 per
217 671 387 706 accidens
413 683 488 706 non
516 680 636 719 potest
657 672 729 706 dici
751 672 969 719 principale:
994 681 1029 708 et
1050 673 1100 708 sic
1125 673 1236 708 etiam
1263 684 1330 708 nec
1358 673 1411 707 ira
1438 682 1558 720 potest
1579 674 1651 708 dici

58 726 179 772 passio
201 725 422 773 principalis,
444 738 537 773 quac
561 726 797 773 consequitur
815 727 1019 761 audaciam.

553 1034 916 1097 QUAESTIO
963 1034 1156 1082 XXVI.

58 1160 123 1192 DE
161 1159 470 1193 PASSIONIBUS
508 1160 700 1192 ANIMAE
740 1160 792 1191 IN
831 1159 1059 1199 SPECIALI,
1089 1160 1149 1191 ET
1175 1158 1325 1191 PRIMO
1365 1159 1429 1190 DE
1460 1158 1646 1194 AMORE.

435 1232 488 1263 IN
527 1231 761 1272 QUATUOR
800 1231 1067 1264 ARTICULOS
1106 1231 1284 1263 DIVISA.

130 1374 411 1421 Consequenter
437 1373 746 1409 considerandum
774 1381 828 1408 est
854 1373 898 1408 de
924 1373 1156 1421 passionibus
1185 1373 1330 1408 animae
1357 1372 1394 1407 in
1416 1371 1578 1419 speciali.
1607 1372 1652 1407 Et

51 1429 165 1477 primo
193 1429 238 1464 de
258 1428 490 1476 passionibus
513 1427 829 1476 concupiscibilis:
850 1427 991 1463 secundo
1014 1427 1057 1462 de
1080 1427 1310 1475 passionibus
1332 1426 1536 1461 irascibilis.

130 1483 251 1518 Prima
273 1482 520 1517 consideratio
543 1482 611 1518 erit
632 1483 826 1529 tripartita:
848 1493 955 1516 nam:
971 1483 1088 1529 primo
1113 1481 1426 1517 considerabimus
1446 1481 1489 1516 de
1512 1492 1652 1522 amore,

59 1545 94 1573 et
115 1537 218 1572 odio:
240 1536 378 1572 secundo
398 1537 442 1571 de
465 1536 776 1583 concupiscentia,
799 1543 834 1571 et
852 1535 958 1583 fuga:
981 1537 1078 1572 tertio
1102 1536 1145 1570 de
1165 1535 1424 1578 delectatione,
1444 1543 1479 1570 et
1496 1535 1650 1570 tristitia.

489 1627 594 1663 Circa
614 1639 765 1664 amorem
787 1627 1028 1664 consideranda
1048 1633 1123 1663 sunt
1145 1629 1226 1664 tria.

129 1700 268 1735 Primo.
290 1700 349 1735 De
370 1699 449 1747 ipso
474 1711 612 1735 amore.

131 1753 315 1789 Secundo.
337 1754 395 1788 De
417 1765 528 1789 causa
550 1754 698 1789 amoris.

132 1806 273 1843 Tertio.
295 1808 352 1843 De
375 1807 563 1843 effectibus
587 1809 675 1854 ejus.

512 1898 615 1934 Circa
631 1899 786 1945 primum
813 1903 1022 1944 quaeruntur
1044 1903 1200 1944 quatuor.

131 1969 269 2004 Primo.
293 1969 428 2004 Utrum
450 1981 556 2004 amor
577 1970 623 2005 sit
642 1970 679 2004 in
703 1969 991 2017 concupiscibili.

133 2023 318 2058 Secundo.
341 2024 474 2058 Utrum
498 2035 603 2059 amor
624 2024 669 2059 sit
694 2024 828 2071 passio.

134 2076 274 2112 Tertio.
297 2077 432 2112 Utrum
455 2090 561 2113 amor
582 2079 627 2113 sit
647 2078 758 2121 idem,
782 2079 879 2125 quod
903 2078 1062 2113 dilectio.

135 2131 291 2174 Quarto.
315 2132 449 2168 Utrum
471 2144 578 2168 amor
605 2133 867 2168 convenienter
893 2133 1074 2168 dividatur
1099 2133 1136 2167 in
1160 2144 1328 2168 amorem
1355 2134 1536 2177 amicitiae,
1559 2142 1594 2169 et
1615 2133 1652 2168 in

63 2197 229 2222 amorem
250 2188 545 2235 concupiscentiae.

641 2330 993 2376 ARTICULUS
1022 2331 1055 2374 Ι.
1589 2353 1654 2388 150

419 2441 576 2471 UTRUM
598 2440 721 2470 AMOR
750 2441 817 2470 srr
846 2440 890 2470 IN
915 2440 1286 2471 coNCUPIsetssrLt.

96 2529 202 2576 (Infr.
225 2534 292 2565 art.
307 2541 338 2565 2.
361 2529 404 2564 ad
425 2541 455 2565 2.
478 2535 546 2576 et3.
567 2529 655 2564 Dist.
671 2529 726 2564 26.
742 2541 772 2576 q.
792 2541 822 2564 2.
846 2534 912 2564 art.
927 2541 958 2564 2.
974 2535 1064 2575 corp.
1079 2529 1143 2575 fin.
1166 2534 1196 2563 et
1218 2529 1306 2563 Disl.
1330 2540 1383 2574 27.
1407 2541 1436 2574 q.
1458 2541 1483 2563 Ι.
1508 2534 1573 2563 art.
1597 2540 1627 2563 2.

353 2589 383 2619 ct
410 2584 496 2620 Mal.
522 2595 552 2630 q.
575 2584 607 2619 8.
629 2589 696 2618 art.
715 2595 743 2630 3.
766 2583 808 2618 ad
827 2583 860 2618 6.
883 2588 911 2618 et
933 2595 961 2630 3.
991 2583 1027 2618 de:
1046 2583 1165 2617 Animi.
1193 2583 1263 2617 lact.
1291 2583 1354 2628 4.)-

136 2674 197 2709 AD
223 2684 375 2710 PRIMUM
394 2674 444 2708 sic
468 2674 687 2720 proceditur.
702 2673 867 2716 Videtur,
887 2674 984 2720 quod
1013 2684 1118 2707 amor
1139 2684 1213 2707 non
1237 2673 1281 2707 sit
1304 2673 1339 2706 in
1359 2672 1652 2719 concupiscibili:

67 2728 196 2763 dicitur
218 2729 315 2763 enirn
339 2728 422 2775 Sap.
451 2727 502 2762 8.:
526 2728 640 2771 Hunc,
668 2727 807 2763 scilicet
833 2728 1064 2774 sapientiam,
1087 2729 1217 2770 utmcvi,
1245 2733 1275 2762 et
1296 2728 1462 2773 exquisivi
1489 2739 1507 2761 a
1531 2729 1654 2773 ju-t'cn-

68 2787 133 2818 tute
159 2793 254 2818 mea:
283 2782 346 2817 sed
381 2781 689 2828 concupiscibilis,
725 2793 810 2816 cum
837 2782 882 2816 sit
907 2793 988 2828 pars
1016 2782 1196 2828 appetitus
1224 2781 1398 2823 sensitivi,
1430 2792 1505 2815 non
1533 2790 1655 2828 potest

67 2836 214 2872 tendere
236 2837 272 2871 in
294 2836 523 2883 sapientiam,
546 2848 638 2883 quae
661 2848 735 2871 non
759 2836 1083 2883 comprehenditur
1105 2847 1232 2877 sensu;
1256 2847 1344 2881 crgo
1373 2847 1478 2869 amor
1504 2847 1579 2870 non
1603 2845 1655 2871 est

69 2890 105 2925 in
126 2890 414 2938 concupiscibili.
