1907 3198
467 189 692 226 QUAESTIO
725 193 906 225 Lxxxm.
940 196 1186 241 Aarrcurus
1219 199 1246 230 1.
1299 196 1301 198 ’
1558 206 1638 249 595

74 268 263 317 originalis
283 271 424 318 peccati
444 274 626 320 procedit:
648 275 710 310 sed
733 276 831 311 radix
853 277 959 324 hujus
982 280 1244 326 repugnantiae
1265 281 1300 316 in
1328 294 1436 319 carne
1458 286 1640 322 consistit:

53 320 162 365 ‚dicit
179 323 279 359 enim
300 324 502 372 Apostolus
529 327 573 362 ad
601 328 708 364 Rom.
731 340 783 376 7.:
818 330 917 366 Video
943 332 1047 367 aliam
1075 333 1175 380 Iegem
1198 336 1232 369 in
1260 338 1416 373 membris
1444 340 1524 374 meis
1549 347 1643 388 rupu-

67 381 229 425 gnantem
261 377 325 426 legi
348 381 466 415 mentis
490 392 602 423 meae;
630 394 719 429 ergo
753 384 931 431 originale
964 395 1156 433 peccatum
1189 387 1225 422 in
1259 400 1368 425 carne
1397 391 1641 440 principaliter

41 458 54 468 .
68 430 244 467 consistit.

138 493 172 520 2.
192 483 429 529 PRAETEREA.
453 487 750 536 Unumquodque
772 492 892 538 potius
913 500 967 528 est
984 492 1020 528 in
1043 505 1168 537 causa,
1191 507 1300 542 quam
1319 496 1354 531 in
1379 497 1526 542 effectu;
1549 501 1639 537 sicut

67 531 170 573 calor
187 538 307 585 magis
324 547 379 575 est
398 539 435 575 in
457 541 541 588 igne
563 542 813 586 calefaciente,
832 557 943 592 quam
966 547 1001 581 in
1025 559 1118 594 aqua
1140 548 1335 585 calefacta:
1359 552 1421 586 sed
1448 555 1569 589 anima
1591 555 1640 590 in-

66 587 186 626 ficitur
205 590 403 629 infectione
421 594 609 641 originalis
631 598 771 644 peccati
792 611 857 646 per
875 611 999 636 semen
1021 602 1186 646 carnale3
1209 615 1297 651 ergo
1319 614 1511 652 peccatum
1533 608 1639 655 origi-

64 642 148 680 nale
168 645 287 692 magis
308 654 362 682 est
384 647 420 682 in
443 659 562 691 carne,
584 661 694 697 quam
717 651 752 686 in
776 653 908 687 anima.

138 708 168 745 3.
189 697 428 736 PRAETEREA.
452 701 650 738 Peccatum
672 705 850 751 originale
872 719 914 741 ex
936 708 1054 754 primo
1078 718 1225 756 parente
1247 712 1509 757 contrahimus,
1530 725 1637 763 prout

63 750 100 787 in
120 762 166 788 eo
183 751 319 790 fuimus
339 756 541 792 secundum
563 759 726 794 rationem
747 761 938 796 seminalem
951 775 961 797 :
975 762 1025 797 sic
1043 772 1164 799 autem
1180 776 1254 800 non
1276 765 1342 802 fuit
1355 767 1404 802 ibi
1425 768 1559 812 anima,
1573 770 1635 805 sed

62 804 142 841 sola
163 816 269 850 caro;
291 818 379 855 ergo
397 809 577 856 originale
598 821 791 858 peccatum
813 825 887 849 non
910 824 964 850 est
984 816 1020 850 in
1041 819 1174 860 anima,
1194 819 1256 854 sed
1278 819 1314 854 in
1337 831 1456 856 carne.

131 868 167 903 4.
187 859 424 898 Puni-anm.
447 862 583 899 Anima
606 865 792 902 rationalis
815 876 935 904 creata
952 880 972 903 a
986 869 1069 905 Deo
1086 872 1230 918 corpori
1244 872 1460 910 infunditur:
1483 876 1512 911 si
1525 877 1636 923 igitur

62 911 185 948 anima
197 924 262 961 per
273 923 466 962 peccatum
481 917 661 964 originale
675 919 894 964 inficeretur,
909 934 1137 971 consequens
1155 935 1260 969 esset,
1282 928 1380 974 quod
1399 940 1441 964 ex
1459 941 1524 965 sua
1539 943 1635 967 crea-

60 966 173 1010 tione,
202 967 262 1004 vel
285 967 467 1006 infusione
493 971 764 1019 inquinaretur:
793 983 829 1011 et
853 976 904 1011 sic
931 976 1031 1013 Deus
1059 987 1153 1014 esset
1179 991 1289 1016 causa
1315 984 1468 1029 peccati,
1495 985 1556 1033 qui
1580 994 1635 1022 est

60 1027 190 1056 auctor
208 1022 415 1067 creationis,
436 1032 472 1059 et
492 1024 695 1062 infusionis.

133 1083 164 1120 5.
184 1073 423 1113 marnam.
444 1078 576 1115 Nullus
594 1081 737 1129 sapiens
752 1082 934 1130 liquorem
948 1085 1149 1132 pretiosum
1168 1088 1244 1123 vasi
1263 1088 1398 1126 infecto
1416 1091 1632 1137 infunderet,

58 1135 104 1163 ex
122 1138 198 1175 quo
218 1129 327 1166 sciret
346 1130 466 1178 ipsum
484 1131 665 1180 liquorem
680 1135 796 1171 infici:
811 1137 874 1173 sed
897 1138 1020 1173 anima
1042 1141 1229 1176 rationalis
1245 1151 1300 1178 est
1320 1144 1514 1190 pretiosior
1529 1148 1632 1183 omni

58 1179 222 1229 liquore;
242 1182 274 1219 si
293 1194 382 1232 ergo
404 1185 526 1221 anima
548 1198 590 1222 ex
612 1190 776 1236 corporis
798 1191 933 1227 unione
953 1191 1052 1227 infici
1073 1203 1196 1241 posset
1222 1195 1417 1234 infectione
1444 1200 1631 1247 originalis

60 1233 202 1283 culpae,
226 1236 341 1281 Deus,
367 1238 429 1286 qui
449 1240 526 1287 ipsa
551 1242 727 1289 sapientia
753 1252 818 1287 est,
845 1256 1047 1293 numquam
1070 1247 1230 1284 animam
1258 1250 1320 1285 tali
1347 1254 1493 1300 corpori
1518 1254 1632 1291 infun-

58 1287 179 1326 deret:
200 1289 357 1327 insument
381 1299 524 1337 autem;
549 1305 625 1330 non
651 1307 740 1343 ergo
766 1297 975 1345 inquinatur
999 1311 1042 1336 ex
1069 1312 1177 1338 carne
1193 1297 1278 1339 {sic
1305 1304 1414 1352 igitur
1438 1317 1630 1354 peccatum

56 1341 234 1390 originale
254 1355 330 1380 non
350 1353 406 1381 est
425 1346 462 1382 in
484 1347 619 1392 anima,
640 1350 703 1385 sed
725 1350 761 1385 in
784 1363 904 1388 carne.

127 1395 205 1433 SED
225 1407 383 1435 coum
403 1407 468 1443 est,
489 1401 587 1448 quod
608 1402 707 1438 idern
728 1412 783 1440 est
802 1406 1007 1453 subjectum
1033 1408 1185 1453 virtutis,
1212 1418 1247 1446 et
1267 1411 1356 1455 vitii,
1378 1413 1453 1450 sive
1476 1416 1628 1462 peccati,

57 1450 157 1497 quod
178 1451 417 1488 contrariatur
435 1453 578 1490 vinuti:
599 1457 662 1492 sed
681 1468 767 1493 caro
789 1470 863 1494 non
886 1469 1006 1507 potest
1026 1473 1105 1498 esse
1131 1463 1336 1510 subjectum
1360 1467 1510 1504 virtutis.
1529 1469 1628 1506 Dicit

57 1502 156 1538 enim
173 1503 375 1552 Apostolus
388 1506 434 1542 ad
447 1506 557 1544 Rom.
576 1520 627 1556 7.:
647 1510 738 1555 Scio,
753 1513 840 1559 quod
859 1526 926 1549 non
947 1515 1074 1551 habitat
1095 1518 1130 1552 in
1148 1530 1210 1561 me,
1233 1519 1292 1554 hoc
1313 1525 1357 1555 est
1375 1522 1409 1556 in
1428 1534 1528 1558 carne
1542 1535 1626 1566 maa,

54 1556 202 1600 bonum,·
223 1569 313 1606 ergo
334 1570 421 1596 caro
446 1571 522 1597 non
542 1571 663 1610 potest
688 1576 766 1600 esse
792 1567 995 1614 subjectum
1023 1570 1210 1617 originalis
1237 1575 1390 1619 peccati,
1416 1576 1478 1611 sed
1504 1576 1625 1613 solum

52 1610 187 1646 anima.

122 1663 354 1703 RESPONDEO
375 1667 583 1713 dicendum,
604 1672 701 1718 quod
723 1672 859 1720 aliquid
880 1683 1000 1722 potest
1023 1688 1101 1712 esse
1124 1679 1160 1713 in
1183 1679 1305 1727 aliquo
1327 1681 1527 1730 dupliciter.-
1549 1698 1614 1721 uno

50 1717 161 1762 modo,
192 1719 286 1755 sicut
316 1721 354 1756 in
380 1733 491 1758 causa
516 1723 575 1759 vel
600 1725 800 1773 principali,
828 1728 886 1763 vel
919 1729 1203 1767 instrumentali:
1234 1734 1302 1770 ulio
1332 1736 1440 1778 modo,
1468 1738 1560 1774 sicut
1587 1739 1623 1774 in

49 1771 232 1818 subjecto:
259 1782 451 1820 peccatum
477 1788 566 1824 ergo
593 1779 771 1825 originale
798 1783 965 1818 omnium
992 1784 1186 1820 hominum
1214 1787 1279 1823 fuit
1305 1790 1451 1836 quidem
1478 1791 1513 1826 in
1541 1793 1623 1840 ipso

47 1824 183 1870 Adam,
203 1826 346 1863 sicutin
365 1829 484 1876 prima
505 1833 825 1881 causaprincipali‚
847 1837 1048 1873 secundum
1071 1839 1158 1874 illud
1169 1841 1298 1887 Apost.
1322 1843 1429 1878 Rom.
1450 1856 1488 1890 5.:
1504 1846 1543 1880 ln
1558 1859 1621 1893 quo

49 1886 422 1928 mnnespaeccaverunt:
442 1883 479 1919 in
501 1886 641 1921 semine
663 1896 784 1923 autem
808 1891 990 1936 corporali
1016 1900 1069 1927 est
1095 1903 1285 1940 peccatum
1313 1897 1503 1943 originale,
1530 1900 1623 1936 sicut

46 1930 85 1967 in
117 1943 228 1969 causa
251 1934 538 1981 instrumentali3
572 1951 618 1974 eo
643 1942 741 1988 quod
776 1954 839 1989 per
864 1944 1034 1980 virtutem
1062 1947 1219 1982 activam
1247 1950 1396 1986 seminis
1422 1953 1621 1989 traducitur

46 1994 239 2033 peccatum
259 1989 437 2037 originale
449 1990 485 2026 in
500 1992 641 2038 prolem
657 1994 765 2030 simul
779 2007 862 2031 curn
877 2006 1004 2033 natura
1020 1999 1199 2037 humana:
1215 2003 1276 2037 sed
1296 2004 1389 2040 sicut
1405 2005 1440 2040 in
1456 2007 1619 2053 subjecto

43 2048 238 2087 peccatum
257 2042 435 2090 originale
461 2045 563 2081 nullo
589 2048 702 2082 modo
729 2058 847 2096 potest
867 2062 945 2086 esse
971 2052 1007 2087 in
1030 2064 1150 2097 carne,
1177 2057 1238 2090 scd
1266 2057 1385 2093 solum
1413 2060 1449 2094 in
1477 2061 1617 2097 anima:

46 2093 147 2141 cujus
170 2095 262 2131 ratio
282 2104 349 2140 est,
369 2098 454 2145 quia
474 2099 567 2135 sicut
587 2112 694 2147 supra
715 2103 853 2138 dictum
875 2114 928 2140 est
948 2107 996 2152 (q.
1019 2108 1070 2142 81.
1092 2114 1155 2143 art.
1178 2110 1237 2153 r.)‚
1262 2111 1332 2146 hoc
1360 2114 1472 2149 modo
1494 2126 1537 2150 ex
1558 2127 1618 2151 vo-

44 2145 185 2184 luntate
196 2149 304 2196 primi
317 2151 478 2198 parentis
491 2162 682 2200 peccatum
700 2156 877 2203 originale
895 2160 1093 2196 traducitur
1106 2162 1142 2196 in
1162 2172 1326 2209 posteros
1340 2178 1403 2212 per
1419 2169 1616 2214 quamdam

38 2202 295 2242 enerativam
315 2205 533 2250 motionem,
553 2207 646 2244 sicut
676 2221 696 2244 a
718 2210 906 2247 voluntate
929 2213 1081 2259 alicuius
1106 2215 1266 2253 hominis
1288 2219 1469 2255 derivatur
1492 2234 1617 2269 pecca-

94 2272 113 2285 ··
143 2256 287 2293 actuale
309 2257 354 2293 ad
376 2258 465 2295 alias
486 2269 605 2307 partes
629 2263 717 2309 ejus.
745 2264 784 2299 In
808 2277 879 2311 qua
900 2267 1047 2313 quidem
1074 2268 1298 2306 derivatione
1328 2282 1446 2320 potest
1468 2277 1614 2319 attendi,

43 2308 142 2345 uod
162 2309 335 2358 quidquid
356 2306 523 2360 provenit
538 2314 603 2361 [al.
620 2318 793 2364 pervenit]
809 2331 862 2370 ext
875 2320 1040 2356 motione
1054 2322 1251 2359 voluntatis
1273 2328 1413 2372 peccati
1430 2329 1472 2363 ad
1493 2341 1614 2376 quam-

102 2373 203 2411 ·que
222 2372 364 2412 partem
390 2366 563 2410 hominis,
589 2381 682 2416 quae
700 2382 934 2420 quocumque
956 2375 1069 2411 modo
1091 2386 1209 2424 potest
1231 2390 1308 2414 esse
1331 2382 1509 2430 particeps
1536 2396 1615 2431 pcc·
1638 2429 1642 2436 ¹

1257 2460 1266 2475 D

54 2485 79 2496 >¹
104 2480 192 2518 pne:
214 2470 309 2508 sicut
332 2485 376 2508 ex
401 2473 589 2511 voluntate
616 2477 722 2523 gulae
749 2481 914 2525 provenit
942 2481 1003 2528 [nl.
1025 2486 1196 2532 pervenit]
1219 2489 1514 2536 concupiscentia
1542 2492 1610 2527 cibi

75 2540 80 2550 ·
107 2524 444 2573 concupiscibilem,
473 2535 509 2564 et
537 2531 697 2578 sumptio
726 2532 795 2567 cibi
818 2534 860 2568 ad
884 2545 1024 2579 manus,
1051 2546 1086 2573 et
1107 2549 1160 2582 os,
1182 2551 1274 2587 quae
1300 2542 1514 2589 inquantum
1537 2557 1612 2581 mo·

64 2584 170 2613 tur
190 2588 211 2613 a
231 2578 418 2617 voluntate
440 2582 483 2616 ad
507 2585 745 2629 peccandum,
768 2595 849 2622 sunt
864 2587 1100 2626 instrumenta
1123 2594 1282 2638 pcccati3
1305 2597 1401 2643 quod
1425 2609 1510 2632 vero
1525 2599 1611 2635 ulte-

52 2629 58 2637 ’
135 2630 318 2668 derivatur
331 2633 375 2669 ad
396 2634 472 2670 vim
493 2638 718 2682 nutritivam,
734 2648 769 2675 et
783 2641 826 2675 ad
847 2641 1017 2678 interiora
1033 2646 1209 2690 membra,
1226 2660 1318 2695 quac
1333 2661 1405 2684 non
1428 2661 1509 2686 sunt
1523 2661 1606 2688 nata

89 2701 95 2711 ·
117 2684 182 2720 eri
202 2685 435 2732 avoluntate,
456 2700 530 2724 non
545 2690 654 2727 habet
675 2693 853 2730 rationem
877 2696 1024 2743 culpae;
1046 2699 1096 2734 sic
1117 2700 1235 2746 igitur,
1251 2713 1333 2737 cum
1357 2704 1477 2739 anima
1497 2707 1609 2752 possit

149 2739 351 2786 subjectum
373 2741 513 2790 culpae,
544 2755 630 2780 caro
656 2755 776 2782 autem
799 2749 843 2784 de
870 2761 907 2785 se
935 2762 1008 2786 non
1039 2752 1172 2790 habeat
1202 2756 1298 2801 quod
1330 2757 1373 2792 sit
1403 2759 1604 2803 subjectum

52 2791 57 2814 ῗ
73 2809 75 2817 =
100 2802 180 2840 pae,
194 2793 367 2842 quidquid
378 2798 540 2843 pervenit
554 2798 598 2834 dc
613 2801 845 2848 corruptione
861 2805 965 2850 primi
981 2808 1119 2852 peccati
1135 2808 1178 2842 ad
1195 2809 1366 2853 animam,
1381 2812 1488 2848 habet
1503 2814 1607 2849 ratio-

59 2847 64 2850 “
98 2864 114 2872 ι·
137 2845 284 2895 culpae:
304 2848 403 2897 quod
417 2857 540 2887 autem
555 2854 717 2900 pervenit
732 2855 774 2890 ad
794 2867 952 2901 carnem,
968 2871 1044 2895 non
1057 2860 1168 2897 habet
1183 2863 1361 2900 rationem
1385 2866 1524 2914 culpae,
1543 2869 1604 2904 sed

159 2910 197 2937 e:
217 2900 270 2937 sic
298 2893 403 2949 Igitur
422 2903 545 2941 anima
566 2914 619 2942 est
651 2908 852 2954 subjectum
875 2913 1013 2958 peccati
1039 2914 1241 2961 originalis,
1265 2928 1338 2953 non
1362 2928 1483 2955 autem
1506 2932 1603 2957 caro.
