1907 3182
241 178 322 219 180
675 181 896 219 QUAESTIO
930 180 1018 209 XXI.
1052 176 1297 208 ARTICULUS
1331 175 1358 203 Ι.

308 268 489 305 Secundo.
513 267 645 302 Utrum
666 265 800 299 habeat
820 263 1000 297 rationem
1021 258 1223 300 laudabilis,
1245 257 1303 292 vel
1326 255 1526 302 culpabilis.

309 323 448 358 Tertio.
471 321 603 356 Utrum
624 319 757 353 habeat
776 317 958 351 rationem
980 314 1108 355 meriti,
1131 312 1190 347 vel
1212 310 1387 346 demeriti.

310 377 462 418 Quarto.
486 375 619 410 Utrum
640 372 774 406 habeat
795 370 976 404 rationem
998 367 1128 409 meriti,
1149 365 1207 399 vel
1230 363 1396 399 demeriti
1419 362 1512 409 apud
1533 363 1667 397 Deum.

821 513 1166 560 ART1CULUS
1197 512 1230 554 1.
1739 529 1799 565 131

302 644 455 674 UTRUM
482 640 623 671 ACTUS
651 637 876 676 HUMANUS,
905 632 1172 670 INQUANTUM
1197 631 1276 660 EST
1299 629 1457 668 BONUS,
1478 629 1561 658 VEL
1585 626 1744 666 MALUS,

465 706 637 737 HABEAT
667 702 894 734 RATIONEM
920 697 1249 736 RECTITUDINIS,
1276 695 1359 724 VEL
1387 694 1590 724 PECCATI.

786 801 888 847 (Mal.
908 812 937 846 q.
956 811 986 834 2.
1006 804 1070 833 art.
1093 810 1124 832 2.
1149 797 1190 831 ad
1212 797 1266 842 3.).

316 910 375 944 AD
402 917 550 943 PRIMUM
573 905 622 939 sic
645 902 861 950 proceditur.
884 900 1048 941 Videtur,
1068 897 1163 944 quod
1187 905 1286 930 actus
1304 896 1497 936 humanus,
1519 893 1736 939 inquantum
1755 899 1808 925 est

245 966 373 1004 bonus,
387 961 445 995 vel
461 959 588 1000 malus,
611 968 685 991 non
703 957 834 990 habeat
852 954 1031 988 rationem
1050 950 1286 992 rectitudinis,
1299 949 1358 983 vel
1376 947 1532 995 peccati:
1547 953 1698 993 peccata
1714 945 1811 979 enim

246 1025 328 1053 sunt
350 1022 510 1049 monstra
533 1014 568 1046 in
589 1019 728 1051 natura,
751 1017 789 1043 01
811 1008 940 1042 dicitur
966 1007 1001 1040 in
1030 1016 1060 1039 2.
1089 1005 1234 1051 Physic.
1265 1003 1342 1047 (tex.
1370 1003 1468 1047 829:
1497 1007 1659 1034 monstra
1686 1006 1808 1032 autem

246 1083 320 1105 non
342 1076 423 1104 sunt
445 1075 557 1108 actuS‚
580 1065 642 1099 sed
664 1071 746 1098 sunt
773 1061 952 1108 quaedam
979 1071 1035 1094 res
1064 1065 1257 1105 generatae
1284 1064 1426 1103 praeter
1448 1054 1614 1089 ordinem
1640 1060 1810 1086 naturae:

249 1136 291 1159 ea
313 1131 446 1163 autem,
470 1131 561 1166 quae
584 1125 667 1152 sunt
689 1116 890 1151 secundum
913 1121 1040 1154 artem,
1064 1120 1098 1147 et
1118 1112 1310 1152 rationem,
1338 1109 1524 1143 imitantur
1551 1118 1591 1141 ea
1619 1117 1710 1152 quae
1732 1113 1815 1139 sunt

249 1176 449 1212 secundum
476 1181 654 1213 naturam,
676 1178 715 1204 ut
736 1169 869 1203 ibidem
898 1167 1045 1208 dicitur;
1074 1176 1160 1211 ergo
1188 1172 1288 1198 actus
1315 1174 1357 1197 ex
1382 1163 1454 1196 1100
1483 1161 1581 1208 quod
1607 1167 1660 1194 est
1685 1158 1816 1193 inordi-

249 1239 365 1272 natus,
389 1237 423 1263 et
445 1226 575 1268 malus,
601 1236 675 1258 non
696 1223 805 1257 habet
826 1221 1007 1255 rationem
1029 1219 1179 1266 peccati.

322 1295 353 1318 2.
376 1283 613 1317 PRAETEREA.
637 1279 846 1317 Peccatum,
868 1283 907 1309 ut
928 1274 1058 1308 dicitur
1079 1273 1115 1307 in
1138 1283 1168 1306 2.
1196 1272 1306 1317 Phys.
1330 1270 1408 1315 (loc.
1437 1270 1522 1314 cit),
1547 1267 1676 1302 accidit
1695 1266 1732 1300 in
1758 1277 1818 1300 na-

250 1347 340 1380 tura,
364 1345 398 1371 et
420 1344 507 1377 arte,
530 1345 612 1368 cum
634 1343 708 1366 non
731 1329 938 1377 pervenitur
961 1328 1004 1361 ad
1026 1327 1137 1360 finem
1159 1326 1337 1359 intentum
1361 1335 1379 1357 a
1401 1330 1540 1364 natura,
1561 1320 1620 1355 vel
1642 1328 1734 1354 arte:
1754 1319 1816 1354 sed

251 1393 407 1432 bonitas,
429 1389 487 1423 vel
510 1386 649 1421 malitia
672 1392 770 1419 actus
788 1381 941 1417 humani
956 1381 1113 1414 maxime
1134 1378 1297 1413 consistit
1316 1378 1351 1411 in
1371 1376 1571 1410 intentione
1586 1374 1677 1416 finis,
1693 1381 1728 1408 et
1741 1374 1817 1419 ejus

253 1443 528 1493 prosecutione;
551 1451 638 1485 ergo
660 1439 812 1478 videtur,
835 1436 932 1482 quod
950 1434 1088 1468 malitia
1107 1441 1206 1467 actus
1220 1443 1294 1466 non
1313 1430 1460 1464 inducat
1473 1429 1652 1463 rationem
1667 1426 1818 1473 peccati.

330 1510 358 1544 3.
381 1498 618 1531 PRAETEREA.
647 1492 686 1526 Si
712 1490 849 1525 malitia
877 1496 976 1523 actus
1002 1488 1189 1521 induceret
1215 1485 1394 1519 rationem
1420 1482 1572 1529 peccati,
1599 1488 1819 1527 sequeretur,

258 1552 355 1599 quod
376 1550 595 1593 ubicumque
623 1553 718 1580 esset
744 1544 883 1584 malum,
911 1542 959 1576 ibi
987 1548 1081 1575 esset
1106 1547 1315 1586 peccatum:
1342 1538 1414 1571 1100
1442 1544 1563 1570 autern
1590 1542 1644 1568 est
1668 1533 1819 1568 falsum:

258 1617 344 1640 nam
366 1614 495 1650 poena,
516 1601 601 1635 licet
619 1599 752 1633 habeat
774 1597 953 1631 rationem
976 1594 1074 1635 mali,
1096 1604 1170 1627 non
1189 1600 1312 1626 tamen
1334 1590 1444 1624 habet
1461 1589 1642 1623 rationem
1660 1588 1820 1634 peccati3

260 1671 334 1694 non
357 1668 444 1703 ergo
468 1667 510 1690 ex
530 1655 601 1688 1100
624 1652 721 1699 quod
744 1650 871 1696 aliquis
894 1656 994 1683 actus
1017 1656 1070 1682 est
1091 1646 1220 1688 malus,
1242 1645 1351 1678 habet
1376 1645 1555 1678 rationem
1577 1640 1727 1688 peccati.

333 1712 407 1746 SED
423 1719 590 1745 CONTRA.
606 1706 755 1740 Bonitas
779 1712 878 1737 actus
900 1701 1064 1742 humani,
1087 1708 1125 1734 ut
1147 1710 1253 1746 supra
1273 1706 1460 1732 ostensum
1479 1704 1533 1730 est
1551 1695 1596 1741 (q.
1612 1707 1663 1741 19.
1679 1699 1740 1729 art.
1759 1694 1821 1738 4.)‚

260 1763 504 1813 principaliter
526 1760 705 1807 dependet
728 1770 747 1791 a
768 1758 848 1803 lege
871 1764 1034 1797 aeterna;
1057 1762 1091 1788 et
1112 1765 1174 1800 per
1196 1762 1421 1798 consequens
1443 1749 1581 1784 malitia
1603 1750 1678 1794 ejus
1698 1750 1733 1782 in
1750 1748 1823 1781 hoc

263 1818 438 1859 consistit,
457 1815 554 1862 quod
577 1812 759 1848 discordat
776 1823 794 1844 a
816 1810 896 1855 lege
917 1818 1079 1843 aeterna:
1100 1807 1162 1842 sed
1180 1807 1252 1840 hoc
1267 1805 1353 1840 facit
1369 1804 1549 1839 rationem
1567 1802 1724 1849 peccati:
1739 1801 1825 1835 dicit

262 1873 358 1907 enim
380 1871 534 1916 August.
555 1878 608 1902 22.
626 1874 739 1900 contr.
758 1864 876 1898 Faust.
894 1863 981 1909 (cap.
1003 1874 1055 1908 27.
1075 1863 1109 1895 in
1124 1861 1266 1907 princ),
1285 1858 1382 1905 quod
1397 1865 1588 1904 peccatum
1607 1864 1661 1891 est
1677 1856 1825 1896 dictum,

259 1927 317 1961 vel
338 1925 487 1965 factum,
509 1921 568 1957 vel
591 1919 825 1966 concupitum
845 1925 971 1951 contra
990 1916 1110 1961 legem
1130 1922 1335 1955 aeternam;
1358 1923 1445 1958 ergo
1462 1919 1562 1946 actus
1581 1911 1763 1944 humanus
1783 1920 1826 1942 ex

262 1981 333 2015 hoc
357 1979 453 2025 quod
476 1984 529 2011 est
550 1974 678 2015 malus,
700 1973 810 2007 habet
835 1971 1015 2005 rationem
1036 1968 1187 2016 peccati.

335 2033 565 2067 REspon-:o
589 2026 794 2067 dicendum,
817 2024 914 2071 quod
936 2023 1063 2058 malum
1084 2023 1120 2056 in
1142 2022 1221 2068 plus
1244 2028 1307 2062 est,
1327 2031 1435 2066 quarn
1458 2026 1662 2065 peccatum,
1685 2017 1776 2052 sicut
1793 2024 1828 2051 et

262 2089 381 2122 bonum
405 2086 440 2119 in
463 2084 542 2130 plus
565 2090 628 2123 est,
648 2091 757 2127 quam
773 2083 919 2113 rectum:
939 2076 1119 2123 quaelibet
1141 2075 1238 2109 enirn
1259 2073 1412 2120 privatio
1431 2072 1519 2106 boni
1540 2072 1575 2105 in
1594 2082 1827 2118 quocumque

265 2140 450 2176 con=tituit
471 2138 650 2172 rationem
682 2134 786 2169 mali:
810 2132 871 2167 sed
894 2138 1086 2178 peccatum
1105 2129 1247 2176 proprie
1270 2127 1434 2162 consistit
1454 2126 1490 2160 in
1513 2133 1606 2167 actu,
1629 2125 1689 2171 qui
1712 2125 1829 2171 agitur

267 2202 412 2242 propter
434 2192 544 2226 finem
564 2190 733 2235 aliquem,
758 2198 840 2220 cum
859 2197 932 2219 non
950 2185 1060 2218 habet
1078 2183 1237 2217 debitum
1253 2181 1418 2215 ordinem
1441 2180 1485 2214 ad
1504 2179 1613 2213 finem
1631 2178 1745 2212 illum.
1760 2178 1831 2212 De-

267 2249 360 2282 bitus
388 2255 508 2281 3010111
537 2243 626 2278 ordo
657 2241 699 2275 ad
727 2241 836 2274 finem
863 2238 1063 2273 secundum
1090 2237 1249 2283 aliquam
1276 2233 1439 2281 regulam
1466 2240 1710 2267 mensuratur:
1738 2243 1829 2278 quae

267 2302 413 2349 quidem
432 2298 556 2345 regula
571 2297 607 2331 in
624 2296 692 2337 his,
712 2306 802 2341 quae
822 2292 1021 2328 secundum
1043 2299 1210 2325 naturam
1233 2297 1354 2335 agunt,
1377 2295 1429 2322 est
1450 2287 1526 2334 ipsa
1540 2286 1652 2320 virtus
1669 2293 1830 2327 naturae,

266 2366 358 2402 quae
379 2353 530 2388 inclinat
556 2351 591 2385 in
618 2349 729 2384 talem
751 2347 879 2388 finem3
902 2345 1046 2392 quando
1070 2355 1156 2390 ergo
1180 2351 1280 2378 actus
1302 2341 1465 2389 procedit
1486 2352 1505 2374 a
1526 2340 1656 2374 virtute
1677 2338 1832 2374 naturali

269 2407 468 2444 secundum
491 2403 693 2439 naturalem
713 2401 987 2435 inclinationem
1006 2399 1042 2432 in
1064 2398 1186 2440 finem,
1205 2405 1290 2431 tunc
1306 2403 1466 2430 servatur
1487 2393 1664 2428 rectitudo
1680 2394 1714 2427 in
1731 2401 1830 2427 actu:
1861 2430 1863 2434 Α

270 2462 353 2509 quia
375 2460 536 2494 medium
563 2468 637 2491 non
664 2455 735 2490 exit
761 2454 802 2488 ab
831 2453 1010 2494 extremis,
1033 2451 1171 2486 scilicet
1193 2458 1292 2484 actus
1315 2449 1356 2483 ab
1381 2448 1506 2483 ordine
1534 2447 1642 2482 activi
1667 2445 1834 2493 principii

269 2516 313 2550 ad
337 2514 463 2548 finem:
487 2511 631 2558 quando
657 2517 777 2543 autem
806 2519 824 2541 a
847 2506 1059 2541 rectitudine
1081 2504 1143 2539 tali
1166 2512 1265 2538 actus
1288 2502 1415 2549 aliquis
1436 2501 1582 2543 recedit,
1602 2509 1688 2535 tunc
1710 2499 1834 2534 incidit

269 2569 360 2603 ratio
381 2566 530 2614 peccati.
554 2565 593 2598 In
620 2563 676 2597 his
697 2573 796 2603 vero,
816 2572 907 2607 quae
928 2567 1082 2605 aguntur
1100 2569 1162 2605 per
1182 2557 1421 2598 voluntatem,
1444 2554 1568 2601 regula
1594 2554 1759 2601 proxima
1782 2561 1835 2587 est

270 2623 360 2657 ratio
388 2622 559 2660 humana,
587 2616 710 2662 regula
737 2622 858 2649 autem
886 2624 1052 2659 suprema
1080 2620 1133 2646 est
1153 2611 1209 2645 lex
1233 2619 1396 2645 aeterna:
1419 2609 1723 2656 quandocumque
1746 2618 1834 2653 ergo

271 2685 371 2710 actus
386 2673 545 2708 hominis
565 2669 728 2718 procedit
742 2669 777 2702 in
794 2667 903 2701 finem
926 2666 1123 2701 secundum
1144 2665 1308 2699 ordinem
1327 2663 1488 2704 rationis,
1506 2670 1541 2696 et
1552 2661 1641 2708 legis
1656 2669 1834 2702 aeternae,

270 2739 355 2765 tunc
383 2735 482 2762 actus
506 2733 558 2760 est
580 2732 716 2758 rectus:
741 2721 885 2768 quando
909 2728 1029 2754 autem
1053 2719 1094 2752 ab
1118 2719 1185 2753 hac
1209 2717 1421 2752 rectitudine
1443 2716 1659 2762 obliquatur,
1682 2723 1765 2748 tunc
1789 2714 1837 2748 di-

274 2783 363 2818 citur
385 2788 586 2828 peccatum.
609 2775 838 2811 Manifestum
864 2782 915 2808 est
934 2782 1053 2807 autem
1070 2784 1111 2807 ex
1131 2771 1335 2819 praemissis
1355 2771 1402 2816 (q.
1422 2782 1472 2816 19.
1491 2774 1556 2804 art.
1571 2781 1599 2815 3.
1618 2773 1648 2803 εἰ
1661 2768 1722 2812 4.),
1738 2767 1834 2814 quod

275 2836 394 2871 omnis
416 2842 515 2868 actus
537 2830 761 2866 voluntarius
789 2837 841 2863 est
868 2827 985 2861 malus
1008 2838 1069 2871 per
1091 2827 1174 2867 1100,
1190 2825 1286 2872 quod
1309 2823 1443 2858 recedit
1465 2823 1507 2857 ab
1527 2822 1653 2857 ordine
1675 2821 1834 2862 rationis,

277 2899 311 2927 et
328 2889 418 2935 legis
441 2895 627 2922 aeternae:
652 2892 686 2919 et
708 2882 826 2917 omnis
855 2890 954 2915 actus
981 2880 1097 2914 bonus
1121 2878 1319 2913 concordat
1337 2877 1479 2919 rationi,
1501 2884 1535 2911 et
1555 2875 1628 2922 legi
1650 2883 1834 2910 aeternae:

1896 1635 1907 1749 -ι-σι-νᾼ
1895 1539 1907 1625 ‘s-v-e„
1906 1569 1907 1575 a
1900 1527 1901 1535 ⁴
1896 1464 1907 1519 a„
1896 1388 1907 1462 ἕνα*

1892 1780 1907 3005 mma—,-
