1907 3182
253 141 335 196 358
703 152 923 187 QUAESTIO
958 152 1013 180 LI.
1047 151 1292 181 ARTICULUS
1326 150 1354 179 1.

250 234 336 268 riori
356 234 544 280 principio.
568 233 607 267 Si
627 233 735 279 igitur
755 232 950 278 loquamur
971 232 1014 266 de
1036 232 1172 273 habitu,
1199 230 1399 266 secundum
1422 230 1518 276 quod
1545 238 1598 264 est
1623 227 1811 275 dispositio

250 287 401 332 subjecti
421 287 458 320 in
480 287 605 321 ordine
628 286 671 319 ad
689 285 859 328 formam,
876 284 934 319 vel
955 293 1133 327 naturam,
1149 284 1310 330 quolibet
1327 283 1595 329 praedictorum
1616 281 1812 316 modorum

251 340 429 385 contingit
448 340 613 373 habitum
635 350 712 373 esse
730 337 951 372 naturalem:
975 345 1027 371 est
1049 337 1146 371 enim
1168 337 1288 383 aliqua
1309 336 1496 382 dispositio
1518 334 1702 376 naturalis,
1721 343 1812 379 quae

250 393 398 427 debetur
418 393 601 426 humanae
628 391 772 437 speciei,
803 399 900 425 extra
930 401 1040 436 quam
1068 389 1188 424 nullus
1217 390 1332 423 homo
1361 389 1559 423 invenitur:
1583 396 1618 421 et
1645 387 1737 421 haec
1760 393 1814 420 est

249 446 422 480 naturalis
444 445 643 480 secundum
665 452 832 478 naturam
850 443 993 489 speciei.
1014 442 1085 477 Sed
1107 443 1190 488 quia
1211 443 1292 476 talis
1311 442 1498 488 dispositio
1521 439 1718 487 quamdam
1738 437 1815 472 lati-

250 499 414 533 tudinem
434 498 554 539 habet,
578 497 756 542 contingit
776 496 937 529 diversos
960 495 1090 542 gradus
1113 493 1324 541 hujusmodi
1349 493 1595 540 dispositionis
1617 491 1813 527 convenire

251 551 400 586 diversis
426 550 636 585 hominibus
663 549 865 583 secundum
896 556 1063 582 naturam
1094 548 1285 591 individui;
1315 555 1350 582 et
1381 546 1591 594 hujusmodi
1625 544 1813 591 dispositio

250 611 369 651 potest
390 615 468 638 esse
494 603 553 637 vel
578 602 736 637 totaliter
759 614 777 636 a
799 610 937 643 natura,
955 600 1014 635 vel
1032 601 1162 647 partim
1179 613 1197 634 a
1211 608 1350 643 natura,
1373 608 1409 635 et
1428 600 1557 646 partim
1581 599 1623 633 ab
1647 597 1814 632 exteriori

251 657 441 704 principio,
463 657 555 690 sicut
577 656 713 689 dictum
736 663 788 688 est
811 654 879 698 (hic
898 655 987 701 sup.)
1011 654 1054 688 de
1072 654 1140 696 his,
1163 655 1223 700 qui
1244 661 1415 688 sanantur
1435 664 1499 699 per
1520 659 1644 686 artem.

323 710 395 744 Sed
416 709 570 751 habitus,
592 708 653 754 qui
683 716 735 742 est
757 707 946 753 dispositio
970 709 1012 741 ad
1040 708 1301 753 operationem,
1324 707 1425 752 cujus
1451 706 1652 751 subjectum
1675 711 1729 738 est
1753 714 1816 750 po-

250 763 362 797 tentia
384 763 540 803 animae,
563 769 601 795 ut
623 761 759 794 dictum
782 768 834 794 est
856 761 904 806 (q.
923 772 976 806 50.
1000 765 1064 795 art.
1083 761 1146 805 2.)‚
1169 767 1289 806 potest
1309 759 1456 805 quidem
1474 769 1552 792 esse
1573 756 1758 798 naturalis,
1781 763 1815 790 et

252 816 452 851 secundum
461 823 627 848 naturam
639 813 785 860 speciei,
797 821 831 847 et
845 813 1046 847 secundum
1060 821 1228 847 naturam
1242 812 1436 846 individui:
1452 810 1652 846 secundum
1666 809 1814 856 quidem

251 877 418 903 naturam
440 868 583 913 speciei,
606 867 807 901 secundum
830 866 927 912 quod
949 878 986 901 se
1007 874 1107 900 tenet
1129 877 1170 899 ex
1192 873 1291 912 parte
1310 866 1419 911 ipsius
1442 865 1598 906 animae,
1617 874 1709 909 quae
1729 873 1812 896 cum

251 923 296 956 sit
315 921 434 956 forma
457 921 631 966 corporis,
653 927 705 954 est
726 920 945 965 principium
967 918 1196 964 specificum:
1221 918 1421 952 secundum
1441 925 1563 951 autem
1576 924 1744 950 naturam
1764 915 1815 949 in-

251 975 387 1009 dividui
410 986 451 1008 ex
474 982 573 1020 parte
597 973 770 1019 corporis,
794 972 890 1018 quod
911 979 964 1006 est
984 970 1172 1005 materiale
1193 970 1429 1017 principium:
1453 970 1515 1005 sed
1541 978 1666 1004 tamen
1685 976 1814 1004 neutro

251 1028 364 1062 modo
387 1027 563 1073 contingit
585 1026 621 1060 in
642 1025 852 1059 hominibus
875 1036 952 1059 esse
975 1024 1118 1058 habitus
1139 1024 1335 1070 naturales,
1357 1023 1524 1070 itaquod
1537 1023 1609 1058 sint
1621 1022 1781 1057 totaliter
1796 1034 1815 1056 a

250 1089 388 1115 natura.
412 1081 451 1114 ln
475 1079 612 1125 angelis
635 1078 813 1124 siquidem
836 1078 1025 1123 contingit,
1048 1088 1091 1112 eo
1119 1077 1216 1124 quod
1242 1078 1378 1111 habent
1403 1077 1542 1123 species
1570 1075 1815 1122 intelligibiles

250 1133 461 1168 naturaliter
483 1133 631 1173 inditas3
655 1131 752 1177 quod
772 1142 847 1165 non
870 1132 1048 1177 competit
1069 1131 1252 1165 humanae
1271 1138 1432 1172 naturae,
1450 1130 1538 1164 utin
1561 1140 1588 1164 1.
1608 1129 1745 1164 dictum
1763 1136 1816 1164 est

249 1188 295 1232 (q.
318 1199 363 1232 55.
395 1191 458 1220 art.
490 1187 560 1230 2.):
591 1193 674 1219 sunt
704 1195 791 1230 ergo
814 1184 849 1218 in
871 1184 1082 1218 hominibus
1105 1184 1215 1230 aliqui
1243 1184 1387 1218 habitus
1409 1182 1604 1225 naturales,
1624 1191 1813 1229 tamquam

249 1241 380 1286 partim
403 1250 421 1273 a
443 1247 569 1272 natura
592 1238 796 1279 existentes,
820 1245 854 1272 et
876 1238 1007 1283 partim
1030 1237 1071 1271 ab
1096 1237 1264 1271 exteriori
1286 1237 1474 1283 principio.

322 1292 438 1326 Aliter
460 1291 606 1337 quidem
628 1291 664 1324 in
692 1290 964 1336 apprehensivis
990 1290 1172 1336 potentiis,
1199 1298 1234 1324 et
1260 1289 1361 1325 aliter
1387 1290 1423 1323 in
1451 1289 1670 1336 appetitivis:
1694 1289 1730 1322 in
1757 1299 1815 1334 ap-

250 1345 473 1392 prehensivis
483 1345 579 1378 enim
590 1344 758 1390 potentiis
769 1351 888 1390 potest
899 1355 975 1377 esse
984 1343 1127 1377 habitus
1135 1342 1307 1377 naturalis
1318 1343 1517 1377 secundum
1527 1342 1816 1384 inchoationem,

253 1407 287 1433 et
317 1399 516 1432 secundum
544 1405 710 1431 naturam
738 1397 882 1442 speciei,
910 1405 944 1430 et
970 1397 1170 1430 secundum
1197 1404 1364 1430 naturam
1391 1395 1585 1430 individui:
1613 1395 1813 1430 secundum

255 1451 401 1497 quidem
422 1459 590 1484 naturam
613 1450 744 1496 speciei
768 1461 809 1484 ex
832 1458 931 1496 parte
951 1449 1061 1496 ipsius
1081 1449 1240 1483 animae:
1264 1449 1356 1483 sicut
1375 1449 1551 1484 intellectus
1563 1449 1815 1496 principiorum

254 1505 383 1538 dicitur
406 1515 482 1537 esse
504 1503 646 1537 habitus
664 1503 848 1537 naturalis.
868 1503 919 1536 Ex
941 1503 1018 1548 ipsa
1038 1503 1135 1536 enirn
1153 1510 1280 1536 natura
1300 1502 1442 1536 animae
1460 1501 1714 1536 intellectualis
1734 1512 1817 1535 con-

250 1557 349 1591 venit
362 1557 516 1598 homini,
535 1557 631 1602 quod
647 1556 767 1589 statim
787 1556 935 1601 cognito
954 1556 1037 1601 quid
1057 1564 1110 1590 est
1124 1564 1255 1598 totum,
1271 1563 1306 1590 et
1324 1555 1408 1601 quid
1423 1563 1477 1590 est
1491 1566 1585 1602 pars,
1604 1562 1815 1601 cognoscat,

252 1610 349 1656 quod
372 1621 481 1644 omne
504 1617 622 1643 totum
645 1617 697 1643 est
718 1610 834 1654 majus
857 1620 920 1643 sua
943 1617 1062 1655 parte3
1083 1617 1118 1644 et
1135 1608 1254 1643 simile
1276 1617 1329 1643 est
1347 1609 1383 1642 in
1399 1609 1568 1644 caeteris:
1587 1608 1651 1643 sed
1671 1608 1757 1655 quid
1772 1608 1817 1642 sit

250 1671 380 1705 totum,
403 1671 438 1697 et
459 1662 543 1708 quid
565 1663 609 1696 sit
630 1674 724 1708 pars,
748 1673 972 1707 cognoscere
995 1673 1068 1696 non
1085 1670 1214 1708 potest,
1236 1662 1305 1696 nisi
1327 1673 1390 1708 per
1411 1662 1550 1708 species
1571 1661 1816 1708 intelligibiles

252 1727 271 1749 a
292 1715 604 1762 phantasmatibus
627 1723 812 1761 acceptas:
835 1722 869 1749 et
890 1723 1038 1761 propter
1058 1715 1130 1750 hoc
1153 1714 1290 1749 Philos.
1314 1716 1350 1749 in
1371 1714 1441 1749 fine
1463 1715 1715 1750 Posteriorum
1734 1715 1814 1760 (tex.

250 1770 307 1803 ult.
330 1770 408 1803 circ.
428 1768 526 1813 med.)
552 1769 718 1810 ostendit,
741 1768 838 1814 quod
861 1770 1004 1814 cognitio
1020 1770 1270 1815 principiorum
1282 1770 1443 1816 provenit
1460 1769 1552 1804 nobis
1573 1780 1612 1803 ex
1627 1780 1730 1803 sensu.
1753 1767 1815 1802 Se-

251 1821 411 1855 cundum
432 1832 519 1855 vero
542 1829 709 1855 naturam
731 1821 906 1855 individui
929 1830 982 1856 est
1004 1821 1131 1868 aliquis
1152 1822 1296 1856 habitus
1319 1822 1590 1867 cognoscitivus
1611 1821 1813 1856 secundum

250 1875 525 1909 inchoationem
537 1873 751 1916 naturalem,
762 1875 977 1920 inquantum
987 1886 1077 1909 unus
1091 1875 1206 1909 homo
1223 1886 1264 1909 ex
1276 1875 1511 1921 dispositione
1526 1885 1750 1921 organorum
1763 1882 1816 1909 est

251 1928 366 1974 magis
383 1936 483 1974 aptus
500 1927 542 1961 ad
557 1928 648 1961 bene
663 1927 951 1973 intelligendum,
967 1939 1075 1974 quam
1092 1927 1193 1970 alius,
1208 1929 1422 1974 inquantum
1438 1928 1482 1962 ad
1497 1927 1749 1974 operationem
1767 1927 1817 1961 in-

250 1981 415 2016 tellectus
433 1981 637 2027 indigemus
655 1981 844 2015 virtutibus
862 1982 1058 2016 sensitivis:
1079 1982 1114 2016 in
1134 1983 1337 2029 appetitivis
1351 1990 1473 2017 autem
1486 1982 1657 2029 potentiis
1674 1993 1747 2016 non
1763 1989 1817 2017 est

251 2034 378 2080 aliquis
392 2035 534 2068 habitus
553 2034 724 2068 naturalis
735 2035 935 2068 secundum
950 2035 1224 2070 inchoationem
1240 2047 1282 2070 ex
1297 2044 1397 2082 parte
1412 2036 1521 2081 ipsius
1537 2036 1692 2078 animae,
1707 2046 1818 2082 quan-

249 2094 327 2126 tum
343 2088 386 2122 ad
401 2088 517 2133 ipsam
532 2088 768 2121 substantiam
787 2088 941 2130 habitus,
964 2089 1025 2122 sed
1044 2088 1163 2123 solum
1183 2097 1357 2135 quantum
1378 2090 1421 2123 ad
1440 2089 1616 2135 principia
1634 2089 1814 2135 quaedam

250 2141 380 2187 ipsius:
410 2141 502 2175 sicut
531 2142 707 2187 principia
733 2142 818 2186 juris
847 2142 1054 2176 communis
1082 2142 1248 2176 dicuntur
1274 2153 1352 2177 esse
1373 2143 1546 2177 seminalia
1571 2144 1757 2177 virtutum:
1780 2150 1816 2176 et

252 2194 323 2228 hoc
347 2194 441 2236 ideo,
465 2196 547 2240 quia
570 2194 756 2228 inclinatio
780 2195 822 2228 ad
839 2195 980 2240 objecta
1003 2196 1158 2241 propria,
1178 2207 1269 2241 quae
1291 2196 1431 2230 videtur
1453 2207 1531 2230 esse
1551 2195 1737 2230 inchoatio
1756 2195 1817 2229 ha—

252 2247 357 2288 bitus,
378 2259 452 2281 non
475 2247 628 2293 pertinet
651 2247 693 2280 ad
716 2247 891 2289 habitum,
913 2249 975 2282 sed
998 2249 1115 2294 magis
1134 2249 1286 2295 pertinet
1301 2250 1343 2283 ad
1362 2249 1477 2295 ip'sam
1496 2249 1675 2283 rationem
1694 2256 1815 2295 poten-

249 2300 400 2334 tiarum:
425 2301 485 2334 sed
509 2312 551 2334 cx
570 2309 668 2346 parte
685 2301 846 2346 corporis
862 2301 1063 2335 secundum
1077 2309 1244 2336 naturam
1259 2302 1433 2337 individui
1448 2312 1531 2336 sunt
1549 2301 1659 2348 aliqui
1671 2301 1815 2336 habitus

251 2353 435 2399 appetitivi
459 2353 659 2386 secundum
683 2353 936 2388 inchoationes
959 2354 1157 2389 naturales:
1183 2366 1265 2390 sunt
1287 2356 1385 2390 enim
1412 2355 1559 2401 quidam
1581 2354 1745 2402 dispositi
1771 2365 1814 2388 ex

249 2406 394 2452 propria
417 2407 580 2451 corporis
603 2406 858 2452 complexione
882 2407 924 2441 ad
949 2408 1162 2450 castitatem,
1185 2407 1242 2442 vel
1264 2407 1592 2450 mansuetudinem,
1614 2407 1672 2442 vel
1687 2407 1731 2441 ad
1753 2406 1815 2442 ali-

249 2459 334 2504 quid
356 2459 575 2504 hujusmodi.

321 2512 380 2546 AD
409 2523 557 2547 Palmum
586 2523 672 2557 crgo
708 2512 914 2555 dicendum,
942 2513 1037 2558 quod
1065 2514 1224 2559 objectio
1247 2513 1306 2548 illa
1333 2513 1497 2560 procedit
1523 2513 1567 2548 de
1595 2521 1734 2556 natura,
1763 2523 1816 2548 se-

251 2565 410 2599 cundum
422 2566 518 2612 quod
533 2565 702 2599 dividitur
717 2574 841 2598 contra
860 2566 1049 2607 rationem,
1069 2575 1103 2600 ct
1120 2567 1344 2601 voluntatem
1358 2580 1365 2609 ;
1386 2578 1469 2601 cum
1482 2575 1606 2601 tamen
1617 2566 1693 2613 ipsa
1709 2566 1812 2609 ratio,

251 2626 286 2652 et
306 2617 474 2652 voluntas
496 2618 538 2652 ad
561 2626 727 2652 naturam
750 2618 910 2651 hominis
932 2619 1143 2664 pertineant.

321 2671 381 2705 An
401 2682 606 2706 srcuxuuxt
632 2671 838 2711 dicendum,
861 2672 957 2716 quod
982 2671 1113 2718 aliquid
1137 2673 1245 2706 ctiam
1261 2671 1472 2707 naturaliter
1489 2680 1607 2719 potest
1621 2672 1811 2719 superaddi

250 2725 444 2770 potentiae,
467 2725 562 2770 quod
586 2733 707 2758 tamen
731 2725 772 2757 ad
796 2724 911 2770 ipsam
929 2726 1127 2770 potentiam
1144 2726 1321 2771 pertinere
1340 2736 1413 2759 non
1433 2733 1569 2772 potest:
1589 2725 1681 2760 sicut
1700 2727 1734 2760 in
1751 2736 1811 2759 an-

250 2777 340 2821 gelis
363 2789 436 2812 non
460 2786 577 2823 potest
598 2778 773 2824 pertinere
799 2778 840 2810 ad
858 2777 971 2823 ipsam
996 2779 1195 2823 potentiam
1219 2778 1490 2821 intellectivam,
1512 2778 1609 2825 quod
1631 2778 1675 2812 sit
1693 2789 1755 2825 per
1773 2789 1811 2813 se

251 2831 501 2875 cognoscitu-a
529 2831 712 2870 omnium;
741 2831 823 2876 quia
851 2839 1044 2876 oporteret,
1067 2832 1162 2876 quod
1187 2840 1279 2866 esset
1302 2839 1402 2865 actus
1425 2831 1608 2865 omnium:
1635 2831 1731 2877 quod
1757 2842 1812 2866 so-
