<?xml version="1.0" encoding="UTF-8"?>
<!DOCTYPE html PUBLIC "-//W3C//DTD XHTML 1.0 Transitional//EN"
    "http://www.w3.org/TR/xhtml1/DTD/xhtml1-transitional.dtd">
<html xmlns="http://www.w3.org/1999/xhtml" xml:lang="en" lang="en">
 <head>
  <title>
</title>
<meta http-equiv="Content-Type" content="text/html;charset=utf-8" />
  <meta name='ocr-system' content='tesseract 3.04.00' />
  <meta name='ocr-capabilities' content='ocr_page ocr_carea ocr_par ocr_line ocrx_word'/>
</head>
<body>
  <div class='ocr_page' id='page_1' title='image "./divithomaeaquina02thomuoft_0751.png"; bbox 0 0 1907 3198; ppageno 0'>
   <div class='ocr_carea' id='block_1_1' title="bbox 0 997 21 1167">
    <p class='ocr_par' dir='ltr' id='par_1_1' title="bbox 0 997 21 1167">
     <span class='ocr_line' id='line_1_1' title="bbox 4 997 16 1058; baseline 0 0"><span class='ocrx_word' id='word_1_1' title='bbox 4 997 16 1058; x_wconf 73' lang='grc' dir='ltr'><em>τ</em></span> 
     </span>
     <span class='ocr_line' id='line_1_2' title="bbox 0 1078 21 1167; baseline 0 0"><span class='ocrx_word' id='word_1_2' title='bbox 0 1078 21 1167; x_wconf 58' lang='grc' dir='ltr'><em>ἕ</em></span> 
     </span>
    </p>
   </div>
   <div class='ocr_carea' id='block_1_2' title="bbox 0 1503 136 3198">
    <p class='ocr_par' dir='ltr' id='par_1_2' title="bbox 0 1503 136 3198">
     <span class='ocr_line' id='line_1_3' title="bbox 0 1503 40 1649; baseline 0 0"><span class='ocrx_word' id='word_1_3' title='bbox 0 1503 40 1649; x_wconf 95' lang='lat' dir='ltr'>   </span> 
     </span>
     <span class='ocr_line' id='line_1_4' title="bbox 0 1649 46 1885; baseline 0 -4"><span class='ocrx_word' id='word_1_4' title='bbox 0 1649 46 1885; x_wconf 95' lang='lat' dir='ltr'>     </span> 
     </span>
     <span class='ocr_line' id='line_1_5' title="bbox 0 1885 45 2093; baseline 0 -103"><span class='ocrx_word' id='word_1_5' title='bbox 0 1885 45 2093; x_wconf 95' lang='lat' dir='ltr'>   </span> 
     </span>
     <span class='ocr_line' id='line_1_6' title="bbox 0 2093 50 2347; baseline 0 -143"><span class='ocrx_word' id='word_1_6' title='bbox 0 2093 50 2347; x_wconf 95' lang='lat' dir='ltr'>     </span> 
     </span>
     <span class='ocr_line' id='line_1_7' title="bbox 0 2373 59 2800; baseline 0 -40"><span class='ocrx_word' id='word_1_7' title='bbox 0 2373 59 2800; x_wconf 95' lang='lat' dir='ltr'>        </span> 
     </span>
     <span class='ocr_line' id='line_1_8' title="bbox 0 2800 136 3198; baseline 0 0"><span class='ocrx_word' id='word_1_8' title='bbox 0 2800 136 3198; x_wconf 95' lang='lat' dir='ltr'>   </span> 
     </span>
    </p>
   </div>
   <div class='ocr_carea' id='block_1_3' title="bbox 531 162 1672 208">
    <p class='ocr_par' dir='ltr' id='par_1_3' title="bbox 531 162 1672 208">
     <span class='ocr_line' id='line_1_9' title="bbox 531 162 1672 208; baseline -0.011 -5"><span class='ocrx_word' id='word_1_9' title='bbox 531 170 754 208; x_wconf 71' lang='grc' dir='ltr'>αυΑεετιο</span> <span class='ocrx_word' id='word_1_10' title='bbox 788 169 863 201; x_wconf 86' lang='lat' dir='ltr'>cu.</span> <span class='ocrx_word' id='word_1_11' title='bbox 890 164 1144 199; x_wconf 73' lang='grc' dir='ltr'><strong>Ἀιιτιευιυε</strong></span> <span class='ocrx_word' id='word_1_12' title='bbox 1177 165 1237 196; x_wconf 85' lang='grc' dir='ltr'><strong>ιιι.</strong></span> <span class='ocrx_word' id='word_1_13' title='bbox 1588 162 1672 205; x_wconf 87' lang='lat'>747</span> 
     </span>
    </p>
   </div>
   <div class='ocr_carea' id='block_1_4' title="bbox 101 244 1680 615">
    <p class='ocr_par' dir='ltr' id='par_1_4' title="bbox 101 244 1680 615">
     <span class='ocr_line' id='line_1_10' title="bbox 102 244 1678 302; baseline -0.01 -9"><span class='ocrx_word' id='word_1_14' title='bbox 102 256 293 298; x_wconf 75' lang='lat' dir='ltr'>ferebatur,</span> <span class='ocrx_word' id='word_1_15' title='bbox 313 254 398 302; x_wconf 82' lang='lat' dir='ltr'>quia</span> <span class='ocrx_word' id='word_1_16' title='bbox 417 253 570 301; x_wconf 86' lang='lat' dir='ltr'>impedit</span> <span class='ocrx_word' id='word_1_17' title='bbox 590 252 862 300; x_wconf 83' lang='lat' dir='ltr'>corruptionem</span> <span class='ocrx_word' id='word_1_18' title='bbox 881 249 1099 298; x_wconf 89' lang='lat' dir='ltr'>putredinis;</span> <span class='ocrx_word' id='word_1_19' title='bbox 1121 246 1298 284; x_wconf 85' lang='lat' dir='ltr'>sacrificia</span> <span class='ocrx_word' id='word_1_20' title='bbox 1320 253 1443 281; x_wconf 87' lang='lat' dir='ltr'>autem</span> <span class='ocrx_word' id='word_1_21' title='bbox 1458 244 1527 280; x_wconf 90' lang='lat' dir='ltr'>Dei</span> <span class='ocrx_word' id='word_1_22' title='bbox 1545 244 1678 278; x_wconf 88' lang='lat' dir='ltr'>debent</span> 
     </span>
     <span class='ocr_line' id='line_1_11' title="bbox 103 297 1677 356; baseline -0.01 -9"><span class='ocrx_word' id='word_1_23' title='bbox 103 321 183 347; x_wconf 79' lang='lat' dir='ltr'>esse</span> <span class='ocrx_word' id='word_1_24' title='bbox 210 311 439 356; x_wconf 80' lang='lat' dir='ltr'>incorrupta:</span> <span class='ocrx_word' id='word_1_25' title='bbox 469 316 504 343; x_wconf 87' lang='lat' dir='ltr'>et</span> <span class='ocrx_word' id='word_1_26' title='bbox 533 308 642 343; x_wconf 88' lang='lat' dir='ltr'>etiam</span> <span class='ocrx_word' id='word_1_27' title='bbox 673 306 756 354; x_wconf 81' lang='lat' dir='ltr'>quia</span> <span class='ocrx_word' id='word_1_28' title='bbox 783 306 819 340; x_wconf 91' lang='lat' dir='ltr'>in</span> <span class='ocrx_word' id='word_1_29' title='bbox 849 305 925 340; x_wconf 80' lang='lat' dir='ltr'>sale</span> <span class='ocrx_word' id='word_1_30' title='bbox 951 302 1175 349; x_wconf 79' lang='lat' dir='ltr'>significatur</span> <span class='ocrx_word' id='word_1_31' title='bbox 1195 300 1366 336; x_wconf 86' lang='lat' dir='ltr'>discretio</span> <span class='ocrx_word' id='word_1_32' title='bbox 1387 298 1597 345; x_wconf 72' lang='lat' dir='ltr'>sapientiae,</span> <span class='ocrx_word' id='word_1_33' title='bbox 1619 297 1677 332; x_wconf 82' lang='lat' dir='ltr'>vel</span> 
     </span>
     <span class='ocr_line' id='line_1_12' title="bbox 102 352 1678 402; baseline -0.011 -1"><span class='ocrx_word' id='word_1_34' title='bbox 102 365 215 402; x_wconf 80' lang='lat' dir='ltr'>etiam</span> <span class='ocrx_word' id='word_1_35' title='bbox 233 362 467 400; x_wconf 74' lang='lat' dir='ltr'>mortificatio</span> <span class='ocrx_word' id='word_1_36' title='bbox 490 362 626 397; x_wconf 89' lang='lat' dir='ltr'>carnis:</span> <span class='ocrx_word' id='word_1_37' title='bbox 649 362 722 396; x_wconf 79' lang='lat' dir='ltr'>thus</span> <span class='ocrx_word' id='word_1_38' title='bbox 739 368 860 396; x_wconf 85' lang='lat' dir='ltr'>autem</span> <span class='ocrx_word' id='word_1_39' title='bbox 879 357 1098 394; x_wconf 84' lang='lat' dir='ltr'>offerebatur</span> <span class='ocrx_word' id='word_1_40' title='bbox 1118 356 1212 397; x_wconf 86' lang='lat' dir='ltr'>Deo,</span> <span class='ocrx_word' id='word_1_41' title='bbox 1227 355 1270 389; x_wconf 87' lang='lat' dir='ltr'>ad</span> <span class='ocrx_word' id='word_1_42' title='bbox 1290 352 1551 398; x_wconf 83' lang='lat' dir='ltr'>designandam</span> <span class='ocrx_word' id='word_1_43' title='bbox 1571 352 1678 385; x_wconf 79' lang='lat' dir='ltr'>devo-</span> 
     </span>
     <span class='ocr_line' id='line_1_13' title="bbox 101 405 1676 463; baseline -0.01 -9"><span class='ocrx_word' id='word_1_44' title='bbox 101 418 242 455; x_wconf 82' lang='lat' dir='ltr'>tionem</span> <span class='ocrx_word' id='word_1_45' title='bbox 266 416 411 459; x_wconf 79' lang='lat' dir='ltr'>mentis,</span> <span class='ocrx_word' id='word_1_46' title='bbox 436 427 529 463; x_wconf 89' lang='lat' dir='ltr'>quae</span> <span class='ocrx_word' id='word_1_47' title='bbox 555 424 609 450; x_wconf 88' lang='lat' dir='ltr'>est</span> <span class='ocrx_word' id='word_1_48' title='bbox 631 413 836 450; x_wconf 89' lang='lat' dir='ltr'>necessaria</span> <span class='ocrx_word' id='word_1_49' title='bbox 862 411 1107 453; x_wconf 78' lang='lat' dir='ltr'>offerentibus,</span> <span class='ocrx_word' id='word_1_50' title='bbox 1133 418 1169 444; x_wconf 90' lang='lat' dir='ltr'>et</span> <span class='ocrx_word' id='word_1_51' title='bbox 1193 410 1302 444; x_wconf 82' lang='lat' dir='ltr'>etiam</span> <span class='ocrx_word' id='word_1_52' title='bbox 1335 407 1379 441; x_wconf 87' lang='lat' dir='ltr'>ad</span> <span class='ocrx_word' id='word_1_53' title='bbox 1412 405 1676 450; x_wconf 84' lang='lat' dir='ltr'>designandum</span> 
     </span>
     <span class='ocr_line' id='line_1_14' title="bbox 102 458 1680 514; baseline -0.01 -7"><span class='ocrx_word' id='word_1_54' title='bbox 102 471 257 508; x_wconf 86' lang='lat' dir='ltr'>odorem</span> <span class='ocrx_word' id='word_1_55' title='bbox 276 471 395 506; x_wconf 90' lang='lat' dir='ltr'>bonae</span> <span class='ocrx_word' id='word_1_56' title='bbox 416 469 551 504; x_wconf 79' lang='lat' dir='ltr'>famae:</span> <span class='ocrx_word' id='word_1_57' title='bbox 573 480 660 503; x_wconf 89' lang='lat' dir='ltr'>nam</span> <span class='ocrx_word' id='word_1_58' title='bbox 685 468 769 503; x_wconf 86' lang='lat' dir='ltr'>thus</span> <span class='ocrx_word' id='word_1_59' title='bbox 790 475 826 502; x_wconf 90' lang='lat' dir='ltr'>et</span> <span class='ocrx_word' id='word_1_60' title='bbox 846 466 980 514; x_wconf 81' lang='lat' dir='ltr'>pingue</span> <span class='ocrx_word' id='word_1_61' title='bbox 1002 473 1067 507; x_wconf 88' lang='lat' dir='ltr'>est,</span> <span class='ocrx_word' id='word_1_62' title='bbox 1089 472 1125 499; x_wconf 90' lang='lat' dir='ltr'>et</span> <span class='ocrx_word' id='word_1_63' title='bbox 1145 461 1390 502; x_wconf 83' lang='lat' dir='ltr'>odoriferum;</span> <span class='ocrx_word' id='word_1_64' title='bbox 1412 468 1447 495; x_wconf 88' lang='lat' dir='ltr'>et</span> <span class='ocrx_word' id='word_1_65' title='bbox 1467 459 1552 506; x_wconf 86' lang='lat' dir='ltr'>quia</span> <span class='ocrx_word' id='word_1_66' title='bbox 1573 458 1680 493; x_wconf 89' lang='lat' dir='ltr'>sacri-</span> 
     </span>
     <span class='ocr_line' id='line_1_15' title="bbox 103 512 1677 571; baseline -0.01 -10"><span class='ocrx_word' id='word_1_67' title='bbox 103 524 228 561; x_wconf 77' lang='lat' dir='ltr'>ficium</span> <span class='ocrx_word' id='word_1_68' title='bbox 246 523 451 571; x_wconf 80' lang='lat' dir='ltr'>zelotypiae</span> <span class='ocrx_word' id='word_1_69' title='bbox 471 534 545 558; x_wconf 89' lang='lat' dir='ltr'>non</span> <span class='ocrx_word' id='word_1_70' title='bbox 568 521 789 569; x_wconf 82' lang='lat' dir='ltr'>procedebat</span> <span class='ocrx_word' id='word_1_71' title='bbox 805 532 848 556; x_wconf 84' lang='lat' dir='ltr'>ex</span> <span class='ocrx_word' id='word_1_72' title='bbox 865 518 1074 560; x_wconf 88' lang='lat' dir='ltr'>devotione,</span> <span class='ocrx_word' id='word_1_73' title='bbox 1092 517 1154 552; x_wconf 88' lang='lat' dir='ltr'>sed</span> <span class='ocrx_word' id='word_1_74' title='bbox 1169 516 1287 562; x_wconf 86' lang='lat' dir='ltr'>magis</span> <span class='ocrx_word' id='word_1_75' title='bbox 1301 527 1344 551; x_wconf 78' lang='lat' dir='ltr'>ex</span> <span class='ocrx_word' id='word_1_76' title='bbox 1358 514 1579 561; x_wconf 84' lang='lat' dir='ltr'>suspicione,</span> <span class='ocrx_word' id='word_1_77' title='bbox 1595 512 1677 547; x_wconf 79' lang='lat' dir='ltr'>idco</span> 
     </span>
     <span class='ocr_line' id='line_1_16' title="bbox 105 576 657 615; baseline -0.007 0"><span class='ocrx_word' id='word_1_78' title='bbox 105 578 143 614; x_wconf 87' lang='lat' dir='ltr'>in</span> <span class='ocrx_word' id='word_1_79' title='bbox 162 589 210 615; x_wconf 88' lang='lat' dir='ltr'>eo</span> <span class='ocrx_word' id='word_1_80' title='bbox 227 589 304 614; x_wconf 86' lang='lat' dir='ltr'>non</span> <span class='ocrx_word' id='word_1_81' title='bbox 324 576 544 613; x_wconf 80' lang='lat' dir='ltr'>offerebatur</span> <span class='ocrx_word' id='word_1_82' title='bbox 563 577 657 612; x_wconf 86' lang='lat' dir='ltr'>thus.</span> 
     </span>
    </p>
   </div>
   <div class='ocr_carea' id='block_1_5' title="bbox 660 691 1675 743">
    <p class='ocr_par' dir='ltr' id='par_1_5' title="bbox 660 691 1675 743">
     <span class='ocr_line' id='line_1_17' title="bbox 660 691 1675 743; baseline -0.011 -3"><span class='ocrx_word' id='word_1_83' title='bbox 660 691 1007 740; x_wconf 89' lang='lat' dir='ltr'><strong>ARTICULUS</strong></span> <span class='ocrx_word' id='word_1_84' title='bbox 1040 691 1115 734; x_wconf 93' lang='lat' dir='ltr'>IV.</span> <span class='ocrx_word' id='word_1_85' title='bbox 1607 706 1675 743; x_wconf 79' lang='lat'>549</span> 
     </span>
    </p>
   </div>
   <div class='ocr_carea' id='block_1_6' title="bbox 217 788 1561 900">
    <p class='ocr_par' dir='ltr' id='par_1_6' title="bbox 217 788 1561 900">
     <span class='ocr_line' id='line_1_18' title="bbox 217 788 1561 830; baseline -0.009 0"><span class='ocrx_word' id='word_1_86' title='bbox 217 797 375 830; x_wconf 73' lang='lat' dir='ltr'>UTRUM</span> <span class='ocrx_word' id='word_1_87' title='bbox 398 797 626 829; x_wconf 74' lang='lat' dir='ltr'>ASSIGNARI</span> <span class='ocrx_word' id='word_1_88' title='bbox 653 796 805 827; x_wconf 76' lang='lat' dir='ltr'>Possm·</span> <span class='ocrx_word' id='word_1_89' title='bbox 832 795 976 826; x_wconf 79' lang='lat' dir='ltr'>CERTA</span> <span class='ocrx_word' id='word_1_90' title='bbox 1001 792 1138 824; x_wconf 79' lang='lat' dir='ltr'>RATIO</span> <span class='ocrx_word' id='word_1_91' title='bbox 1166 788 1561 828; x_wconf 75' lang='lat' dir='ltr'>CAEREMONIARUM,</span> 
     </span>
     <span class='ocr_line' id='line_1_19' title="bbox 559 858 1220 900; baseline -0.009 -7"><span class='ocrx_word' id='word_1_92' title='bbox 559 863 679 900; x_wconf 78' lang='lat' dir='ltr'><strong>QUAE</strong></span> <span class='ocrx_word' id='word_1_93' title='bbox 706 862 764 892; x_wconf 80' lang='lat' dir='ltr'>AD</span> <span class='ocrx_word' id='word_1_94' title='bbox 793 860 931 892; x_wconf 75' lang='lat' dir='ltr'>SACRA</span> <span class='ocrx_word' id='word_1_95' title='bbox 957 858 1220 890; x_wconf 79' lang='lat' dir='ltr'><strong>PERTINENT.</strong></span> 
     </span>
    </p>
   </div>
   <div class='ocr_carea' id='block_1_7' title="bbox 106 941 1686 2285">
    <p class='ocr_par' dir='ltr' id='par_1_7' title="bbox 106 941 1682 1211">
     <span class='ocr_line' id='line_1_20' title="bbox 178 941 1677 998; baseline -0.009 -9"><span class='ocrx_word' id='word_1_96' title='bbox 178 952 241 989; x_wconf 79' lang='lat' dir='ltr'>AD</span> <span class='ocrx_word' id='word_1_97' title='bbox 261 961 452 992; x_wconf 65' lang='lat' dir='ltr'>Quuwn</span> <span class='ocrx_word' id='word_1_98' title='bbox 472 951 524 987; x_wconf 81' lang='lat' dir='ltr'>sic</span> <span class='ocrx_word' id='word_1_99' title='bbox 546 950 764 998; x_wconf 86' lang='lat' dir='ltr'>proceditur.</span> <span class='ocrx_word' id='word_1_100' title='bbox 794 949 958 991; x_wconf 89' lang='lat' dir='ltr'>Videtur,</span> <span class='ocrx_word' id='word_1_101' title='bbox 979 947 1077 995; x_wconf 83' lang='lat' dir='ltr'>quod</span> <span class='ocrx_word' id='word_1_102' title='bbox 1092 944 1410 982; x_wconf 89' lang='lat' dir='ltr'>caeremoniarum</span> <span class='ocrx_word' id='word_1_103' title='bbox 1425 943 1556 978; x_wconf 86' lang='lat' dir='ltr'>veteris</span> <span class='ocrx_word' id='word_1_104' title='bbox 1574 941 1677 988; x_wconf 88' lang='lat' dir='ltr'>legis,</span> 
     </span>
     <span class='ocr_line' id='line_1_21' title="bbox 106 996 1677 1053; baseline -0.008 -11"><span class='ocrx_word' id='word_1_105' title='bbox 106 1015 201 1053; x_wconf 79' lang='lat' dir='ltr'>quae</span> <span class='ocrx_word' id='word_1_106' title='bbox 229 1005 276 1042; x_wconf 88' lang='lat' dir='ltr'>ad</span> <span class='ocrx_word' id='word_1_107' title='bbox 308 1004 422 1041; x_wconf 76' lang='lat' dir='ltr'>Sacra</span> <span class='ocrx_word' id='word_1_108' title='bbox 449 1006 640 1052; x_wconf 84' lang='lat' dir='ltr'>pertinent,</span> <span class='ocrx_word' id='word_1_109' title='bbox 675 1003 858 1039; x_wconf 85' lang='lat' dir='ltr'>sufficiens</span> <span class='ocrx_word' id='word_1_110' title='bbox 885 1002 977 1038; x_wconf 88' lang='lat' dir='ltr'>ratio</span> <span class='ocrx_word' id='word_1_111' title='bbox 1008 1000 1184 1047; x_wconf 81' lang='lat' dir='ltr'>assignari</span> <span class='ocrx_word' id='word_1_112' title='bbox 1213 1011 1287 1035; x_wconf 90' lang='lat' dir='ltr'>non</span> <span class='ocrx_word' id='word_1_113' title='bbox 1314 998 1447 1045; x_wconf 87' lang='lat' dir='ltr'>possit:</span> <span class='ocrx_word' id='word_1_114' title='bbox 1470 997 1558 1032; x_wconf 89' lang='lat' dir='ltr'>dicit</span> <span class='ocrx_word' id='word_1_115' title='bbox 1578 996 1677 1031; x_wconf 89' lang='lat' dir='ltr'>enim</span> 
     </span>
     <span class='ocr_line' id='line_1_22' title="bbox 107 1050 1680 1106; baseline -0.007 -11"><span class='ocrx_word' id='word_1_116' title='bbox 107 1058 243 1095; x_wconf 81' lang='lat' dir='ltr'>Paulus</span> <span class='ocrx_word' id='word_1_117' title='bbox 264 1059 347 1095; x_wconf 80' lang='lat' dir='ltr'>Act.</span> <span class='ocrx_word' id='word_1_118' title='bbox 373 1069 444 1105; x_wconf 83' lang='lat'>17.:</span> <span class='ocrx_word' id='word_1_119' title='bbox 466 1059 559 1094; x_wconf 63' lang='lat' dir='ltr'>Deus</span> <span class='ocrx_word' id='word_1_120' title='bbox 573 1059 631 1106; x_wconf 83' lang='lat' dir='ltr'>qui</span> <span class='ocrx_word' id='word_1_121' title='bbox 644 1059 730 1105; x_wconf 74' lang='lat' dir='ltr'>fecit</span> <span class='ocrx_word' id='word_1_122' title='bbox 755 1056 928 1099; x_wconf 82' lang='lat' dir='ltr'>mundum,</span> <span class='ocrx_word' id='word_1_123' title='bbox 950 1061 979 1092; x_wconf 78' lang='lat' dir='ltr'>ct</span> <span class='ocrx_word' id='word_1_124' title='bbox 1000 1057 1113 1090; x_wconf 84' lang='lat' dir='ltr'>omnia</span> <span class='ocrx_word' id='word_1_125' title='bbox 1135 1066 1217 1101; x_wconf 72' lang='lat' dir='ltr'>quae</span> <span class='ocrx_word' id='word_1_126' title='bbox 1237 1055 1270 1088; x_wconf 80' lang='lat' dir='ltr'>in</span> <span class='ocrx_word' id='word_1_127' title='bbox 1297 1064 1332 1088; x_wconf 80' lang='lat' dir='ltr'>eo</span> <span class='ocrx_word' id='word_1_128' title='bbox 1351 1057 1440 1094; x_wconf 74' lang='lat' dir='ltr'>sunt,</span> <span class='ocrx_word' id='word_1_129' title='bbox 1468 1051 1520 1086; x_wconf 79' lang='lat' dir='ltr'>hic</span> <span class='ocrx_word' id='word_1_130' title='bbox 1542 1050 1626 1086; x_wconf 72' lang='lat' dir='ltr'>coeli</span> <span class='ocrx_word' id='word_1_131' title='bbox 1649 1055 1680 1085; x_wconf 79' lang='lat' dir='ltr'>et</span> 
     </span>
     <span class='ocr_line' id='line_1_23' title="bbox 107 1104 1682 1157; baseline -0.007 -8"><span class='ocrx_word' id='word_1_132' title='bbox 107 1117 217 1149; x_wconf 71' lang='lat' dir='ltr'>tum</span> <span class='ocrx_word' id='word_1_133' title='bbox 231 1124 308 1148; x_wconf 78' lang='grc' dir='ltr'>αιηι</span> <span class='ocrx_word' id='word_1_134' title='bbox 327 1114 370 1149; x_wconf 73' lang='lat' dir='ltr'>sit</span> <span class='ocrx_word' id='word_1_135' title='bbox 389 1113 570 1154; x_wconf 77' lang='lat' dir='ltr'>Dominus,</span> <span class='ocrx_word' id='word_1_136' title='bbox 590 1113 706 1147; x_wconf 81' lang='lat' dir='ltr'>nonin</span> <span class='ocrx_word' id='word_1_137' title='bbox 728 1111 929 1157; x_wconf 73' lang='lat' dir='ltr'>manufactis</span> <span class='ocrx_word' id='word_1_138' title='bbox 947 1109 1077 1157; x_wconf 74' lang='lat' dir='ltr'>templis</span> <span class='ocrx_word' id='word_1_139' title='bbox 1090 1109 1237 1148; x_wconf 74' lang='lat' dir='ltr'>habitat,-</span> <span class='ocrx_word' id='word_1_140' title='bbox 1260 1105 1560 1142; x_wconf 87' lang='lat' dir='ltr'>inconvenienter</span> <span class='ocrx_word' id='word_1_141' title='bbox 1573 1104 1682 1151; x_wconf 87' lang='lat' dir='ltr'>igitur</span> 
     </span>
     <span class='ocr_line' id='line_1_24' title="bbox 108 1159 1607 1211; baseline -0.007 -9"><span class='ocrx_word' id='word_1_142' title='bbox 108 1165 155 1202; x_wconf 77' lang='lat' dir='ltr'>ad</span> <span class='ocrx_word' id='word_1_143' title='bbox 175 1165 315 1202; x_wconf 83' lang='lat' dir='ltr'>cultum</span> <span class='ocrx_word' id='word_1_144' title='bbox 334 1165 406 1202; x_wconf 88' lang='lat' dir='ltr'>Dei</span> <span class='ocrx_word' id='word_1_145' title='bbox 424 1164 714 1207; x_wconf 84' lang='lat' dir='ltr'>tabernaculum,</span> <span class='ocrx_word' id='word_1_146' title='bbox 738 1164 796 1200; x_wconf 89' lang='lat' dir='ltr'>vel</span> <span class='ocrx_word' id='word_1_147' title='bbox 817 1163 996 1211; x_wconf 86' lang='lat' dir='ltr'>ternplum</span> <span class='ocrx_word' id='word_1_148' title='bbox 1017 1163 1054 1197; x_wconf 91' lang='lat' dir='ltr'>in</span> <span class='ocrx_word' id='word_1_149' title='bbox 1080 1162 1160 1209; x_wconf 86' lang='lat' dir='ltr'>lege</span> <span class='ocrx_word' id='word_1_150' title='bbox 1182 1161 1295 1196; x_wconf 89' lang='lat' dir='ltr'>veteri</span> <span class='ocrx_word' id='word_1_151' title='bbox 1317 1168 1371 1196; x_wconf 84' lang='lat' dir='ltr'>est</span> <span class='ocrx_word' id='word_1_152' title='bbox 1391 1159 1607 1194; x_wconf 87' lang='lat' dir='ltr'>institutum.</span> 
     </span>
    </p>

    <p class='ocr_par' dir='ltr' id='par_1_8' title="bbox 110 1212 1681 1375">
     <span class='ocr_line' id='line_1_25' title="bbox 181 1212 1680 1264; baseline -0.007 -9"><span class='ocrx_word' id='word_1_153' title='bbox 181 1229 214 1255; x_wconf 81' lang='lat'>2.</span> <span class='ocrx_word' id='word_1_154' title='bbox 234 1218 474 1256; x_wconf 68' lang='grc' dir='ltr'>Ρωτειεᾼ.</span> <span class='ocrx_word' id='word_1_155' title='bbox 496 1219 620 1255; x_wconf 87' lang='lat' dir='ltr'>Status</span> <span class='ocrx_word' id='word_1_156' title='bbox 636 1218 768 1254; x_wconf 86' lang='lat' dir='ltr'>veteris</span> <span class='ocrx_word' id='word_1_157' title='bbox 795 1217 886 1264; x_wconf 85' lang='lat' dir='ltr'>legis</span> <span class='ocrx_word' id='word_1_158' title='bbox 900 1215 1055 1252; x_wconf 87' lang='lat' dir='ltr'>nonfuit</span> <span class='ocrx_word' id='word_1_159' title='bbox 1073 1218 1285 1251; x_wconf 87' lang='lat' dir='ltr'>immutatus</span> <span class='ocrx_word' id='word_1_160' title='bbox 1300 1214 1368 1249; x_wconf 88' lang='lat' dir='ltr'>nisi</span> <span class='ocrx_word' id='word_1_161' title='bbox 1386 1224 1450 1260; x_wconf 82' lang='lat' dir='ltr'>per</span> <span class='ocrx_word' id='word_1_162' title='bbox 1471 1212 1680 1248; x_wconf 86' lang='lat' dir='ltr'>Christum:</span> 
     </span>
     <span class='ocr_line' id='line_1_26' title="bbox 110 1266 1681 1318; baseline -0.006 -9"><span class='ocrx_word' id='word_1_163' title='bbox 110 1272 175 1309; x_wconf 75' lang='lat' dir='ltr'>sed</span> <span class='ocrx_word' id='word_1_164' title='bbox 194 1272 472 1309; x_wconf 74' lang='lat' dir='ltr'>tabernaculum</span> <span class='ocrx_word' id='word_1_165' title='bbox 491 1271 706 1318; x_wconf 74' lang='lat' dir='ltr'>designabat</span> <span class='ocrx_word' id='word_1_166' title='bbox 730 1278 864 1306; x_wconf 88' lang='lat' dir='ltr'>statum</span> <span class='ocrx_word' id='word_1_167' title='bbox 891 1271 1021 1305; x_wconf 84' lang='lat' dir='ltr'>veteris</span> <span class='ocrx_word' id='word_1_168' title='bbox 1047 1269 1158 1316; x_wconf 89' lang='lat' dir='ltr'>legis;</span> <span class='ocrx_word' id='word_1_169' title='bbox 1183 1279 1257 1304; x_wconf 91' lang='lat' dir='ltr'>non</span> <span class='ocrx_word' id='word_1_170' title='bbox 1284 1278 1373 1314; x_wconf 88' lang='lat' dir='ltr'>ergo</span> <span class='ocrx_word' id='word_1_171' title='bbox 1400 1267 1523 1302; x_wconf 83' lang='lat' dir='ltr'>debuit</span> <span class='ocrx_word' id='word_1_172' title='bbox 1548 1266 1681 1300; x_wconf 89' lang='lat' dir='ltr'>mutari</span> 
     </span>
     <span class='ocr_line' id='line_1_27' title="bbox 110 1324 821 1375; baseline -0.004 -12"><span class='ocrx_word' id='word_1_173' title='bbox 110 1337 175 1375; x_wconf 83' lang='lat' dir='ltr'>per</span> <span class='ocrx_word' id='word_1_174' title='bbox 193 1325 485 1363; x_wconf 77' lang='lat' dir='ltr'>aedificationem</span> <span class='ocrx_word' id='word_1_175' title='bbox 505 1325 658 1371; x_wconf 82' lang='lat' dir='ltr'>alicujus</span> <span class='ocrx_word' id='word_1_176' title='bbox 683 1324 821 1372; x_wconf 85' lang='lat' dir='ltr'>templi.</span> 
     </span>
    </p>

    <p class='ocr_par' dir='ltr' id='par_1_9' title="bbox 107 1373 1682 1588">
     <span class='ocr_line' id='line_1_28' title="bbox 180 1373 1680 1428; baseline -0.007 -11"><span class='ocrx_word' id='word_1_177' title='bbox 180 1390 215 1428; x_wconf 85' lang='lat'>3.</span> <span class='ocrx_word' id='word_1_178' title='bbox 226 1379 464 1417; x_wconf 58' lang='lat' dir='ltr'>Parrum.</span> <span class='ocrx_word' id='word_1_179' title='bbox 478 1379 613 1415; x_wconf 87' lang='lat' dir='ltr'>Divina</span> <span class='ocrx_word' id='word_1_180' title='bbox 633 1378 690 1414; x_wconf 86' lang='lat' dir='ltr'>lex</span> <span class='ocrx_word' id='word_1_181' title='bbox 711 1378 904 1425; x_wconf 89' lang='lat' dir='ltr'>praecipue</span> <span class='ocrx_word' id='word_1_182' title='bbox 927 1377 1035 1412; x_wconf 89' lang='lat' dir='ltr'>debet</span> <span class='ocrx_word' id='word_1_183' title='bbox 1055 1376 1226 1412; x_wconf 87' lang='lat' dir='ltr'>homines</span> <span class='ocrx_word' id='word_1_184' title='bbox 1249 1375 1422 1410; x_wconf 91' lang='lat' dir='ltr'>inducere</span> <span class='ocrx_word' id='word_1_185' title='bbox 1445 1373 1490 1408; x_wconf 91' lang='lat' dir='ltr'>ad</span> <span class='ocrx_word' id='word_1_186' title='bbox 1516 1373 1680 1408; x_wconf 86' lang='lat' dir='ltr'>divinum</span> 
     </span>
     <span class='ocr_line' id='line_1_29' title="bbox 111 1426 1682 1479; baseline -0.005 -10"><span class='ocrx_word' id='word_1_187' title='bbox 111 1431 270 1469; x_wconf 61' lang='lat' dir='ltr'>cunum:</span> <span class='ocrx_word' id='word_1_188' title='bbox 289 1432 354 1468; x_wconf 77' lang='lat' dir='ltr'>sed</span> <span class='ocrx_word' id='word_1_189' title='bbox 374 1433 419 1469; x_wconf 83' lang='lat' dir='ltr'>ad</span> <span class='ocrx_word' id='word_1_190' title='bbox 440 1441 680 1479; x_wconf 83' lang='lat' dir='ltr'>augmentum</span> <span class='ocrx_word' id='word_1_191' title='bbox 702 1432 814 1467; x_wconf 85' lang='lat' dir='ltr'>divini</span> <span class='ocrx_word' id='word_1_192' title='bbox 836 1431 955 1466; x_wconf 89' lang='lat' dir='ltr'>cultus</span> <span class='ocrx_word' id='word_1_193' title='bbox 976 1430 1142 1477; x_wconf 88' lang='lat' dir='ltr'>pertinet,</span> <span class='ocrx_word' id='word_1_194' title='bbox 1164 1429 1262 1476; x_wconf 88' lang='lat' dir='ltr'>quod</span> <span class='ocrx_word' id='word_1_195' title='bbox 1289 1428 1377 1464; x_wconf 88' lang='lat' dir='ltr'>fiant</span> <span class='ocrx_word' id='word_1_196' title='bbox 1403 1427 1518 1462; x_wconf 88' lang='lat' dir='ltr'>multa</span> <span class='ocrx_word' id='word_1_197' title='bbox 1544 1426 1682 1468; x_wconf 85' lang='lat' dir='ltr'>altaria,</span> 
     </span>
     <span class='ocr_line' id='line_1_30' title="bbox 107 1481 1682 1534; baseline -0.005 -11"><span class='ocrx_word' id='word_1_198' title='bbox 107 1492 147 1523; x_wconf 71' lang='lat' dir='ltr'>et</span> <span class='ocrx_word' id='word_1_199' title='bbox 163 1485 279 1522; x_wconf 71' lang='lat' dir='ltr'>muln</span> <span class='ocrx_word' id='word_1_200' title='bbox 296 1486 453 1534; x_wconf 83' lang='lat' dir='ltr'>templa;</span> <span class='ocrx_word' id='word_1_201' title='bbox 473 1486 568 1522; x_wconf 88' lang='lat' dir='ltr'>sicut</span> <span class='ocrx_word' id='word_1_202' title='bbox 583 1495 682 1534; x_wconf 90' lang='lat' dir='ltr'>patet</span> <span class='ocrx_word' id='word_1_203' title='bbox 694 1486 731 1521; x_wconf 88' lang='lat' dir='ltr'>in</span> <span class='ocrx_word' id='word_1_204' title='bbox 745 1497 842 1521; x_wconf 88' lang='lat' dir='ltr'>nova</span> <span class='ocrx_word' id='word_1_205' title='bbox 856 1485 937 1532; x_wconf 90' lang='lat' dir='ltr'>lege</span> <span class='ocrx_word' id='word_1_206' title='bbox 953 1497 962 1528; x_wconf 91' lang='grc'>;</span> <span class='ocrx_word' id='word_1_207' title='bbox 977 1496 1066 1531; x_wconf 87' lang='lat' dir='ltr'>ergo</span> <span class='ocrx_word' id='word_1_208' title='bbox 1087 1484 1242 1526; x_wconf 88' lang='lat' dir='ltr'>videtur,</span> <span class='ocrx_word' id='word_1_209' title='bbox 1264 1483 1362 1530; x_wconf 92' lang='lat' dir='ltr'>quod</span> <span class='ocrx_word' id='word_1_210' title='bbox 1385 1483 1495 1518; x_wconf 85' lang='lat' dir='ltr'>etiam</span> <span class='ocrx_word' id='word_1_211' title='bbox 1510 1482 1547 1516; x_wconf 90' lang='lat' dir='ltr'>in</span> <span class='ocrx_word' id='word_1_212' title='bbox 1569 1481 1682 1516; x_wconf 87' lang='lat' dir='ltr'>veteri</span> 
     </span>
     <span class='ocr_line' id='line_1_31' title="bbox 108 1535 1680 1588; baseline -0.005 -11"><span class='ocrx_word' id='word_1_213' title='bbox 108 1539 191 1588; x_wconf 76' lang='lat' dir='ltr'>lege</span> <span class='ocrx_word' id='word_1_214' title='bbox 208 1550 288 1576; x_wconf 84' lang='lat' dir='ltr'>non</span> <span class='ocrx_word' id='word_1_215' title='bbox 312 1539 437 1576; x_wconf 87' lang='lat' dir='ltr'>debuit</span> <span class='ocrx_word' id='word_1_216' title='bbox 464 1551 544 1576; x_wconf 87' lang='lat' dir='ltr'>esse</span> <span class='ocrx_word' id='word_1_217' title='bbox 569 1540 692 1576; x_wconf 88' lang='lat' dir='ltr'>solum</span> <span class='ocrx_word' id='word_1_218' title='bbox 721 1550 835 1575; x_wconf 89' lang='lat' dir='ltr'>unum</span> <span class='ocrx_word' id='word_1_219' title='bbox 862 1538 1054 1585; x_wconf 83' lang='lat' dir='ltr'>templum,</span> <span class='ocrx_word' id='word_1_220' title='bbox 1076 1546 1137 1573; x_wconf 91' lang='lat' dir='ltr'>aut</span> <span class='ocrx_word' id='word_1_221' title='bbox 1163 1549 1278 1572; x_wconf 89' lang='lat' dir='ltr'>unum</span> <span class='ocrx_word' id='word_1_222' title='bbox 1303 1535 1592 1578; x_wconf 86' lang='lat' dir='ltr'>tabernaculum,</span> <span class='ocrx_word' id='word_1_223' title='bbox 1619 1535 1680 1570; x_wconf 87' lang='lat' dir='ltr'>sed</span> 
     </span>
    </p>

    <p class='ocr_par' dir='ltr' id='par_1_10' title="bbox 107 1642 1682 1855">
     <span class='ocr_line' id='line_1_32' title="bbox 178 1642 1682 1693; baseline -0.005 -9"><span class='ocrx_word' id='word_1_224' title='bbox 178 1657 214 1692; x_wconf 84' lang='lat'>4.</span> <span class='ocrx_word' id='word_1_225' title='bbox 235 1647 477 1684; x_wconf 64' lang='lat' dir='ltr'>Pul-rreum.</span> <span class='ocrx_word' id='word_1_226' title='bbox 500 1646 810 1689; x_wconf 88' lang='lat' dir='ltr'>Tabernaculum,</span> <span class='ocrx_word' id='word_1_227' title='bbox 831 1658 894 1682; x_wconf 88' lang='lat' dir='ltr'>seu</span> <span class='ocrx_word' id='word_1_228' title='bbox 917 1645 1096 1693; x_wconf 88' lang='lat' dir='ltr'>templum</span> <span class='ocrx_word' id='word_1_229' title='bbox 1119 1645 1163 1680; x_wconf 92' lang='lat' dir='ltr'>ad</span> <span class='ocrx_word' id='word_1_230' title='bbox 1186 1645 1324 1680; x_wconf 90' lang='lat' dir='ltr'>cultum</span> <span class='ocrx_word' id='word_1_231' title='bbox 1347 1644 1416 1679; x_wconf 89' lang='lat' dir='ltr'>Dei</span> <span class='ocrx_word' id='word_1_232' title='bbox 1431 1642 1682 1678; x_wconf 86' lang='lat' dir='ltr'>ordinabatur:</span> 
     </span>
     <span class='ocr_line' id='line_1_33' title="bbox 107 1696 1682 1748; baseline -0.004 -11"><span class='ocrx_word' id='word_1_233' title='bbox 107 1700 176 1737; x_wconf 78' lang='lat' dir='ltr'>sed</span> <span class='ocrx_word' id='word_1_234' title='bbox 195 1701 232 1736; x_wconf 83' lang='lat' dir='ltr'>in</span> <span class='ocrx_word' id='word_1_235' title='bbox 245 1700 329 1737; x_wconf 87' lang='lat' dir='ltr'>Deo</span> <span class='ocrx_word' id='word_1_236' title='bbox 342 1701 536 1748; x_wconf 79' lang='lat' dir='ltr'>praecipue</span> <span class='ocrx_word' id='word_1_237' title='bbox 550 1709 696 1748; x_wconf 84' lang='lat' dir='ltr'>oportet</span> <span class='ocrx_word' id='word_1_238' title='bbox 708 1700 873 1735; x_wconf 86' lang='lat' dir='ltr'>venerari</span> <span class='ocrx_word' id='word_1_239' title='bbox 888 1700 1077 1742; x_wconf 86' lang='lat' dir='ltr'>unitatem,</span> <span class='ocrx_word' id='word_1_240' title='bbox 1093 1707 1127 1734; x_wconf 89' lang='lat' dir='ltr'>et</span> <span class='ocrx_word' id='word_1_241' title='bbox 1142 1698 1432 1745; x_wconf 87' lang='lat' dir='ltr'>simplicitatem;</span> <span class='ocrx_word' id='word_1_242' title='bbox 1445 1709 1519 1731; x_wconf 91' lang='lat' dir='ltr'>non</span> <span class='ocrx_word' id='word_1_243' title='bbox 1541 1696 1682 1731; x_wconf 78' lang='lat' dir='ltr'>videtur</span> 
     </span>
     <span class='ocr_line' id='line_1_34' title="bbox 107 1749 1681 1801; baseline -0.004 -10"><span class='ocrx_word' id='word_1_244' title='bbox 107 1753 219 1801; x_wconf 79' lang='lat' dir='ltr'>igitur</span> <span class='ocrx_word' id='word_1_245' title='bbox 235 1753 347 1790; x_wconf 76' lang='lat' dir='ltr'>fuisse</span> <span class='ocrx_word' id='word_1_246' title='bbox 367 1755 602 1797; x_wconf 89' lang='lat' dir='ltr'>conveniens,</span> <span class='ocrx_word' id='word_1_247' title='bbox 631 1762 669 1790; x_wconf 92' lang='lat' dir='ltr'>ut</span> <span class='ocrx_word' id='word_1_248' title='bbox 694 1753 983 1796; x_wconf 87' lang='lat' dir='ltr'>tabernaculum,</span> <span class='ocrx_word' id='word_1_249' title='bbox 1012 1765 1075 1788; x_wconf 90' lang='lat' dir='ltr'>seu</span> <span class='ocrx_word' id='word_1_250' title='bbox 1106 1752 1286 1799; x_wconf 88' lang='lat' dir='ltr'>templum</span> <span class='ocrx_word' id='word_1_251' title='bbox 1309 1764 1372 1799; x_wconf 87' lang='lat' dir='ltr'>per</span> <span class='ocrx_word' id='word_1_252' title='bbox 1393 1751 1574 1799; x_wconf 86' lang='lat' dir='ltr'>quaedam</span> <span class='ocrx_word' id='word_1_253' title='bbox 1600 1749 1681 1785; x_wconf 87' lang='lat' dir='ltr'>vela</span> 
     </span>
     <span class='ocr_line' id='line_1_35' title="bbox 109 1808 402 1855; baseline 0 -11"><span class='ocrx_word' id='word_1_254' title='bbox 109 1808 402 1855; x_wconf 83' lang='lat' dir='ltr'>distingueretur.</span> 
     </span>
    </p>

    <p class='ocr_par' dir='ltr' id='par_1_11' title="bbox 107 1857 1686 2070">
     <span class='ocr_line' id='line_1_36' title="bbox 184 1857 1681 1908; baseline -0.004 -10"><span class='ocrx_word' id='word_1_255' title='bbox 184 1872 214 1908; x_wconf 89' lang='lat'>5.</span> <span class='ocrx_word' id='word_1_256' title='bbox 235 1861 474 1898; x_wconf 54' lang='lat' dir='ltr'>Paemani.</span> <span class='ocrx_word' id='word_1_257' title='bbox 496 1861 620 1897; x_wconf 87' lang='lat' dir='ltr'>Virtus</span> <span class='ocrx_word' id='word_1_258' title='bbox 641 1861 748 1908; x_wconf 85' lang='lat' dir='ltr'>primi</span> <span class='ocrx_word' id='word_1_259' title='bbox 769 1861 964 1902; x_wconf 81' lang='lat' dir='ltr'>moventis,</span> <span class='ocrx_word' id='word_1_260' title='bbox 984 1871 1078 1907; x_wconf 91' lang='lat' dir='ltr'>quae</span> <span class='ocrx_word' id='word_1_261' title='bbox 1106 1868 1160 1895; x_wconf 90' lang='lat' dir='ltr'>est</span> <span class='ocrx_word' id='word_1_262' title='bbox 1184 1859 1298 1902; x_wconf 90' lang='lat' dir='ltr'>Deus,</span> <span class='ocrx_word' id='word_1_263' title='bbox 1325 1859 1444 1907; x_wconf 89' lang='lat' dir='ltr'>primo</span> <span class='ocrx_word' id='word_1_264' title='bbox 1471 1866 1620 1905; x_wconf 91' lang='lat' dir='ltr'>apparet</span> <span class='ocrx_word' id='word_1_265' title='bbox 1645 1857 1681 1892; x_wconf 90' lang='lat' dir='ltr'>in</span> 
     </span>
     <span class='ocr_line' id='line_1_37' title="bbox 110 1911 1686 1964; baseline -0.004 -11"><span class='ocrx_word' id='word_1_266' title='bbox 110 1923 214 1964; x_wconf 72' lang='lat' dir='ltr'>parte</span> <span class='ocrx_word' id='word_1_267' title='bbox 240 1915 416 1958; x_wconf 81' lang='lat' dir='ltr'>Orientis,</span> <span class='ocrx_word' id='word_1_268' title='bbox 441 1927 463 1951; x_wconf 91' lang='lat' dir='ltr'>a</span> <span class='ocrx_word' id='word_1_269' title='bbox 490 1927 562 1963; x_wconf 88' lang='lat' dir='ltr'>qua</span> <span class='ocrx_word' id='word_1_270' title='bbox 589 1925 689 1963; x_wconf 90' lang='lat' dir='ltr'>parte</span> <span class='ocrx_word' id='word_1_271' title='bbox 712 1915 838 1962; x_wconf 84' lang='lat' dir='ltr'>incipit</span> <span class='ocrx_word' id='word_1_272' title='bbox 857 1915 996 1962; x_wconf 85' lang='lat' dir='ltr'>primus</span> <span class='ocrx_word' id='word_1_273' title='bbox 1017 1922 1154 1949; x_wconf 89' lang='lat' dir='ltr'>motus:</span> <span class='ocrx_word' id='word_1_274' title='bbox 1177 1914 1239 1948; x_wconf 88' lang='lat' dir='ltr'>sed</span> <span class='ocrx_word' id='word_1_275' title='bbox 1254 1912 1528 1948; x_wconf 87' lang='lat' dir='ltr'>tabernaculum</span> <span class='ocrx_word' id='word_1_276' title='bbox 1549 1911 1613 1946; x_wconf 87' lang='lat' dir='ltr'>suit</span> <span class='ocrx_word' id='word_1_277' title='bbox 1635 1911 1686 1945; x_wconf 88' lang='lat' dir='ltr'>in-</span> 
     </span>
     <span class='ocr_line' id='line_1_38' title="bbox 109 1965 1686 2015; baseline -0.004 -9"><span class='ocrx_word' id='word_1_278' title='bbox 109 1969 235 2006; x_wconf 78' lang='lat' dir='ltr'>stimm</span> <span class='ocrx_word' id='word_1_279' title='bbox 248 1969 294 2005; x_wconf 77' lang='lat' dir='ltr'>ad</span> <span class='ocrx_word' id='word_1_280' title='bbox 308 1969 379 2006; x_wconf 85' lang='lat' dir='ltr'>Dei</span> <span class='ocrx_word' id='word_1_281' title='bbox 392 1969 664 2011; x_wconf 81' lang='lat' dir='ltr'>adorationem3</span> <span class='ocrx_word' id='word_1_282' title='bbox 679 1979 766 2015; x_wconf 85' lang='lat' dir='ltr'>ergo</span> <span class='ocrx_word' id='word_1_283' title='bbox 781 1969 935 2004; x_wconf 82' lang='lat' dir='ltr'>debebat</span> <span class='ocrx_word' id='word_1_284' title='bbox 955 1979 1033 2003; x_wconf 86' lang='lat' dir='ltr'>esse</span> <span class='ocrx_word' id='word_1_285' title='bbox 1055 1967 1271 2014; x_wconf 88' lang='lat' dir='ltr'>dispositum</span> <span class='ocrx_word' id='word_1_286' title='bbox 1286 1967 1404 2013; x_wconf 87' lang='lat' dir='ltr'>magis</span> <span class='ocrx_word' id='word_1_287' title='bbox 1417 1977 1543 2002; x_wconf 83' lang='lat' dir='ltr'>versus</span> <span class='ocrx_word' id='word_1_288' title='bbox 1555 1965 1686 2001; x_wconf 86' lang='lat' dir='ltr'>Orien-</span> 
     </span>
     <span class='ocr_line' id='line_1_39' title="bbox 107 2023 750 2070; baseline -0.006 -9"><span class='ocrx_word' id='word_1_289' title='bbox 107 2030 197 2066; x_wconf 75' lang='lat' dir='ltr'>tem,</span> <span class='ocrx_word' id='word_1_290' title='bbox 215 2033 328 2070; x_wconf 84' lang='lat' dir='ltr'>quam</span> <span class='ocrx_word' id='word_1_291' title='bbox 347 2034 472 2060; x_wconf 85' lang='lat' dir='ltr'>versus</span> <span class='ocrx_word' id='word_1_292' title='bbox 494 2023 750 2059; x_wconf 87' lang='lat' dir='ltr'>Occidentem.</span> 
     </span>
    </p>

    <p class='ocr_par' dir='ltr' id='par_1_12' title="bbox 108 2072 1686 2285">
     <span class='ocr_line' id='line_1_40' title="bbox 183 2072 1682 2123; baseline -0.004 -10"><span class='ocrx_word' id='word_1_293' title='bbox 183 2074 219 2113; x_wconf 90' lang='grc'>6.</span> <span class='ocrx_word' id='word_1_294' title='bbox 239 2075 480 2114; x_wconf 74' lang='grc' dir='ltr'>ΡιΑετιῑιιεΑ.</span> <span class='ocrx_word' id='word_1_295' title='bbox 503 2076 617 2113; x_wconf 85' lang='lat' dir='ltr'>Exod.</span> <span class='ocrx_word' id='word_1_296' title='bbox 652 2086 709 2112; x_wconf 89' lang='lat'>20.</span> <span class='ocrx_word' id='word_1_297' title='bbox 735 2076 920 2111; x_wconf 85' lang='lat' dir='ltr'>Dominus</span> <span class='ocrx_word' id='word_1_298' title='bbox 958 2075 1154 2123; x_wconf 88' lang='lat' dir='ltr'>praecepit,</span> <span class='ocrx_word' id='word_1_299' title='bbox 1189 2083 1227 2110; x_wconf 89' lang='lat' dir='ltr'>ut</span> <span class='ocrx_word' id='word_1_300' title='bbox 1252 2086 1318 2110; x_wconf 86' lang='lat' dir='ltr'>non</span> <span class='ocrx_word' id='word_1_301' title='bbox 1344 2075 1494 2121; x_wconf 73' lang='lat' dir='ltr'>jacerent</span> <span class='ocrx_word' id='word_1_302' title='bbox 1526 2072 1682 2120; x_wconf 69' lang='lat' dir='ltr'>sculptile,</span> 
     </span>
     <span class='ocr_line' id='line_1_41' title="bbox 108 2126 1683 2178; baseline -0.005 -10"><span class='ocrx_word' id='word_1_303' title='bbox 108 2141 213 2178; x_wconf 73' lang='lat' dir='ltr'>neque</span> <span class='ocrx_word' id='word_1_304' title='bbox 251 2130 402 2178; x_wconf 73' lang='lat' dir='ltr'>aliquam</span> <span class='ocrx_word' id='word_1_305' title='bbox 434 2130 708 2172; x_wconf 67' lang='lat' dir='ltr'>similitudinem:</span> <span class='ocrx_word' id='word_1_306' title='bbox 741 2129 1042 2166; x_wconf 85' lang='lat' dir='ltr'>inconvenienter</span> <span class='ocrx_word' id='word_1_307' title='bbox 1068 2129 1177 2175; x_wconf 84' lang='lat' dir='ltr'>igitur</span> <span class='ocrx_word' id='word_1_308' title='bbox 1211 2129 1246 2164; x_wconf 90' lang='lat' dir='ltr'>in</span> <span class='ocrx_word' id='word_1_309' title='bbox 1281 2127 1530 2169; x_wconf 85' lang='lat' dir='ltr'>tabernaculo,</span> <span class='ocrx_word' id='word_1_310' title='bbox 1564 2126 1622 2162; x_wconf 91' lang='lat' dir='ltr'>vel</span> <span class='ocrx_word' id='word_1_311' title='bbox 1648 2128 1683 2161; x_wconf 91' lang='lat' dir='ltr'>in</span> 
     </span>
     <span class='ocr_line' id='line_1_42' title="bbox 108 2182 1686 2233; baseline -0.003 -12"><span class='ocrx_word' id='word_1_312' title='bbox 108 2182 251 2233; x_wconf 78' lang='lat' dir='ltr'>templo</span> <span class='ocrx_word' id='word_1_313' title='bbox 267 2182 414 2220; x_wconf 75' lang='lat' dir='ltr'>fuerunt</span> <span class='ocrx_word' id='word_1_314' title='bbox 432 2183 596 2231; x_wconf 81' lang='lat' dir='ltr'>sculptae</span> <span class='ocrx_word' id='word_1_315' title='bbox 618 2183 798 2231; x_wconf 77' lang='lat' dir='ltr'>imagines</span> <span class='ocrx_word' id='word_1_316' title='bbox 821 2183 1043 2219; x_wconf 86' lang='lat' dir='ltr'>Cherubim:</span> <span class='ocrx_word' id='word_1_317' title='bbox 1066 2183 1232 2218; x_wconf 88' lang='lat' dir='ltr'>similiter</span> <span class='ocrx_word' id='word_1_318' title='bbox 1253 2183 1363 2218; x_wconf 87' lang='lat' dir='ltr'>etiam</span> <span class='ocrx_word' id='word_1_319' title='bbox 1385 2191 1421 2217; x_wconf 92' lang='lat' dir='ltr'>et</span> <span class='ocrx_word' id='word_1_320' title='bbox 1439 2193 1534 2224; x_wconf 84' lang='lat' dir='ltr'>arca,</span> <span class='ocrx_word' id='word_1_321' title='bbox 1553 2190 1588 2217; x_wconf 89' lang='lat' dir='ltr'>et</span> <span class='ocrx_word' id='word_1_322' title='bbox 1606 2191 1686 2228; x_wconf 88' lang='lat' dir='ltr'>pro—</span> 
     </span>
     <span class='ocr_line' id='line_1_43' title="bbox 110 2235 1682 2285; baseline -0.003 -11"><span class='ocrx_word' id='word_1_323' title='bbox 110 2236 349 2285; x_wconf 69' lang='lat' dir='ltr'>pffiatorium,</span> <span class='ocrx_word' id='word_1_324' title='bbox 367 2245 406 2274; x_wconf 84' lang='lat' dir='ltr'>et</span> <span class='ocrx_word' id='word_1_325' title='bbox 424 2236 697 2280; x_wconf 81' lang='lat' dir='ltr'>candelabrum,</span> <span class='ocrx_word' id='word_1_326' title='bbox 718 2245 753 2273; x_wconf 91' lang='lat' dir='ltr'>et</span> <span class='ocrx_word' id='word_1_327' title='bbox 774 2248 912 2280; x_wconf 81' lang='lat' dir='ltr'>mensa,</span> <span class='ocrx_word' id='word_1_328' title='bbox 926 2245 962 2273; x_wconf 90' lang='lat' dir='ltr'>et</span> <span class='ocrx_word' id='word_1_329' title='bbox 975 2236 1107 2284; x_wconf 82' lang='lat' dir='ltr'>duplex</span> <span class='ocrx_word' id='word_1_330' title='bbox 1123 2237 1235 2272; x_wconf 86' lang='lat' dir='ltr'>altare</span> <span class='ocrx_word' id='word_1_331' title='bbox 1256 2237 1334 2272; x_wconf 88' lang='lat' dir='ltr'>sine</span> <span class='ocrx_word' id='word_1_332' title='bbox 1349 2235 1555 2272; x_wconf 81' lang='lat' dir='ltr'>rationabili</span> <span class='ocrx_word' id='word_1_333' title='bbox 1574 2245 1682 2270; x_wconf 87' lang='lat' dir='ltr'>causa</span> 
     </span>
    </p>
   </div>
   <div class='ocr_carea' id='block_1_8' title="bbox 64 2289 488 2335">
    <p class='ocr_par' dir='ltr' id='par_1_13' title="bbox 64 2289 488 2335">
     <span class='ocr_line' id='line_1_44' title="bbox 64 2289 488 2335; baseline -0.005 -7"><span class='ocrx_word' id='word_1_334' title='bbox 64 2327 72 2335; x_wconf 77' lang='grc'><em>,</em></span> <span class='ocrx_word' id='word_1_335' title='bbox 109 2290 161 2328; x_wconf 79' lang='lat' dir='ltr'>ibi</span> <span class='ocrx_word' id='word_1_336' title='bbox 179 2289 292 2327; x_wconf 69' lang='lat' dir='ltr'>fuisse</span> <span class='ocrx_word' id='word_1_337' title='bbox 309 2290 488 2327; x_wconf 78' lang='lat' dir='ltr'>videntur.</span> 
     </span>
    </p>
   </div>
   <div class='ocr_carea' id='block_1_9' title="bbox 110 2342 1686 2929">
    <p class='ocr_par' dir='ltr' id='par_1_14' title="bbox 110 2342 1686 2929">
     <span class='ocr_line' id='line_1_45' title="bbox 183 2342 1682 2392; baseline -0.003 -12"><span class='ocrx_word' id='word_1_338' title='bbox 183 2354 217 2391; x_wconf 84' lang='grc'>7.</span> <span class='ocrx_word' id='word_1_339' title='bbox 237 2343 477 2382; x_wconf 65' lang='lat' dir='ltr'>Puri-nu.</span> <span class='ocrx_word' id='word_1_340' title='bbox 490 2344 675 2380; x_wconf 88' lang='lat' dir='ltr'>Dominus</span> <span class='ocrx_word' id='word_1_341' title='bbox 689 2344 873 2392; x_wconf 85' lang='lat' dir='ltr'>praecepit</span> <span class='ocrx_word' id='word_1_342' title='bbox 887 2344 1002 2380; x_wconf 84' lang='lat' dir='ltr'>Exod.</span> <span class='ocrx_word' id='word_1_343' title='bbox 1017 2354 1093 2381; x_wconf 87' lang='lat'>20.:</span> <span class='ocrx_word' id='word_1_344' title='bbox 1117 2344 1235 2380; x_wconf 78' lang='lat' dir='ltr'>Altare</span> <span class='ocrx_word' id='word_1_345' title='bbox 1249 2344 1287 2379; x_wconf 69' lang='lat' dir='ltr'>dc</span> <span class='ocrx_word' id='word_1_346' title='bbox 1313 2350 1403 2379; x_wconf 70' lang='lat' dir='ltr'>terra</span> <span class='ocrx_word' id='word_1_347' title='bbox 1419 2344 1554 2390; x_wconf 77' lang='lat' dir='ltr'>facietis</span> <span class='ocrx_word' id='word_1_348' title='bbox 1580 2342 1682 2377; x_wconf 81' lang='lat' dir='ltr'>mihi.-</span> 
     </span>
     <span class='ocr_line' id='line_1_46' title="bbox 113 2397 1686 2446; baseline -0.004 -10"><span class='ocrx_word' id='word_1_349' title='bbox 113 2406 153 2436; x_wconf 64' lang='grc' dir='ltr'><strong>α</strong></span> <span class='ocrx_word' id='word_1_350' title='bbox 170 2398 326 2436; x_wconf 76' lang='lat' dir='ltr'>iterum:</span> <span class='ocrx_word' id='word_1_351' title='bbox 347 2399 427 2435; x_wconf 80' lang='lat' dir='ltr'>Non</span> <span class='ocrx_word' id='word_1_352' title='bbox 447 2399 594 2435; x_wconf 68' lang='lat' dir='ltr'>ascendes</span> <span class='ocrx_word' id='word_1_353' title='bbox 611 2399 655 2435; x_wconf 86' lang='lat' dir='ltr'>ad</span> <span class='ocrx_word' id='word_1_354' title='bbox 668 2399 773 2434; x_wconf 76' lang='lat' dir='ltr'>altare</span> <span class='ocrx_word' id='word_1_355' title='bbox 787 2410 893 2433; x_wconf 81' lang='lat' dir='ltr'>mcum</span> <span class='ocrx_word' id='word_1_356' title='bbox 904 2405 968 2446; x_wconf 70' lang='lat' dir='ltr'>per</span> <span class='ocrx_word' id='word_1_357' title='bbox 980 2399 1121 2443; x_wconf 69' lang='lat' dir='ltr'>gradus.-</span> <span class='ocrx_word' id='word_1_358' title='bbox 1144 2398 1442 2433; x_wconf 83' lang='lat' dir='ltr'>inconvenienter</span> <span class='ocrx_word' id='word_1_359' title='bbox 1463 2397 1571 2441; x_wconf 76' lang='lat' dir='ltr'>igitur</span> <span class='ocrx_word' id='word_1_360' title='bbox 1586 2406 1686 2430; x_wconf 86' lang='lat' dir='ltr'>man·</span> 
     </span>
     <span class='ocr_line' id='line_1_47' title="bbox 112 2448 1685 2500; baseline -0.004 -11"><span class='ocrx_word' id='word_1_361' title='bbox 112 2452 220 2489; x_wconf 66' lang='lat' dir='ltr'>ditur</span> <span class='ocrx_word' id='word_1_362' title='bbox 237 2453 475 2500; x_wconf 78' lang='lat' dir='ltr'>postmodum</span> <span class='ocrx_word' id='word_1_363' title='bbox 497 2452 610 2488; x_wconf 87' lang='lat' dir='ltr'>altare</span> <span class='ocrx_word' id='word_1_364' title='bbox 631 2450 706 2488; x_wconf 82' lang='lat' dir='ltr'>fieri</span> <span class='ocrx_word' id='word_1_365' title='bbox 728 2452 772 2487; x_wconf 91' lang='lat' dir='ltr'>de</span> <span class='ocrx_word' id='word_1_366' title='bbox 798 2451 907 2498; x_wconf 83' lang='lat' dir='ltr'>lignis</span> <span class='ocrx_word' id='word_1_367' title='bbox 929 2463 1030 2494; x_wconf 89' lang='lat' dir='ltr'>auro,</span> <span class='ocrx_word' id='word_1_368' title='bbox 1051 2451 1109 2487; x_wconf 86' lang='lat' dir='ltr'>vel</span> <span class='ocrx_word' id='word_1_369' title='bbox 1132 2463 1214 2486; x_wconf 84' lang='lat' dir='ltr'>aere</span> <span class='ocrx_word' id='word_1_370' title='bbox 1237 2451 1425 2493; x_wconf 79' lang='lat' dir='ltr'>contextis,</span> <span class='ocrx_word' id='word_1_371' title='bbox 1446 2459 1482 2485; x_wconf 87' lang='lat' dir='ltr'>et</span> <span class='ocrx_word' id='word_1_372' title='bbox 1499 2458 1619 2485; x_wconf 84' lang='lat' dir='ltr'>tantae</span> <span class='ocrx_word' id='word_1_373' title='bbox 1638 2448 1685 2483; x_wconf 88' lang='lat' dir='ltr'>al-</span> 
     </span>
     <span class='ocr_line' id='line_1_48' title="bbox 111 2503 1682 2553; baseline -0.003 -11"><span class='ocrx_word' id='word_1_374' title='bbox 111 2505 287 2549; x_wconf 78' lang='lat' dir='ltr'>titudinis,</span> <span class='ocrx_word' id='word_1_375' title='bbox 300 2513 341 2542; x_wconf 82' lang='lat' dir='ltr'>ut</span> <span class='ocrx_word' id='word_1_376' title='bbox 352 2506 398 2542; x_wconf 79' lang='lat' dir='ltr'>ad</span> <span class='ocrx_word' id='word_1_377' title='bbox 411 2505 501 2542; x_wconf 88' lang='lat' dir='ltr'>illud</span> <span class='ocrx_word' id='word_1_378' title='bbox 513 2506 583 2541; x_wconf 80' lang='lat' dir='ltr'>nisi</span> <span class='ocrx_word' id='word_1_379' title='bbox 596 2517 660 2553; x_wconf 90' lang='lat' dir='ltr'>per</span> <span class='ocrx_word' id='word_1_380' title='bbox 673 2506 807 2551; x_wconf 84' lang='lat' dir='ltr'>gradus</span> <span class='ocrx_word' id='word_1_381' title='bbox 821 2506 967 2541; x_wconf 86' lang='lat' dir='ltr'>ascendi</span> <span class='ocrx_word' id='word_1_382' title='bbox 981 2517 1055 2541; x_wconf 88' lang='lat' dir='ltr'>non</span> <span class='ocrx_word' id='word_1_383' title='bbox 1071 2506 1202 2553; x_wconf 87' lang='lat' dir='ltr'>possit:</span> <span class='ocrx_word' id='word_1_384' title='bbox 1217 2505 1349 2540; x_wconf 84' lang='lat' dir='ltr'>dicitur</span> <span class='ocrx_word' id='word_1_385' title='bbox 1362 2505 1459 2540; x_wconf 87' lang='lat' dir='ltr'>enim</span> <span class='ocrx_word' id='word_1_386' title='bbox 1479 2503 1592 2539; x_wconf 78' lang='lat' dir='ltr'>Exod.</span> <span class='ocrx_word' id='word_1_387' title='bbox 1608 2513 1682 2548; x_wconf 90' lang='lat'><strong>27.:</strong></span> 
     </span>
     <span class='ocr_line' id='line_1_49' title="bbox 112 2556 1681 2606; baseline -0.004 -9"><span class='ocrx_word' id='word_1_388' title='bbox 112 2559 229 2597; x_wconf 63' lang='lat' dir='ltr'>Facias</span> <span class='ocrx_word' id='word_1_389' title='bbox 239 2559 348 2596; x_wconf 77' lang='lat' dir='ltr'>alum</span> <span class='ocrx_word' id='word_1_390' title='bbox 360 2559 398 2596; x_wconf 71' lang='lat' dir='ltr'>de</span> <span class='ocrx_word' id='word_1_391' title='bbox 411 2560 508 2606; x_wconf 72' lang='lat' dir='ltr'>lignis</span> <span class='ocrx_word' id='word_1_392' title='bbox 524 2560 651 2603; x_wconf 73' lang='lat' dir='ltr'>sethim,</span> <span class='ocrx_word' id='word_1_393' title='bbox 668 2559 755 2606; x_wconf 80' lang='lat' dir='ltr'>quod</span> <span class='ocrx_word' id='word_1_394' title='bbox 776 2560 906 2595; x_wconf 71' lang='lat' dir='ltr'>habebit</span> <span class='ocrx_word' id='word_1_395' title='bbox 923 2561 1068 2606; x_wconf 64' lang='lat' dir='ltr'>quinque</span> <span class='ocrx_word' id='word_1_396' title='bbox 1082 2561 1205 2595; x_wconf 76' lang='lat' dir='ltr'>cubitos</span> <span class='ocrx_word' id='word_1_397' title='bbox 1221 2561 1253 2593; x_wconf 80' lang='lat' dir='ltr'>in</span> <span class='ocrx_word' id='word_1_398' title='bbox 1268 2559 1482 2603; x_wconf 59' lang='lat' dir='ltr'>longitudine,</span> <span class='ocrx_word' id='word_1_399' title='bbox 1499 2563 1528 2593; x_wconf 80' lang='lat' dir='ltr'>ct</span> <span class='ocrx_word' id='word_1_400' title='bbox 1549 2556 1681 2592; x_wconf 70' lang='lat' dir='ltr'>totidem</span> 
     </span>
     <span class='ocr_line' id='line_1_50' title="bbox 114 2612 1682 2661; baseline -0.003 -11"><span class='ocrx_word' id='word_1_401' title='bbox 114 2613 153 2650; x_wconf 67' lang='lat' dir='ltr'>in</span> <span class='ocrx_word' id='word_1_402' title='bbox 171 2612 361 2658; x_wconf 58' lang='lat' dir='ltr'>hanam,</span> <span class='ocrx_word' id='word_1_403' title='bbox 373 2618 404 2650; x_wconf 70' lang='lat' dir='ltr'>a</span> <span class='ocrx_word' id='word_1_404' title='bbox 415 2619 481 2650; x_wconf 72' lang='lat' dir='ltr'>tres</span> <span class='ocrx_word' id='word_1_405' title='bbox 493 2615 618 2649; x_wconf 74' lang='lat' dir='ltr'>cubitos</span> <span class='ocrx_word' id='word_1_406' title='bbox 631 2615 666 2649; x_wconf 81' lang='lat' dir='ltr'>in</span> <span class='ocrx_word' id='word_1_407' title='bbox 679 2613 863 2654; x_wconf 77' lang='lat' dir='ltr'>altitudine,</span> <span class='ocrx_word' id='word_1_408' title='bbox 880 2619 909 2650; x_wconf 73' lang='lat' dir='ltr'>e!</span> <span class='ocrx_word' id='word_1_409' title='bbox 925 2615 1047 2661; x_wconf 62' lang='lat' dir='ltr'>operies</span> <span class='ocrx_word' id='word_1_410' title='bbox 1067 2614 1148 2648; x_wconf 84' lang='lat' dir='ltr'>illud</span> <span class='ocrx_word' id='word_1_411' title='bbox 1162 2626 1259 2649; x_wconf 57' lang='lat' dir='ltr'>acre:</span> <span class='ocrx_word' id='word_1_412' title='bbox 1282 2622 1317 2648; x_wconf 79' lang='lat' dir='ltr'>ct</span> <span class='ocrx_word' id='word_1_413' title='bbox 1333 2613 1446 2648; x_wconf 76' lang='lat' dir='ltr'>Exod.</span> <span class='ocrx_word' id='word_1_414' title='bbox 1467 2623 1518 2657; x_wconf 84' lang='lat'>30.</span> <span class='ocrx_word' id='word_1_415' title='bbox 1534 2612 1682 2646; x_wconf 86' lang='lat' dir='ltr'>dicitur:</span> 
     </span>
     <span class='ocr_line' id='line_1_51' title="bbox 110 2666 1682 2714; baseline -0.003 -10"><span class='ocrx_word' id='word_1_416' title='bbox 110 2666 230 2704; x_wconf 69' lang='lat' dir='ltr'>Faciet</span> <span class='ocrx_word' id='word_1_417' title='bbox 247 2667 358 2704; x_wconf 68' lang='lat' dir='ltr'>aleam</span> <span class='ocrx_word' id='word_1_418' title='bbox 380 2667 425 2704; x_wconf 72' lang='lat' dir='ltr'>ad</span> <span class='ocrx_word' id='word_1_419' title='bbox 443 2667 639 2704; x_wconf 73' lang='lat' dir='ltr'>adolendum</span> <span class='ocrx_word' id='word_1_420' title='bbox 661 2668 880 2714; x_wconf 66' lang='lat' dir='ltr'>thymiamata</span> <span class='ocrx_word' id='word_1_421' title='bbox 901 2667 939 2703; x_wconf 75' lang='lat' dir='ltr'>de</span> <span class='ocrx_word' id='word_1_422' title='bbox 959 2668 1054 2713; x_wconf 74' lang='lat' dir='ltr'>liguis</span> <span class='ocrx_word' id='word_1_423' title='bbox 1072 2668 1198 2709; x_wconf 69' lang='lat' dir='ltr'>sethim,</span> <span class='ocrx_word' id='word_1_424' title='bbox 1217 2669 1391 2712; x_wconf 54' lang='lat' dir='ltr'>mnusque</span> <span class='ocrx_word' id='word_1_425' title='bbox 1413 2666 1494 2700; x_wconf 77' lang='lat' dir='ltr'>illud</span> <span class='ocrx_word' id='word_1_426' title='bbox 1515 2677 1600 2700; x_wconf 83' lang='lat' dir='ltr'>auro</span> <span class='ocrx_word' id='word_1_427' title='bbox 1618 2671 1682 2712; x_wconf 79' lang='lat' dir='ltr'>pu-</span> 
     </span>
     <span class='ocr_line' id='line_1_52' title="bbox 110 2731 254 2758; baseline -0.014 0"><span class='ocrx_word' id='word_1_428' title='bbox 110 2731 254 2758; x_wconf 67' lang='lat' dir='ltr'>mm.</span> 
     </span>
     <span class='ocr_line' id='line_1_53' title="bbox 182 2772 1682 2821; baseline -0.003 -11"><span class='ocrx_word' id='word_1_429' title='bbox 182 2773 218 2811; x_wconf 85' lang='lat'>8.</span> <span class='ocrx_word' id='word_1_430' title='bbox 236 2772 485 2810; x_wconf 67' lang='grc' dir='ltr'>Ριιετειεᾼυ</span> <span class='ocrx_word' id='word_1_431' title='bbox 499 2774 539 2810; x_wconf 85' lang='lat' dir='ltr'>In</span> <span class='ocrx_word' id='word_1_432' title='bbox 561 2773 731 2821; x_wconf 80' lang='lat' dir='ltr'>operibus</span> <span class='ocrx_word' id='word_1_433' title='bbox 752 2773 823 2810; x_wconf 89' lang='lat' dir='ltr'>Dei</span> <span class='ocrx_word' id='word_1_434' title='bbox 843 2773 935 2810; x_wconf 83' lang='lat' dir='ltr'>nihil</span> <span class='ocrx_word' id='word_1_435' title='bbox 956 2775 1063 2810; x_wconf 89' lang='lat' dir='ltr'>debet</span> <span class='ocrx_word' id='word_1_436' title='bbox 1083 2786 1162 2810; x_wconf 86' lang='lat' dir='ltr'>esse</span> <span class='ocrx_word' id='word_1_437' title='bbox 1184 2772 1427 2820; x_wconf 62' lang='lat' dir='ltr'>superfluum</span> <span class='ocrx_word' id='word_1_438' title='bbox 1447 2773 1531 2819; x_wconf 86' lang='lat' dir='ltr'>quia</span> <span class='ocrx_word' id='word_1_439' title='bbox 1553 2782 1619 2807; x_wconf 87' lang='lat' dir='ltr'>nec</span> <span class='ocrx_word' id='word_1_440' title='bbox 1646 2772 1682 2806; x_wconf 92' lang='lat' dir='ltr'>in</span> 
     </span>
     <span class='ocr_line' id='line_1_54' title="bbox 110 2825 1682 2876; baseline -0.003 -11"><span class='ocrx_word' id='word_1_441' title='bbox 110 2826 442 2876; x_wconf 59' lang='lat' dir='ltr'>operm-amne</span> <span class='ocrx_word' id='word_1_442' title='bbox 455 2827 590 2875; x_wconf 83' lang='lat' dir='ltr'>aliquid</span> <span class='ocrx_word' id='word_1_443' title='bbox 604 2826 827 2875; x_wconf 76' lang='lat' dir='ltr'>superfluum</span> <span class='ocrx_word' id='word_1_444' title='bbox 842 2828 1046 2864; x_wconf 57' lang='lat' dir='ltr'>invenitur*</span> <span class='ocrx_word' id='word_1_445' title='bbox 1058 2828 1120 2863; x_wconf 86' lang='lat' dir='ltr'>sed</span> <span class='ocrx_word' id='word_1_446' title='bbox 1136 2827 1197 2863; x_wconf 91' lang='lat' dir='ltr'>uni</span> <span class='ocrx_word' id='word_1_447' title='bbox 1214 2826 1464 2868; x_wconf 78' lang='lat' dir='ltr'>tabernaculo,</span> <span class='ocrx_word' id='word_1_448' title='bbox 1482 2826 1542 2867; x_wconf 69' lang='lat' dir='ltr'>vel</span> <span class='ocrx_word' id='word_1_449' title='bbox 1557 2825 1682 2860; x_wconf 87' lang='lat' dir='ltr'>domui</span> 
     </span>
     <span class='ocr_line' id='line_1_55' title="bbox 110 2879 1683 2929; baseline -0.003 -10"><span class='ocrx_word' id='word_1_450' title='bbox 110 2879 246 2919; x_wconf 47' lang='lat' dir='ltr'>ssei!</span> <span class='ocrx_word' id='word_1_451' title='bbox 263 2890 380 2918; x_wconf 78' lang='lat' dir='ltr'>unum</span> <span class='ocrx_word' id='word_1_452' title='bbox 398 2881 686 2929; x_wconf 82' lang='lat' dir='ltr'>operimentum:</span> <span class='ocrx_word' id='word_1_453' title='bbox 708 2881 1009 2918; x_wconf 78' lang='lat' dir='ltr'>inconvenienter</span> <span class='ocrx_word' id='word_1_454' title='bbox 1030 2882 1138 2928; x_wconf 87' lang='lat' dir='ltr'>igitur</span> <span class='ocrx_word' id='word_1_455' title='bbox 1158 2880 1394 2917; x_wconf 85' lang='lat' dir='ltr'>tabernaculo</span> <span class='ocrx_word' id='word_1_456' title='bbox 1413 2879 1558 2916; x_wconf 83' lang='lat' dir='ltr'>suerunt</span> <span class='ocrx_word' id='word_1_457' title='bbox 1575 2890 1683 2927; x_wconf 84' lang='lat' dir='ltr'>appo-</span> 
     </span>
    </p>
   </div>
  </div>
 </body>
</html>
