1875 3198
191 168 274 211 828
631 182 851 218 QUAESTIO
887 184 974 213 CIX.
1009 182 1254 214 ARTICULUS
1289 185 1315 213 1.

185 262 279 297 sicut
300 274 319 296 a
341 263 459 309 primo
481 272 663 307 movente,
686 264 747 299 sed
770 265 879 299 etiam
894 265 935 298 ab
954 264 1034 311 ipso
1053 273 1106 299 est
1127 265 1245 299 omnis
1266 264 1430 299 formalis
1451 265 1637 312 perfectio,
1658 265 1752 300 sicut

188 327 207 349 a
228 317 345 362 primo
369 325 468 351 actu:
492 318 542 352 sic
564 318 672 363 igitur
695 318 789 352 actio
811 317 1026 360 intellectus,
1049 326 1084 352 et
1105 319 1364 364 cujuscumque
1387 320 1476 353 entis
1496 319 1606 353 creati
1623 319 1753 365 depen-

186 369 245 403 det
267 382 285 403 a
308 370 389 404 Deo
413 379 586 416 quantum
604 371 646 405 ad
662 371 732 405 duo
747 383 753 404 z
777 383 840 405 uno
855 371 961 412 modo,
977 371 1190 417 inquantum
1206 372 1247 405 ab
1263 372 1342 418 ipso
1358 372 1467 406 habet
1480 372 1751 418 perfectionem,

185 423 260 457 sive
282 423 450 466 formam,
474 436 536 470 per
558 436 667 470 quam
690 425 780 470 agit:
806 425 870 458 alio
893 425 1000 466 modo,
1024 425 1238 471 inquantum
1258 426 1299 459 ab
1315 427 1393 471 ipso
1409 433 1576 460 movetur
1590 426 1634 460 ad
1648 437 1753 472 agen-

185 477 282 511 dum.
306 477 554 524 Unaquaeque
583 486 703 512 autem
725 477 845 511 forma
866 478 977 512 indita
1000 478 1103 512 rebus
1128 479 1255 513 creatis
1278 490 1297 513 a
1318 479 1399 513 Deo
1421 479 1531 513 habet
1552 478 1752 513 efficaciam

185 539 348 577 respectu
372 531 521 577 alicujus
544 540 643 566 actus
666 531 904 573 determinati,
926 532 963 565 in
985 544 1094 577 quem
1116 540 1235 578 potest
1256 533 1456 567 secundum
1477 544 1581 567 suam
1598 533 1754 580 proprie-

184 592 314 627 tatem,
337 584 428 618 ultra
451 593 571 619 autem
593 596 667 619 non
689 593 818 630 potest,
837 585 904 619 nisi
923 596 985 630 per
1008 586 1167 632 aliquam
1184 585 1341 620 formam
1359 587 1644 633 superadditam;
1662 587 1753 621 sicut

185 649 278 684 aqua
299 649 373 672 non
396 647 514 684 potest
536 638 745 680 calefacere,
768 639 836 673 nisi
859 638 1033 673 calefacta
1056 640 1097 673 ab
1119 640 1222 685 igne;
1245 640 1294 674 sic
1317 640 1425 686 igitur
1453 639 1656 674 intellectus
1689 640 1752 674 hu-

185 703 313 726 manus
336 692 444 726 habet
463 692 621 738 aliquam
642 691 811 734 formam,
831 692 970 727 scilicet
988 694 1105 739 ipsum
1125 693 1350 739 intelligibile
1368 693 1504 735 lumen,
1523 693 1619 739 quod
1638 702 1690 728 est
1708 693 1751 728 de

185 756 222 780 se
244 744 424 780 sufficiens
447 746 489 779 ad
512 746 690 791 quaedam
713 745 953 791 intelligibilia
976 746 1243 792 cognoscenda,
1267 748 1310 781 ad
1329 758 1371 781 ea
1386 747 1534 789 scilicet,
1547 747 1583 781 in
1597 758 1753 793 quorum

184 799 350 833 notitiam
374 810 436 845 per
453 798 634 834 sensibilia
654 810 847 844 possumus
872 800 1050 834 devenire.
1074 799 1217 835 Altiora
1240 812 1326 834 vero
1353 800 1592 847 intelligibilia
1618 800 1754 835 intelle—

186 860 262 886 ctus
289 852 470 886 humanus
498 864 722 898 cognoscere
747 864 821 887 non
840 860 969 899 potest,
991 854 1059 888 nisi
1080 853 1222 888 fortiori
1242 853 1379 888 lumine
1413 854 1628 900 perficiatur,
1663 855 1754 889 sicut

184 903 320 939 lumine
342 904 435 947 fidei,
457 906 515 939 vel
529 906 757 952 prophetiae3
774 907 870 952 quod
886 906 1014 940 dicitur
1030 907 1138 941 lumen
1151 908 1292 952 gratiae,
1309 908 1522 953 inquantum
1535 915 1589 942 est
1603 916 1752 942 naturae

185 959 464 1004 superadditum.
489 959 547 993 Sic
570 959 678 1005 igitur
700 960 894 993 dicendum
916 968 979 1002 est,
1002 960 1098 1006 quod
1134 961 1177 994 ad
1212 961 1460 1006 cognitionem
1494 961 1752 1007 cujuscumque

184 1011 259 1045 veri
281 1012 394 1046 homo
416 1012 553 1058 indiget
575 1013 706 1047 auxilio
730 1013 864 1055 divino,
896 1023 932 1048 ut
965 1013 1169 1048 intellectus
1193 1025 1212 1048 a
1232 1015 1314 1048 Deo
1348 1022 1538 1049 moveatur
1571 1015 1615 1049 ad
1646 1026 1753 1049 suum

185 1073 325 1100 actum:
352 1077 425 1099 non
449 1075 570 1100 autem
590 1067 729 1112 indiget
751 1067 793 1100 ad
819 1067 1116 1112 cognoscendam
1130 1068 1321 1102 veritatem
1335 1068 1372 1102 in
1386 1068 1554 1102 omnibus
1567 1079 1664 1102 nova
1676 1067 1754 1102 illu-

183 1119 355 1152 stratione
376 1120 604 1165 superaddita
625 1120 780 1154 naturali
802 1120 1043 1163 illustrationi,
1066 1121 1128 1155 sed
1151 1121 1186 1155 in
1210 1121 1436 1167 quibusdam,
1459 1133 1551 1167 quae
1577 1121 1754 1156 excedunt

183 1173 385 1206 naturalem
404 1173 672 1219 cognitionem:
693 1181 727 1207 et
748 1182 870 1208 tamen
893 1174 1110 1220 quandoque
1132 1175 1231 1209 Deus
1247 1174 1465 1209 miraculose
1479 1186 1541 1221 per
1555 1187 1659 1210 suam
1677 1186 1754 1221 gra-

184 1226 272 1259 tiam
298 1226 437 1272 aliquos
461 1227 602 1261 instruit
628 1227 671 1261 de
689 1227 756 1269 his,
776 1239 870 1273 quae
891 1239 954 1274 per
975 1227 1176 1262 naturalem
1191 1229 1372 1263 rationem
1395 1229 1571 1275 cognosci
1591 1237 1752 1275 possunt,

184 1279 276 1314 sicut
290 1287 322 1314 et
337 1280 554 1326 quandoque
570 1280 787 1315 miraculose
806 1280 892 1315 facit
913 1282 1104 1328 quaedam,
1127 1293 1218 1328 quae
1241 1290 1368 1316 natura
1388 1281 1506 1317 facere
1528 1291 1657 1329 potest.

257 1333 316 1367 AD
339 1344 488 1368 PR1MUM
516 1346 603 1380 ergo
631 1335 837 1376 dicendum,
860 1335 956 1380 quod
980 1347 1089 1369 omne
1111 1347 1250 1378 verum,
1286 1347 1304 1369 a
1338 1347 1570 1382 quocumque
1601 1337 1751 1379 dicatur,

188 1395 241 1421 est
263 1399 281 1420 a
305 1388 437 1433 Spiritu
461 1388 609 1430 Sancto,
632 1388 724 1422 sicut
746 1389 787 1422 ab
811 1388 1020 1423 infundente
1042 1389 1205 1423 naturale
1227 1389 1362 1432 lumen,
1386 1398 1420 1424 et
1441 1399 1612 1425 movente
1639 1391 1682 1425 ad
1703 1391 1753 1425 in-

185 1440 436 1485 telligendum,
459 1450 493 1475 et
514 1441 737 1487 loquendum
760 1443 968 1484 veritatem,
995 1454 1069 1476 non
1104 1451 1225 1477 autem
1247 1443 1339 1478 sicut
1370 1444 1412 1477 ab
1445 1444 1668 1479 inhabitante
1689 1456 1752 1491 per

186 1494 340 1539 gratiam
362 1503 505 1540 gratum
526 1494 733 1537 facientem,
756 1495 813 1529 vel
844 1497 936 1530 sicut
965 1496 1139 1542 largiente
1163 1495 1308 1542 aliquod
1330 1497 1512 1532 habituale
1535 1498 1673 1532 donum
1693 1510 1752 1532 na-

183 1555 283 1582 turae
302 1549 590 1594 superadditum:
615 1549 676 1583 sed
695 1550 765 1583 hoc
789 1549 909 1583 solum
932 1557 985 1584 est
1006 1550 1041 1583 in
1064 1550 1280 1596 quibusdam
1302 1551 1395 1585 veris
1419 1552 1698 1597 cognoscendis,
1717 1560 1752 1587 et

183 1601 386 1647 loquendis,
409 1611 443 1636 et
465 1604 622 1637 maxime
650 1603 686 1636 in
708 1602 789 1645 illis,
813 1615 903 1649 quae
926 1603 1106 1649 pertinent
1127 1603 1171 1637 ad
1194 1603 1314 1646 fidem,
1337 1604 1380 1638 de
1403 1605 1530 1651 quibus
1552 1605 1751 1652 Apostolus

187 1655 412 1701 loquebatur.

258 1709 317 1744 AD
341 1721 548 1745 SECUNDUM
571 1710 776 1752 dicendum,
800 1710 896 1756 quod
928 1710 984 1745 sol
1011 1710 1216 1757 corporalia
1237 1710 1391 1746 illustrat
1412 1713 1588 1748 exterius:
1609 1713 1671 1748 sed
1697 1713 1753 1748 sol

188 1762 433 1808 intelligibilis,
465 1764 525 1810 qui
548 1772 600 1798 est
625 1765 737 1805 Deus,
772 1763 926 1798 illustrat
959 1764 1131 1806 interiu83
1165 1764 1259 1798 unde
1287 1765 1407 1811 ipsum
1439 1765 1563 1800 lumen
1589 1767 1752 1802 naturale

187 1816 329 1850 animae
355 1818 508 1852 inditum
533 1826 585 1852 est
605 1817 796 1851 illustratio
819 1818 900 1860 Dei,
929 1829 998 1864 qua
1019 1817 1241 1852 illustramur
1267 1818 1309 1852 ab
1340 1819 1419 1865 ipso
1453 1819 1497 1854 ad
1531 1831 1753 1866 cognoscen-

186 1870 273 1904 dum
296 1882 348 1914 ea,
371 1883 462 1917 quae
489 1872 670 1918 pertinent
688 1871 731 1905 ad
754 1871 957 1905 naturalem
980 1872 1248 1917 cognitionem:
1264 1880 1299 1906 et
1317 1873 1360 1907 ad
1375 1873 1446 1908 hoc
1467 1885 1542 1908 non
1563 1875 1752 1921 requiritur

189 1923 259 1958 alia
280 1924 482 1967 illustratio,
505 1925 567 1960 sed
589 1925 708 1959 solum
729 1925 772 1959 ad
795 1925 865 1967 illa,
888 1937 979 1971 quae
1002 1925 1205 1960 naturalem
1227 1927 1474 1972 cognitionem
1498 1928 1685 1963 excedunt.

257 1978 316 2013 AD
340 1970 513 2014 TERTIU‘M
536 1979 741 2021 dicendum,
770 1980 865 2025 quod
893 1991 1036 2025 semper
1058 1979 1263 2026 indigemus
1285 1980 1407 2015 divino
1435 1981 1568 2017 auxilio
1591 1983 1634 2017 ad
1657 1983 1753 2029 cogi·

185 2032 336 2066 tandum
371 2033 638 2079 quodcumque,
673 2033 888 2079 inquantum
921 2033 1040 2079 ipsum
1068 2041 1193 2068 movet
1225 2033 1451 2069 intellectum
1485 2035 1529 2070 ad
1552 2036 1750 2082 agendum3

187 2093 268 2119 actu
292 2086 388 2120 enim
410 2086 611 2132 intelligere
634 2086 780 2132 aliquid,
802 2095 855 2121 est
873 2087 1045 2133 cogitare,
1059 2095 1095 2121 ut
1116 2095 1214 2133 patet
1231 2099 1294 2133 per
1309 2088 1460 2134 August.
1480 2099 1531 2132 14.
1554 2090 1598 2125 de
1621 2089 1749 2125 Trinit.

187 2139 265 2183 (loc.
288 2141 343 2176 cit.
368 2141 402 2174 in
420 2141 521 2186 arg).

740 2242 1083 2287 ARTICULUS
1119 2243 1175 2286 Π.
1686 2268 1749 2304 577

212 2343 366 2374 UTRUM
394 2344 522 2374 HOMO
552 2344 703 2374 POSSIT
726 2346 876 2386 VELLE,
906 2346 962 2375 ET
989 2346 1153 2376 FACERE
1181 2346 1334 2377 BONUM
1359 2348 1528 2384 ABSQUE
1556 2349 1730 2380 GRATIA.

403 2427 503 2474 (Insr.
531 2433 594 2461 art.
618 2428 650 2462 6.
678 2434 707 2462 et
733 2440 762 2463 2.
789 2429 871 2463 ΠΜ.
896 2430 949 2464 23.
972 2434 1036 2464 art.
1058 2441 1083 2464 ι.
1110 2434 1138 2463 cl
1160 2430 1247 2464 Dist.
1264 2441 1316 2475 39.
1340 2431 1373 2464 in
1395 2436 1466 2477 exp.
1488 2431 1535 2465 lit.

235 2486 263 2515 ct
293 2481 378 2515 [ἐνί.
401 2493 430 2526 q.
453 2492 507 2525 24.
531 2487 595 2516 art.
624 2494 650 2516 Ι.
673 2482 714 2515 ad
737 2494 766 2516 2.
789 2488 816 2516 et
842 2483 961 2527 Quodl.
985 2496 1011 2517 Ι.
1039 2488 1102 2517 art.
1132 2494 1160 2528 7.
1183 2488 1212 2517 c!
1229 2495 1257 2528 5.
1280 2489 1345 2518 art.
1372 2495 1402 2518 2.
1424 2489 1452 2518 εἰ
1473 2496 1499 2519 Ι.
1524 2485 1601 2519 Cor.
1624 2487 1702 2532 12).

260 2570 318 2604 An
338 2581 544 2605 SECUNDUM
566 2571 616 2605 sic
632 2571 847 2617 proceditur.
871 2572 1033 2609 Videtur,
1057 2572 1153 2617 quod
1175 2572 1288 2607 homo
1311 2573 1424 2619 possit
1444 2573 1550 2615 velle,
1578 2583 1611 2609 et
1632 2574 1749 2610 facere

187 2623 323 2656 boumn
347 2625 479 2669 absque
502 2625 633 2669 gratia:
656 2624 743 2658 illud
764 2625 860 2659 enim
883 2634 935 2659 cst
957 2626 991 2658 in
1015 2626 1174 2659 hominis
1197 2634 1383 2672 potestate,
1406 2628 1506 2672 cujus
1525 2627 1599 2674 ipse
1621 2637 1674 2663 est
1691 2630 1751 2664 do-

190 2677 324 2710 minus:
343 2677 403 2711 sed
419 2678 532 2712 homo
549 2686 601 2712 est
611 2678 780 2712 dominus
805 2690 953 2712 suorum
967 2687 1125 2721 actuum,
1139 2687 1173 2714 ct
1192 2680 1348 2714 maxime
1364 2681 1439 2726 ejus
1461 2681 1557 2727 quod
1572 2690 1625 2716 est
1645 2683 1750 2725 velle,

190 2738 226 2763 ut
248 2742 353 2776 supra
372 2731 508 2765 dictum
524 2741 575 2766 cst
598 2732 642 2777 (q.
668 2745 692 2766 1.
716 2738 781 2767 ιιιἸ.
809 2745 834 2767 1.
858 2738 885 2766 ct
908 2746 936 2777 q.
958 2745 999 2777 ις.
1022 2738 1086 2767 art.
1116 2734 1181 2777 6.),·
1206 2745 1292 2779 crgo
1315 2734 1430 2768 homo
1452 2743 1570 2781 potest
1590 2735 1694 2779 velle,
1716 2746 1750 2772 et

190 2782 306 2818 lacere
329 2785 464 2818 bouum
488 2797 549 2831 per
571 2786 728 2831 seipsum
752 2786 884 2831 absque
908 2786 1039 2819 auxilio
1059 2787 1204 2831 gratiae.

261 2847 290 2871 2.
315 2838 550 2873 PRAETEREA.
576 2839 869 2885 Unumquodque
892 2847 1008 2885 potest
1039 2840 1154 2885 magis
1184 2840 1220 2874 in
1251 2841 1286 2874 id
1324 2841 1420 2887 quod
1447 2850 1500 2876 cst
1528 2842 1595 2877 sibi
1627 2854 1751 2879 secun-

190 2891 276 2925 dum
298 2900 475 2934 naturam,
498 2904 607 2938 quam
626 2892 662 2926 in
684 2893 730 2934 id,
752 2893 847 2939 quod
871 2901 923 2928 cst
945 2893 1008 2928 sibi
1030 2902 1168 2939 practer
1194 2902 1383 2930 naturam:
1400 2894 1461 2929 sed
1484 2904 1674 2942 peccatum
1697 2907 1750 2933 cst
