1955 3182
246 216 299 270 38
685 223 903 260 QUAESTIO
936 224 979 253 ΙΙ.
1014 223 1259 253 ARTICULUS
1291 223 1366 252 VII.

244 308 373 342 dicitur
394 319 467 341 non
490 306 608 341 solum
630 306 802 352 potentia,
826 313 886 339 aut
906 305 1059 347 habitus,
1079 313 1139 338 aut
1158 313 1267 347 actus,
1290 305 1352 339 sed
1375 313 1409 339 et
1430 305 1623 351 objectum,
1646 305 1742 352 quod
1757 314 1810 340 est

245 361 505 395 extrinsecum:
531 368 564 394 et
585 360 656 394 hoc
679 359 791 393 modo
813 358 904 392 nihil
925 359 1092 404 prohibet
1114 359 1243 402 dicere,
1265 358 1312 401 id,
1334 360 1370 393 in
1392 371 1463 405 quo
1489 359 1672 394 beatitudo
1695 360 1810 394 consi-

244 415 313 457 stit,
337 426 413 449 esse
441 414 624 460 quoddam
642 414 779 447 bonum
803 413 956 446 animae.

316 469 375 503 AD
391 478 597 503 SECUNDUM
613 467 818 508 dicendum,
834 474 1008 512 quantum
1023 466 1067 500 ad
1082 466 1308 512 propositum
1323 466 1487 512 pertinet,
1509 467 1606 512 quod
1626 466 1808 501 beatitudo

246 520 402 556 maxime
426 530 576 563 amatur,
598 529 785 567 tamquam
811 521 948 554 bonum
972 520 1218 566 concupitum,
1241 521 1379 554 amicus
1402 527 1523 554 autem
1550 528 1701 563 amatur,
1722 528 1811 554 tam-

245 587 352 622 quam
375 575 422 617 id,
446 575 503 608 cui
525 574 793 620 concupiscitur
815 574 971 608 bonum:
997 581 1031 607 et
1049 574 1099 607 sic
1123 575 1232 607 etiam
1253 574 1368 608 homo
1392 582 1490 608 amat
1511 574 1692 620 seipsum:
1715 574 1809 608 unde

244 641 317 663 non
341 637 394 663 est
416 629 542 663 eadem
563 629 651 662 ratio
668 628 802 662 amoris
824 627 1025 672 utrobique.
1042 627 1174 661 Utrum
1196 635 1316 662 autem
1333 638 1458 661 amore
1473 628 1653 662 amicitiae
1676 627 1810 674 aliquid

245 683 358 717 homo
373 694 478 729 supra
493 693 530 716 se
545 690 652 724 amet,
668 683 733 715 erit
746 681 849 715 locus
865 680 1129 724 considerandi,
1146 692 1228 715 cum
1243 681 1286 715 de
1302 681 1476 715 charitate
1485 689 1612 727 agetur
1621 682 1702 726 (2-2.
1717 693 1746 727 q.
1762 692 1809 727 25.

245 742 308 772 art.
330 749 381 773 10.
404 743 431 771 et
454 749 482 782 q.
505 737 560 771 26.
583 741 648 770 art.
664 736 721 782 3.).

316 791 376 825 AD
392 801 563 825 TERTIUM
578 789 782 830 dicendum,
798 788 895 834 quod
909 789 1092 823 beatitudo
1107 789 1195 835 ipsa,
1216 800 1299 823 cum
1321 789 1365 823 sit
1385 788 1559 835 perfectio
1582 789 1735 832 animae,
1759 795 1811 823 est

246 844 430 891 quoddam
452 844 593 878 animae
615 843 752 877 bonum
774 843 981 877 inhaerens:
1005 842 1067 877 sed
1088 842 1135 884 id,
1158 842 1194 876 in
1217 854 1288 889 quo
1309 842 1494 877 beatitudo
1521 844 1695 886 consistit,
1713 842 1810 889 quod

245 898 385 933 scilicet
404 898 551 932 beatum
573 896 667 940 facit,
691 905 744 931 est
765 895 899 942 aliquid
921 903 1018 930 extra
1045 897 1218 938 animam,
1240 903 1278 930 ut
1300 896 1436 930 dictum
1459 904 1512 931 est
1534 897 1584 941 (in
1602 903 1692 943 corp.
1713 897 1809 942 art.).

782 1037 1128 1083 ARTICULUS
1159 1038 1282 1080 VIII.
1771 1048 1811 1084 16

245 1149 399 1179 UTRUM
425 1148 681 1178 BEATITUDO
710 1147 893 1177 HOMmrs
923 1135 1169 1177 cousrs'TAT
1203 1146 1247 1176 IN
1273 1146 1443 1181 Attouo
1473 1145 1592 1176 Bono
1621 1145 1810 1176 CREATO.

559 1235 665 1279 (Part.
688 1247 715 1270 1.
738 1246 768 1280 q.
790 1245 839 1269 12.
861 1239 927 1269 art.
945 1246 972 1269 Ι.
995 1239 1083 1279 corp.
1106 1239 1136 1268 et
1156 1245 1185 1279 q.
1208 1235 1262 1269 82.
1285 1238 1349 1268 art.
1363 1245 1394 1268 2.
1410 1239 1499 1280 corp.

364 1294 392 1324 et
412 1301 477 1324 2-2.
500 1301 530 1334 q.
551 1290 599 1335 85.
621 1293 685 1323 art.
708 1300 738 1323 2.
761 1294 849 1334 corp.
873 1292 901 1322 et
921 1288 977 1322 lib.
995 1298 1028 1331 4.
1054 1287 1170 1321 Contr.
1191 1299 1221 1333 g.
1244 1293 1315 1333 cap.
1338 1299 1368 1334 7.
1392 1287 1410 1332 §
1432 1299 1476 1333 15.
1499 1292 1527 1322 et
1547 1293 1620 1334 cap.
1638 1298 1692 1334 54.

431 1348 461 1378 et
474 1349 583 1390 opusc.
598 1354 628 1377 2.
644 1348 715 1388 cap.
729 1343 803 1377 108.
818 1347 846 1376 et
858 1341 937 1386 264.
953 1346 983 1376 et
997 1347 1104 1387 opusc.
1119 1353 1174 1376 20.
1189 1341 1246 1376 lib.
1260 1354 1287 1376 I.
1307 1347 1378 1387 cap.
1393 1342 1424 1376 8.
1440 1346 1469 1376 et
1481 1341 1533 1376 Ps.
1546 1342 1627 1388 32).

315 1434 374 1468 AD
402 1443 591 1467 OCTAVUM
613 1433 661 1465 sic
681 1431 897 1477 proceditur.
916 1430 1078 1475 Videtur,
1098 1430 1194 1477 quod
1212 1430 1396 1464 beatitudo
1411 1430 1571 1464 hominis
1590 1430 1763 1466 consistat
1778 1433 1813 1466 in

247 1488 368 1534 aliquo
390 1487 487 1521 bono
511 1493 649 1520 creato:
679 1485 764 1519 dicit
786 1486 883 1519 enim
902 1485 1010 1518 Dion.
1032 1494 1065 1527 4.
1089 1496 1166 1530 cap.
1189 1484 1232 1518 de
1253 1484 1394 1518 Divinis
1415 1484 1635 1519 Nominibus
1655 1481 1763 1531 (part.
1785 1498 1812 1521 Ι.

244 1542 312 1577 lect.
329 1554 356 1587 3.
376 1546 403 1575 et
425 1540 473 1585 6.)
494 1539 591 1585 quod
613 1539 732 1573 divina
754 1538 930 1584 sapientia
952 1538 1141 1584 conjungit
1158 1537 1246 1572 fines
1265 1539 1466 1584 primorum
1484 1538 1668 1584 principiis
1690 1550 1815 1574 secun-

245 1596 385 1629 dorum.
408 1594 459 1627 Ex
481 1604 553 1639 quo
575 1600 694 1639 potest
720 1593 846 1638 accipi,
875 1591 970 1638 quod
993 1603 1180 1625 summum
1201 1591 1379 1626 inferioris
1402 1599 1551 1626 naturae
1573 1592 1618 1626 sit
1639 1592 1813 1639 attingere

243 1648 410 1683 infimum
424 1655 573 1681 naturae
588 1646 802 1692 superioris:
827 1646 888 1680 sed
911 1657 1096 1679 summum
1111 1645 1271 1679 hominis
1285 1646 1424 1679 bonurn
1436 1653 1490 1679 est
1505 1645 1710 1689 beatitud03
1729 1658 1813 1681 cum

245 1713 330 1748 ergo
355 1700 503 1746 angelus
524 1708 673 1734 naturae
697 1700 822 1734 ordine
853 1700 897 1733 sit
925 1710 1032 1745 supra
1059 1699 1264 1741 hominem,
1291 1708 1329 1733 ut
1358 1700 1394 1733 in
1420 1699 1538 1744 primo
1567 1699 1731 1734 habitum
1761 1709 1815 1735 est

246 1755 290 1800 (q.
314 1766 359 1801 75.
382 1759 446 1789 art.
467 1765 497 1799 7.
516 1759 543 1788 ct
557 1754 630 1788 108.
653 1758 716 1788 art.
739 1754 770 1788 8.
793 1757 820 1787 et
834 1765 898 1788 111.
918 1758 980 1786 art.
995 1753 1053 1798 1),
1072 1752 1224 1795 videtur,
1239 1752 1336 1798 quod
1350 1752 1534 1787 beatitudo
1552 1753 1713 1789 hominis
1731 1765 1815 1788 con-

242 1809 343 1843 sistat
363 1808 399 1842 in
420 1808 504 1850 hoc,
523 1807 619 1853 quod
643 1807 764 1852 aliquo
787 1806 898 1840 modo
922 1806 1063 1851 attingit
1084 1806 1128 1840 ad
1151 1805 1334 1851 angelum.

313 1871 345 1895 2.
367 1861 604 1895 PRAETEREA.
628 1860 787 1894 Ultimus
803 1859 882 1893 finis
898 1859 1088 1905 cujuslibet
1101 1871 1151 1893 rei
1167 1867 1220 1894 est
1240 1859 1278 1893 in
1299 1870 1366 1894 suo
1383 1871 1492 1906 opere
1514 1860 1691 1907 perfecto:
1715 1861 1810 1896 unde

242 1927 323 1962 pars
339 1923 392 1949 est
406 1922 550 1961 propter
568 1922 698 1956 totum,
721 1915 812 1947 sicut
832 1921 976 1960 propter
998 1913 1127 1947 finem:
1148 1913 1210 1947 sed
1228 1921 1304 1948 tota
1323 1914 1536 1948 universitas
1555 1922 1813 1958 creaturarum,

243 1981 334 2015 quae
357 1968 486 2002 dicitur
500 1970 611 2013 major
625 1967 776 2010 mundus,
798 1975 1033 2013 comparatur
1055 1967 1099 2000 ad
1122 1967 1324 2009 hominem,
1343 1967 1404 2013 qui
1418 1967 1454 2000 in
1469 1967 1500 2001 8.
1516 1967 1624 2014 Phys.
1646 1968 1728 2013 (tex.
1746 1970 1813 2015 17.)

243 2023 370 2056 dicitur
386 2023 496 2055 minor
509 2021 660 2064 mundus,
681 2021 773 2055 sicut
786 2020 987 2066 perfectum
1004 2020 1047 2054 ad
1062 2019 1335 2066 imperfectum;
1351 2032 1437 2067 ergo
1453 2021 1637 2056 beatitudo
1651 2022 1812 2058 hominis

244 2076 406 2110 consistit
425 2076 460 2109 in
481 2082 556 2109 tota
578 2075 809 2109 universitate
832 2082 1088 2109 creaturarum.

317 2140 345 2174 3.
368 2129 603 2163 PRAETEREA.
626 2128 695 2162 Per
716 2128 787 2161 hoc
803 2128 916 2162 homo
933 2126 1084 2162 efficitur
1099 2127 1234 2169 beatus,
1250 2127 1347 2173 quod
1366 2139 1429 2174 per
1443 2128 1520 2173 ejus
1541 2127 1705 2163 naturale
1725 2129 1814 2164 desi-

243 2183 383 2216 derium
411 2183 604 2228 quietatur:
628 2181 690 2215 sed
711 2181 928 2216 desiderium
947 2182 1108 2216 hominis
1130 2192 1205 2215 non
1231 2181 1433 2216 extenditur
1456 2181 1500 2216 ad
1523 2183 1638 2228 majus
1662 2183 1812 2226 bonum,

243 2248 352 2282 quam
374 2236 449 2282 ipse
472 2246 599 2281 capere
622 2243 756 2280 potest:
781 2247 864 2269 cum
880 2246 966 2281 ergo
982 2235 1096 2269 homo
1112 2235 1156 2269 sit
1175 2247 1286 2281 capax
1301 2236 1399 2278 boni,
1415 2236 1512 2282 quod
1527 2236 1667 2272 excedit
1679 2236 1813 2272 limites

242 2290 351 2324 totius
374 2297 570 2331 creaturae,
591 2289 742 2330 videtur,
758 2290 853 2335 quod
873 2300 936 2335 per
958 2289 1104 2335 aliquod
1118 2289 1257 2323 bonum
1273 2298 1435 2324 creatum
1456 2290 1572 2325 homo
1589 2290 1714 2326 beatus
1737 2291 1814 2326 ficri

243 2343 374 2390 possit:
395 2351 430 2377 et
450 2343 498 2376 ita
519 2342 702 2376 beatitudo
722 2342 881 2376 hominis
904 2344 938 2376 in
962 2342 1083 2388 aliquo
1101 2342 1200 2376 bono
1223 2350 1344 2377 creato
1367 2343 1542 2378 consistit.

317 2397 391 2431 SED
414 2407 570 2431 CONTRA
594 2404 657 2438 est,
680 2396 777 2442 quod
796 2396 949 2441 August.
973 2396 1059 2430 dicit
1084 2407 1134 2443 19.
1159 2396 1201 2430 de
1217 2395 1324 2431 Civit.
1339 2397 1410 2431 Dei
1433 2397 1521 2444 (cap.
1536 2397 1593 2433 26.
1612 2398 1808 2445 inprinc.):

251 2452 295 2486 Εἰ
307 2453 376 2486 vita
387 2452 496 2485 carnis
510 2452 624 2484 anima
634 2455 699 2490 est;
720 2452 765 2484 ita
781 2451 872 2484 beata
886 2451 957 2484 vita
972 2450 1112 2484 hominis
1126 2450 1217 2484 Dans
1231 2456 1295 2485 est:
1312 2450 1355 2485 de
1370 2462 1442 2497 quo
1458 2450 1587 2486 dicitur
1601 2451 1695 2486 Psal.
1716 2462 1804 2498 143.:

249 2507 362 2540 Beatus
376 2504 530 2552 populus,
554 2506 646 2549 cujus
668 2505 835 2539 Dominus
859 2505 947 2538 Deus
966 2506 1034 2549 ejus
1055 2509 1108 2538 est.

315 2559 544 2593 ResPONDEo
573 2557 779 2599 dicendum,
807 2557 902 2603 quod
930 2556 1154 2603 impossibile
1178 2566 1241 2599 cst,
1268 2557 1527 2593 beatitudinem
1549 2558 1709 2594 hominis
1736 2570 1813 2594 esse

244 2613 280 2646 in
303 2612 424 2659 aliquo
446 2612 544 2646 bono
568 2619 708 2646 creato:
731 2611 916 2645 beatitudo
939 2611 1035 2645 enim
1060 2619 1112 2645 est
1132 2611 1269 2645 bonum
1292 2611 1504 2657 perfectum,
1531 2613 1628 2658 quod
1654 2612 1814 2648 totaliter

245 2666 379 2712 quietat
401 2665 619 2712 appetitum:
644 2664 804 2711 alioquin
828 2676 901 2698 non
924 2673 1017 2699 esset
1040 2664 1186 2698 ultimus
1209 2664 1301 2706 finis,
1323 2665 1352 2699 si
1375 2665 1492 2700 adhuc
1512 2674 1660 2701 restaret
1679 2666 1812 2713 aliquid

245 2719 504 2765 appetendum:
535 2719 718 2764 objectum
745 2727 866 2752 autem
898 2718 1105 2760 voluntatis,
1137 2729 1228 2764 quae
1255 2726 1308 2752 cst
1335 2719 1512 2764 appetitus
1539 2720 1733 2762 humanus,
1760 2728 1813 2755 est

246 2772 447 2806 universale
468 2773 625 2806 bonum:
649 2772 740 2806 sicut
767 2772 949 2817 objectum
972 2771 1175 2806 intellectus
1197 2780 1250 2806 est
1277 2772 1478 2807 universale
1504 2785 1649 2807 verum:
1672 2784 1714 2808 ex
1739 2785 1811 2820 quo

246 2834 353 2871 patet,
376 2826 471 2871 quod
491 2825 581 2859 nihil
598 2834 716 2872 potest
735 2826 894 2871 quietare
913 2825 1138 2859 voluntatem
1158 2825 1329 2866 hominis,
1347 2826 1415 2859 nisi
1433 2826 1570 2860 bonum
1589 2826 1811 2869 universale3

247 2879 342 2924 quod
365 2890 437 2912 non
460 2879 640 2913 invenitur
656 2879 689 2913 in
707 2879 828 2925 aliquo
851 2887 985 2920 creato,
1008 2879 1068 2912 scd
1085 2878 1204 2912 solum
1227 2879 1261 2912 in
1285 2879 1381 2913 Deo:
1405 2879 1488 2925 quia
1511 2879 1630 2914 omnis
1648 2889 1810 2914 creatura

246 2932 353 2966 habet
375 2932 573 2966 bonitatem
596 2933 858 2979 participatam.
881 2932 985 2967 Unde
1007 2931 1105 2966 solus
1120 2932 1219 2966 Deus
1234 2932 1460 2967 voluntatem
1482 2933 1643 2968 hominis
1660 2933 1810 2980 implere
