1875 3198
194 187 283 240 736
624 201 846 235 QUAESTIO
882 201 937 230 CI.
971 202 1216 231 ARTICULUS
1250 203 1310 233 ΙΙΙ.

269 290 297 324 3.
320 279 559 315 PRAETEREA.
582 281 780 327 Praecepta
803 282 1084 316 caeremonialia
1106 283 1331 328 pertinebant
1351 284 1394 318 ad
1421 284 1559 319 cultum
1580 285 1650 320 Dei
1672 293 1764 320 exte-

193 331 339 374 riorem,
363 341 397 367 et
420 334 662 379 corporalem,
678 344 716 369 ut
738 336 873 370 dictum
893 343 945 369 est
962 336 1041 378 (art.
1051 338 1181 382 praec.)
1195 350 1205 371 .·
1227 337 1290 370 sed
1306 337 1516 382 hujusmodi
1531 338 1670 373 cultum
1686 350 1763 373 cor-

192 385 357 429 poralem
391 386 448 420 lex
478 388 630 422 debebat
659 389 879 431 diminuere,
910 391 993 435 quia
1024 390 1213 424 ordinabat
1244 390 1287 424 ad
1316 390 1515 434 Christum,
1545 392 1607 437 qui
1637 392 1761 427 docuit

191 438 361 474 homines
383 441 504 475 Deum
536 442 657 477 colere
681 445 714 477 in
739 445 867 489 spirim,
891 446 921 478 et
944 445 1092 485 varitate,
1122 452 1160 477 ut
1186 444 1338 478 habetur
1362 444 1466 489 Joan.
1492 454 1546 487 4.;
1573 455 1648 479 non
1674 457 1761 492 ergo

195 491 396 527 debuerunt
416 495 529 528 multa
552 504 744 541 praecepta
767 496 1047 530 caeremonialia
1070 497 1156 530 dari.

263 545 337 580 SED
361 558 517 582 CONTRA
541 557 605 590 est,
627 550 724 595 quod
743 550 871 583 dicitur
899 549 1019 584 Oseae
1047 550 1096 584 8.:
1112 550 1264 585 Scribam
1285 551 1314 584 ai
1339 550 1534 596 multiplices
1555 550 1634 596 leges
1653 562 1753 592 mea5,·

190 606 225 632 et
246 599 312 644 Job
337 611 407 634 11.:
437 602 480 636 Ut
508 602 684 637 ostenderet
710 604 770 637 tib-i
789 609 911 638 secreta
931 605 1123 650 sapientiae,
1143 603 1229 649 quod
1249 604 1419 650 multiplex
1438 605 1480 638 sit
1501 603 1552 638 lex
1572 606 1650 650 ejus.

263 652 493 689 RESPONDEO
524 655 718 690 dicendum
741 657 849 702 quod,
883 657 975 691 sicut
1001 668 1108 703 supra
1131 657 1265 691 dictum
1288 664 1341 691 est
1361 657 1404 702 (q.
1424 668 1478 703 90.
1502 661 1565 691 art.
1584 668 1615 691 2.
1637 662 1666 691 et
1682 669 1710 704 3.
1726 663 1756 692 et

190 717 220 751 q.
241 706 296 752 96.
317 713 381 741 art.
413 709 479 752 r.),·
513 709 634 743 omnis
658 709 713 743 lex
737 710 844 744 alicui
865 710 1002 756 populo
1029 712 1153 745 datur:
1176 712 1212 745 in
1239 710 1375 757 populo
1398 718 1520 744 autem
1541 710 1604 745 duo
1627 721 1759 757 genera

190 760 383 795 hominum
405 763 656 805 continentur3
686 764 822 809 quidam
840 765 946 810 proni
969 765 1012 798 ad
1029 764 1179 806 malum,
1194 764 1255 810 qui
1276 772 1359 798 sunt
1379 775 1442 810 per
1459 771 1652 810 praecepta
1669 764 1760 810 legis

191 814 396 856 coercendi,
410 824 447 849 ut
458 827 565 862 supra
581 817 717 851 dictum
741 826 793 852 est
802 819 846 864 (q.
859 830 906 865 95.
923 824 986 853 art.
1001 819 1059 864 L),
1071 818 1206 864 quidam
1220 818 1395 852 habentes
1418 817 1695 851 inclinationem
1716 818 1761 851 ad

190 867 327 900 bonum
346 868 403 902 vel
427 880 469 902 ex
491 878 630 912 natura,
652 871 710 904 vel
733 882 774 905 ex
794 872 1068 914 consuetudine,
1089 871 1148 905 vel
1170 872 1279 906 etiam
1299 882 1341 905 ex
1359 871 1492 917 gratia:
1515 878 1551 904 et
1570 870 1660 905 tales
1681 879 1764 905 sunt

188 931 252 966 per
273 920 362 966 legis
390 931 628 969 praeceptum
658 924 869 966 instruendi,
892 933 926 959 et
956 925 991 958 in
1014 925 1143 959 melius
1165 925 1418 971 promovendi.
1442 923 1632 964 Quantum
1654 924 1763 970 igitur

189 975 233 1007 ad
256 984 449 1022 utrumque
474 989 588 1023 genus
616 978 821 1020 hominum,
837 979 1050 1025 expediebat
1071 987 1263 1025 praecepta
1286 977 1568 1012 caeremonialia
1589 977 1625 1011 in
1648 977 1762 1011 veteri

187 1027 269 1073 lege
282 1028 533 1074 multiplicari:
550 1039 651 1065 erant
667 1032 762 1065 enim
778 1033 813 1066 in
826 1032 888 1066 illo
905 1032 1042 1078 populo
1059 1032 1169 1079 aliqui
1180 1033 1223 1066 ad
1235 1031 1480 1066 idololatriam
1493 1031 1616 1077 proni3
1630 1038 1666 1064 et
1678 1031 1761 1065 ideo

186 1092 336 1116 necesse
352 1092 438 1124 erat,
450 1092 488 1117 ut
499 1084 539 1117 ab
563 1085 791 1119 idololatriae
811 1085 908 1119 cultu
923 1098 987 1132 per
1000 1094 1194 1132 praecepta
1209 1084 1491 1120 caeremonialia
1505 1092 1762 1119 revocarentur

188 1135 231 1168 ad
256 1135 394 1169 cultum
410 1137 498 1172 Dei:
521 1146 556 1171 et
570 1138 653 1184 quia
665 1138 913 1185 multipliciter
934 1139 1103 1173 homines
1124 1138 1353 1173 idololatriae
1375 1138 1635 1180 deserviebant,
1658 1148 1762 1183 opor-

186 1188 285 1222 tebat
307 1200 324 1222 e
348 1191 533 1224 contrario
552 1191 667 1225 multa
689 1192 825 1226 institui
847 1193 891 1226 ad
914 1192 1055 1238 singula
1077 1192 1324 1238 reprimenda;
1348 1200 1383 1226 et
1402 1192 1533 1226 iterum
1552 1190 1667 1225 multa
1681 1191 1761 1225 tali-

187 1242 252 1276 bus
274 1242 425 1289 imponi,
449 1252 487 1278 ut
508 1245 610 1290 quasi
632 1246 789 1280 oneratis
812 1257 853 1280 ex
875 1246 942 1288 his,
965 1257 1057 1292 quae
1080 1246 1123 1280 ad
1146 1246 1284 1280 cultum
1310 1245 1381 1280 Dei
1402 1245 1664 1291 impenderent,
1685 1256 1760 1279 non

188 1304 335 1329 vacaret
360 1296 590 1332 idololatriae
613 1299 815 1333 deservire:
844 1311 885 1333 ex
902 1308 1001 1346 parte
1023 1311 1111 1334 vero
1134 1311 1274 1342 eorum,
1297 1299 1358 1345 qui
1385 1307 1486 1333 erant
1506 1299 1610 1344 proni
1637 1298 1681 1332 ad
1703 1298 1763 1332 bo-

185 1359 285 1391 num,
302 1350 411 1383 etiam
428 1352 635 1385 necessaria
656 1352 722 1387 fuit
744 1352 997 1399 multiplicatio
1021 1352 1346 1387 caeremonialium
1367 1360 1664 1399 praeceptorum:
1683 1359 1761 1386 tum

186 1402 271 1447 quia
297 1414 360 1448 per
380 1403 451 1437 hoc
475 1405 718 1440 diversimode
740 1417 843 1440 mens
870 1417 999 1440 eorum
1030 1406 1250 1440 referebatur
1270 1406 1307 1440 in
1328 1406 1463 1448 Deum,
1485 1413 1520 1439 et
1541 1405 1658 1451 magis
1679 1405 1762 1439 assi-

187 1455 275 1490 due:
298 1465 375 1490 tum
398 1459 481 1503 quia
520 1460 734 1505 mysterium
759 1460 908 1502 Christi,
923 1461 1019 1506 quod
1043 1472 1106 1506 per
1126 1459 1338 1505 hujusmodi
1365 1458 1648 1493 caeremonialia
1674 1457 1762 1504 figu-

185 1509 340 1552 rabatur,
351 1511 570 1557 multiplices
583 1512 753 1547 utilitates
769 1513 886 1548 attulit
899 1514 1055 1555 mundo;
1068 1522 1101 1547 et
1115 1513 1230 1547 multa
1245 1514 1340 1547 circa
1360 1513 1480 1559 ipsum
1495 1511 1760 1546 consideranda

185 1571 298 1605 erant,
322 1576 413 1609 quae
436 1566 599 1611 oportuit
621 1578 683 1612 per
701 1567 842 1601 diversa
865 1567 1138 1601 caerimonialia
1160 1567 1317 1612 figurari.

258 1617 318 1652 AD
340 1629 490 1654 PRIMUM
517 1632 605 1665 ergo
641 1621 847 1663 dicendum,
871 1621 967 1667 quod
990 1621 1136 1668 quando
1162 1621 1210 1663 id,
1233 1621 1330 1667 quod
1358 1621 1545 1655 ordinatur
1571 1620 1614 1654 ad
1636 1619 1759 1661 finem,

185 1678 239 1704 est
261 1671 441 1706 sufficiens
464 1673 507 1706 ad
531 1673 736 1708 ducendum
755 1675 789 1708 in
805 1675 924 1718 finem,
939 1683 1024 1709 tunc
1047 1674 1178 1709 sufficit
1192 1686 1306 1708 unum
1322 1674 1365 1708 ad
1384 1686 1496 1708 unum
1518 1673 1646 1716 finem;
1667 1673 1760 1707 sicut

184 1735 255 1757 una
277 1726 458 1760 medicina
481 1726 623 1769 sufficit,
646 1728 675 1761 si
697 1729 741 1762 sit
763 1727 899 1769 efficax,
923 1729 1140 1774 quandoque
1163 1728 1207 1762 ad
1226 1728 1420 1762 sanitatem
1441 1727 1706 1769 inducendam;
1725 1735 1759 1760 et

183 1785 267 1811 tunc
291 1790 365 1812 non
388 1788 536 1825 oportet
558 1780 793 1827 multiplicari
807 1782 1045 1816 medicinam:
1061 1782 1124 1816 sed
1146 1790 1293 1828 propter
1315 1781 1548 1823 debilitatem,
1571 1789 1605 1815 et
1629 1781 1759 1827 imper-

183 1830 382 1867 fectionem
409 1835 485 1878 ejus
507 1835 604 1880 quod
632 1843 685 1869 est
704 1836 746 1869 ad
765 1835 887 1877 finem,
911 1843 1055 1881 oportet
1074 1846 1115 1869 ea
1137 1834 1392 1881 multiplicari:
1415 1835 1508 1869 sicut
1529 1834 1643 1868 multa
1662 1834 1760 1868 adhi-

186 1884 312 1919 bentur
335 1887 494 1921 remedia
516 1888 674 1930 infirmo,
697 1889 841 1934 quando
866 1900 978 1922 unum
1000 1900 1075 1923 non
1102 1887 1233 1922 sufficit
1261 1889 1304 1922 ad
1327 1889 1553 1923 sanandum:
1576 1898 1759 1922 caeremo-

184 1938 265 1972 niae
289 1947 409 1974 autem
428 1941 560 1975 veteris
583 1941 672 1987 legis
695 1942 886 1984 invalidae,
910 1951 943 1976 et
964 1942 1197 1989 imperfectae
1219 1950 1321 1976 erant
1348 1943 1391 1976 ad
1413 1942 1757 1988 repraesentandum

186 1991 323 2027 Christi
346 1995 572 2040 mysterium,
596 1995 693 2041 quod
717 2003 769 2029 est
790 1996 1091 2042 superexcellens,
1111 2004 1146 2029 et
1168 1995 1211 2029 ad
1239 1996 1506 2041 subjugandum
1534 2003 1674 2030 mentes
1695 1995 1759 2029 ho-

185 2046 325 2080 minum
348 2047 448 2081 Deo:
474 2048 569 2082 unde
592 2049 720 2095 Apost.
740 2049 825 2083 dicit
846 2049 889 2083 ad
907 2049 996 2083 Heb.
1017 2060 1066 2095 7.:
1090 2050 1290 2096 Reprobatio
1303 2050 1346 2095 fit
1361 2049 1585 2096 praecedentis
1606 2049 1758 2083 mandati

180 2106 320 2146 propter
343 2102 585 2145 illlirntitutwn,
602 2108 631 2137 ct
653 2104 862 2137 imttililatem
880 2116 889 2137 .·
913 2103 1094 2137 nihilunim
1111 2103 1153 2137 ad
1167 2103 1349 2149 petsactum
1364 2102 1503 2138 adduxit
1518 2103 1594 2143 lcx;
1619 2110 1654 2137 et
1674 2102 1757 2136 ideo

184 2154 345 2200 oportuit
366 2155 575 2200 hujusmodi
598 2157 848 2190 caeremonias
871 2156 1114 2202 multiplicari.

256 2208 316 2242 AD
337 2219 545 2243 SECUNDUM
561 2209 768 2252 dicendum,
783 2210 879 2256 quod
896 2210 1066 2256 sapientis
1084 2209 1301 2255 legislatoris
1316 2218 1369 2244 est
1383 2210 1544 2244 minores
1564 2218 1758 2256 transgres-

183 2260 304 2295 siones
328 2262 547 2306 permittere,
570 2271 609 2296 ut
630 2264 787 2308 majores
810 2272 1021 2305 caveantur3
1059 2271 1094 2297 et
1124 2264 1206 2298 ideo
1234 2271 1272 2298 ut
1306 2272 1494 2298 caveretur
1515 2264 1754 2309 transgressio

183 2314 423 2357 idololatriae,
434 2324 468 2349 et
482 2316 669 2362 superbiae
681 2328 771 2362 quae
789 2317 1053 2362 inJudaeorum
1069 2317 1237 2351 cordibus
1253 2317 1511 2359 nasceretur,si
1525 2317 1649 2351 omnia
1659 2327 1757 2363 prae—

183 2376 286 2414 cepta
322 2368 412 2413 legis
440 2369 643 2415 implerent,
679 2381 751 2403 non
781 2379 927 2416 propter
948 2371 1018 2404 hoc
1042 2371 1284 2416 praetermisit
1304 2370 1404 2405 Deus
1432 2370 1545 2405 multa
1573 2381 1755 2405 caeremo-

183 2421 292 2455 nialia
311 2431 503 2469 preacepta
522 2423 673 2465 tradere,
693 2424 776 2469 quia
795 2424 837 2457 de
858 2423 953 2457 facili
975 2424 1168 2458 sumebant
1190 2436 1231 2458 ex
1254 2424 1325 2458 hoc
1344 2424 1632 2469 transgrediendi
1653 2434 1757 2458 occa-

182 2485 335 2509 sionem.

253 2529 312 2562 AD
337 2539 509 2564 TERTIUM
538 2530 743 2571 dicendum,
767 2530 862 2575 quod
898 2539 999 2564 vetus
1022 2530 1078 2564 lex
1111 2530 1147 2564 in
1182 2531 1305 2565 multis
1327 2531 1495 2565 diminuit
1525 2530 1753 2577 corporalem

183 2580 339 2615 cultum:
364 2591 511 2629 propter
533 2583 629 2629 quod
652 2584 785 2624 statuit,
808 2584 903 2629 quod
927 2595 1000 2617 non
1024 2584 1058 2617 in
1087 2584 1187 2617 omni
1210 2584 1307 2625 loco,
1329 2584 1505 2618 sacrificia
1528 2583 1754 2625 offerrentur,

181 2646 297 2680 neque
318 2647 336 2669 a
363 2636 604 2682 quibuslibet:
628 2645 662 2671 et
682 2636 795 2670 multa
817 2637 1027 2681 hujusmodi
1049 2638 1171 2671 statuit
1194 2638 1237 2671 ad
1261 2638 1540 2672 diminutionem
1563 2638 1751 2672 exterioris

182 2687 310 2730 cultus,
333 2690 425 2723 sicut
447 2690 557 2723 etiam
576 2690 690 2723 Rabbi
712 2690 859 2736 Moyses
882 2691 1083 2736 Aegyptius
1111 2691 1196 2724 dicit
1211 2691 1286 2735 (lib.
1307 2703 1333 2737 3.
1358 2692 1440 2725 Dux
1461 2696 1587 2726 errant.
1607 2698 1679 2737 cap.
1695 2692 1753 2726 28.

181 2747 210 2776 rt
229 2743 316 2787 29.),·
345 2743 535 2787 oportebat
556 2751 678 2777 tamen
698 2754 770 2777 non
795 2743 842 2776 ita
865 2751 1050 2777 attenuare
1074 2744 1304 2790 corporalem
1328 2744 1465 2778 cultum
1485 2745 1566 2786 Dei,
1581 2753 1619 2779 ut
1639 2745 1755 2779 homi-

180 2807 242 2829 nes
266 2796 308 2829 ad
332 2796 470 2830 cultum
494 2797 717 2830 daemonum
737 2796 970 2830 declinarent.
