1907 3182
267 262 344 292 122
701 261 921 296 QUAESTIO
956 261 1042 290 XIV.
1077 261 1320 291 ARTICULUS
1355 260 1382 289 Ι.

257 342 404 389 gnificat
439 342 688 377 certitudinem
715 342 758 376 de
792 342 960 376 omnibus
994 341 1178 376 effectibus
1209 342 1245 376 in
1272 341 1389 388 prima
1417 352 1525 375 causa
1552 341 1685 387 absque
1715 342 1818 376 omni

258 396 430 431 discursu.
450 397 494 430 Et
508 396 671 430 similiter
688 395 881 430 consilium
897 396 1097 430 attribuitur
1109 396 1202 438 Deo,
1219 403 1392 441 quantum
1413 394 1455 428 ad
1476 394 1725 428 certitudinem
1744 406 1820 429 sen-

256 450 399 492 tentiae,
421 450 479 484 vel
499 450 633 496 judicii,
656 461 746 495 quae
766 449 801 483 in
820 450 923 484 nobis
942 450 1108 496 provenit
1127 462 1168 484 ex
1186 448 1418 494 inquisitione
1441 447 1602 482 consilii:
1621 447 1683 482 sed
1700 448 1821 494 hujus-

256 505 357 538 modi
377 504 560 550 inquisitio
583 504 616 537 in
641 504 722 537 Deo
745 503 869 537 locum
890 514 964 537 non
986 503 1111 537 habet:
1141 511 1175 537 et
1200 502 1282 536 ideo
1306 500 1499 536 consilium
1520 500 1720 535 secundum
1746 501 1818 536 hoc

255 559 336 592 Deo
363 569 438 592 non
465 557 675 591 attribuitur.
696 557 739 590 Et
757 557 957 591 secundum
975 557 1046 590 hoc
1064 557 1316 590 Daintscenus
1342 555 1428 589 dicit
1454 555 1528 599 (lib.
1558 566 1588 589 2.
1619 555 1715 589 Orth.
1742 555 1818 589 Fici.

258 618 328 658 cap.
344 612 428 656 22),
450 611 544 657 quod
560 611 660 645 Deus
675 622 748 644 non
772 610 998 645 consiliatur:
1020 610 1219 655 ignorantis
1243 610 1336 643 enim
1361 617 1414 643 est
1436 607 1631 642 consiliari.

328 665 388 700 AD
408 675 578 699 TERTIUM
601 664 805 706 dicendum,
833 664 929 710 quod
952 663 1041 698 nihil
1062 663 1240 710 prohibet,
1264 662 1390 709 aliqua
1405 673 1482 696 esse
1505 662 1704 696 certissima
1720 662 1817 696 bona

257 719 456 754 secundum
477 718 692 752 sententiam
714 718 929 764 sapientum,
957 725 990 751 et
1016 716 1255 763 spiritualium
1280 717 1453 758 virorum,
1480 727 1572 762 quae
1598 723 1721 750 tamen
1745 726 1821 749 non

258 781 339 808 sunt
361 780 457 806 certa
479 772 573 806 bona
600 771 799 806 secundum
826 771 1042 805 sententiam
1064 770 1232 816 plurium,
1254 769 1313 805 vel
1335 769 1534 804 carnalium
1560 769 1765 813 hominum,
1787 777 1823 804 et

257 827 339 862 ideo
362 827 404 861 de
426 826 555 861 talibus
578 825 729 860 consilia
751 825 890 860 dantur.

823 953 1169 999 ARTICULUS
1203 954 1260 997 II.
1779 965 1822 999 82

456 1066 606 1096 UTRUM
629 1064 872 1095 CONSILIUM
893 1064 961 1093 SIT
984 1064 1042 1092 DE
1069 1063 1182 1102 FINE,
1205 1064 1262 1093 AN
1289 1062 1438 1092 SOLUM
1464 1062 1522 1091 DE
1550 1061 1634 1102 HIS,

784 1130 902 1166 QUAE
929 1129 1042 1159 SUNT
1069 1130 1128 1158 AD
1155 1129 1301 1159 FINEM.

262 1220 345 1264 (2-2.
368 1231 398 1265 q.
417 1231 460 1266 33.
482 1223 545 1254 art.
566 1231 593 1254 1.
617 1218 658 1253 ad
679 1230 710 1254 2.
732 1223 759 1253 et
780 1230 810 1264 q.
832 1229 886 1265 47.
909 1223 972 1252 art.
995 1231 1021 1253 1.
1044 1217 1087 1252 ad
1103 1229 1134 1253 2.
1154 1222 1181 1252 ut
1195 1229 1223 1264 3.
1245 1218 1334 1252 Dist.
1349 1227 1394 1263 35.
1413 1228 1443 1263 q.
1462 1228 1492 1252 2.
1507 1221 1574 1252 art.
1588 1227 1621 1261 4.
1636 1227 1666 1262 q.
1687 1228 1714 1251 I.
1730 1221 1822 1262 corp.

873 1276 901 1306 el
917 1283 945 1318 3.
967 1272 1043 1307 ΕΝ).
1065 1271 1135 1306 lect.
1158 1272 1216 1315 8.).

333 1360 392 1394 AD
420 1370 626 1395 SECUNDUM
652 1360 702 1394 sic
725 1359 941 1406 proceditur.
963 1359 1126 1401 Videtur,
1148 1358 1245 1405 quod
1268 1358 1461 1393 consilium
1478 1370 1553 1393 non
1575 1350 1695 1393 solum
1717 1358 1761 1393 sit
1779 1358 1822 1393 de

262 1413 329 1455 his,
352 1425 442 1460 quae
465 1421 546 1448 sunt
568 1414 610 1447 ad
631 1413 751 1455 finem,
774 1413 835 1447 sed
858 1413 967 1447 etiam
989 1413 1032 1446 de
1054 1412 1143 1446 fine:
1168 1424 1418 1458 quaecumque
1440 1413 1537 1447 enim
1559 1412 1822 1446 dubitationem

262 1467 406 1509 habent,
429 1467 471 1501 de
494 1467 549 1501 his
571 1475 689 1514 potest
709 1467 855 1513 inquiri:
879 1466 940 1500 sed
965 1466 1060 1500 circa
1082 1466 1279 1512 operabilia
1293 1466 1454 1500 humana
1469 1465 1647 1512 contingit
1668 1476 1746 1500 esse
1765 1465 1826 1499 du-

264 1521 478 1555 bitationem
501 1521 543 1555 de
566 1521 646 1563 fine,
670 1529 703 1555 et
721 1532 794 1554 non
817 1520 937 1554 solum
959 1520 1002 1553 de
1024 1519 1079 1554 his
1102 1531 1193 1566 quae
1215 1527 1297 1553 sunt
1318 1519 1361 1553 ad
1384 1519 1509 1554 finem:
1534 1531 1618 1553 cum
1643 1519 1752 1566 igitur
1772 1519 1823 1552 in-

264 1575 407 1621 quisitio
434 1575 528 1608 circa
559 1573 754 1620 operabilia
782 1574 826 1608 sit
855 1573 1060 1616 consilium,
1089 1573 1231 1607 videtur
1260 1573 1357 1619 quod
1388 1572 1582 1608 consilium
1609 1573 1723 1620 possit
1748 1583 1826 1608 esse

266 1629 308 1662 de
330 1628 411 1662 fine.

359 1683 439 1717 PR
443 1692 623 1716 AETEREA.
646 1681 796 1716 Mfftterit
819 1680 961 1715 consilii
982 1689 1064 1715 sunt
1090 1681 1319 1728 operationes
1340 1681 1539 1716 humanae.
1563 1680 1624 1715 sed
1647 1679 1827 1727 quaedam

263 1693 687 1783 operationeshumanae
709 1743 790 1770 sunt
810 1735 910 1778 fines,
932 1743 971 1769 ut
992 1735 1149 1769 dicitur
1141 1747 1177 1769 in
1204 1746 1231 1769 1.
1254 1735 1334 1770 Eth.
1357 1735 1410 1781 (in
1427 1736 1538 1781 princ.
1557 1740 1630 1782 cap.
1649 1735 1717 1780 r.),·
1738 1744 1826 1780 ergo

265 1790 457 1825 consilium
479 1798 598 1836 potest
619 1801 696 1824 esse
720 1789 762 1823 de
785 1789 864 1823 fine.

336 1844 410 1878 SED
431 1854 584 1878 CONTRA
607 1850 670 1885 est,
694 1843 791 1889 quod
815 1842 1015 1889 Gregorius
1035 1842 1222 1889 Nyssenus
1245 1843 1314 1888 (wl
1334 1843 1461 1878 Nemes.
1485 1841 1541 1877 lib.
1563 1841 1600 1876 du
1620 1841 1700 1877 Nat.
1723 1841 1826 1876 Hom.

265 1904 335 1945 cup.
354 1909 405 1944 34
429 1909 448 1931 ιι
471 1909 515 1932 m
514 1897 567 1943 ed.)
592 1896 688 1939 dicit,
711 1896 807 1943 quod
829 1908 903 1931 non
926 1896 968 1930 de
991 1896 1071 1939 fine,
1095 1896 1156 1931 sed
1183 1896 1225 1931 de
1252 1896 1308 1931 his
1335 1908 1426 1943 quae
1453 1903 1536 1930 sunt
1562 1895 1606 1930 ad
1631 1895 1753 1938 finem,
1776 1902 1829 1930 est
1873 1942 1876 1944 ς

268 1950 472 1986 consilium.

336 2006 564 2040 REsPoNDEO
588 2004 792 2047 dicendum,
812 2004 908 2051 quod
923 2004 1002 2039 finis
1021 2005 1055 2038 in
1076 2004 1317 2051 operabilibus
1335 2004 1445 2039 habet
1458 2003 1638 2038 rationem
1651 2003 1828 2050 principii,

267 2071 309 2094 eo
333 2059 428 2106 quod
451 2059 607 2093 rationes
629 2070 756 2093 eorum
779 2070 870 2104 quae
893 2066 975 2093 sunt
997 2058 1040 2092 ad
1063 2058 1184 2101 finem,
1211 2070 1253 2093 ex
1279 2058 1349 2093 fine
1376 2066 1584 2093 sumuntur:
1611 2056 1828 2104 principium

267 2121 388 2148 autem
410 2124 483 2147 non
507 2112 600 2146 cadit
622 2113 685 2146 sub
702 2112 929 2158 quaestione:
951 2112 1012 2146 sed
1031 2112 1206 2158 principia
1229 2119 1372 2159 oportet
1389 2121 1592 2158 supponere
1606 2111 1642 2145 in
1661 2110 1763 2145 omni
1780 2111 1830 2144 in-

267 2167 474 2214 quisitione:
500 2166 592 2200 unde
621 2177 703 2199 cum
728 2166 921 2200 consilium
945 2166 988 2200 sit
1009 2166 1184 2212 quaestio,
1207 2166 1250 2200 de
1272 2166 1342 2200 fine
1363 2177 1438 2200 non
1465 2173 1519 2200 est
1539 2163 1744 2206 consilium,
1767 2163 1828 2198 sed

267 2220 385 2255 solum
408 2220 450 2254 de
472 2220 527 2253 his
550 2231 640 2265 quae
663 2228 745 2253 sunt
767 2220 808 2253 ad
832 2219 952 2253 finem.
970 2219 1112 2253 Tamen
1131 2220 1320 2266 contingit,
1336 2219 1370 2253 id
1389 2219 1486 2266 quod
1501 2226 1554 2253 est
1570 2217 1650 2253 finis
1664 2227 1829 2265 respectu

268 2274 509 2321 quorumdam
533 2273 689 2308 ordinari
713 2273 755 2307 ad
779 2273 889 2307 alium
918 2273 1044 2307 finem:
1073 2274 1165 2308 sicut
1191 2273 1300 2308 etiam
1327 2273 1374 2315 id,
1401 2272 1498 2320 quod
1529 2280 1583 2307 est
1612 2271 1829 2319 principium

268 2328 372 2362 unius
395 2327 725 2369 demonstrationis,
749 2335 802 2361 est
823 2326 1010 2361 conclusio
1034 2326 1198 2370 alterius3
1226 2335 1260 2362 et
1285 2327 1368 2362 ideo
1394 2327 1441 2370 id,
1468 2325 1565 2373 quod
1593 2325 1767 2372 accipitur
1792 2332 1831 2359 ut

259 2383 340 2429 suris
362 2382 397 2415 in
420 2393 490 2416 una
512 2381 755 2427 inquisitione,
778 2389 896 2427 potest
918 2381 1032 2427 accipi
1059 2389 1096 2415 ut
1117 2381 1159 2415 1111
1171 2382 1275 2428 finem
1298 2381 1333 2415 in
1357 2380 1426 2415 alia
1447 2379 1699 2427 inquisitione:
1723 2387 1758 2414 et
1778 2379 1828 2413 sic

269 2436 311 2471 de
333 2447 376 2470 eo
399 2436 465 2470 erit
487 2435 691 2469 consilium.

340 2490 399 2524 AD
421 2500 569 2524 Pmnun
592 2500 677 2535 ergo
701 2488 905 2530 dicendum,
928 2488 1024 2534 quod
1047 2488 1081 2522 id
1104 2488 1200 2534 quod
1223 2488 1397 2535 accipitur
1423 2495 1462 2522 ut
1482 2487 1573 2530 finis,
1596 2495 1649 2522 est
1674 2487 1748 2533 jam
1775 2477 1851 2521 de-'

268 2543 518 2584 terminatum:
542 2542 634 2576 unde
654 2542 825 2588 quamdiu
845 2542 995 2576 habetur
1014 2550 1051 2576 ut
1070 2541 1230 2584 dubium,
1248 2553 1322 2576 non
1341 2542 1493 2576 habetur
1510 2549 1548 2576 ut
1565 2540 1663 2575 finis:
1684 2548 1718 2575 et
1736 2540 1830 2583 ideo,

271 2597 301 2631 si
323 2597 365 2631 de
391 2608 433 2631 eo
457 2596 649 2631 consilium
671 2596 833 2638 habetur,
855 2607 928 2629 non
952 2595 1017 2629 erit
1044 2595 1237 2629 consilium
1259 2595 1302 2630 de
1324 2595 1406 2638 fine,
1428 2595 1489 2630 sed
1512 2595 1555 2630 de
1582 2605 1626 2629 eo
1654 2594 1750 2641 quod
1778 2602 1831 2628 est

271 2650 314 2684 ad
337 2650 457 2685 finem.

340 2704 400 2738 At>
416 2714 622 2738 SECUNDUM
644 2702 849 2744 dicendum,
865 2702 960 2749 quod
978 2703 1020 2736 de
1036 2702 1306 2749 operationibus
1326 2710 1378 2737 est
1393 2701 1597 2744 consilium,
1617 2701 1829 2748 inquantum

270 2758 482 2792 ordinantur
504 2757 546 2791 ad
575 2756 731 2803 aliquem
760 2756 885 2791 finem:
915 2757 1008 2790 unde
1031 2757 1058 2790 si
1087 2755 1205 2802 aliqua
1233 2757 1396 2803 operatio
1422 2756 1584 2791 humana
1606 2755 1650 2790 sit
1673 2755 1763 2798 finis,
1786 2755 1830 2790 de

271 2822 324 2853 ea,
346 2811 558 2858 inquantum
582 2810 803 2856 hujusmodi,
826 2821 898 2844 non
921 2818 973 2844 est
996 2809 1198 2844 consilium.
