1875 3198
204 152 289 205 604
581 163 802 198 QUAESTIO
838 163 1013 192 LXXXIV.
1048 163 1292 193 ARTICULUS
1326 163 1382 192 IV.

202 243 339 277 duabus
361 242 459 277 nulla
482 242 521 277 fit
542 244 679 278 mentio
706 244 798 278 inter
824 244 1008 290 praedicta
1034 252 1195 290 peccata,
1223 243 1362 278 scilicet
1388 244 1432 278 de
1454 255 1528 290 spe,
1556 252 1592 278 et
1618 246 1767 278 timore:

203 305 459 330 enumerantur
491 305 611 330 autem
639 297 758 343 aliqua
787 298 884 339 vitia,
916 298 958 331 ad
991 309 1082 343 quae
1112 298 1292 343 pertinent
1322 296 1528 340 delectatio,
1550 306 1585 331 et
1604 297 1764 331 tristitia:

201 361 287 383 nam
310 350 502 384 delectatio
526 351 679 396 pertinet
698 351 741 384 ad
761 350 896 396 gulam,
920 360 953 384 et
974 350 1170 392 luxuriam3
1193 351 1334 384 tristitia
1355 362 1442 384 vero
1465 351 1510 384 ad
1533 350 1722 392 accidiam,
1737 357 1771 384 et

202 403 396 445 invidiam3
420 415 506 449 ergo
528 404 826 438 inconvenienter
849 412 1105 438 enumerantur
1127 403 1339 450 principalia
1361 412 1521 450 peccata.

278 468 305 501 3.
326 458 562 491 PRAETEREA.
585 457 640 490 Ira
661 468 736 491 non
758 466 811 491 est
832 457 1038 503 principalis
1060 457 1201 503 passi03
1223 468 1297 491 non
1319 468 1407 503 ergo
1427 457 1549 491 debuit
1569 457 1657 504 poni
1677 457 1771 491 inter

204 510 416 557 principalia
438 511 534 544 vitia.

276 574 309 606 4.
332 564 570 598 PRAETEREA.
595 563 696 598 Sicut
712 564 900 610 cupiditas,
923 564 998 598 sive
1021 564 1169 598 avaritia
1185 572 1238 598 est
1252 564 1351 598 radix
1372 564 1528 609 peccati;
1546 564 1594 598 ita
1608 562 1774 608 superbia

207 625 260 652 est
277 618 418 663 peccati
438 617 593 658 initium,
616 625 654 650 ut
675 628 782 663 supra
803 617 941 651 dictum
963 625 1016 651 est
1036 619 1115 662 (art.
1138 629 1169 653 2.
1192 618 1260 664 huj.
1284 619 1351 663 q.):
1374 617 1437 652 sed
1460 617 1608 652 avaritia
1629 616 1775 663 ponitur

206 682 320 704 unum
342 670 385 704 de
408 678 548 716 septem
569 670 664 704 vitiis
687 670 919 716 capitalibus3
939 682 1026 716 ergo
1045 671 1215 717 superbia
1236 672 1327 705 inter
1340 671 1427 705 vitia
1442 670 1610 717 capitalia
1631 680 1776 705 enume—

206 724 317 758 randa
340 732 442 757 esset.

282 788 309 822 ς.
337 778 574 811 PRAETEREA.
604 776 799 817 Quaedam
826 785 975 823 peccata
1014 778 1302 820 committuntur,
1329 789 1421 824 quae
1449 789 1491 812 ex
1515 776 1616 811 nullo
1641 776 1776 811 horum

208 831 348 865 causari
368 838 536 876 possunt:
560 830 652 864 sicut
680 842 762 864 cum
792 830 919 876 aliquis
947 839 1040 864 errat
1067 843 1109 865 ex
1138 831 1360 877 ignorantia3
1387 830 1446 865 vel
1473 842 1557 865 cum
1584 830 1711 876 aliquis
1733 840 1777 863 ex

208 884 327 930 aliqua
344 884 441 917 bona
459 884 659 918 intentione
676 884 872 918 committit
891 884 1037 930 aliquod
1053 892 1264 930 peccatum;
1282 892 1368 930 puta
1383 895 1467 918 cum
1485 883 1614 930 aliquis
1629 883 1776 926 furatur,

207 945 246 971 ut
264 937 323 971 det
342 937 634 983 eleemosynam,
657 948 743 983 ergo
766 937 1025 972 insufficienter
1047 937 1215 983 capitalia
1234 938 1321 972 vitia
1343 945 1609 972 enumerantur.

279 990 354 1024 SED
382 1001 421 1025 IN
449 1001 704 1025 CONTRARxUM
732 999 784 1025 est
812 991 1006 1025 auctoritas
1030 990 1200 1037 Gregorii
1225 991 1275 1025 sic
1303 991 1548 1026 enumerantis
1573 1002 1625 1037 31.
1647 988 1777 1024 Moral.

209 1045 299 1090 (cap.
322 1055 371 1090 17.
393 1056 478 1078 tels.
494 1044 588 1090 fin.).

279 1097 508 1132 RESPONDEO
532 1097 737 1139 dicendum,
753 1097 861 1143 quod,
885 1097 977 1132 sicut
1003 1097 1140 1132 dictum
1163 1105 1217 1132 est
1237 1098 1319 1143 (art.
1333 1098 1477 1144 praec),
1498 1097 1585 1132 vitia
1607 1095 1777 1143 capitalia

209 1150 388 1192 dicuntur,
404 1162 446 1185 ex
461 1150 588 1196 quibus
608 1150 678 1184 alia
694 1151 868 1192 oriuntur,
884 1151 1077 1197 praecipue
1093 1151 1294 1185 secundum
1304 1153 1483 1185 rationem
1498 1162 1629 1185 causae
1643 1149 1778 1184 finalis:

208 1204 419 1249 hujusmodi
442 1212 564 1238 autem
583 1205 686 1249 origo
702 1212 822 1250 potest
836 1204 972 1238 attendi
992 1204 1180 1251 dupliciter.
1210 1205 1282 1239 Uno
1305 1204 1453 1250 quidem
1467 1204 1563 1238 modo
1578 1203 1779 1238 secundum

212 1257 462 1291 conditionem
484 1259 679 1304 peccantis,
701 1257 763 1303 qui
783 1257 834 1291 sic
858 1257 1051 1303 dispositus
1074 1265 1138 1299 est,
1160 1265 1199 1291 ut
1220 1257 1380 1292 maxime
1404 1257 1579 1291 afficiatur
1601 1256 1646 1291 ad
1667 1268 1781 1290 unum

211 1311 334 1352 finem,
357 1322 398 1344 ex
421 1322 492 1356 quo
513 1318 551 1344 ut
568 1310 766 1356 plurimum
787 1311 824 1344 in
847 1311 915 1345 alia
930 1319 1079 1356 peccata
1098 1311 1291 1357 procedat:
1315 1311 1379 1345 sed
1393 1311 1459 1345 iste
1481 1311 1613 1345 modus
1631 1310 1782 1356 originis

211 1364 275 1398 sub
299 1372 373 1398 arte
396 1364 524 1397 cadere
546 1375 620 1398 non
642 1372 778 1410 potest:
802 1375 846 1398 eo
861 1364 959 1410 quod
980 1364 1140 1398 infinitae
1163 1373 1245 1398 sunt
1266 1364 1500 1410 particulares
1518 1364 1713 1398 hominum
1735 1363 1784 1397 di-

211 1417 440 1463 spositiones.
456 1418 535 1452 Alio
544 1417 639 1451 modo
653 1417 855 1451 secundum
870 1417 1073 1452 naturalem
1086 1418 1337 1452 habitudinem
1351 1418 1516 1463 ipsorum
1533 1417 1661 1451 finium
1676 1417 1720 1450 ad
1734 1417 1784 1450 in-

212 1471 350 1505 vicem:
367 1479 402 1505 et
419 1471 620 1504 secundum
634 1471 705 1505 hoc
720 1471 756 1504 in
771 1471 931 1516 pluribus
946 1483 1059 1505 unum
1074 1472 1203 1505 vitium
1218 1483 1260 1505 ex
1275 1471 1346 1505 alio
1363 1473 1493 1506 oritur:
1510 1471 1604 1505 unde
1622 1470 1689 1505 iste
1708 1481 1785 1504 mo-

213 1525 278 1558 dus
294 1524 443 1570 originis
465 1524 528 1558 sub
553 1533 626 1558 arte
650 1524 778 1558 cadere
793 1532 921 1570 potest.
946 1524 1156 1559 Secundum
1178 1525 1249 1559 hoc
1267 1536 1354 1570 ergo
1377 1524 1439 1558 illa
1453 1524 1539 1558 vitia
1555 1523 1722 1569 capitalia
1736 1523 1784 1557 di-

213 1586 352 1620 cuntur,
375 1589 530 1623 quorum
552 1577 641 1611 fines
660 1578 794 1612 habent
809 1578 984 1624 quasdam
999 1578 1188 1623 primarias
1202 1578 1361 1612 rationes
1377 1578 1549 1612 movendi
1564 1577 1780 1623 appetitum:

214 1641 248 1667 et
277 1632 478 1666 secundum
511 1632 641 1665 harum
668 1632 851 1666 rationum
882 1632 1154 1666 distinctionem
1185 1632 1454 1677 distinguuntur
1484 1631 1652 1677 capitalia
1678 1631 1783 1665 vitia:

214 1694 338 1720 movet
360 1693 481 1719 autern
497 1685 630 1730 aliquid
646 1685 845 1730 appetitum
864 1685 1059 1731 dupliciter:
1082 1697 1146 1719 uno
1169 1685 1264 1719 modo
1284 1685 1430 1727 directe,
1450 1693 1485 1719 et
1505 1696 1568 1730 per
1586 1696 1641 1719 se:
1664 1691 1699 1719 et
1712 1684 1784 1718 hoc

214 1740 326 1774 modo
349 1739 487 1773 bonum
510 1747 634 1773 movet
661 1739 860 1784 appetitum
884 1738 926 1772 ad
950 1739 1255 1785 prosequendum,
1278 1738 1418 1772 malum
1441 1745 1561 1772 autem
1584 1738 1785 1772 secundum

215 1793 382 1828 eamdem
398 1793 578 1827 rationem
594 1793 637 1826 ad
652 1792 883 1838 fugiendum:
905 1793 970 1826 alio
994 1793 1088 1826 modo
1103 1792 1289 1835 indirecte,
1312 1800 1347 1826 et
1368 1793 1470 1838 quasi
1484 1802 1547 1837 per
1562 1791 1677 1826 aliud:
1693 1791 1787 1826 sicut

216 1847 343 1893 aliquis
371 1846 517 1892 aliquod
545 1846 684 1880 malum
712 1846 941 1892 prosequitur
968 1855 1113 1891 propter
1140 1846 1283 1892 aliquod
1311 1847 1451 1881 bonum
1478 1846 1707 1891 adjunctum3
1728 1844 1788 1880 vel

216 1900 362 1947 aliquod
383 1900 521 1934 bonum
542 1899 635 1945 fugit
654 1909 800 1945 propter
822 1899 968 1945 aliquod
991 1899 1129 1934 malum
1151 1900 1372 1945 adjunctum.

286 1955 431 1987 Bonum
454 1961 575 1987 autem
600 1953 760 1987 hominis
783 1961 836 1987 est
858 1953 988 1999 triplex.
1012 1953 1073 1987 Est
1095 1953 1194 1987 enim
1211 1954 1326 1999 primo
1348 1952 1533 1999 quoddam
1554 1951 1693 1986 bonum
1716 1952 1787 1986 ani-

217 2019 311 2049 mae,
326 2007 423 2053 quod
442 2006 581 2040 scilicet
596 2018 638 2041 ex
652 2006 731 2040 sola
759 2006 1047 2052 apprehensione
1075 2006 1253 2040 rationem
1265 2005 1531 2051 appetibilitatis
1548 2005 1658 2039 habet
1672 2017 1680 2047 ;
1695 2005 1788 2039 sicut

216 2060 450 2095 excellentiae
472 2060 601 2101 laudis,
623 2059 682 2093 vel
699 2059 867 2094 honoris:
892 2068 926 2094 et
948 2059 1019 2093 hoc
1046 2060 1186 2094 bonum
1208 2059 1412 2093 inordinate
1434 2059 1662 2105 prosequitur
1679 2059 1789 2093 inanis

221 2115 344 2160 gloria.
367 2113 471 2148 Aliud
494 2121 547 2147 est
566 2113 705 2147 bonum
728 2113 906 2159 corporis:
935 2121 969 2147 et
990 2113 1061 2147 hoc
1083 2113 1135 2147 val
1156 2113 1311 2159 pertinet
1334 2113 1377 2147 ad
1400 2112 1717 2147 conservationem
1740 2111 1790 2145 in-

219 2168 366 2209 dividui,
386 2167 478 2201 sicut
497 2167 608 2208 cibus,
632 2175 666 2200 et
681 2174 806 2211 potus;
826 2175 860 2200 et
881 2167 951 2200 hoc
972 2167 1110 2201 bonum
1132 2166 1336 2201 inordinate
1358 2166 1587 2212 prosequitur
1606 2165 1707 2212 gula:
1730 2170 1789 2200 aut

220 2222 262 2255 ad
286 2220 604 2255 conservationem
619 2220 764 2265 speciei,
780 2220 871 2254 sicut
890 2221 1027 2262 coitus;
1050 2228 1083 2254 et
1106 2220 1149 2254 ad
1167 2221 1239 2254 hoc
1262 2220 1447 2254 ordinatur
1465 2219 1613 2254 luxuria.
1639 2219 1789 2254 Tertium

217 2275 356 2309 bonum
379 2282 432 2308 est
454 2273 619 2315 exterius,
635 2273 773 2307 scilicet
799 2273 962 2308 divitiae:
987 2282 1021 2308 et
1043 2274 1087 2308 ad
1105 2274 1175 2308 hoc
1199 2273 1385 2307 ordinatur
1407 2274 1575 2307 avaritia:
1599 2280 1634 2307 et
1659 2272 1789 2307 eadem

220 2337 374 2375 quatuor
388 2327 473 2362 vitia
488 2327 690 2361 inordinate
706 2326 847 2371 fugiunt
862 2335 1017 2373 quatuor
1032 2326 1128 2361 mala
1144 2327 1310 2361 cotraria.
1326 2326 1397 2360 Vel
1408 2326 1528 2360 aliter:
1543 2326 1682 2360 bonurn
1693 2336 1791 2372 prae-

222 2382 326 2427 cipue
348 2389 473 2415 movet
500 2382 696 2426 appetitum
719 2391 760 2414 ex
782 2380 865 2422 hoc,
889 2381 986 2426 quod
1009 2381 1198 2427 participat
1221 2379 1354 2426 aliquid
1377 2379 1421 2414 de
1444 2379 1661 2426 proprietate
1682 2377 1792 2414 felici-

220 2436 312 2476 tatis,
336 2446 445 2480 quam
468 2433 678 2468 naturaliter
693 2445 821 2467 omnes
838 2442 1028 2479 appetunt3
1051 2434 1094 2468 de
1118 2435 1218 2479 cujus
1242 2434 1381 2468 ratione
1404 2442 1456 2467 est
1472 2434 1588 2480 primo
1611 2433 1789 2479 quaedam

221 2488 413 2534 perfectio:
441 2499 527 2521 nam
549 2487 701 2522 felicitas
725 2495 777 2521 est
800 2487 999 2532 perfectum
1023 2488 1160 2521 bonum
1189 2488 1232 2522 ad
1260 2488 1356 2534 quod
1384 2487 1539 2533 pertinet
1565 2486 1792 2529 excellentia,

222 2541 280 2576 vel
302 2541 457 2582 claritas,
484 2553 593 2586 quam
621 2541 754 2586 appetit
775 2542 942 2587 superbia,
966 2541 1023 2575 vel
1047 2543 1155 2575 inanis
1176 2542 1306 2587 gloria:
1328 2540 1466 2576 secundo
1488 2540 1531 2575 de
1555 2541 1694 2575 ratione
1717 2541 1793 2585 ejus

223 2603 276 2630 est
297 2594 522 2637 sufficientia,
544 2606 652 2640 quam
674 2594 808 2640 appetit
826 2596 973 2628 <avaritia
998 2595 1032 2628 in
1055 2595 1186 2629 divitiis
1201 2606 1283 2629 eam
1303 2594 1610 2641 promittentibus:
1633 2595 1726 2628 terlio
1741 2602 1794 2628 est

224 2649 267 2682 de
295 2648 506 2682 conditione
529 2649 604 2693 ejus
623 2647 827 2689 delectatio,
851 2648 926 2681 sine
950 2659 1019 2693 qua
1042 2647 1192 2682 felicitas
1208 2659 1285 2682 esse
1307 2659 1380 2681 non
1403 2655 1533 2693 potest,
1548 2655 1585 2681 ut
1611 2647 1740 2681 dicitur
1758 2647 1792 2680 in

229 2713 255 2735 1.
279 2701 394 2735 Ethic.
420 2703 505 2747 (cup.
523 2702 583 2747 7),
600 2709 634 2734 et
648 2701 684 2734 in
704 2712 754 2735 10.
777 2701 868 2747 (cap.
885 2702 917 2735 6.
937 2712 966 2746 7.
989 2707 1017 2735 rt
1039 2702 1088 2746 S.)
1102 2714 1111 2736 .·
1129 2710 1161 2736 et
1184 2702 1277 2735 lianc
1298 2709 1469 2747 appetunt
1481 2700 1573 2746 gula,
1593 2708 1627 2735 et
1640 2700 1792 2734 luxuria.

227 2755 338 2795 Quod
361 2763 481 2788 autem
506 2754 633 2800 aliquis
660 2755 798 2788 bonum
826 2754 938 2797 fugiat
958 2763 1102 2800 propter
1122 2755 1268 2801 aliquod
1288 2754 1426 2788 malum
1449 2755 1698 2799 conjunctum,
1720 2753 1791 2787 hoc

225 2808 402 2853 contingit
420 2807 614 2854 duplicitcm
639 2808 721 2854 quia
737 2820 743 2841 ;
759 2813 816 2842 ant
832 2808 900 2841 hoc
919 2818 971 2842 est
991 2817 1154 2853 respectu
1171 2808 1257 2842 boni
1279 2808 1430 2854 proprii:
1448 2816 1483 2842 et
1503 2807 1553 2841 sic
1574 2815 1627 2842 est
1648 2807 1787 2847 accidia,

225 2873 316 2907 quae
335 2862 492 2895 tristatur
515 2863 558 2895 de
578 2862 675 2895 bono
698 2861 871 2906 spirituali
888 2869 1033 2907 propter
1049 2861 1210 2896 laborem
1233 2861 1461 2908 corporalem
1484 2861 1712 2908 adjunctum:
1735 2865 1794 2896 aut
