<?xml version="1.0" encoding="UTF-8"?>
<!DOCTYPE html PUBLIC "-//W3C//DTD XHTML 1.0 Transitional//EN"
    "http://www.w3.org/TR/xhtml1/DTD/xhtml1-transitional.dtd">
<html xmlns="http://www.w3.org/1999/xhtml" xml:lang="en" lang="en">
 <head>
  <title>
</title>
<meta http-equiv="Content-Type" content="text/html;charset=utf-8" />
  <meta name='ocr-system' content='tesseract 3.04.00' />
  <meta name='ocr-capabilities' content='ocr_page ocr_carea ocr_par ocr_line ocrx_word'/>
</head>
<body>
  <div class='ocr_page' id='page_1' title='image "./divithomaeaquina02thomuoft_0154.png"; bbox 0 0 1907 3182; ppageno 0'>
   <div class='ocr_carea' id='block_1_1' title="bbox 269 171 1418 216">
    <p class='ocr_par' dir='ltr' id='par_1_1' title="bbox 269 171 1418 216">
     <span class='ocr_line' id='line_1_1' title="bbox 269 171 1418 216; baseline -0.003 -13"><span class='ocrx_word' id='word_1_1' title='bbox 269 173 348 216; x_wconf 73' lang='lat'>150</span> <span class='ocrx_word' id='word_1_2' title='bbox 671 172 891 207; x_wconf 85' lang='lat' dir='ltr'><strong>QUAESTIO</strong></span> <span class='ocrx_word' id='word_1_3' title='bbox 925 172 1046 201; x_wconf 87' lang='lat' dir='ltr'>XVIII.</span> <span class='ocrx_word' id='word_1_4' title='bbox 1079 171 1328 201; x_wconf 87' lang='lat' dir='ltr'>ARTICULUS</span> <span class='ocrx_word' id='word_1_5' title='bbox 1361 171 1418 200; x_wconf 92' lang='lat' dir='ltr'>IV.</span> 
     </span>
    </p>
   </div>
   <div class='ocr_carea' id='block_1_2' title="bbox 256 251 1828 1318">
    <p class='ocr_par' dir='ltr' id='par_1_2' title="bbox 262 251 1827 663">
     <span class='ocr_line' id='line_1_2' title="bbox 263 251 1826 299; baseline -0.001 -10"><span class='ocrx_word' id='word_1_6' title='bbox 263 255 347 289; x_wconf 91' lang='lat' dir='ltr'>bent</span> <span class='ocrx_word' id='word_1_7' title='bbox 373 254 551 288; x_wconf 89' lang='lat' dir='ltr'>rationem</span> <span class='ocrx_word' id='word_1_8' title='bbox 577 253 746 288; x_wconf 88' lang='lat' dir='ltr'>bonitatis</span> <span class='ocrx_word' id='word_1_9' title='bbox 774 265 815 288; x_wconf 72' lang='lat' dir='ltr'>ex</span> <span class='ocrx_word' id='word_1_10' title='bbox 842 253 923 295; x_wconf 86' lang='lat' dir='ltr'>fine,</span> <span class='ocrx_word' id='word_1_11' title='bbox 946 264 965 286; x_wconf 87' lang='lat' dir='ltr'>a</span> <span class='ocrx_word' id='word_1_12' title='bbox 987 264 1059 299; x_wconf 91' lang='lat' dir='ltr'>quo</span> <span class='ocrx_word' id='word_1_13' title='bbox 1082 252 1296 299; x_wconf 83' lang='lat' dir='ltr'>dependent,</span> <span class='ocrx_word' id='word_1_14' title='bbox 1315 260 1456 298; x_wconf 88' lang='lat' dir='ltr'>praeter</span> <span class='ocrx_word' id='word_1_15' title='bbox 1473 253 1671 287; x_wconf 81' lang='lat' dir='ltr'>bonitatem</span> <span class='ocrx_word' id='word_1_16' title='bbox 1686 251 1826 287; x_wconf 85' lang='lat' dir='ltr'>absolu-</span> 
     </span>
     <span class='ocr_line' id='line_1_3' title="bbox 262 306 1824 354; baseline -0.001 -12"><span class='ocrx_word' id='word_1_17' title='bbox 262 316 348 350; x_wconf 84' lang='lat' dir='ltr'>tam,</span> <span class='ocrx_word' id='word_1_18' title='bbox 364 319 455 354; x_wconf 84' lang='lat' dir='ltr'>quae</span> <span class='ocrx_word' id='word_1_19' title='bbox 469 307 505 341; x_wconf 90' lang='lat' dir='ltr'>in</span> <span class='ocrx_word' id='word_1_20' title='bbox 521 307 570 341; x_wconf 86' lang='lat' dir='ltr'>eis</span> <span class='ocrx_word' id='word_1_21' title='bbox 593 307 719 341; x_wconf 83' lang='lat' dir='ltr'>existit.</span> <span class='ocrx_word' id='word_1_22' title='bbox 736 307 795 341; x_wconf 88' lang='lat' dir='ltr'>Sic</span> <span class='ocrx_word' id='word_1_23' title='bbox 811 307 919 352; x_wconf 87' lang='lat' dir='ltr'>igitur</span> <span class='ocrx_word' id='word_1_24' title='bbox 936 307 972 340; x_wconf 89' lang='lat' dir='ltr'>in</span> <span class='ocrx_word' id='word_1_25' title='bbox 987 306 1129 340; x_wconf 85' lang='lat' dir='ltr'>actione</span> <span class='ocrx_word' id='word_1_26' title='bbox 1151 306 1312 340; x_wconf 87' lang='lat' dir='ltr'>humana</span> <span class='ocrx_word' id='word_1_27' title='bbox 1326 306 1467 340; x_wconf 77' lang='lat' dir='ltr'>bonitas</span> <span class='ocrx_word' id='word_1_28' title='bbox 1485 306 1688 353; x_wconf 77' lang='lat' dir='ltr'><em>quadruplex</em></span> <span class='ocrx_word' id='word_1_29' title='bbox 1710 306 1824 341; x_wconf 87' lang='lat' dir='ltr'>consi-</span> 
     </span>
     <span class='ocr_line' id='line_1_4' title="bbox 265 358 1824 407; baseline -0.001 -11"><span class='ocrx_word' id='word_1_30' title='bbox 265 361 382 396; x_wconf 86' lang='lat' dir='ltr'>derari</span> <span class='ocrx_word' id='word_1_31' title='bbox 399 369 526 407; x_wconf 89' lang='lat' dir='ltr'>potest.</span> <span class='ocrx_word' id='word_1_32' title='bbox 549 361 623 395; x_wconf 73' lang='lat' dir='ltr'>Una</span> <span class='ocrx_word' id='word_1_33' title='bbox 637 360 783 406; x_wconf 88' lang='lat' dir='ltr'>quidem</span> <span class='ocrx_word' id='word_1_34' title='bbox 802 360 1002 394; x_wconf 88' lang='lat' dir='ltr'>secundum</span> <span class='ocrx_word' id='word_1_35' title='bbox 1012 371 1136 405; x_wconf 84' lang='lat' dir='ltr'>genus,</span> <span class='ocrx_word' id='word_1_36' title='bbox 1151 368 1258 405; x_wconf 89' lang='lat' dir='ltr'>prout</span> <span class='ocrx_word' id='word_1_37' title='bbox 1271 358 1409 393; x_wconf 87' lang='lat' dir='ltr'>scilicet</span> <span class='ocrx_word' id='word_1_38' title='bbox 1423 368 1475 393; x_wconf 90' lang='lat' dir='ltr'>est</span> <span class='ocrx_word' id='word_1_39' title='bbox 1489 360 1603 403; x_wconf 75' lang='lat' dir='ltr'>actio,</span> <span class='ocrx_word' id='word_1_40' title='bbox 1618 360 1702 406; x_wconf 88' lang='lat' dir='ltr'>quia</span> <span class='ocrx_word' id='word_1_41' title='bbox 1716 371 1824 406; x_wconf 87' lang='lat' dir='ltr'>quan-</span> 
     </span>
     <span class='ocr_line' id='line_1_5' title="bbox 264 412 1827 455; baseline -0.001 -6"><span class='ocrx_word' id='word_1_42' title='bbox 264 423 342 449; x_wconf 90' lang='lat' dir='ltr'>tum</span> <span class='ocrx_word' id='word_1_43' title='bbox 363 415 473 449; x_wconf 84' lang='lat' dir='ltr'>habet</span> <span class='ocrx_word' id='word_1_44' title='bbox 494 415 536 448; x_wconf 92' lang='lat' dir='ltr'>de</span> <span class='ocrx_word' id='word_1_45' title='bbox 560 414 713 455; x_wconf 85' lang='lat' dir='ltr'>actione,</span> <span class='ocrx_word' id='word_1_46' title='bbox 741 422 776 448; x_wconf 86' lang='lat' dir='ltr'>et</span> <span class='ocrx_word' id='word_1_47' title='bbox 798 413 956 455; x_wconf 87' lang='lat' dir='ltr'>entitate‚</span> <span class='ocrx_word' id='word_1_48' title='bbox 982 421 1123 447; x_wconf 85' lang='lat' dir='ltr'>tantum</span> <span class='ocrx_word' id='word_1_49' title='bbox 1144 413 1253 446; x_wconf 86' lang='lat' dir='ltr'>habet</span> <span class='ocrx_word' id='word_1_50' title='bbox 1280 412 1322 445; x_wconf 90' lang='lat' dir='ltr'>de</span> <span class='ocrx_word' id='word_1_51' title='bbox 1344 412 1516 455; x_wconf 84' lang='lat' dir='ltr'>bonitate,</span> <span class='ocrx_word' id='word_1_52' title='bbox 1542 421 1581 447; x_wconf 88' lang='lat' dir='ltr'>ut</span> <span class='ocrx_word' id='word_1_53' title='bbox 1606 413 1744 447; x_wconf 90' lang='lat' dir='ltr'>dictum</span> <span class='ocrx_word' id='word_1_54' title='bbox 1773 420 1827 447; x_wconf 90' lang='lat' dir='ltr'>est</span> 
     </span>
     <span class='ocr_line' id='line_1_6' title="bbox 263 465 1826 514; baseline -0.001 -12"><span class='ocrx_word' id='word_1_55' title='bbox 263 470 342 513; x_wconf 79' lang='lat' dir='ltr'>(art.</span> <span class='ocrx_word' id='word_1_56' title='bbox 354 481 380 503; x_wconf 87' lang='lat'>1.</span> <span class='ocrx_word' id='word_1_57' title='bbox 396 469 464 514; x_wconf 78' lang='lat' dir='ltr'>huj.</span> <span class='ocrx_word' id='word_1_58' title='bbox 480 469 526 513; x_wconf 79' lang='lat' dir='ltr'>q.)</span> <span class='ocrx_word' id='word_1_59' title='bbox 538 481 548 502; x_wconf 94' lang='grc'>.·</span> <span class='ocrx_word' id='word_1_60' title='bbox 563 468 631 502; x_wconf 75' lang='lat' dir='ltr'>alia</span> <span class='ocrx_word' id='word_1_61' title='bbox 643 478 731 501; x_wconf 84' lang='lat' dir='ltr'>vero</span> <span class='ocrx_word' id='word_1_62' title='bbox 741 466 941 501; x_wconf 89' lang='lat' dir='ltr'>secundum</span> <span class='ocrx_word' id='word_1_63' title='bbox 953 466 1124 512; x_wconf 87' lang='lat' dir='ltr'>speciem,</span> <span class='ocrx_word' id='word_1_64' title='bbox 1141 477 1231 511; x_wconf 82' lang='lat' dir='ltr'>quae</span> <span class='ocrx_word' id='word_1_65' title='bbox 1242 465 1414 511; x_wconf 83' lang='lat' dir='ltr'>accipitur</span> <span class='ocrx_word' id='word_1_66' title='bbox 1428 466 1628 500; x_wconf 89' lang='lat' dir='ltr'>secundum</span> <span class='ocrx_word' id='word_1_67' title='bbox 1643 466 1826 512; x_wconf 86' lang='lat' dir='ltr'>objectum</span> 
     </span>
     <span class='ocr_line' id='line_1_7' title="bbox 265 519 1827 566; baseline -0.002 -10"><span class='ocrx_word' id='word_1_68' title='bbox 265 522 504 556; x_wconf 85' lang='lat' dir='ltr'>conveniens:</span> <span class='ocrx_word' id='word_1_69' title='bbox 520 522 617 556; x_wconf 62' lang='lat' dir='ltr'>tertia</span> <span class='ocrx_word' id='word_1_70' title='bbox 631 520 831 554; x_wconf 83' lang='lat' dir='ltr'>secundum</span> <span class='ocrx_word' id='word_1_71' title='bbox 851 519 1150 560; x_wconf 77' lang='lat' dir='ltr'>circumstantias,</span> <span class='ocrx_word' id='word_1_72' title='bbox 1172 519 1274 564; x_wconf 82' lang='lat' dir='ltr'>quasi</span> <span class='ocrx_word' id='word_1_73' title='bbox 1287 519 1488 553; x_wconf 86' lang='lat' dir='ltr'>secundum</span> <span class='ocrx_word' id='word_1_74' title='bbox 1507 519 1707 554; x_wconf 86' lang='lat' dir='ltr'>accidentia</span> <span class='ocrx_word' id='word_1_75' title='bbox 1721 530 1827 566; x_wconf 91' lang='lat' dir='ltr'>quae-</span> 
     </span>
     <span class='ocr_line' id='line_1_8' title="bbox 266 571 1826 621; baseline -0.001 -12"><span class='ocrx_word' id='word_1_76' title='bbox 266 575 365 610; x_wconf 83' lang='lat' dir='ltr'>dam:</span> <span class='ocrx_word' id='word_1_77' title='bbox 397 580 517 621; x_wconf 74' lang='lat' dir='ltr'>quarta</span> <span class='ocrx_word' id='word_1_78' title='bbox 545 582 665 608; x_wconf 85' lang='lat' dir='ltr'>autern</span> <span class='ocrx_word' id='word_1_79' title='bbox 684 573 885 608; x_wconf 87' lang='lat' dir='ltr'>secundum</span> <span class='ocrx_word' id='word_1_80' title='bbox 907 573 1028 614; x_wconf 79' lang='lat' dir='ltr'>finem,</span> <span class='ocrx_word' id='word_1_81' title='bbox 1051 572 1151 618; x_wconf 84' lang='lat' dir='ltr'>quasi</span> <span class='ocrx_word' id='word_1_82' title='bbox 1173 571 1372 606; x_wconf 89' lang='lat' dir='ltr'>secundum</span> <span class='ocrx_word' id='word_1_83' title='bbox 1393 572 1641 607; x_wconf 82' lang='lat' dir='ltr'>habitudinem</span> <span class='ocrx_word' id='word_1_84' title='bbox 1663 572 1707 607; x_wconf 88' lang='lat' dir='ltr'>ad</span> <span class='ocrx_word' id='word_1_85' title='bbox 1727 572 1826 607; x_wconf 90' lang='lat' dir='ltr'>boni-</span> 
     </span>
     <span class='ocr_line' id='line_1_9' title="bbox 265 629 526 663; baseline -0.008 0"><span class='ocrx_word' id='word_1_86' title='bbox 265 629 346 663; x_wconf 86' lang='lat' dir='ltr'>tatis</span> <span class='ocrx_word' id='word_1_87' title='bbox 369 640 526 662; x_wconf 88' lang='lat' dir='ltr'>causam.</span> 
     </span>
    </p>

    <p class='ocr_par' dir='ltr' id='par_1_3' title="bbox 262 679 1828 836">
     <span class='ocr_line' id='line_1_10' title="bbox 331 679 1828 727; baseline -0.002 -10"><span class='ocrx_word' id='word_1_88' title='bbox 331 683 391 716; x_wconf 78' lang='lat' dir='ltr'>An</span> <span class='ocrx_word' id='word_1_89' title='bbox 413 692 561 716; x_wconf 74' lang='lat' dir='ltr'><strong>PRIMUM</strong></span> <span class='ocrx_word' id='word_1_90' title='bbox 584 692 670 727; x_wconf 81' lang='lat' dir='ltr'>ergo</span> <span class='ocrx_word' id='word_1_91' title='bbox 694 680 898 722; x_wconf 87' lang='lat' dir='ltr'>dicendum,</span> <span class='ocrx_word' id='word_1_92' title='bbox 919 679 1015 725; x_wconf 87' lang='lat' dir='ltr'>quod</span> <span class='ocrx_word' id='word_1_93' title='bbox 1033 680 1183 721; x_wconf 89' lang='lat' dir='ltr'>bonum,</span> <span class='ocrx_word' id='word_1_94' title='bbox 1203 679 1246 713; x_wconf 81' lang='lat' dir='ltr'>ad</span> <span class='ocrx_word' id='word_1_95' title='bbox 1266 679 1362 725; x_wconf 94' lang='lat' dir='ltr'>quod</span> <span class='ocrx_word' id='word_1_96' title='bbox 1379 679 1505 726; x_wconf 87' lang='lat' dir='ltr'>aliquis</span> <span class='ocrx_word' id='word_1_97' title='bbox 1524 680 1717 726; x_wconf 84' lang='lat' dir='ltr'>respiciens</span> <span class='ocrx_word' id='word_1_98' title='bbox 1737 691 1828 725; x_wconf 93' lang='lat' dir='ltr'>ope-</span> 
     </span>
     <span class='ocr_line' id='line_1_11' title="bbox 262 733 1825 781; baseline -0.002 -11"><span class='ocrx_word' id='word_1_99' title='bbox 262 744 369 778; x_wconf 82' lang='lat' dir='ltr'>ratur,</span> <span class='ocrx_word' id='word_1_100' title='bbox 391 747 464 769; x_wconf 89' lang='lat' dir='ltr'>non</span> <span class='ocrx_word' id='word_1_101' title='bbox 488 746 630 781; x_wconf 87' lang='lat' dir='ltr'>semper</span> <span class='ocrx_word' id='word_1_102' title='bbox 652 742 704 768; x_wconf 89' lang='lat' dir='ltr'>est</span> <span class='ocrx_word' id='word_1_103' title='bbox 725 745 851 767; x_wconf 79' lang='lat' dir='ltr'>verum</span> <span class='ocrx_word' id='word_1_104' title='bbox 870 733 1019 775; x_wconf 88' lang='lat' dir='ltr'>bonum,</span> <span class='ocrx_word' id='word_1_105' title='bbox 1039 733 1101 767; x_wconf 89' lang='lat' dir='ltr'>sed</span> <span class='ocrx_word' id='word_1_106' title='bbox 1120 734 1337 779; x_wconf 83' lang='lat' dir='ltr'>quandoque</span> <span class='ocrx_word' id='word_1_107' title='bbox 1351 744 1478 767; x_wconf 86' lang='lat' dir='ltr'>verum</span> <span class='ocrx_word' id='word_1_108' title='bbox 1495 734 1645 776; x_wconf 89' lang='lat' dir='ltr'>bonurn,</span> <span class='ocrx_word' id='word_1_109' title='bbox 1665 741 1700 768; x_wconf 90' lang='lat' dir='ltr'>et</span> <span class='ocrx_word' id='word_1_110' title='bbox 1716 744 1825 780; x_wconf 85' lang='lat' dir='ltr'>quan-</span> 
     </span>
     <span class='ocr_line' id='line_1_12' title="bbox 264 786 1540 836; baseline -0.002 -12"><span class='ocrx_word' id='word_1_111' title='bbox 264 789 382 836; x_wconf 87' lang='lat' dir='ltr'>doque</span> <span class='ocrx_word' id='word_1_112' title='bbox 405 800 596 835; x_wconf 85' lang='lat' dir='ltr'>apparens:</span> <span class='ocrx_word' id='word_1_113' title='bbox 620 797 654 822; x_wconf 87' lang='lat' dir='ltr'>et</span> <span class='ocrx_word' id='word_1_114' title='bbox 675 787 874 822; x_wconf 89' lang='lat' dir='ltr'>secundum</span> <span class='ocrx_word' id='word_1_115' title='bbox 896 787 967 820; x_wconf 86' lang='lat' dir='ltr'>hoc</span> <span class='ocrx_word' id='word_1_116' title='bbox 991 798 1032 820; x_wconf 83' lang='lat' dir='ltr'>ex</span> <span class='ocrx_word' id='word_1_117' title='bbox 1053 786 1123 820; x_wconf 89' lang='lat' dir='ltr'>fine</span> <span class='ocrx_word' id='word_1_118' title='bbox 1142 787 1302 832; x_wconf 89' lang='lat' dir='ltr'>sequitur</span> <span class='ocrx_word' id='word_1_119' title='bbox 1321 787 1414 821; x_wconf 83' lang='lat' dir='ltr'>actio</span> <span class='ocrx_word' id='word_1_120' title='bbox 1433 787 1540 821; x_wconf 88' lang='lat' dir='ltr'>mala.</span> 
     </span>
    </p>

    <p class='ocr_par' dir='ltr' id='par_1_4' title="bbox 264 840 1823 942">
     <span class='ocr_line' id='line_1_13' title="bbox 333 840 1823 886; baseline -0.002 -9"><span class='ocrx_word' id='word_1_121' title='bbox 333 843 393 877; x_wconf 88' lang='lat' dir='ltr'>AD</span> <span class='ocrx_word' id='word_1_122' title='bbox 415 852 621 877; x_wconf 74' lang='lat' dir='ltr'>SECUNDUM</span> <span class='ocrx_word' id='word_1_123' title='bbox 640 841 845 882; x_wconf 88' lang='lat' dir='ltr'>dicendum,</span> <span class='ocrx_word' id='word_1_124' title='bbox 868 840 964 886; x_wconf 90' lang='lat' dir='ltr'>quod</span> <span class='ocrx_word' id='word_1_125' title='bbox 988 840 1152 886; x_wconf 77' lang='lat' dir='ltr'>quamvis</span> <span class='ocrx_word' id='word_1_126' title='bbox 1173 840 1253 874; x_wconf 87' lang='lat' dir='ltr'>finis</span> <span class='ocrx_word' id='word_1_127' title='bbox 1275 840 1320 874; x_wconf 89' lang='lat' dir='ltr'>sit</span> <span class='ocrx_word' id='word_1_128' title='bbox 1341 851 1449 874; x_wconf 91' lang='lat' dir='ltr'>causa</span> <span class='ocrx_word' id='word_1_129' title='bbox 1470 840 1681 883; x_wconf 86' lang='lat' dir='ltr'>extrinseca,</span> <span class='ocrx_word' id='word_1_130' title='bbox 1699 848 1823 875; x_wconf 87' lang='lat' dir='ltr'>tamen</span> 
     </span>
     <span class='ocr_line' id='line_1_14' title="bbox 264 893 1556 942; baseline -0.002 -12"><span class='ocrx_word' id='word_1_131' title='bbox 264 896 383 931; x_wconf 84' lang='lat' dir='ltr'>debita</span> <span class='ocrx_word' id='word_1_132' title='bbox 404 895 590 942; x_wconf 83' lang='lat' dir='ltr'>proportio</span> <span class='ocrx_word' id='word_1_133' title='bbox 615 895 656 928; x_wconf 86' lang='lat' dir='ltr'>ad</span> <span class='ocrx_word' id='word_1_134' title='bbox 681 894 802 936; x_wconf 80' lang='lat' dir='ltr'>finem,</span> <span class='ocrx_word' id='word_1_135' title='bbox 825 902 859 928; x_wconf 89' lang='lat' dir='ltr'>et</span> <span class='ocrx_word' id='word_1_136' title='bbox 880 893 1007 928; x_wconf 85' lang='lat' dir='ltr'>relatio</span> <span class='ocrx_word' id='word_1_137' title='bbox 1029 894 1064 927; x_wconf 90' lang='lat' dir='ltr'>in</span> <span class='ocrx_word' id='word_1_138' title='bbox 1087 894 1206 940; x_wconf 88' lang='lat' dir='ltr'>ipsum</span> <span class='ocrx_word' id='word_1_139' title='bbox 1227 894 1390 928; x_wconf 87' lang='lat' dir='ltr'>inhaeret</span> <span class='ocrx_word' id='word_1_140' title='bbox 1412 895 1556 929; x_wconf 89' lang='lat' dir='ltr'>actioni.</span> 
     </span>
    </p>

    <p class='ocr_par' dir='ltr' id='par_1_5' title="bbox 256 947 1827 1318">
     <span class='ocr_line' id='line_1_15' title="bbox 334 947 1827 995; baseline -0.001 -11"><span class='ocrx_word' id='word_1_141' title='bbox 334 950 394 984; x_wconf 88' lang='lat' dir='ltr'>AD</span> <span class='ocrx_word' id='word_1_142' title='bbox 422 959 592 984; x_wconf 73' lang='lat' dir='ltr'>TERT1UM</span> <span class='ocrx_word' id='word_1_143' title='bbox 615 948 821 990; x_wconf 84' lang='lat' dir='ltr'>dicendum,</span> <span class='ocrx_word' id='word_1_144' title='bbox 845 948 941 993; x_wconf 92' lang='lat' dir='ltr'>quod</span> <span class='ocrx_word' id='word_1_145' title='bbox 962 947 1054 981; x_wconf 85' lang='lat' dir='ltr'>nihil</span> <span class='ocrx_word' id='word_1_146' title='bbox 1075 948 1252 994; x_wconf 90' lang='lat' dir='ltr'>prohibet,</span> <span class='ocrx_word' id='word_1_147' title='bbox 1275 948 1411 982; x_wconf 89' lang='lat' dir='ltr'>actioni</span> <span class='ocrx_word' id='word_1_148' title='bbox 1430 948 1579 982; x_wconf 86' lang='lat' dir='ltr'>habenti</span> <span class='ocrx_word' id='word_1_149' title='bbox 1599 960 1711 982; x_wconf 89' lang='lat' dir='ltr'>unam</span> <span class='ocrx_word' id='word_1_150' title='bbox 1729 960 1827 995; x_wconf 88' lang='lat' dir='ltr'>prae-</span> 
     </span>
     <span class='ocr_line' id='line_1_16' title="bbox 262 1001 1826 1048; baseline -0.001 -11"><span class='ocrx_word' id='word_1_151' title='bbox 262 1003 439 1037; x_wconf 85' lang='lat' dir='ltr'>dictarum</span> <span class='ocrx_word' id='word_1_152' title='bbox 456 1003 659 1036; x_wconf 86' lang='lat' dir='ltr'>bonitatum</span> <span class='ocrx_word' id='word_1_153' title='bbox 674 1002 798 1036; x_wconf 86' lang='lat' dir='ltr'>deesse</span> <span class='ocrx_word' id='word_1_154' title='bbox 817 1001 944 1036; x_wconf 86' lang='lat' dir='ltr'>aliam:</span> <span class='ocrx_word' id='word_1_155' title='bbox 968 1009 1002 1035; x_wconf 92' lang='lat' dir='ltr'>et</span> <span class='ocrx_word' id='word_1_156' title='bbox 1017 1001 1216 1035; x_wconf 78' lang='lat' dir='ltr'>secundum</span> <span class='ocrx_word' id='word_1_157' title='bbox 1231 1002 1303 1036; x_wconf 92' lang='lat' dir='ltr'>hoc</span> <span class='ocrx_word' id='word_1_158' title='bbox 1320 1002 1508 1048; x_wconf 83' lang='lat' dir='ltr'>contingit,</span> <span class='ocrx_word' id='word_1_159' title='bbox 1523 1002 1719 1045; x_wconf 88' lang='lat' dir='ltr'>actionem,</span> <span class='ocrx_word' id='word_1_160' title='bbox 1734 1013 1826 1048; x_wconf 88' lang='lat' dir='ltr'>quae</span> 
     </span>
     <span class='ocr_line' id='line_1_17' title="bbox 264 1054 1826 1101; baseline -0.001 -10"><span class='ocrx_word' id='word_1_161' title='bbox 264 1065 316 1091; x_wconf 89' lang='lat' dir='ltr'>est</span> <span class='ocrx_word' id='word_1_162' title='bbox 335 1057 430 1090; x_wconf 88' lang='lat' dir='ltr'>bona</span> <span class='ocrx_word' id='word_1_163' title='bbox 452 1056 652 1090; x_wconf 87' lang='lat' dir='ltr'>secundum</span> <span class='ocrx_word' id='word_1_164' title='bbox 675 1055 834 1101; x_wconf 86' lang='lat' dir='ltr'>speciem</span> <span class='ocrx_word' id='word_1_165' title='bbox 856 1066 971 1097; x_wconf 85' lang='lat' dir='ltr'>suam,</span> <span class='ocrx_word' id='word_1_166' title='bbox 989 1054 1048 1089; x_wconf 87' lang='lat' dir='ltr'>vel</span> <span class='ocrx_word' id='word_1_167' title='bbox 1066 1055 1268 1089; x_wconf 88' lang='lat' dir='ltr'>secundum</span> <span class='ocrx_word' id='word_1_168' title='bbox 1287 1056 1586 1098; x_wconf 80' lang='lat' dir='ltr'>circumstantias,</span> <span class='ocrx_word' id='word_1_169' title='bbox 1605 1055 1764 1090; x_wconf 87' lang='lat' dir='ltr'>ordinari</span> <span class='ocrx_word' id='word_1_170' title='bbox 1782 1056 1826 1090; x_wconf 95' lang='lat' dir='ltr'>ad</span> 
     </span>
     <span class='ocr_line' id='line_1_18' title="bbox 264 1109 1826 1156; baseline 0 -13"><span class='ocrx_word' id='word_1_171' title='bbox 264 1110 371 1144; x_wconf 87' lang='lat' dir='ltr'>finem</span> <span class='ocrx_word' id='word_1_172' title='bbox 384 1109 533 1151; x_wconf 88' lang='lat' dir='ltr'>malum,</span> <span class='ocrx_word' id='word_1_173' title='bbox 548 1109 606 1143; x_wconf 81' lang='lat' dir='ltr'>vel</span> <span class='ocrx_word' id='word_1_174' title='bbox 617 1120 635 1143; x_wconf 92' lang='lat' dir='ltr'>e</span> <span class='ocrx_word' id='word_1_175' title='bbox 651 1120 847 1143; x_wconf 84' lang='lat' dir='ltr'>converso:</span> <span class='ocrx_word' id='word_1_176' title='bbox 863 1120 938 1143; x_wconf 89' lang='lat' dir='ltr'>non</span> <span class='ocrx_word' id='word_1_177' title='bbox 956 1117 1079 1143; x_wconf 89' lang='lat' dir='ltr'>tamen</span> <span class='ocrx_word' id='word_1_178' title='bbox 1093 1117 1146 1143; x_wconf 90' lang='lat' dir='ltr'>est</span> <span class='ocrx_word' id='word_1_179' title='bbox 1157 1109 1251 1143; x_wconf 86' lang='lat' dir='ltr'>actio</span> <span class='ocrx_word' id='word_1_180' title='bbox 1266 1109 1362 1143; x_wconf 87' lang='lat' dir='ltr'>bona</span> <span class='ocrx_word' id='word_1_181' title='bbox 1380 1109 1606 1156; x_wconf 79' lang='lat' dir='ltr'>simpliciter,</span> <span class='ocrx_word' id='word_1_182' title='bbox 1615 1109 1685 1143; x_wconf 88' lang='lat' dir='ltr'>nisi</span> <span class='ocrx_word' id='word_1_183' title='bbox 1699 1120 1826 1144; x_wconf 88' lang='lat' dir='ltr'>omnes</span> 
     </span>
     <span class='ocr_line' id='line_1_19' title="bbox 262 1162 1826 1209; baseline 0 -12"><span class='ocrx_word' id='word_1_184' title='bbox 262 1164 440 1197; x_wconf 81' lang='lat' dir='ltr'>bonitates</span> <span class='ocrx_word' id='word_1_185' title='bbox 460 1171 695 1198; x_wconf 77' lang='lat' dir='ltr'>concurrant:</span> <span class='ocrx_word' id='word_1_186' title='bbox 718 1163 801 1209; x_wconf 92' lang='lat' dir='ltr'>quia</span> <span class='ocrx_word' id='word_1_187' title='bbox 821 1162 969 1209; x_wconf 90' lang='lat' dir='ltr'>quilibet</span> <span class='ocrx_word' id='word_1_188' title='bbox 988 1162 1180 1209; x_wconf 84' lang='lat' dir='ltr'>singularis</span> <span class='ocrx_word' id='word_1_189' title='bbox 1199 1162 1360 1197; x_wconf 90' lang='lat' dir='ltr'>defectus</span> <span class='ocrx_word' id='word_1_190' title='bbox 1375 1171 1501 1198; x_wconf 87' lang='lat' dir='ltr'>causat</span> <span class='ocrx_word' id='word_1_191' title='bbox 1512 1163 1669 1206; x_wconf 81' lang='lat' dir='ltr'>malum3</span> <span class='ocrx_word' id='word_1_192' title='bbox 1687 1163 1826 1198; x_wconf 91' lang='lat' dir='ltr'>bonum</span> 
     </span>
     <span class='ocr_line' id='line_1_20' title="bbox 264 1216 1826 1264; baseline 0.001 -13"><span class='ocrx_word' id='word_1_193' title='bbox 264 1225 385 1252; x_wconf 81' lang='lat' dir='ltr'>autem</span> <span class='ocrx_word' id='word_1_194' title='bbox 400 1225 566 1251; x_wconf 86' lang='lat' dir='ltr'>causatur</span> <span class='ocrx_word' id='word_1_195' title='bbox 581 1228 623 1250; x_wconf 83' lang='lat' dir='ltr'>ex</span> <span class='ocrx_word' id='word_1_196' title='bbox 640 1217 779 1263; x_wconf 79' lang='lat' dir='ltr'>integra</span> <span class='ocrx_word' id='word_1_197' title='bbox 795 1228 915 1259; x_wconf 87' lang='lat' dir='ltr'>causa,</span> <span class='ocrx_word' id='word_1_198' title='bbox 931 1224 968 1251; x_wconf 93' lang='lat' dir='ltr'>ut</span> <span class='ocrx_word' id='word_1_199' title='bbox 981 1216 1135 1263; x_wconf 82' lang='lat' dir='ltr'>Dionys.</span> <span class='ocrx_word' id='word_1_200' title='bbox 1151 1217 1237 1251; x_wconf 91' lang='lat' dir='ltr'>dicit</span> <span class='ocrx_word' id='word_1_201' title='bbox 1248 1226 1281 1260; x_wconf 86' lang='lat'>4.</span> <span class='ocrx_word' id='word_1_202' title='bbox 1302 1228 1380 1264; x_wconf 89' lang='lat' dir='ltr'>cap.</span> <span class='ocrx_word' id='word_1_203' title='bbox 1396 1217 1439 1251; x_wconf 90' lang='lat' dir='ltr'>de</span> <span class='ocrx_word' id='word_1_204' title='bbox 1451 1217 1535 1251; x_wconf 78' lang='lat' dir='ltr'>Div.</span> <span class='ocrx_word' id='word_1_205' title='bbox 1549 1217 1660 1252; x_wconf 91' lang='lat' dir='ltr'>Nom.</span> <span class='ocrx_word' id='word_1_206' title='bbox 1678 1217 1779 1264; x_wconf 80' lang='lat' dir='ltr'>(part.</span> <span class='ocrx_word' id='word_1_207' title='bbox 1793 1228 1826 1262; x_wconf 90' lang='lat'>4.</span> 
     </span>
     <span class='ocr_line' id='line_1_21' title="bbox 256 1271 630 1318; baseline 0 -12"><span class='ocrx_word' id='word_1_208' title='bbox 256 1276 329 1318; x_wconf 80' lang='lat' dir='ltr'>post</span> <span class='ocrx_word' id='word_1_209' title='bbox 351 1271 433 1307; x_wconf 75' lang='lat' dir='ltr'>med.</span> <span class='ocrx_word' id='word_1_210' title='bbox 456 1271 524 1306; x_wconf 66' lang='lat' dir='ltr'>lact.</span> <span class='ocrx_word' id='word_1_211' title='bbox 546 1272 630 1317; x_wconf 89' lang='lat'><strong><em>22.).</em></strong></span> 
     </span>
    </p>
   </div>
   <div class='ocr_carea' id='block_1_3' title="bbox 835 1411 1827 1460">
    <p class='ocr_par' dir='ltr' id='par_1_6' title="bbox 835 1411 1827 1460">
     <span class='ocr_line' id='line_1_22' title="bbox 835 1411 1827 1460; baseline 0.005 -5"><span class='ocrx_word' id='word_1_212' title='bbox 835 1411 1179 1457; x_wconf 88' lang='lat' dir='ltr'><strong>ARTICULUS</strong></span> <span class='ocrx_word' id='word_1_213' title='bbox 1207 1414 1261 1457; x_wconf 88' lang='lat' dir='ltr'>V.</span> <span class='ocrx_word' id='word_1_214' title='bbox 1764 1425 1827 1460; x_wconf 88' lang='lat'>108</span> 
     </span>
    </p>
   </div>
   <div class='ocr_carea' id='block_1_4' title="bbox 264 1527 1825 1568">
    <p class='ocr_par' dir='ltr' id='par_1_7' title="bbox 264 1527 1825 1568">
     <span class='ocr_line' id='line_1_23' title="bbox 264 1527 1825 1568; baseline 0.001 -11"><span class='ocrx_word' id='word_1_215' title='bbox 264 1527 416 1558; x_wconf 87' lang='lat' dir='ltr'>UTRUM</span> <span class='ocrx_word' id='word_1_216' title='bbox 443 1527 607 1564; x_wconf 88' lang='lat' dir='ltr'><strong>ALIQUA</strong></span> <span class='ocrx_word' id='word_1_217' title='bbox 635 1527 772 1557; x_wconf 93' lang='lat' dir='ltr'>ACTIO</span> <span class='ocrx_word' id='word_1_218' title='bbox 794 1527 980 1557; x_wconf 79' lang='lat' dir='ltr'>HUMANA</span> <span class='ocrx_word' id='word_1_219' title='bbox 1002 1527 1070 1557; x_wconf 91' lang='lat' dir='ltr'>SIT</span> <span class='ocrx_word' id='word_1_220' title='bbox 1093 1527 1225 1568; x_wconf 87' lang='lat' dir='ltr'>BONA,</span> <span class='ocrx_word' id='word_1_221' title='bbox 1247 1528 1330 1558; x_wconf 92' lang='lat' dir='ltr'>VEL</span> <span class='ocrx_word' id='word_1_222' title='bbox 1354 1528 1471 1557; x_wconf 77' lang='lat' dir='ltr'><strong>MALA</strong></span> <span class='ocrx_word' id='word_1_223' title='bbox 1493 1528 1538 1559; x_wconf 89' lang='lat' dir='ltr'>IN</span> <span class='ocrx_word' id='word_1_224' title='bbox 1560 1528 1641 1558; x_wconf 91' lang='lat' dir='ltr'>SUA</span> <span class='ocrx_word' id='word_1_225' title='bbox 1664 1528 1825 1559; x_wconf 85' lang='lat' dir='ltr'><strong>SPECIE.</strong></span> 
     </span>
    </p>
   </div>
   <div class='ocr_carea' id='block_1_5' title="bbox 653 1615 1436 1663">
    <p class='ocr_par' dir='ltr' id='par_1_8' title="bbox 653 1615 1436 1663">
     <span class='ocr_line' id='line_1_24' title="bbox 653 1615 1436 1663; baseline 0.001 -13"><span class='ocrx_word' id='word_1_226' title='bbox 653 1615 753 1660; x_wconf 83' lang='lat' dir='ltr'>(Mal.</span> <span class='ocrx_word' id='word_1_227' title='bbox 777 1628 806 1662; x_wconf 84' lang='lat' dir='ltr'>q.</span> <span class='ocrx_word' id='word_1_228' title='bbox 829 1627 859 1651; x_wconf 91' lang='lat'>2.</span> <span class='ocrx_word' id='word_1_229' title='bbox 882 1621 945 1651; x_wconf 82' lang='lat' dir='ltr'>art.</span> <span class='ocrx_word' id='word_1_230' title='bbox 967 1627 1000 1661; x_wconf 82' lang='lat'>4.</span> <span class='ocrx_word' id='word_1_231' title='bbox 1023 1616 1065 1650; x_wconf 79' lang='lat' dir='ltr'>ad</span> <span class='ocrx_word' id='word_1_232' title='bbox 1082 1628 1110 1662; x_wconf 82' lang='lat'>5.</span> <span class='ocrx_word' id='word_1_233' title='bbox 1130 1621 1160 1651; x_wconf 82' lang='lat' dir='ltr'>et</span> <span class='ocrx_word' id='word_1_234' title='bbox 1181 1621 1247 1651; x_wconf 82' lang='lat' dir='ltr'>art.</span> <span class='ocrx_word' id='word_1_235' title='bbox 1263 1628 1291 1662; x_wconf 84' lang='lat'>5.</span> <span class='ocrx_word' id='word_1_236' title='bbox 1314 1617 1436 1663; x_wconf 76' lang='lat' dir='ltr'>corp).</span> 
     </span>
    </p>
   </div>
   <div class='ocr_carea' id='block_1_6' title="bbox 261 1703 1831 2932">
    <p class='ocr_par' dir='ltr' id='par_1_9' title="bbox 261 1703 1830 1967">
     <span class='ocr_line' id='line_1_25' title="bbox 333 1703 1828 1752; baseline -0.001 -11"><span class='ocrx_word' id='word_1_237' title='bbox 333 1707 392 1741; x_wconf 87' lang='lat' dir='ltr'>AD</span> <span class='ocrx_word' id='word_1_238' title='bbox 416 1717 596 1746; x_wconf 67' lang='lat' dir='ltr'>QUINTUM</span> <span class='ocrx_word' id='word_1_239' title='bbox 618 1706 668 1740; x_wconf 91' lang='lat' dir='ltr'>sic</span> <span class='ocrx_word' id='word_1_240' title='bbox 691 1706 909 1752; x_wconf 89' lang='lat' dir='ltr'>proceditur.</span> <span class='ocrx_word' id='word_1_241' title='bbox 936 1705 1099 1748; x_wconf 85' lang='lat' dir='ltr'>Videtur,</span> <span class='ocrx_word' id='word_1_242' title='bbox 1122 1706 1218 1752; x_wconf 90' lang='lat' dir='ltr'>quod</span> <span class='ocrx_word' id='word_1_243' title='bbox 1246 1714 1346 1740; x_wconf 90' lang='lat' dir='ltr'>actus</span> <span class='ocrx_word' id='word_1_244' title='bbox 1373 1704 1532 1740; x_wconf 89' lang='lat' dir='ltr'>morales</span> <span class='ocrx_word' id='word_1_245' title='bbox 1557 1716 1633 1740; x_wconf 90' lang='lat' dir='ltr'>non</span> <span class='ocrx_word' id='word_1_246' title='bbox 1660 1703 1828 1740; x_wconf 88' lang='lat' dir='ltr'>differant</span> 
     </span>
     <span class='ocr_line' id='line_1_26' title="bbox 263 1758 1830 1806; baseline -0.001 -12"><span class='ocrx_word' id='word_1_247' title='bbox 263 1761 383 1806; x_wconf 90' lang='lat' dir='ltr'>specie</span> <span class='ocrx_word' id='word_1_248' title='bbox 406 1760 604 1794; x_wconf 88' lang='lat' dir='ltr'>secundum</span> <span class='ocrx_word' id='word_1_249' title='bbox 628 1761 761 1801; x_wconf 76' lang='lat' dir='ltr'>bonum,</span> <span class='ocrx_word' id='word_1_250' title='bbox 786 1767 821 1794; x_wconf 90' lang='lat' dir='ltr'>et</span> <span class='ocrx_word' id='word_1_251' title='bbox 840 1760 988 1794; x_wconf 75' lang='lat' dir='ltr'>malum:</span> <span class='ocrx_word' id='word_1_252' title='bbox 1011 1760 1149 1793; x_wconf 87' lang='lat' dir='ltr'>bonurn</span> <span class='ocrx_word' id='word_1_253' title='bbox 1171 1760 1281 1801; x_wconf 90' lang='lat' dir='ltr'>enim,</span> <span class='ocrx_word' id='word_1_254' title='bbox 1303 1767 1338 1794; x_wconf 89' lang='lat' dir='ltr'>et</span> <span class='ocrx_word' id='word_1_255' title='bbox 1359 1758 1499 1793; x_wconf 89' lang='lat' dir='ltr'>malum</span> <span class='ocrx_word' id='word_1_256' title='bbox 1516 1759 1553 1793; x_wconf 89' lang='lat' dir='ltr'>in</span> <span class='ocrx_word' id='word_1_257' title='bbox 1575 1759 1713 1793; x_wconf 82' lang='lat' dir='ltr'>actibus</span> <span class='ocrx_word' id='word_1_258' title='bbox 1733 1759 1830 1793; x_wconf 81' lang='lat' dir='ltr'>inve·</span> 
     </span>
     <span class='ocr_line' id='line_1_27' title="bbox 261 1813 1825 1860; baseline -0.001 -12"><span class='ocrx_word' id='word_1_259' title='bbox 261 1815 356 1848; x_wconf 87' lang='lat' dir='ltr'>nitur</span> <span class='ocrx_word' id='word_1_260' title='bbox 377 1813 613 1848; x_wconf 83' lang='lat' dir='ltr'>conformiter</span> <span class='ocrx_word' id='word_1_261' title='bbox 634 1814 750 1855; x_wconf 89' lang='lat' dir='ltr'>rebus,</span> <span class='ocrx_word' id='word_1_262' title='bbox 773 1822 812 1848; x_wconf 91' lang='lat' dir='ltr'>ut</span> <span class='ocrx_word' id='word_1_263' title='bbox 833 1814 970 1847; x_wconf 91' lang='lat' dir='ltr'>dictum</span> <span class='ocrx_word' id='word_1_264' title='bbox 992 1821 1045 1847; x_wconf 85' lang='lat' dir='ltr'>est</span> <span class='ocrx_word' id='word_1_265' title='bbox 1068 1813 1146 1857; x_wconf 81' lang='lat' dir='ltr'>(art.</span> <span class='ocrx_word' id='word_1_266' title='bbox 1170 1826 1196 1848; x_wconf 82' lang='lat'>1.</span> <span class='ocrx_word' id='word_1_267' title='bbox 1219 1813 1287 1860; x_wconf 80' lang='lat' dir='ltr'>huj.</span> <span class='ocrx_word' id='word_1_268' title='bbox 1311 1813 1379 1859; x_wconf 87' lang='lat' dir='ltr'>q.).·</span> <span class='ocrx_word' id='word_1_269' title='bbox 1406 1813 1468 1847; x_wconf 91' lang='lat' dir='ltr'>sed</span> <span class='ocrx_word' id='word_1_270' title='bbox 1495 1813 1532 1847; x_wconf 92' lang='lat' dir='ltr'>in</span> <span class='ocrx_word' id='word_1_271' title='bbox 1558 1813 1663 1847; x_wconf 89' lang='lat' dir='ltr'>rebus</span> <span class='ocrx_word' id='word_1_272' title='bbox 1690 1814 1825 1855; x_wconf 85' lang='lat' dir='ltr'>bonum,</span> 
     </span>
     <span class='ocr_line' id='line_1_28' title="bbox 263 1867 1828 1913; baseline -0.001 -11"><span class='ocrx_word' id='word_1_273' title='bbox 263 1876 298 1902; x_wconf 85' lang='lat' dir='ltr'>et</span> <span class='ocrx_word' id='word_1_274' title='bbox 319 1868 444 1903; x_wconf 75' lang='lat' dir='ltr'>malum</span> <span class='ocrx_word' id='word_1_275' title='bbox 464 1879 538 1901; x_wconf 92' lang='lat' dir='ltr'>non</span> <span class='ocrx_word' id='word_1_276' title='bbox 560 1867 802 1901; x_wconf 80' lang='lat' dir='ltr'>diversificant</span> <span class='ocrx_word' id='word_1_277' title='bbox 823 1867 999 1913; x_wconf 88' lang='lat' dir='ltr'>speciem:</span> <span class='ocrx_word' id='word_1_278' title='bbox 1026 1867 1124 1901; x_wconf 89' lang='lat' dir='ltr'>idern</span> <span class='ocrx_word' id='word_1_279' title='bbox 1151 1867 1249 1901; x_wconf 90' lang='lat' dir='ltr'>enirn</span> <span class='ocrx_word' id='word_1_280' title='bbox 1275 1867 1395 1913; x_wconf 91' lang='lat' dir='ltr'>specie</span> <span class='ocrx_word' id='word_1_281' title='bbox 1422 1874 1475 1901; x_wconf 89' lang='lat' dir='ltr'>est</span> <span class='ocrx_word' id='word_1_282' title='bbox 1499 1867 1615 1901; x_wconf 90' lang='lat' dir='ltr'>homo</span> <span class='ocrx_word' id='word_1_283' title='bbox 1641 1867 1770 1909; x_wconf 87' lang='lat' dir='ltr'>bonus,</span> <span class='ocrx_word' id='word_1_284' title='bbox 1793 1874 1828 1900; x_wconf 90' lang='lat' dir='ltr'>et</span> 
     </span>
     <span class='ocr_line' id='line_1_29' title="bbox 264 1920 1809 1967; baseline -0.001 -12"><span class='ocrx_word' id='word_1_285' title='bbox 264 1921 399 1963; x_wconf 80' lang='lat' dir='ltr'>malus3</span> <span class='ocrx_word' id='word_1_286' title='bbox 422 1932 508 1967; x_wconf 83' lang='lat' dir='ltr'>ergo</span> <span class='ocrx_word' id='word_1_287' title='bbox 531 1932 647 1967; x_wconf 87' lang='lat' dir='ltr'>neque</span> <span class='ocrx_word' id='word_1_288' title='bbox 670 1921 779 1955; x_wconf 90' lang='lat' dir='ltr'>etiam</span> <span class='ocrx_word' id='word_1_289' title='bbox 802 1922 936 1964; x_wconf 73' lang='lat' dir='ltr'>bomem,</span> <span class='ocrx_word' id='word_1_290' title='bbox 959 1929 994 1955; x_wconf 91' lang='lat' dir='ltr'>et</span> <span class='ocrx_word' id='word_1_291' title='bbox 1015 1921 1140 1955; x_wconf 80' lang='lat' dir='ltr'>malum</span> <span class='ocrx_word' id='word_1_292' title='bbox 1157 1921 1193 1955; x_wconf 91' lang='lat' dir='ltr'>in</span> <span class='ocrx_word' id='word_1_293' title='bbox 1216 1921 1353 1955; x_wconf 90' lang='lat' dir='ltr'>actibus</span> <span class='ocrx_word' id='word_1_294' title='bbox 1375 1920 1619 1955; x_wconf 86' lang='lat' dir='ltr'>diversificant</span> <span class='ocrx_word' id='word_1_295' title='bbox 1638 1920 1809 1966; x_wconf 89' lang='lat' dir='ltr'>speciem.</span> 
     </span>
    </p>

    <p class='ocr_par' dir='ltr' id='par_1_10' title="bbox 263 1973 1829 2235">
     <span class='ocr_line' id='line_1_30' title="bbox 335 1973 1828 2021; baseline -0.002 -12"><span class='ocrx_word' id='word_1_296' title='bbox 335 1986 366 2009; x_wconf 86' lang='lat'>2.</span> <span class='ocrx_word' id='word_1_297' title='bbox 388 1975 624 2010; x_wconf 66' lang='lat' dir='ltr'>PRAETEREA.</span> <span class='ocrx_word' id='word_1_298' title='bbox 652 1974 803 2016; x_wconf 87' lang='lat' dir='ltr'>Malum,</span> <span class='ocrx_word' id='word_1_299' title='bbox 826 1986 909 2008; x_wconf 87' lang='lat' dir='ltr'>cum</span> <span class='ocrx_word' id='word_1_300' title='bbox 931 1975 976 2009; x_wconf 87' lang='lat' dir='ltr'>sit</span> <span class='ocrx_word' id='word_1_301' title='bbox 997 1975 1163 2021; x_wconf 85' lang='lat' dir='ltr'>privatio,</span> <span class='ocrx_word' id='word_1_302' title='bbox 1186 1983 1238 2009; x_wconf 87' lang='lat' dir='ltr'>est</span> <span class='ocrx_word' id='word_1_303' title='bbox 1264 1974 1449 2020; x_wconf 91' lang='lat' dir='ltr'>quoddam</span> <span class='ocrx_word' id='word_1_304' title='bbox 1469 1985 1544 2008; x_wconf 91' lang='lat' dir='ltr'>non</span> <span class='ocrx_word' id='word_1_305' title='bbox 1567 1984 1648 2009; x_wconf 91' lang='lat' dir='ltr'>ens:</span> <span class='ocrx_word' id='word_1_306' title='bbox 1671 1973 1732 2008; x_wconf 90' lang='lat' dir='ltr'>sed</span> <span class='ocrx_word' id='word_1_307' title='bbox 1753 1983 1828 2007; x_wconf 91' lang='lat' dir='ltr'>non</span> 
     </span>
     <span class='ocr_line' id='line_1_31' title="bbox 264 2027 1827 2075; baseline -0.001 -12"><span class='ocrx_word' id='word_1_308' title='bbox 264 2040 326 2063; x_wconf 88' lang='lat' dir='ltr'>ens</span> <span class='ocrx_word' id='word_1_309' title='bbox 347 2040 421 2063; x_wconf 90' lang='lat' dir='ltr'>non</span> <span class='ocrx_word' id='word_1_310' title='bbox 443 2037 561 2075; x_wconf 86' lang='lat' dir='ltr'>potest</span> <span class='ocrx_word' id='word_1_311' title='bbox 583 2040 659 2063; x_wconf 86' lang='lat' dir='ltr'>esse</span> <span class='ocrx_word' id='word_1_312' title='bbox 681 2028 894 2070; x_wconf 81' lang='lat' dir='ltr'>differentia,</span> <span class='ocrx_word' id='word_1_313' title='bbox 916 2028 1116 2062; x_wconf 87' lang='lat' dir='ltr'>secundum</span> <span class='ocrx_word' id='word_1_314' title='bbox 1138 2027 1275 2062; x_wconf 89' lang='lat' dir='ltr'>Philos.</span> <span class='ocrx_word' id='word_1_315' title='bbox 1297 2028 1334 2062; x_wconf 91' lang='lat' dir='ltr'>in</span> <span class='ocrx_word' id='word_1_316' title='bbox 1363 2039 1392 2073; x_wconf 79' lang='lat'>3.</span> <span class='ocrx_word' id='word_1_317' title='bbox 1414 2027 1618 2074; x_wconf 87' lang='lat' dir='ltr'>Metaphys.</span> <span class='ocrx_word' id='word_1_318' title='bbox 1639 2027 1716 2071; x_wconf 67' lang='lat' dir='ltr'>(tax.</span> <span class='ocrx_word' id='word_1_319' title='bbox 1737 2027 1827 2072; x_wconf 87' lang='lat'><em>10.);</em></span> 
     </span>
     <span class='ocr_line' id='line_1_32' title="bbox 264 2080 1827 2128; baseline -0.001 -12"><span class='ocrx_word' id='word_1_320' title='bbox 264 2094 347 2116; x_wconf 92' lang='lat' dir='ltr'>cum</span> <span class='ocrx_word' id='word_1_321' title='bbox 370 2094 456 2127; x_wconf 72' lang='lat' dir='ltr'>ergo</span> <span class='ocrx_word' id='word_1_322' title='bbox 479 2081 679 2116; x_wconf 83' lang='lat' dir='ltr'>differentia</span> <span class='ocrx_word' id='word_1_323' title='bbox 703 2082 897 2116; x_wconf 85' lang='lat' dir='ltr'>constituat</span> <span class='ocrx_word' id='word_1_324' title='bbox 919 2082 1090 2128; x_wconf 87' lang='lat' dir='ltr'>speciem,</span> <span class='ocrx_word' id='word_1_325' title='bbox 1111 2082 1263 2123; x_wconf 81' lang='lat' dir='ltr'>videtur,</span> <span class='ocrx_word' id='word_1_326' title='bbox 1285 2081 1382 2127; x_wconf 91' lang='lat' dir='ltr'>quod</span> <span class='ocrx_word' id='word_1_327' title='bbox 1405 2080 1533 2127; x_wconf 91' lang='lat' dir='ltr'>aliquis</span> <span class='ocrx_word' id='word_1_328' title='bbox 1561 2089 1660 2115; x_wconf 91' lang='lat' dir='ltr'>actus</span> <span class='ocrx_word' id='word_1_329' title='bbox 1687 2092 1730 2114; x_wconf 83' lang='lat' dir='ltr'>ex</span> <span class='ocrx_word' id='word_1_330' title='bbox 1755 2080 1827 2114; x_wconf 86' lang='lat' dir='ltr'>hoc</span> 
     </span>
     <span class='ocr_line' id='line_1_33' title="bbox 263 2134 1829 2182; baseline -0.001 -12"><span class='ocrx_word' id='word_1_331' title='bbox 263 2136 359 2182; x_wconf 90' lang='lat' dir='ltr'>quod</span> <span class='ocrx_word' id='word_1_332' title='bbox 387 2144 439 2170; x_wconf 89' lang='lat' dir='ltr'>est</span> <span class='ocrx_word' id='word_1_333' title='bbox 460 2136 588 2177; x_wconf 87' lang='lat' dir='ltr'>malus,</span> <span class='ocrx_word' id='word_1_334' title='bbox 610 2147 684 2170; x_wconf 89' lang='lat' dir='ltr'>non</span> <span class='ocrx_word' id='word_1_335' title='bbox 712 2136 951 2169; x_wconf 83' lang='lat' dir='ltr'>constituatur</span> <span class='ocrx_word' id='word_1_336' title='bbox 977 2136 1013 2169; x_wconf 92' lang='lat' dir='ltr'>in</span> <span class='ocrx_word' id='word_1_337' title='bbox 1036 2135 1155 2181; x_wconf 86' lang='lat' dir='ltr'>aliqua</span> <span class='ocrx_word' id='word_1_338' title='bbox 1181 2135 1318 2181; x_wconf 88' lang='lat' dir='ltr'>specie:</span> <span class='ocrx_word' id='word_1_339' title='bbox 1341 2143 1376 2169; x_wconf 89' lang='lat' dir='ltr'>et</span> <span class='ocrx_word' id='word_1_340' title='bbox 1404 2134 1453 2169; x_wconf 87' lang='lat' dir='ltr'>ita</span> <span class='ocrx_word' id='word_1_341' title='bbox 1482 2136 1615 2178; x_wconf 85' lang='lat' dir='ltr'>bonum,</span> <span class='ocrx_word' id='word_1_342' title='bbox 1643 2142 1678 2168; x_wconf 89' lang='lat' dir='ltr'>et</span> <span class='ocrx_word' id='word_1_343' title='bbox 1702 2134 1829 2168; x_wconf 83' lang='lat' dir='ltr'>malum</span> 
     </span>
     <span class='ocr_line' id='line_1_34' title="bbox 263 2189 1235 2235; baseline -0.001 -12"><span class='ocrx_word' id='word_1_344' title='bbox 263 2201 337 2223; x_wconf 91' lang='lat' dir='ltr'>non</span> <span class='ocrx_word' id='word_1_345' title='bbox 360 2189 603 2223; x_wconf 83' lang='lat' dir='ltr'>diversificant</span> <span class='ocrx_word' id='word_1_346' title='bbox 624 2190 784 2235; x_wconf 87' lang='lat' dir='ltr'>speciem</span> <span class='ocrx_word' id='word_1_347' title='bbox 806 2189 1054 2223; x_wconf 88' lang='lat' dir='ltr'>humanorum</span> <span class='ocrx_word' id='word_1_348' title='bbox 1077 2197 1235 2223; x_wconf 86' lang='lat' dir='ltr'>actuum.</span> 
     </span>
    </p>

    <p class='ocr_par' dir='ltr' id='par_1_11' title="bbox 264 2239 1830 2449">
     <span class='ocr_line' id='line_1_35' title="bbox 339 2239 1829 2289; baseline -0.001 -12"><span class='ocrx_word' id='word_1_349' title='bbox 339 2254 366 2289; x_wconf 82' lang='lat'>3.</span> <span class='ocrx_word' id='word_1_350' title='bbox 395 2243 631 2277; x_wconf 75' lang='lat' dir='ltr'>PRAETEREA.</span> <span class='ocrx_word' id='word_1_351' title='bbox 659 2243 897 2277; x_wconf 84' lang='lat' dir='ltr'>Diversorum</span> <span class='ocrx_word' id='word_1_352' title='bbox 925 2250 1072 2276; x_wconf 89' lang='lat' dir='ltr'>actuum</span> <span class='ocrx_word' id='word_1_353' title='bbox 1099 2241 1301 2276; x_wconf 87' lang='lat' dir='ltr'>secundum</span> <span class='ocrx_word' id='word_1_354' title='bbox 1327 2241 1487 2288; x_wconf 88' lang='lat' dir='ltr'>speciem</span> <span class='ocrx_word' id='word_1_355' title='bbox 1514 2241 1647 2276; x_wconf 86' lang='lat' dir='ltr'>diversi</span> <span class='ocrx_word' id='word_1_356' title='bbox 1673 2248 1756 2275; x_wconf 90' lang='lat' dir='ltr'>sunt</span> <span class='ocrx_word' id='word_1_357' title='bbox 1782 2239 1829 2275; x_wconf 92' lang='lat' dir='ltr'>ef-</span> 
     </span>
     <span class='ocr_line' id='line_1_36' title="bbox 264 2294 1830 2342; baseline -0.001 -12"><span class='ocrx_word' id='word_1_358' title='bbox 264 2296 394 2331; x_wconf 89' lang='lat' dir='ltr'>fectus:</span> <span class='ocrx_word' id='word_1_359' title='bbox 417 2296 478 2330; x_wconf 87' lang='lat' dir='ltr'>sed</span> <span class='ocrx_word' id='word_1_360' title='bbox 502 2296 597 2330; x_wconf 88' lang='lat' dir='ltr'>idem</span> <span class='ocrx_word' id='word_1_361' title='bbox 620 2296 738 2342; x_wconf 89' lang='lat' dir='ltr'>specie</span> <span class='ocrx_word' id='word_1_362' title='bbox 761 2295 909 2330; x_wconf 83' lang='lat' dir='ltr'>effectus</span> <span class='ocrx_word' id='word_1_363' title='bbox 928 2304 1047 2342; x_wconf 90' lang='lat' dir='ltr'>potest</span> <span class='ocrx_word' id='word_1_364' title='bbox 1066 2295 1240 2342; x_wconf 87' lang='lat' dir='ltr'>consequi</span> <span class='ocrx_word' id='word_1_365' title='bbox 1258 2306 1301 2330; x_wconf 85' lang='lat' dir='ltr'>ex</span> <span class='ocrx_word' id='word_1_366' title='bbox 1320 2303 1402 2329; x_wconf 89' lang='lat' dir='ltr'>actu</span> <span class='ocrx_word' id='word_1_367' title='bbox 1419 2295 1530 2337; x_wconf 90' lang='lat' dir='ltr'>bono,</span> <span class='ocrx_word' id='word_1_368' title='bbox 1549 2302 1584 2329; x_wconf 93' lang='lat' dir='ltr'>et</span> <span class='ocrx_word' id='word_1_369' title='bbox 1602 2294 1718 2329; x_wconf 92' lang='lat' dir='ltr'>malo:</span> <span class='ocrx_word' id='word_1_370' title='bbox 1737 2294 1830 2328; x_wconf 91' lang='lat' dir='ltr'>sicut</span> 
     </span>
     <span class='ocr_line' id='line_1_37' title="bbox 265 2348 1830 2395; baseline -0.001 -11"><span class='ocrx_word' id='word_1_371' title='bbox 265 2351 380 2384; x_wconf 88' lang='lat' dir='ltr'>homo</span> <span class='ocrx_word' id='word_1_372' title='bbox 397 2358 588 2395; x_wconf 83' lang='lat' dir='ltr'>generatur</span> <span class='ocrx_word' id='word_1_373' title='bbox 603 2361 645 2384; x_wconf 79' lang='lat' dir='ltr'>ex</span> <span class='ocrx_word' id='word_1_374' title='bbox 661 2349 848 2389; x_wconf 85' lang='lat' dir='ltr'>adulterio,</span> <span class='ocrx_word' id='word_1_375' title='bbox 863 2358 898 2383; x_wconf 88' lang='lat' dir='ltr'>et</span> <span class='ocrx_word' id='word_1_376' title='bbox 912 2361 954 2384; x_wconf 83' lang='lat' dir='ltr'>ex</span> <span class='ocrx_word' id='word_1_377' title='bbox 969 2348 1230 2384; x_wconf 82' lang='lat' dir='ltr'>matrimoniali</span> <span class='ocrx_word' id='word_1_378' title='bbox 1249 2349 1463 2391; x_wconf 91' lang='lat' dir='ltr'>concubitu;</span> <span class='ocrx_word' id='word_1_379' title='bbox 1479 2359 1566 2395; x_wconf 87' lang='lat' dir='ltr'>ergo</span> <span class='ocrx_word' id='word_1_380' title='bbox 1583 2357 1683 2383; x_wconf 89' lang='lat' dir='ltr'>actus</span> <span class='ocrx_word' id='word_1_381' title='bbox 1701 2348 1830 2390; x_wconf 85' lang='lat' dir='ltr'>bonus,</span> 
     </span>
     <span class='ocr_line' id='line_1_38' title="bbox 268 2402 879 2449; baseline -0.002 -11"><span class='ocrx_word' id='word_1_382' title='bbox 268 2411 302 2438; x_wconf 87' lang='lat' dir='ltr'>ct</span> <span class='ocrx_word' id='word_1_383' title='bbox 323 2403 440 2437; x_wconf 84' lang='lat' dir='ltr'>malus</span> <span class='ocrx_word' id='word_1_384' title='bbox 461 2414 536 2437; x_wconf 90' lang='lat' dir='ltr'>non</span> <span class='ocrx_word' id='word_1_385' title='bbox 558 2402 727 2437; x_wconf 84' lang='lat' dir='ltr'>differunt</span> <span class='ocrx_word' id='word_1_386' title='bbox 748 2403 879 2449; x_wconf 90' lang='lat' dir='ltr'>specie.</span> 
     </span>
    </p>

    <p class='ocr_par' dir='ltr' id='par_1_12' title="bbox 265 2454 1831 2659">
     <span class='ocr_line' id='line_1_39' title="bbox 340 2454 1830 2502; baseline -0.002 -11"><span class='ocrx_word' id='word_1_387' title='bbox 340 2467 373 2499; x_wconf 82' lang='grc'>4.</span> <span class='ocrx_word' id='word_1_388' title='bbox 396 2456 632 2491; x_wconf 71' lang='lat' dir='ltr'><strong>PRAETEREA.</strong></span> <span class='ocrx_word' id='word_1_389' title='bbox 655 2458 795 2497; x_wconf 80' lang='lat' dir='ltr'>Bonum,</span> <span class='ocrx_word' id='word_1_390' title='bbox 820 2464 854 2490; x_wconf 87' lang='lat' dir='ltr'>et</span> <span class='ocrx_word' id='word_1_391' title='bbox 875 2457 999 2490; x_wconf 78' lang='lat' dir='ltr'>malum</span> <span class='ocrx_word' id='word_1_392' title='bbox 1024 2456 1152 2490; x_wconf 87' lang='lat' dir='ltr'>dicitur</span> <span class='ocrx_word' id='word_1_393' title='bbox 1173 2457 1210 2490; x_wconf 91' lang='lat' dir='ltr'>in</span> <span class='ocrx_word' id='word_1_394' title='bbox 1233 2456 1370 2491; x_wconf 87' lang='lat' dir='ltr'>actibus</span> <span class='ocrx_word' id='word_1_395' title='bbox 1392 2455 1609 2502; x_wconf 88' lang='lat' dir='ltr'>quandoque</span> <span class='ocrx_word' id='word_1_396' title='bbox 1630 2454 1830 2489; x_wconf 87' lang='lat' dir='ltr'>secundum</span> 
     </span>
     <span class='ocr_line' id='line_1_40' title="bbox 267 2509 1831 2557; baseline -0.001 -13"><span class='ocrx_word' id='word_1_397' title='bbox 267 2510 589 2552; x_wconf 88' lang='lat' dir='ltr'>circumstantiam,</span> <span class='ocrx_word' id='word_1_398' title='bbox 617 2518 655 2544; x_wconf 90' lang='lat' dir='ltr'>ut</span> <span class='ocrx_word' id='word_1_399' title='bbox 675 2510 812 2544; x_wconf 90' lang='lat' dir='ltr'>dictum</span> <span class='ocrx_word' id='word_1_400' title='bbox 835 2518 887 2544; x_wconf 91' lang='lat' dir='ltr'>est</span> <span class='ocrx_word' id='word_1_401' title='bbox 908 2511 989 2555; x_wconf 70' lang='lat' dir='ltr'>(nrt.</span> <span class='ocrx_word' id='word_1_402' title='bbox 1006 2523 1033 2557; x_wconf 84' lang='lat'>3.</span> <span class='ocrx_word' id='word_1_403' title='bbox 1057 2511 1123 2555; x_wconf 76' lang='lat' dir='ltr'>huj.</span> <span class='ocrx_word' id='word_1_404' title='bbox 1144 2512 1190 2556; x_wconf 83' lang='lat' dir='ltr'>q.)</span> <span class='ocrx_word' id='word_1_405' title='bbox 1204 2523 1214 2545; x_wconf 90' lang='grc'>.·</span> <span class='ocrx_word' id='word_1_406' title='bbox 1233 2510 1295 2544; x_wconf 85' lang='lat' dir='ltr'>sed</span> <span class='ocrx_word' id='word_1_407' title='bbox 1315 2509 1598 2551; x_wconf 86' lang='lat' dir='ltr'>circumstantia,</span> <span class='ocrx_word' id='word_1_408' title='bbox 1614 2519 1698 2543; x_wconf 90' lang='lat' dir='ltr'>curn</span> <span class='ocrx_word' id='word_1_409' title='bbox 1713 2509 1758 2544; x_wconf 88' lang='lat' dir='ltr'>sit</span> <span class='ocrx_word' id='word_1_410' title='bbox 1776 2519 1831 2543; x_wconf 89' lang='lat' dir='ltr'>ac-</span> 
     </span>
     <span class='ocr_line' id='line_1_41' title="bbox 267 2562 1831 2610; baseline -0.001 -13"><span class='ocrx_word' id='word_1_411' title='bbox 267 2564 402 2606; x_wconf 77' lang='lat' dir='ltr'>cidens,</span> <span class='ocrx_word' id='word_1_412' title='bbox 417 2575 490 2598; x_wconf 89' lang='lat' dir='ltr'>non</span> <span class='ocrx_word' id='word_1_413' title='bbox 510 2564 570 2598; x_wconf 84' lang='lat' dir='ltr'>dat</span> <span class='ocrx_word' id='word_1_414' title='bbox 588 2564 747 2610; x_wconf 86' lang='lat' dir='ltr'>speciem</span> <span class='ocrx_word' id='word_1_415' title='bbox 767 2564 878 2605; x_wconf 79' lang='lat' dir='ltr'>actui3</span> <span class='ocrx_word' id='word_1_416' title='bbox 895 2575 981 2609; x_wconf 80' lang='lat' dir='ltr'>ergo</span> <span class='ocrx_word' id='word_1_417' title='bbox 998 2572 1098 2598; x_wconf 81' lang='lat' dir='ltr'>actus</span> <span class='ocrx_word' id='word_1_418' title='bbox 1117 2564 1268 2598; x_wconf 88' lang='lat' dir='ltr'>humani</span> <span class='ocrx_word' id='word_1_419' title='bbox 1281 2575 1355 2598; x_wconf 92' lang='lat' dir='ltr'>non</span> <span class='ocrx_word' id='word_1_420' title='bbox 1370 2562 1538 2598; x_wconf 85' lang='lat' dir='ltr'>differunt</span> <span class='ocrx_word' id='word_1_421' title='bbox 1552 2563 1671 2610; x_wconf 89' lang='lat' dir='ltr'>specie</span> <span class='ocrx_word' id='word_1_422' title='bbox 1685 2570 1831 2609; x_wconf 87' lang='lat' dir='ltr'>propter</span> 
     </span>
     <span class='ocr_line' id='line_1_42' title="bbox 265 2617 739 2659; baseline 0 -8"><span class='ocrx_word' id='word_1_423' title='bbox 265 2617 476 2659; x_wconf 87' lang='lat' dir='ltr'>bonitatem,</span> <span class='ocrx_word' id='word_1_424' title='bbox 496 2626 530 2652; x_wconf 88' lang='lat' dir='ltr'>et</span> <span class='ocrx_word' id='word_1_425' title='bbox 552 2617 739 2651; x_wconf 83' lang='lat' dir='ltr'>malitiam.</span> 
     </span>
    </p>

    <p class='ocr_par' dir='ltr' id='par_1_13' title="bbox 266 2669 1831 2825">
     <span class='ocr_line' id='line_1_43' title="bbox 338 2669 1830 2718; baseline -0.002 -12"><span class='ocrx_word' id='word_1_426' title='bbox 338 2672 411 2706; x_wconf 76' lang='lat' dir='ltr'>SED</span> <span class='ocrx_word' id='word_1_427' title='bbox 435 2683 600 2707; x_wconf 75' lang='lat' dir='ltr'>CONTRA.</span> <span class='ocrx_word' id='word_1_428' title='bbox 622 2671 831 2705; x_wconf 81' lang='lat' dir='ltr'>Secundum</span> <span class='ocrx_word' id='word_1_429' title='bbox 854 2671 990 2705; x_wconf 81' lang='lat' dir='ltr'>Philos.</span> <span class='ocrx_word' id='word_1_430' title='bbox 1014 2671 1048 2705; x_wconf 88' lang='lat' dir='ltr'>in</span> <span class='ocrx_word' id='word_1_431' title='bbox 1073 2681 1103 2705; x_wconf 84' lang='lat'>2.</span> <span class='ocrx_word' id='word_1_432' title='bbox 1127 2671 1206 2705; x_wconf 85' lang='lat' dir='ltr'>Eth.</span> <span class='ocrx_word' id='word_1_433' title='bbox 1230 2672 1322 2718; x_wconf 75' lang='lat' dir='ltr'>(sap.</span> <span class='ocrx_word' id='word_1_434' title='bbox 1345 2683 1372 2706; x_wconf 81' lang='lat' dir='ltr'>r.</span> <span class='ocrx_word' id='word_1_435' title='bbox 1392 2675 1419 2706; x_wconf 78' lang='lat' dir='ltr'>ct</span> <span class='ocrx_word' id='word_1_436' title='bbox 1445 2671 1506 2716; x_wconf 85' lang='lat'><em>2.)‚</em></span> <span class='ocrx_word' id='word_1_437' title='bbox 1529 2669 1666 2705; x_wconf 87' lang='lat' dir='ltr'>similes</span> <span class='ocrx_word' id='word_1_438' title='bbox 1687 2669 1830 2704; x_wconf 87' lang='lat' dir='ltr'>habitus</span> 
     </span>
     <span class='ocr_line' id='line_1_44' title="bbox 266 2723 1831 2770; baseline -0.001 -11"><span class='ocrx_word' id='word_1_439' title='bbox 266 2726 400 2760; x_wconf 85' lang='lat' dir='ltr'>similes</span> <span class='ocrx_word' id='word_1_440' title='bbox 423 2734 523 2760; x_wconf 83' lang='lat' dir='ltr'>actus</span> <span class='ocrx_word' id='word_1_441' title='bbox 546 2726 714 2760; x_wconf 81' lang='lat' dir='ltr'>reddunt:</span> <span class='ocrx_word' id='word_1_442' title='bbox 739 2726 799 2759; x_wconf 80' lang='lat' dir='ltr'>sed</span> <span class='ocrx_word' id='word_1_443' title='bbox 823 2726 963 2759; x_wconf 81' lang='lat' dir='ltr'>habitus</span> <span class='ocrx_word' id='word_1_444' title='bbox 985 2725 1113 2766; x_wconf 87' lang='lat' dir='ltr'>bonus,</span> <span class='ocrx_word' id='word_1_445' title='bbox 1137 2733 1170 2759; x_wconf 79' lang='lat' dir='ltr'>et</span> <span class='ocrx_word' id='word_1_446' title='bbox 1197 2725 1315 2759; x_wconf 82' lang='lat' dir='ltr'>malus</span> <span class='ocrx_word' id='word_1_447' title='bbox 1337 2724 1505 2759; x_wconf 87' lang='lat' dir='ltr'>differunt</span> <span class='ocrx_word' id='word_1_448' title='bbox 1526 2724 1666 2770; x_wconf 81' lang='lat' dir='ltr'>specie3</span> <span class='ocrx_word' id='word_1_449' title='bbox 1688 2732 1727 2758; x_wconf 89' lang='lat' dir='ltr'>ut</span> <span class='ocrx_word' id='word_1_450' title='bbox 1748 2723 1831 2758; x_wconf 89' lang='lat' dir='ltr'>libe-</span> 
     </span>
     <span class='ocr_line' id='line_1_45' title="bbox 269 2777 1708 2825; baseline -0.001 -12"><span class='ocrx_word' id='word_1_451' title='bbox 269 2779 401 2821; x_wconf 78' lang='lat' dir='ltr'>ralitas,</span> <span class='ocrx_word' id='word_1_452' title='bbox 424 2788 458 2813; x_wconf 88' lang='lat' dir='ltr'>et</span> <span class='ocrx_word' id='word_1_453' title='bbox 479 2779 732 2825; x_wconf 72' lang='lat' dir='ltr'>prodigalita53</span> <span class='ocrx_word' id='word_1_454' title='bbox 756 2790 842 2823; x_wconf 71' lang='lat' dir='ltr'>ergo</span> <span class='ocrx_word' id='word_1_455' title='bbox 863 2787 896 2812; x_wconf 84' lang='lat' dir='ltr'>et</span> <span class='ocrx_word' id='word_1_456' title='bbox 918 2787 1018 2812; x_wconf 80' lang='lat' dir='ltr'>actus</span> <span class='ocrx_word' id='word_1_457' title='bbox 1041 2779 1169 2820; x_wconf 81' lang='lat' dir='ltr'>bonus,</span> <span class='ocrx_word' id='word_1_458' title='bbox 1193 2787 1227 2813; x_wconf 79' lang='lat' dir='ltr'>ct</span> <span class='ocrx_word' id='word_1_459' title='bbox 1250 2779 1366 2813; x_wconf 79' lang='lat' dir='ltr'>malus</span> <span class='ocrx_word' id='word_1_460' title='bbox 1389 2777 1557 2812; x_wconf 87' lang='lat' dir='ltr'>differunt</span> <span class='ocrx_word' id='word_1_461' title='bbox 1577 2777 1708 2824; x_wconf 84' lang='lat' dir='ltr'>specie.</span> 
     </span>
    </p>

    <p class='ocr_par' dir='ltr' id='par_1_14' title="bbox 267 2831 1829 2932">
     <span class='ocr_line' id='line_1_46' title="bbox 338 2831 1829 2878; baseline -0.001 -13"><span class='ocrx_word' id='word_1_462' title='bbox 338 2833 566 2867; x_wconf 51' lang='lat' dir='ltr'>limos-0120</span> <span class='ocrx_word' id='word_1_463' title='bbox 589 2833 794 2873; x_wconf 80' lang='lat' dir='ltr'>dicendum,</span> <span class='ocrx_word' id='word_1_464' title='bbox 817 2832 913 2878; x_wconf 89' lang='lat' dir='ltr'>quod</span> <span class='ocrx_word' id='word_1_465' title='bbox 936 2832 1054 2865; x_wconf 80' lang='lat' dir='ltr'>omnis</span> <span class='ocrx_word' id='word_1_466' title='bbox 1083 2841 1182 2866; x_wconf 82' lang='lat' dir='ltr'>actus</span> <span class='ocrx_word' id='word_1_467' title='bbox 1210 2833 1369 2878; x_wconf 82' lang='lat' dir='ltr'>speciem</span> <span class='ocrx_word' id='word_1_468' title='bbox 1391 2832 1499 2866; x_wconf 83' lang='lat' dir='ltr'>habet</span> <span class='ocrx_word' id='word_1_469' title='bbox 1521 2843 1563 2866; x_wconf 83' lang='lat' dir='ltr'>ex</span> <span class='ocrx_word' id='word_1_470' title='bbox 1584 2842 1650 2865; x_wconf 89' lang='lat' dir='ltr'>suo</span> <span class='ocrx_word' id='word_1_471' title='bbox 1673 2831 1829 2874; x_wconf 81' lang='lat' dir='ltr'>objecto,</span> 
     </span>
     <span class='ocr_line' id='line_1_47' title="bbox 267 2884 1829 2932; baseline -0.001 -12"><span class='ocrx_word' id='word_1_472' title='bbox 267 2886 358 2921; x_wconf 89' lang='lat' dir='ltr'>sicut</span> <span class='ocrx_word' id='word_1_473' title='bbox 380 2898 486 2932; x_wconf 85' lang='lat' dir='ltr'>supra</span> <span class='ocrx_word' id='word_1_474' title='bbox 509 2887 646 2921; x_wconf 85' lang='lat' dir='ltr'>dictum</span> <span class='ocrx_word' id='word_1_475' title='bbox 669 2895 720 2920; x_wconf 85' lang='lat' dir='ltr'>est</span> <span class='ocrx_word' id='word_1_476' title='bbox 739 2887 787 2932; x_wconf 80' lang='lat' dir='ltr'>(q.</span> <span class='ocrx_word' id='word_1_477' title='bbox 807 2898 832 2921; x_wconf 88' lang='grc' dir='ltr'>ι.</span> <span class='ocrx_word' id='word_1_478' title='bbox 853 2891 916 2920; x_wconf 73' lang='grc' dir='ltr'><em>ιιι-1.</em></span> <span class='ocrx_word' id='word_1_479' title='bbox 932 2898 959 2932; x_wconf 78' lang='lat'>3.</span> <span class='ocrx_word' id='word_1_480' title='bbox 979 2891 1007 2920; x_wconf 75' lang='lat' dir='ltr'>ct</span> <span class='ocrx_word' id='word_1_481' title='bbox 1026 2891 1088 2919; x_wconf 70' lang='lat' dir='ltr'>art.</span> <span class='ocrx_word' id='word_1_482' title='bbox 1105 2897 1132 2931; x_wconf 80' lang='lat'>3.</span> <span class='ocrx_word' id='word_1_483' title='bbox 1148 2886 1216 2932; x_wconf 82' lang='lat' dir='ltr'>lmj.</span> <span class='ocrx_word' id='word_1_484' title='bbox 1235 2887 1305 2931; x_wconf 82' lang='lat' dir='ltr'>q.):</span> <span class='ocrx_word' id='word_1_485' title='bbox 1321 2885 1415 2920; x_wconf 87' lang='lat' dir='ltr'>unde</span> <span class='ocrx_word' id='word_1_486' title='bbox 1430 2892 1584 2931; x_wconf 88' lang='lat' dir='ltr'>oportet,</span> <span class='ocrx_word' id='word_1_487' title='bbox 1598 2884 1695 2931; x_wconf 89' lang='lat' dir='ltr'>quod</span> <span class='ocrx_word' id='word_1_488' title='bbox 1710 2884 1829 2930; x_wconf 84' lang='lat' dir='ltr'>aliqua</span> 
     </span>
    </p>
   </div>
  </div>
 </body>
</html>
