1907 3198
523 179 749 216 QUAESTIO
782 179 872 210 xrx.
907 179 1156 210 ARTICULUS
1190 180 1247 210 rv.
1568 170 1644 225 163

140 274 168 310 3.
191 263 430 298 PRAETEREA.
453 262 626 297 Mensura
647 262 754 297 debet
780 274 859 297 esse
887 262 1106 298 certissima:
1128 262 1191 297 sed
1213 261 1270 296 lex
1294 270 1442 297 aeterna
1465 271 1518 298 est
1539 263 1646 298 nobis

64 318 208 364 ignota3
232 327 320 363 ergo
341 327 418 351 non
439 324 561 363 potest
582 328 660 351 esse
682 325 829 352 nostrae
856 315 1056 351 voluntatis
1083 328 1267 359 mensura,
1290 325 1329 351 ut
1356 317 1398 351 ab
1427 328 1481 360 ea,
1503 317 1647 352 bonitas

64 371 261 407 voluntatis
283 379 429 406 nostrae
453 371 665 418 dependeat.

135 425 210 461 SED
233 436 389 460 CONTRA
409 433 473 468 est,
492 426 590 472 quod
609 426 764 472 August.
787 425 874 460 dicit
895 435 950 460 22.
974 433 1089 460 contr.
1112 425 1233 460 Faust.
1254 426 1345 472 (sap.
1368 438 1422 472 27.
1445 427 1480 460 in
1498 428 1644 473 princ),

63 480 161 528 quod
182 487 375 526 peccatum
398 488 451 515 est
473 480 622 522 dictum,
645 479 793 522 factum,
815 479 874 514 vel
893 480 1132 527 concupitum
1151 479 1287 526 aliquid
1307 489 1434 514 contra
1455 489 1642 515 aeternam

60 534 198 581 legem:
220 534 284 569 sed
305 533 445 569 malitia
471 534 668 569 voluntatis
695 543 748 569 est
773 534 875 568 radix
901 535 1061 581 peccati3
1089 545 1177 580 ergo
1207 545 1292 568 cum
1319 534 1459 569 malitia
1486 535 1640 570 bonitati

12 615 15 617 .
64 595 281 635 opponatur,
302 588 446 622 bonitas
468 588 666 623 voluntatis
689 588 870 634 dependet
892 599 911 622 a
933 587 1014 634 lege
1038 596 1195 622 aeterna.

134 641 367 677 RESPONDEO
391 642 599 685 dicendum,
615 642 713 689 quod
734 644 771 677 in
793 642 964 676 omnibus
987 642 1106 677 causis
1127 641 1302 676 ordinatis
1322 641 1472 676 effectus
1491 641 1571 689 plus
1591 642 1647 677 de-

63 695 197 743 pendet
219 708 238 730 a
261 707 370 731 causa
392 697 520 743 prima,
540 708 651 743 quam
674 708 693 730 a
717 707 825 730 causa
848 696 1029 731 secunda:
1053 696 1137 742 quia
1160 708 1270 730 causa
1293 696 1453 730 secunda
1475 708 1551 731 non
1574 697 1648 743 agit

62 750 133 786 nisi
152 750 191 785 in
211 750 342 786 virtute
358 750 497 797 primae
517 762 667 786 causae:
691 751 789 797 quod
809 758 932 785 autem
947 750 1040 785 ratio
1059 750 1223 785 humana
1242 751 1287 785 sit
1304 750 1431 797 regula
1447 750 1646 786 voluntatis

63 805 261 848 humanae,
284 816 326 840 ex
349 816 419 852 qua
441 806 518 851 ejus
541 805 684 840 bonitas
706 813 947 847 mensuretur,
970 805 1080 840 habet
1107 816 1150 839 ex
1176 804 1257 851 lege
1286 813 1444 848 aeterna,
1471 817 1564 852 quae
1593 814 1646 840 est

62 859 155 895 ratio
177 859 311 894 divina.
334 859 441 895 Unde
463 860 499 894 in
521 860 580 894 Ps.
602 870 635 904 4.
656 860 802 896 dicitur:
823 860 927 895 Multi
944 860 1079 895 dicunt.-
1104 861 1189 905 ,Quis
1204 860 1343 895 ostendit
1361 861 1454 895 nobis
1472 861 1583 896 bona?
1601 861 1651 896 Si-

59 919 200 961 gnatum
221 919 265 950 est
285 920 383 961 super
403 926 461 949 nos
482 914 593 949 lumen
618 915 729 950 vultus
751 916 813 957 tui,
836 915 1003 949 Domine:
1027 915 1130 961 quasi
1152 914 1306 949 diceret:
1329 913 1456 949 lumen
1482 915 1646 958 rationis,

64 968 163 1015 quod
185 968 222 1003 in
243 968 350 1003 nobis
372 976 437 1011 est,
457 968 638 1003 intantum
659 977 780 1014 potest
800 969 904 1004 nobis
929 969 1121 1004 ostendere
1143 969 1252 1011 bona,
1281 977 1316 1004 et
1333 977 1499 1004 nostram
1520 969 1648 1004 volun-

61 1030 176 1058 tatem
190 1022 368 1070 regulare,
387 1023 605 1070 inquantum
622 1032 675 1058 est
689 1023 814 1058 lumen
832 1022 952 1058 vultus
975 1024 1038 1064 tui,
1052 1023 1146 1058 idest
1162 1035 1182 1058 a
1201 1023 1322 1058 vultus
1342 1032 1406 1058 tuo
1430 1024 1646 1059 derivatum.

62 1078 171 1114 Unde
188 1077 424 1113 manifestum
439 1087 504 1121 est,
518 1078 615 1126 quod
626 1078 744 1113 multo
756 1079 873 1125 magis
889 1078 1068 1125 dependet
1081 1078 1225 1113 bonitas
1240 1078 1438 1113 voluntatis
1459 1078 1645 1113 humanae

62 1144 83 1168 a
99 1132 182 1180 lege
203 1140 362 1176 aeterna,
383 1144 495 1180 quam
517 1145 537 1167 a
560 1133 700 1168 ratione
721 1133 904 1168 humana:
922 1141 957 1168 et
976 1133 1037 1168 ubi
1051 1133 1174 1168 deficit
1194 1133 1358 1168 humana
1376 1132 1482 1175 ratio,
1502 1141 1648 1180 oportet

62 1186 107 1222 ad
128 1187 311 1222 rationem
333 1195 522 1222 aeternam
543 1198 741 1222 recurrere.

133 1241 195 1277 AD
220 1252 372 1278 PRIMUM
399 1253 486 1288 ergo
514 1241 724 1284 dicendum,
751 1241 850 1288 quod
877 1241 982 1276 unius
1010 1241 1063 1276 rei
1092 1253 1167 1276 non
1195 1250 1279 1276 sunt
1304 1241 1426 1289 plures
1453 1253 1648 1278 mensurae

61 1296 269 1344 proximae;
299 1304 454 1343 possunt
481 1304 607 1332 tamen
638 1307 716 1331 esse
738 1295 860 1343 plures
882 1307 1088 1339 mensurae,
1120 1308 1275 1343 quarum
1297 1297 1361 1332 sub
1394 1309 1467 1332 una
1494 1297 1565 1332 alia
1592 1309 1647 1333 or-

61 1350 215 1386 dinetur.

130 1405 193 1441 AD
220 1416 434 1443 SECUNDUM
457 1405 666 1448 dicendum,
688 1405 787 1453 quod
813 1416 986 1440 mensura
1012 1405 1180 1452 proxima
1207 1413 1261 1441 est
1281 1405 1520 1453 homogenea
1546 1418 1645 1442 men-

61 1468 198 1503 surato,
217 1471 295 1495 non
316 1468 440 1495 autem
466 1471 639 1495 mensura
660 1468 814 1495 remota.

132 1514 194 1550 AD
209 1525 383 1550 TERTIUM
402 1514 611 1558 dicendum,
631 1515 730 1561 quod
748 1514 834 1549 licet
851 1513 910 1549 lex
929 1522 1076 1550 aeterna
1097 1515 1143 1550 sit
1163 1515 1269 1550 nobis
1290 1515 1429 1562 ignota,
1445 1515 1647 1550 secundum

60 1569 159 1617 quod
181 1577 235 1605 est
253 1569 292 1604 in
309 1577 432 1604 mente
451 1569 594 1612 divina3
613 1570 810 1604 innotescit
828 1577 953 1604 tamen
970 1570 1077 1604 nobis
1096 1569 1303 1617 aliqualiter
1316 1570 1369 1605 vel
1384 1581 1447 1617 per
1465 1570 1647 1605 rationem

59 1623 277 1667 naturalem,
299 1635 392 1671 quae
415 1624 457 1658 ab
481 1635 524 1658 ea
545 1623 740 1667 derivatur,
766 1631 806 1659 ut
830 1623 978 1671 propria
1005 1625 1082 1671 ejus
1108 1624 1248 1671 imago,
1274 1624 1327 1659 vel
1352 1636 1417 1671 per
1446 1623 1646 1671 aliqualem

60 1677 326 1714 revelationem
347 1678 630 1725 superadditam.

633 1821 982 1868 ARTICULUS
1011 1823 1066 1866 V.
1581 1845 1644 1881 119

103 1934 260 1966 UTRUM
286 1933 526 1965 VOLUNTAS
553 1933 832 1965 DISCORDANS
860 1934 886 1963 A
914 1933 1111 1964 RATIONE
1137 1933 1338 1964 ERRANTE
1366 1932 1435 1963 SIT
1462 1932 1595 1963 MALA.

380 2021 426 2067 (2.
449 2022 538 2058 Dist.
556 2034 610 2069 39.
633 2034 663 2069 q.
681 2034 711 2069 3.
742 2027 808 2057 art.
830 2034 862 2057 2.
885 2028 975 2069 corp.
998 2026 1026 2056 et
1047 2026 1112 2056 art.
1139 2033 1168 2068 3.
1185 2027 1248 2067 per
1269 2026 1324 2056 tot.

75 2080 104 2112 et
119 2086 153 2122 4.
175 2076 264 2112 Dist.
287 2089 320 2124 9.
343 2081 407 2112 art.
422 2088 452 2124 3.
474 2089 504 2123 q.
527 2088 558 2112 2.
582 2077 624 2112 ad
645 2088 676 2112 2.
699 2082 730 2112 et
758 2077 844 2111 Veri.
868 2088 897 2122 q.
921 2087 970 2122 17.
994 2080 1056 2110 art.
1076 2087 1104 2122 5.
1128 2080 1156 2110 et
1178 2076 1262 2110 Mal.
1291 2088 1320 2122 q.
1343 2087 1373 2111 2.
1397 2080 1460 2111 art.
1483 2087 1515 2111 2.
1538 2076 1581 2111 ad
1601 2077 1633 2112 8.

286 2136 315 2166 et
336 2131 460 2177 Quodl.
479 2143 508 2178 3.
530 2136 596 2167 art.
614 2143 668 2178 27.
691 2136 720 2166 et
739 2131 770 2166 8.
794 2136 859 2165 art.
879 2143 922 2177 13.
945 2135 974 2164 et
994 2142 1037 2176 15.
1057 2135 1086 2164 et
1107 2142 1139 2176 9.
1162 2135 1226 2164 art.
1249 2142 1294 2176 15.
1317 2136 1407 2177 corp.

419 2190 449 2221 et
468 2187 503 2220 in
524 2186 621 2221 Rom.
644 2196 695 2230 14.
715 2185 784 2220 lact.
807 2196 838 2220 2.
857 2189 885 2220 et
903 2197 931 2231 3.
945 2185 1009 2231 fin.
1028 2189 1057 2219 et
1074 2185 1109 2219 in
1131 2184 1209 2220 Gal.
1224 2185 1283 2231 5.).

131 2275 192 2311 AD
214 2286 397 2315 QUINTUM
419 2275 470 2310 sic
493 2276 713 2322 proceditur.
728 2275 893 2318 Videtur,
917 2275 1014 2322 quod
1036 2274 1207 2310 voluntas
1229 2274 1443 2310 discordans
1466 2287 1486 2310 a
1505 2275 1645 2310 ratione

44 2338 201 2373 ‚errante
221 2341 297 2365 non
319 2330 366 2366 sit
387 2329 503 2365 mala:
526 2330 619 2365 ratio
643 2331 741 2365 enim
763 2338 817 2365 est
835 2329 962 2376 regula
983 2329 1183 2365 voluntatis
1202 2330 1400 2372 humanae,
1427 2330 1646 2376 inquantum

58 2383 240 2420 derivatur
261 2396 282 2419 a
301 2384 385 2432 lege
400 2393 558 2427 aeterna,
581 2393 619 2419 ut
641 2384 780 2419 dictum
802 2392 855 2419 cst
870 2385 953 2430 (art.
973 2385 1122 2431 praec.):
1143 2384 1207 2419 sed
1226 2386 1318 2419 ratio
1339 2396 1463 2419 errans
1485 2396 1561 2419 non
1582 2384 1640 2419 de-

59 2438 194 2474 rivatur
215 2450 236 2474 a
257 2438 339 2486 lege
361 2447 528 2482 aeterna3
548 2450 637 2485 ergo
657 2439 749 2473 ratio
769 2450 892 2474 errans
910 2450 987 2474 non
1006 2447 1060 2474 est
1078 2438 1204 2486 regula
1223 2438 1423 2474 voluntatis
1438 2439 1643 2482 humanae3

58 2503 133 2528 non
154 2501 208 2529 est
228 2504 317 2540 ergo
338 2493 509 2528 voluntas
530 2492 640 2536 mala,
663 2494 691 2528 si
713 2493 901 2528 discordat
923 2505 943 2528 a
962 2493 1104 2528 ratione
1127 2501 1280 2528 errante.

130 2557 162 2583 2.
185 2547 424 2584 PRAETEREA.
448 2548 661 2583 Secundum
682 2548 778 2595 Aug.
803 2547 914 2593 (serm.
931 2548 964 2583 5.
980 2547 1017 2583 de
1039 2548 1135 2583 Verb.
1151 2549 1256 2583 Dom.
1272 2554 1344 2595 cap.
1367 2548 1440 2594 8.):
1460 2547 1642 2582 inferioris

59 2602 247 2649 potestatis
269 2610 505 2649 praeceptum
527 2613 602 2637 non
625 2601 774 2649 obligat,
797 2602 827 2637 si
849 2602 1090 2637 contrarietur
1112 2610 1308 2649 praecepto
1332 2602 1520 2649 potestatis
1543 2613 1646 2648 supe-

60 2655 183 2692 rioris:
209 2656 303 2692 sicut
323 2657 352 2692 si
374 2656 574 2705 proconsul
595 2657 718 2703 iubeat
739 2656 888 2704 aliquid,
908 2657 1007 2703 quod
1028 2657 1230 2704 imperator
1252 2657 1437 2704 prohibet:
1461 2657 1523 2691 sed
1551 2658 1642 2691 ratio

61 2721 184 2746 errans
206 2711 426 2759 quandoque
450 2712 621 2759 proponit
647 2711 794 2758 aliquid,
817 2711 915 2758 quod
939 2720 991 2746 est
1019 2720 1145 2746 contra
1171 2720 1408 2758 praeceptum
1437 2711 1644 2758 superioris,

61 2764 200 2800 scilicet
219 2766 302 2809 Dei,
333 2767 435 2812 cujus
457 2774 511 2801 est
532 2777 678 2800 summa
699 2774 881 2813 potestas;
905 2777 993 2812 ergo
1017 2766 1201 2801 dictamen
1224 2766 1374 2800 rationis
1399 2766 1550 2800 errantis
1569 2777 1643 2801 non

61 2818 217 2866 obligat3
239 2831 314 2855 non
336 2828 391 2856 est
411 2832 499 2866 ergo
521 2819 692 2855 voluntas
715 2819 823 2862 mala,
846 2820 874 2854 si
897 2820 1080 2855 discordet
1105 2832 1124 2854 a
1145 2821 1285 2855 ratione
1314 2829 1466 2855 errante.

136 2883 167 2918 3.
187 2873 427 2910 PRAETEREA.
452 2874 586 2910 Omnis
608 2874 778 2909 voluntas
801 2873 897 2908 mala
920 2875 1104 2909 reducitur
1127 2875 1171 2909 ad
1192 2875 1353 2920 aliquam
1381 2874 1542 2921 speciem
1570 2886 1643 2909 ma-

61 2926 178 2963 litiae:
197 2928 259 2963 sed
272 2928 442 2964 voluntas
456 2928 670 2964 discordans
685 2940 705 2964 a
719 2929 860 2964 ratione
883 2937 1025 2964 errante
1039 2941 1114 2964 non
1137 2937 1258 2976 potest
1272 2929 1397 2963 reduci
1417 2929 1460 2963 ad
1481 2929 1641 2976 aliquam
