1875 3198
205 178 291 234 844
641 190 864 225 QUAESTIO
900 191 970 220 cx.
1004 189 1249 220 ARTICULUS
1283 189 1327 220 11.

270 271 329 305 AD
352 281 559 306 SECUNDUM
582 271 786 313 dicendum,
809 272 904 317 quod
928 272 1047 305 omnis
1069 272 1267 306 substantia
1287 271 1345 305 vel
1372 279 1425 306 est
1445 271 1522 317 ipsa
1547 279 1675 306 natura
1701 272 1763 314 rei,
1844 235 1862 273 's

200 326 300 370 cujus
325 332 376 359 est
397 325 605 367 substantia,
627 325 684 359 vel
708 334 761 359 est
781 337 862 371 pars
884 333 1053 367 naturae3
1075 325 1276 359 secundum
1298 336 1407 371 quem
1429 326 1581 360 modum
1601 325 1764 367 materia,

199 379 257 412 vel
277 378 394 412 forma
415 380 597 413 substantia
620 379 765 412 dicitur:
790 387 824 412 θῖ
845 379 927 424 quia
950 380 1063 424 gratia
1086 387 1138 413 est
1156 390 1262 425 supra
1279 387 1447 413 naturam
1464 379 1676 421 humanam,
1690 390 1765 413 non

199 440 318 478 potest
340 444 416 467 esse
439 433 536 478 quod
558 433 602 466 sit
629 433 838 473 substantia,
862 440 922 466 aut
947 432 1065 466 forma
1088 433 1349 475 substantialis3
1377 433 1438 467 sed
1461 441 1514 467 est
1533 432 1650 467 forma
1677 433 1768 467 acci-

200 486 351 520 dentalis
378 486 488 532 ipsius
512 486 675 520 animae:
704 487 738 519 id
762 486 870 527 enim,
894 486 991 531 quod
1014 486 1293 520 substantialiter
1320 494 1373 520 est
1393 487 1430 520 in
1451 487 1545 529 Deo,
1568 487 1762 521 accidenta-

199 540 279 574 liter
300 540 339 574 fit
364 540 400 574 in
428 541 549 574 anima
575 539 811 586 participante
839 539 998 573 divinam
1024 540 1244 582 bonitatem,
1270 548 1309 574 ut
1330 540 1374 574 de
1396 540 1546 574 scientia
1571 548 1690 586 patet3
1717 550 1763 575 se-

200 593 360 628 cundum
382 594 453 627 hoc
476 604 563 639 ergo
586 593 669 639 quia
692 593 813 626 anima
834 592 1044 639 imperfecte
1066 593 1256 640 participat
1278 593 1438 627 divinam
1460 594 1671 636 bonitatem,
1689 594 1763 640 ipsa

200 647 427 693 participatio
458 647 599 680 divinae
621 646 803 688 bonitatis,
825 658 916 692 quae
939 654 992 680 est
1014 647 1140 692 gratia,
1156 646 1414 693 imperfectiori
1433 648 1545 681 modo
1563 647 1672 682 habet
1690 656 1765 681 esse

199 701 235 734 in
258 701 390 743 anima,
413 712 521 746 quam
544 700 665 734 anima
688 701 723 733 in
745 700 862 745 seipsa
884 700 1069 734 subsistat:
1094 708 1146 734 est
1166 708 1289 734 tamen
1309 700 1478 743 nobilior,
1505 712 1614 747 quam
1640 709 1764 735 natura

200 756 354 796 animae,
376 755 590 800 inquantum
610 761 663 787 est
681 754 874 799 expressio,
889 753 946 787 vel
961 754 1188 800 participatio
1204 754 1346 788 divinae
1361 754 1542 796 bonitatis,
1556 765 1631 789 non
1646 761 1762 788 autem
1870 766 1875 784 1

200 816 374 854 quantuni
397 808 440 841 ad
463 808 615 841 modum
639 807 791 841 essendi.
1873 791 1875 828 l

271 862 331 896 AD
349 872 520 896 TERTIUM
543 862 749 903 dicendum,
771 861 880 907 quod,
903 862 995 895 sicut
1016 861 1103 895 dicit
1126 861 1272 895 Boetius
1296 861 1347 906 (in
1364 862 1494 907 Isagog.
1515 861 1679 908 Porphyr.
1694 865 1764 906 cap.

200 916 236 950 de
255 915 403 960 Acciri),
419 915 595 949 accidentis
615 927 675 949 esse
696 920 739 949 est
760 916 879 955 ‘inassa-
903 915 997 948 unde
1020 926 1129 949 omne
1152 915 1320 949 accidens
1341 926 1416 948 non
1434 915 1563 949 dicitur
1577 926 1652 957 ens,
1665 913 1766 959 quasi

200 971 318 1014 ipsum
341 980 417 1002 esse
439 969 581 1010 habeat,
604 968 665 1002 sed
690 968 773 1014 quia
796 979 839 1002 eo
863 967 997 1014 aliquid
1020 976 1090 1010 θεῖς
1113 968 1207 1002 unde
1230 976 1264 1002 et
1285 969 1401 1014 magis
1423 968 1553 1003 dicitur
1567 979 1644 1003 esse
1663 967 1765 1007 entis,

200 1031 238 1057 ut
257 1023 386 1057 dicitur
407 1023 442 1056 in
466 1032 497 1067 7.
514 1022 753 1068 Metaphysic.
770 1022 848 1067 (tex.
865 1022 913 1066 2.)
931 1035 940 1056 :
964 1031 999 1056 et
1020 1022 1104 1068 quia
1124 1023 1199 1067 ejus
1215 1029 1268 1056 est
1280 1021 1369 1064 fieri,
1379 1021 1439 1056 vel
1458 1022 1649 1067 corrumpi,
1664 1021 1765 1066 cujus

201 1085 253 1110 θεῖ
276 1088 364 1117 θεεθ,
387 1076 469 1110 ideo
492 1076 635 1122 proprie
657 1075 841 1121 loquendo
864 1075 1006 1109 nullum
1029 1075 1196 1110 accidens
1218 1087 1335 1121 neque
1364 1075 1414 1118 fit,
1435 1086 1552 1121 neque
1575 1073 1768 1120 corrumpi-

200 1138 276 1171 tur;
307 1130 367 1164 sed
391 1129 519 1163 dicitur
545 1129 632 1171 fieri,
660 1129 718 1162 vel
745 1129 941 1174 corrumpi,
969 1129 1170 1163 secundum
1198 1130 1295 1175 quod
1321 1129 1524 1175 subJectum
1549 1128 1683 1174 incipit,
1709 1127 1768 1161 vel

202 1184 331 1217 desinit
353 1195 429 1217 esse
445 1183 481 1216 in
504 1191 586 1217 actu
608 1182 810 1217 secundum
832 1182 921 1216 illud
944 1183 1127 1217 accidens:
1156 1191 1190 1217 et
1212 1183 1414 1217 secundum
1435 1183 1506 1217 hoc
1529 1183 1635 1217 etiam
1655 1181 1769 1228 gratia

201 1237 330 1271 dicitur
349 1237 463 1271 creari
486 1248 528 1271 ex
550 1248 606 1278 eo,
629 1236 726 1282 quod
749 1236 918 1270 homines
941 1237 1142 1270 secundum
1165 1237 1281 1282 ipsam
1304 1244 1481 1279 creantur,
1503 1236 1593 1270 idest
1613 1236 1649 1269 in
1670 1245 1768 1269 novo

202 1303 279 1326 esse
296 1291 562 1325 constituuntur
577 1301 618 1324 ex
636 1289 764 1332 nihilo,
780 1290 872 1324 idest
885 1301 960 1324 non
975 1301 1017 1324 ex
1031 1290 1180 1332 meritis,
1195 1290 1396 1325 secundum
1410 1289 1497 1324 illud
1512 1290 1556 1324 ad
1571 1289 1702 1335 Ephes.
1718 1298 1767 1324 2.:

204 1346 318 1380 Craatl
344 1346 379 1379 in
408 1344 539 1379 Christo
556 1345 632 1389 Jesu
650 1345 685 1378 in
708 1345 860 1391 operibus
882 1345 982 1379 bonis.

753 1488 1099 1533 ARTICULUS
1129 1489 1206 1532 III.
1706 1499 1770 1545 588

522 1597 676 1628 UTRUM
700 1597 862 1627 GRATIA
883 1598 950 1626 εῖτ
974 1597 1098 1637 IDEM,
1121 1597 1248 1633 QUOD
1271 1597 1442 1627 VIRTUS.

250 1687 359 1732 (Part.
379 1698 405 1732 3.
429 1697 458 1731 q.
481 1696 510 1732 7.
530 1691 594 1720 art.
617 1698 644 1721 Ι.
667 1691 754 1731 corp.
778 1691 807 1720 et
825 1697 854 1731 q.
875 1685 929 1720 62.
952 1690 1016 1720 art.
1039 1679 1183 1732 λίθῳ.
1206 1690 1235 1720 et
1255 1696 1286 1719 2.
1309 1685 1398 1719 Dist.
1420 1683 1476 1719 26.
1499 1687 1563 1718 art.
1581 1693 1614 1728 4.
1637 1688 1667 1718 et
1690 1682 1722 1718 6.

760 1744 790 1774 ut
822 1740 908 1773 Veri.
931 1751 960 1785 q.
988 1750 1041 1785 27.
1065 1744 1128 1774 art.
1151 1739 1212 1784 2.).

274 1828 333 1863 AD
359 1838 530 1863 TERTIUM
553 1828 603 1863 sic
631 1828 848 1875 proceditur.
875 1827 1040 1870 Videtur,
1068 1827 1165 1874 quod
1192 1827 1307 1873 gratia
1329 1826 1373 1862 sit
1393 1826 1503 1869 idem,
1523 1826 1620 1873 quod
1641 1825 1771 1860 virtus:

203 1882 288 1916 dicit
310 1883 407 1917 enim
430 1883 596 1928 August„
619 1883 715 1928 quod
738 1883 852 1928 gratia
875 1893 1029 1928 operans
1045 1890 1098 1916 est
1119 1882 1219 1924 fides,
1235 1893 1326 1928 quae
1348 1893 1411 1929 per
1432 1881 1668 1917 dilectionem
1687 1892 1774 1927 ope-

202 1945 310 1978 ratur,
333 1945 369 1971 ut
390 1937 542 1971 habetur
563 1937 599 1970 in
621 1936 713 1970 libro
736 1937 778 1970 de
802 1936 908 1982 Spir.,
930 1944 965 1971 et
993 1936 1061 1970 Lit.
1086 1936 1174 1983 (cap.
1197 1947 1248 1981 14.
1271 1937 1350 1971 circ.
1370 1936 1427 1981 fin.
1449 1941 1478 1970 et
1498 1942 1570 1982 cap.
1588 1935 1680 1982 32.).·
1711 1934 1774 1969 sed

202 1990 301 2032 fides,
324 2002 414 2036 quae
437 2002 499 2036 per
521 1990 754 2025 dilectionem
778 1998 958 2036 operatur,
981 1998 1034 2024 est
1054 1990 1187 2032 virtus;
1215 2001 1302 2035 ergo
1325 1990 1440 2036 gratia
1463 1997 1516 2024 est
1532 1990 1656 2024 virtus.

274 2054 305 2078 2.
328 2044 564 2079 PRAETEREA.
589 2044 819 2090 Cuicumque
843 2044 1015 2078 convenit
1036 2043 1210 2086 definitio,
1233 2043 1405 2078 convenit
1427 2051 1462 2078 et
1483 2043 1688 2078 definitum:
1712 2042 1773 2077 sed

203 2098 430 2132 definitiones
457 2098 500 2132 de
522 2098 651 2132 virtute
673 2098 789 2140 datae,
816 2098 890 2132 sive
918 2110 937 2132 a
965 2098 1119 2139 Sanctis,
1143 2098 1216 2132 sive
1240 2109 1258 2131 a
1287 2096 1527 2143 philosophis,
1554 2096 1776 2131 conveniunt

203 2152 356 2196 gratiae:
379 2152 456 2198 ipsa
479 2152 576 2186 enim
602 2152 740 2186 bonum
763 2151 849 2186 facit
871 2152 1077 2193 habentem,
1101 2159 1136 2186 et
1166 2162 1257 2197 opus
1279 2152 1355 2197 ejus
1376 2151 1515 2185 bonum
1533 2151 1668 2185 reddit:
1695 2150 1774 2196 ipsa

205 2206 313 2239 ctiam
336 2213 389 2239 est
410 2206 503 2239 bona
520 2205 672 2251 qualitas
695 2206 837 2248 mentis,
860 2217 929 2251 qua
949 2213 1045 2240 recte
1066 2205 1208 2247 vivitur,
1229 2213 1315 2247 etc.;
1335 2216 1423 2250 ergo
1446 2205 1560 2251 gratia
1582 2212 1635 2239 est
1651 2204 1774 2238 virtus.

279 2270 306 2303 3.
326 2259 562 2294 PRAETEREA.
585 2259 710 2293 Gratia
730 2267 782 2293 est
796 2259 948 2305 qualitas
967 2259 1161 2305 quaedam:
1178 2259 1240 2293 sed
1256 2257 1491 2293 manifestum
1510 2266 1573 2300 est,
1590 2259 1686 2304 quod
1700 2268 1776 2292 non

204 2321 256 2347 θεῖ
277 2313 312 2346 in
335 2318 454 2358 quarta
477 2313 595 2358 specie
618 2312 809 2358 qualitatis,
832 2324 923 2358 quae
947 2321 999 2347 est
1010 2313 1140 2358 forma,
1163 2317 1192 2347 et
1213 2313 1304 2347 circa
1325 2311 1453 2358 aliquid
1476 2317 1626 2347 constans
1639 2312 1774 2358 figuras

204 2367 286 2413 quia
307 2378 382 2400 non
404 2367 557 2412 pertinet
578 2367 621 2400 ad
645 2377 793 2412 corpus:
817 2378 933 2412 neque
957 2368 1067 2400 etiam
1088 2366 1124 2400 in
1147 2367 1245 2401 tertia
1267 2374 1338 2408 θεῖ;
1366 2366 1450 2412 quia
1475 2377 1550 2400 non
1579 2373 1631 2400 est
1651 2366 1774 2412 passio,

204 2420 433 2467 velpizssihilis
448 2421 600 2466 qualitas,
618 2431 709 2466 quae
721 2429 774 2454 θεῖ
785 2421 820 2454 in
836 2429 934 2466 parte
951 2420 1094 2454 animae
1110 2420 1294 2462 sensitiva,
1306 2428 1344 2454 ut
1358 2420 1529 2466 probatur
1540 2421 1575 2454 in
1587 2430 1618 2465 7.
1630 2418 1775 2466 Physic.

205 2478 281 2518 (lux.
304 2485 354 2518 14.
382 2479 409 2508 et
430 2475 531 2520 seq.):
554 2474 630 2520 ipsa
655 2481 775 2508 autem
798 2474 912 2520 gratia
932 2473 1176 2520 principaliter
1204 2482 1258 2508 est
1281 2474 1314 2508 in
1342 2482 1483 2508 mente:
1506 2485 1623 2520 neque
1645 2473 1776 2508 iterum

206 2537 258 2562 cst
280 2529 314 2562 in
335 2528 473 2563 secunda
500 2528 632 2574 specie,
655 2539 746 2574 quae
773 2536 825 2562 est
848 2530 1009 2573 potantia,
1037 2527 1095 2561 vel
1123 2529 1318 2574 impotentia
1341 2527 1527 2568 naturalis;
1555 2527 1638 2573 quia
1661 2526 1776 2573 gratia

207 2590 259 2616 θεῖ
278 2593 383 2628 supra
405 2589 583 2623 naturam,
599 2590 633 2616 θῖ
654 2593 728 2615 non
747 2593 784 2616 εθ
807 2582 916 2615 habet
938 2582 980 2615 ad
997 2582 1146 2623 bonum,
1169 2589 1202 2616 et
1218 2582 1368 2623 malum,
1388 2581 1479 2615 sicut
1498 2581 1659 2627 potentia
1678 2588 1777 2615 natu-

208 2636 310 2677 rali&
331 2647 417 2680 ergo
442 2635 664 2681 relinquitur,
680 2636 775 2681 quod
796 2635 886 2669 sitin
900 2637 1013 2681 prima
1033 2635 1164 2681 specie,
1181 2647 1272 2681 quac
1295 2643 1348 2669 est
1362 2636 1500 2676 habitus,
1517 2634 1569 2669 vel
1587 2634 1776 2681 dispositio:

208 2690 348 2723 babitus
371 2697 491 2723 autem
528 2690 658 2723 mentis
681 2697 763 2723 sunt
784 2689 952 2729 virtutes:
981 2689 1063 2734 quia
1087 2689 1197 2723 etiam
1227 2689 1303 2734 ipsa
1325 2689 1474 2723 scientia
1501 2687 1776 2734 quodammodo

209 2751 261 2777 θεῖ
282 2743 404 2784 virtus,
428 2751 465 2777 ut
487 2754 592 2789 supra
616 2743 752 2777 dictum
776 2750 828 2776 cst
850 2742 897 2788 (q.
917 2748 1047 2788 57.211·t.
1070 2755 1094 2777 1.
1118 2748 1145 2777 ct
1167 2743 1237 2788 2.);
1259 2753 1346 2788 ergo
1369 2742 1483 2788 gratia
1498 2750 1551 2776 est
1565 2742 1661 2776 idern
1681 2741 1777 2788 quod

210 2797 332 2831 virtus.

280 2851 354 2885 SED
378 2861 544 2886 CONTRA.
570 2851 607 2885 Si
630 2851 745 2895 gratia
767 2858 820 2885 est
854 2851 976 2891 virtus,
1000 2850 1156 2884 maxime
1178 2850 1319 2884 videtur
1345 2849 1441 2896 quod
1463 2849 1508 2884 sit
1529 2848 1648 2895 aliqua
1669 2848 1777 2883 trium

209 2904 498 2950 theologicarum
522 2905 710 2938 virtutum:
735 2905 795 2939 scd
819 2904 931 2949 gratia
955 2915 1027 2937 non
1052 2912 1104 2937 θεῖ
1127 2903 1224 2945 tides,
1244 2903 1301 2938 vel
1323 2914 1415 2950 spes,
1438 2903 1521 2949 quia
1542 2903 1611 2937 hae
1627 2909 1778 2949 possunt
