1907 3198
481 160 706 198 QUAESTIO
738 159 861 190 xxm.
890 159 1138 190 ART1CULus
1171 159 1232 191 111.
1563 161 1639 204 193

64 253 184 295 potest
197 244 332 280 habere
351 243 512 290 aliquem
526 251 670 278 motum
686 242 832 277 animae
851 241 1094 286 contrarium;
1116 241 1178 277 sed
1193 241 1432 277 solummodo
1447 242 1645 289 opponitur

64 300 99 336 ei
115 298 272 335 cessatio
295 309 315 332 a
337 305 440 333 motu
456 310 465 340 3
487 297 582 332 sicut
601 296 741 332 Philos.
757 296 845 332 dicit
858 297 894 331 in
909 308 974 331 sua
988 296 1188 331 Rhetorica
1208 296 1280 341 (lib.
1295 308 1326 332 2.
1342 303 1414 344 cap.
1425 308 1454 343 3.
1471 298 1505 331 in
1512 297 1645 344 princ.)

8 387 11 391 ,
63 353 162 402 quod
183 352 377 388 mitescere
399 351 598 398 opponitur
619 351 652 386 ei
673 351 772 398 quod
794 359 848 386 est
869 350 996 386 irasci:
1020 350 1119 397 quod
1140 361 1216 386 non
1243 359 1297 386 est
1323 351 1536 398 oppositum
1562 362 1647 386 con-

62 407 184 450 trarie,
204 407 268 442 sed
289 406 471 453 negative,
489 405 550 440 vel
571 405 759 452 privative.

134 460 180 496 Et
199 471 263 508 per
283 460 356 496 hoc
375 467 475 507 patet
495 459 687 507 responsio
708 469 760 494 AD
783 469 963 506 ossJECTA.

613 584 962 630 ARTICULUS
992 584 1069 627 IV.
1581 606 1640 640 141

199 695 355 727 UTRUM
388 695 486 726 SINT
520 695 716 731 ALIQUAE
749 693 986 724 PASSIONES
1020 694 1318 724 DIFFERENTES
1353 694 1504 724 SPECIE

271 762 317 793 IN
334 761 487 792 EADEM
505 762 731 791 POTENTIA
748 761 841 791 NON
861 760 1145 791 CONTRARIAE
1162 760 1220 789 AD
1241 760 1438 790 INVICEM.

16 526 46 792 ..soffia—3353
18 474 34 505 4-
20 446 35 452 ἲ

380 851 485 898 (Infr.
507 863 539 898 q.
561 863 604 898 15.
628 856 691 886 art.
708 864 736 898 3.
757 857 787 887 et
807 863 840 896 4.
863 858 953 898 corp.
972 856 1002 886 et
1022 862 1054 887 2.
1076 851 1153 886 ΕΠ).
1175 851 1245 886 lect.
1263 851 1322 897 5.).

16 802 42 1003 ,WQ'

132 942 194 978 AD
216 951 407 982 QUARTUM
430 941 481 976 sic
502 941 722 988 proceditur.
745 940 910 984 Videtur,
933 942 1031 988 quod
1049 953 1124 976 non
1139 941 1280 1002 possint
1293 941 1329 975 in
1345 941 1467 988 aliqua
1481 942 1644 988 potentia

16 1008 37 1052 f
60 1008 139 1034 esse
165 996 355 1058 passiones
380 995 503 1043 specie
529 995 749 1039 differentes,
777 1004 812 1031 et
838 1007 913 1030 non
941 996 1147 1031 contrariae
1177 996 1222 1031 ad
1248 996 1427 1031 invicem:
1455 998 1549 1043 passi
1543 1008 1644 1032 ones

21 1068 35 1084 ›
59 1051 161 1088 enim
181 1051 327 1086 animae
349 1050 521 1086 differunt
541 1051 744 1085 secundum
767 1050 930 1097 objecta:
954 1051 1097 1096 objecta
1120 1058 1245 1086 autem
1265 1050 1480 1097 passionum
1499 1051 1644 1086 animae

20 1120 32 1140 α
59 1114 144 1143 sunt
164 1107 289 1142 bonum
307 1110 338 1141 et
355 1105 495 1148 malum,
519 1104 724 1140 secundum
746 1116 904 1152 quorum
927 1104 1105 1140 differenti
1097 1117 1171 1140 am
1192 1105 1381 1152 passiones
1402 1105 1540 1140 habent
1561 1117 1645 1141 con-

16 1150 36 1214 a:
58 1161 308 1204 trarietatem;
329 1171 418 1207 ergo
440 1159 564 1194 nullae
578 1159 768 1207 passiones
783 1158 948 1206 ejusdem
963 1159 1149 1206 potentiae
1166 1171 1243 1195 non
1256 1159 1432 1195 habentes
1451 1161 1647 1196 contrarie-

58 1223 172 1251 tatem
195 1214 423 1250 adinvicem
444 1213 615 1248 differunt
636 1213 769 1260 specie.

19 1245 38 1301 5
132 1280 164 1305 2.
186 1269 427 1305 PRAETEREA.
449 1267 667 1303 Differentia
687 1267 824 1315 speciei
847 1275 901 1302 est
922 1266 1127 1303 differentia
1149 1268 1353 1303 secundum
1374 1268 1552 1304 formam:
1581 1270 1644 1305 sed

39 1324 182 1360 omnis
203 1322 408 1359 differentia
429 1322 633 1358 secundum
653 1321 814 1357 formam
836 1330 891 1357 est
912 1322 1116 1357 secundum
1143 1321 1305 1369 aliquam
1333 1324 1644 1367 contrarietatem,

25 1375 100 1414 'ut
119 1378 251 1414 dicitur
270 1377 308 1412 in
328 1388 380 1413 10.
402 1377 608 1424 Metaphy.s
627 1377 708 1422 (tex.
723 1388 768 1422 24
778 1376 818 1422 ),·
839 1387 927 1423 ergo
950 1376 1140 1424 passiones
1159 1376 1324 1423 ejusdem
1338 1378 1536 1424 potentiae,
1551 1389 1643 1425 quae

21 1438 34 1473 ζ
58 1445 135 1469 non
156 1440 240 1468 sunt
260 1432 478 1474 contrariae,
499 1443 575 1466 non
597 1430 768 1466 differunt
789 1431 922 1478 specie.

135 1499 165 1534 3.
187 1487 427 1522 PRAETEREA.
448 1485 547 1521 Cum
565 1485 686 1520 omnis
704 1485 825 1532 passio
845 1485 990 1520 animae
1006 1485 1181 1521 consistat
1195 1486 1232 1520 in
1248 1498 1409 1528 accessu,
1423 1485 1483 1521 vel
1496 1498 1642 1522 recessu

21 1566 34 1581 s
50 1541 107 1577 ’ad
130 1543 265 1584 bonum,
287 1540 346 1576 vel
368 1540 413 1575 ad
434 1540 574 1582 malum,
598 1551 749 1575 necesse
770 1540 924 1582 videtur,
947 1540 1045 1587 quod
1068 1541 1188 1576 omnis
1208 1540 1411 1576 differentia
1429 1541 1643 1587 passionum

61 1597 207 1632 animae
228 1595 275 1631 sit
293 1595 347 1631 vel
367 1595 571 1630 secundum
593 1593 837 1629 differentiam
857 1595 957 1636 boni,
983 1603 1019 1630 et
1045 1595 1146 1638 mali,
1167 1595 1220 1630 vel
1245 1595 1449 1631 secundum
1477 1595 1644 1631 differen-

60 1651 151 1686 tiam
177 1661 359 1693 accessus,
381 1658 417 1684 et
437 1660 613 1692 recessuS,
634 1649 688 1684 vel
708 1649 910 1684 secundum
933 1651 1127 1696 majorem,
1149 1649 1207 1685 vel
1233 1650 1417 1685 minorem
1440 1662 1642 1694 accessum,

60 1713 98 1741 et
117 1716 302 1740 recessum
325 1703 388 1750 [al.
411 1705 489 1739 boni
513 1704 567 1739 vel
586 1703 725 1738 mali...
748 1715 903 1747 accessus,
930 1704 984 1739 vel
1008 1716 1157 1747 recessus,
1184 1705 1238 1739 vel
1259 1717 1454 1740 recessus...
1477 1717 1641 1740 accessum

30 1778 39 1786 ⁴
57 1759 111 1796 vel
135 1759 328 1805 recessum]:
355 1758 418 1794 sed
446 1759 585 1806 primae
612 1758 695 1793 duae
722 1757 948 1793 differentiae
974 1758 1152 1793 inducunt
1178 1759 1476 1794 contrarietatem
1502 1759 1539 1794 in
1566 1771 1644 1806 pas-

57 1814 220 1850 sionibus
247 1814 404 1857 animae,
430 1821 470 1848 ut
495 1813 634 1848 dictum
661 1821 717 1848 est
737 1814 818 1858 (art.
841 1825 872 1848 2.
888 1813 958 1859 huj.
981 1814 1049 1860 q.)·
1073 1815 1170 1848 tertia
1193 1822 1317 1848 autem
1340 1813 1544 1848 differentia
1566 1826 1641 1849 non

58 1869 278 1906 diversificat
303 1869 485 1916 speciem:
513 1868 598 1915 quia
631 1868 682 1903 sic
710 1876 832 1902 essent
858 1867 1021 1902 infinitae
1057 1868 1198 1915 species
1232 1868 1447 1915 passionum
1480 1869 1640 1912 animae;

26 1929 36 1944 ³
59 1935 147 1972 ergo
174 1935 250 1959 non
275 1931 398 1971 potest
422 1934 514 1966 esse,
546 1922 645 1969 quod
671 1922 861 1970 passiones
895 1922 1059 1968 ejusdem
1086 1922 1272 1969 potentiae
1307 1923 1450 1957 animae
1474 1922 1642 1958 differant

60 1978 194 2026 specie,
216 1986 252 2013 et
271 1989 347 2012 non
369 1977 441 2012 sint
462 1977 678 2012 contrariae.

131 2032 207 2068 SED
229 2042 399 2068 CONTRA.
421 2031 554 2074 Amor,
577 2039 612 2066 et
633 2031 809 2078 gaudium
832 2030 1002 2066 dfffferunt
1023 2031 1158 2078 specie,
1185 2040 1221 2066 et
1242 2040 1325 2066 sunt
1353 2031 1390 2066 in
1419 2033 1644 2079 concupisci-

57 2086 143 2123 bili:
164 2098 232 2122 nec
253 2094 379 2121 tamen
401 2086 671 2121 contrariantur
693 2086 737 2120 ad
759 2086 930 2127 invicem,
953 2085 1039 2132 quin
1063 2085 1183 2132 potius
1206 2098 1320 2120 unum
1344 2095 1398 2121 est
1419 2098 1530 2121 causa
1558 2087 1642 2122 alte-

32 2141 148 2185 ·rius;
167 2152 256 2188 ergo
277 2148 360 2176 sunt
381 2139 525 2187 aliquae
551 2140 741 2187 passiones
769 2140 935 2187 ejusdem
961 2140 1159 2186 potentiae,
1186 2152 1279 2187 quae
1310 2140 1479 2176 differunt
1508 2142 1641 2189 specie,

57 2207 125 2232 nec
146 2203 231 2231 sunt
252 2194 470 2230 contrariae.

129 2249 363 2286 RESPONDEO
385 2248 594 2291 dicendum,
617 2249 715 2296 quod
738 2248 928 2296 passiones
959 2247 1131 2284 differunt
1161 2249 1364 2284 secundum
1392 2250 1522 2293 activa,
1549 2263 1641 2298 quae

51 2312 142 2346 sunt
161 2304 306 2351 objecta
326 2303 541 2352 passionum
563 2303 729 2339 animae:
752 2302 958 2339 differentia
980 2311 1105 2338 autem
1127 2304 1337 2338 activorum
1363 2313 1484 2351 potest
1506 2307 1642 2340 attendi

57 2358 254 2407 dupliciter:
284 2370 352 2394 uno
379 2357 476 2393 modo
511 2357 716 2393 secundum
745 2358 919 2404 speciem,
949 2357 1009 2393 vel
1035 2366 1205 2392 naturam
1226 2359 1391 2406 ipsorum
1419 2360 1641 2404 activorum3

54 2413 152 2450 sicut
171 2413 265 2461 ignis
286 2411 406 2448 differt
427 2412 470 2446 ab
493 2423 605 2459 aqua:
628 2412 696 2447 ali0
718 2412 814 2447 modo
838 2412 1041 2447 secundum
1063 2412 1246 2448 diversam
1272 2413 1444 2449 virtutem
1471 2415 1640 2450 activam.

49 2475 71 2504 οἱ
128 2466 329 2502 Diversitas
351 2474 476 2501 autem
489 2466 611 2509 activi,
629 2465 689 2501 vel
707 2474 821 2501 motu
825 2479 847 2510 1,
867 2475 1045 2514 quantum
1061 2467 1104 2502 ad
1124 2469 1296 2502 virtutem
1315 2479 1403 2503 mox
1406 2468 1501 2511 endi,
1517 2478 1639 2516 potest

52 2521 176 2576 accipi
194 2521 232 2556 in
253 2520 484 2569 passionibus
506 2521 652 2556 animae
671 2521 875 2556 secundum
894 2521 1173 2556 similituiinem
1194 2522 1382 2569 agentium
1400 2523 1640 2558 naturalium:

54 2586 169 2612 omne
195 2575 295 2612 enim
321 2586 478 2610 movens
507 2575 621 2610 trahit
647 2576 926 2637 quodammodo
957 2576 1002 2610 ad
1036 2587 1073 2610 sc
1104 2576 1256 2623 patiens,
1283 2576 1342 2611 vel
1371 2588 1390 2611 a
1420 2589 1457 2612 se
1487 2577 1640 2624 repellit.

54 2626 258 2667 Trahendo
280 2629 430 2678 quidem
452 2629 496 2664 ad
515 2641 565 2672 se,
587 2631 653 2664 tria
675 2629 792 2664 facit
783 2642 818 2664 m
839 2630 930 2677 ipso.
949 2630 1046 2665 Nam
1060 2632 1174 2677 primo
1194 2631 1344 2678 quidem
1364 2631 1424 2666 dat
1443 2632 1475 2666 ei
1494 2632 1642 2667 inclina-

54 2684 209 2728 tionem,
230 2684 290 2720 vel
311 2684 565 2732 aptitudinem,
584 2692 622 2719 ut
641 2685 676 2718 in
693 2684 814 2731 ipsum
832 2685 976 2720 tendat:
1000 2685 1094 2719 sicut
1112 2697 1196 2720 cum
1217 2696 1348 2732 corpus
1367 2685 1458 2727 leve,
1475 2687 1572 2732 quod
1588 2695 1641 2722 est

58 2748 214 2782 sursum,
235 2738 297 2774 dat
317 2738 505 2774 levitatem
527 2738 673 2785 corpori
701 2747 888 2785 generato,
911 2750 974 2786 per
996 2750 1106 2786 quam
1129 2739 1239 2773 habet
1265 2739 1555 2783 inclinationem,
1582 2741 1640 2775 vel

56 2792 297 2840 aptitudinem
319 2793 362 2828 ad
384 2792 457 2827 hoc
479 2792 578 2839 quod
600 2793 645 2827 sit
666 2804 822 2827 sursum.
844 2793 1006 2837 Secundo,
1028 2794 1057 2828 si
1080 2805 1210 2840 corpus
1233 2802 1446 2840 generatum
1469 2802 1523 2829 est
1541 2803 1640 2830 extra

57 2842 184 2883 locum
204 2847 405 2894 proprium,
428 2847 489 2882 dat
510 2846 543 2881 ei
564 2847 706 2882 moveri
728 2847 772 2882 ad
794 2846 931 2882 locum.
961 2848 1074 2883 Tertio
1097 2848 1158 2882 dat
1179 2849 1211 2882 ei
1233 2848 1431 2895 quiescere,
1459 2848 1493 2883 in
1513 2848 1639 2884 locum

59 2910 144 2941 cum
157 2901 378 2948 pervenerit:
393 2901 478 2949 quia
492 2912 535 2936 ex
549 2901 678 2936 eadem
693 2913 803 2937 causa
821 2902 956 2949 aliquid
971 2902 1125 2949 quiescit
1141 2902 1178 2937 in
1196 2902 1294 2945 loco,
1309 2914 1372 2950 per
1386 2914 1496 2950 quam
1516 2915 1639 2940 move-
