1907 3198
0 779 17 826 ,ι’
7 758 13 765 -
0 694 15 740 κε’

0 919 20 1052 *sm-s
2 887 12 908 ο
7 855 11 858 -

5 1213 23 1278 ‘r‘-

537 210 762 246 QUAESTIO
797 210 867 239 XL.
901 209 1149 239 ARTICULUS
1182 209 1223 238 V.
1577 207 1662 251 297

646 356 996 403 ARTICULUS
1030 357 1084 399 v.
1596 376 1663 411 227

431 454 585 484 UTRUM
614 454 757 484 CAUSA
786 453 878 483 SPEI
906 453 974 482 SIT
998 452 1306 482 EXPERIENTIA.

351 530 455 577 (Infr.
486 542 516 577 q.
546 543 602 575 42.
633 537 697 565 art.
725 543 754 577 5.
785 530 828 565 ad
854 543 882 566 1.
911 535 939 566 et
968 542 997 576 q.
1030 542 1080 576 45.
1110 535 1176 564 art.
1207 542 1235 576 3.
1267 531 1387 576 corp).

146 613 208 650 An
230 624 413 654 QUINTUM
436 615 486 649 sic
509 615 730 662 proceditur.
746 614 912 657 Videtur,
934 613 1033 661 quod
1052 613 1276 660 experientia
1291 624 1366 647 non
1382 612 1426 646 sit
1442 623 1551 646 causa
1570 611 1664 658 spei;

75 667 297 715 experientia
319 668 417 702 enim
441 668 485 702 ad
508 668 583 702 vim
606 669 831 716 cognitivam
853 668 1027 716 pertinet;
1047 667 1143 702 unde
1166 666 1304 701 Philos.
1327 666 1415 700 dicit
1435 666 1471 700 in
1495 676 1527 700 2.
1546 665 1664 700 Ethic.

78 722 166 770 (cap.
187 734 216 758 Ι.
238 723 274 756 in
286 722 420 769 princ.)
443 722 543 768 quod
563 724 675 758 virtus
696 723 923 758 intellectualis
943 722 1069 768 indiget
1087 722 1323 769 experimento,
1347 725 1374 755 et
1396 725 1541 767 tempore
1547 732 1560 760 ‚·
1584 730 1665 766 spes

75 784 198 811 autem
211 787 287 811 non
310 784 365 811 est
385 777 421 810 in
436 777 473 810 vi
495 777 693 823 cognitiva,
715 777 778 812 sed
795 777 832 811 in
855 777 1063 824 appetitiva,
1078 784 1117 810 ut
1130 775 1269 810 dictum
1285 784 1339 810 est
1360 776 1442 821 (art.
1462 786 1493 810 2.
1516 775 1587 821 huj.
1602 774 1664 820 q.),·

74 841 164 878 ergo
187 830 409 877 experientia
430 842 506 865 non
529 839 583 866 est
605 842 715 866 causa
737 831 825 878 spei.

147 895 180 920 2.
201 884 442 920 PRAETEREA.
465 885 718 933 Philosophus
740 886 828 920 dicit
845 886 883 920 in
905 895 937 920 2.
961 885 1068 920 Rhet.
1085 883 1174 932 (cap.
1196 896 1241 931 13.
1257 885 1318 919 cir.
1342 883 1443 929 med.)
1463 883 1562 930 quod
1579 895 1666 918 senes

73 944 151 975 sunt
181 939 330 986 difficilis
353 941 421 987 spei
440 945 582 987 propter
607 941 867 988 experientiam:
895 951 938 974 ex
965 950 1038 986 quo
1064 938 1220 981 videtur,
1247 938 1346 985 quod
1373 937 1595 985 experientia
1621 937 1668 972 sit

75 1003 186 1028 causa
205 991 370 1028 defectus
392 994 487 1041 spei:
511 994 574 1028 sed
596 1005 673 1029 non
704 1001 758 1029 est
777 994 877 1029 idem
900 1005 1012 1028 causa
1033 993 1311 1040 oppositorum;
1333 1003 1421 1039 ergo
1445 991 1666 1039 experientia

72 1057 149 1083 non
167 1055 223 1082 est
239 1059 351 1083 causa
368 1048 456 1095 spei.

147 1113 178 1148 3.
200 1101 441 1137 PRAETEREA.
464 1101 716 1149 Philosophus
738 1101 826 1135 dicit
848 1101 884 1135 in
907 1111 939 1135 2.
955 1101 1000 1136 de
1023 1101 1130 1136 Coel.
1148 1101 1227 1146 (tex.
1242 1102 1313 1149 34.)
1338 1101 1437 1147 quod
1455 1100 1492 1136 de
1513 1101 1668 1135 omnibus

72 1157 250 1192 enuntiare
269 1156 411 1203 aliquid,
433 1161 462 1192 et
482 1157 568 1191 nihil
579 1157 860 1204 praetermittere,
875 1156 1073 1203 quandoque
1094 1161 1137 1191 est
1149 1157 1278 1202 signum
1292 1156 1450 1191 stultitiae
1462 1168 1472 1190 .·
1486 1155 1549 1190 sed
1568 1154 1666 1202 quod

71 1209 191 1245 homo
211 1218 327 1246 tentet
347 1210 486 1253 omnia,
509 1210 554 1245 ad
568 1210 863 1257 magnitudinem
877 1210 954 1256 spei
976 1210 1157 1256 pertinere
1170 1210 1331 1244 videtur:
1350 1209 1523 1244 stultitiae
1544 1218 1666 1244 autem

73 1264 243 1312 provenit
263 1275 307 1300 ex
327 1264 610 1311 inexperientia;
633 1275 722 1311 ergo
743 1264 1008 1311 inexperientia
1034 1264 1178 1298 videtur
1199 1275 1278 1298 esse
1300 1264 1419 1310 magis
1441 1275 1552 1298 causa
1578 1263 1667 1310 spei,

72 1329 185 1365 quam
206 1318 440 1366 experientia.

146 1371 223 1408 SED
242 1382 401 1408 CONTRA
422 1379 488 1414 est,
506 1371 605 1418 quod
620 1371 872 1418 Philosophus
893 1371 982 1406 dicit
1001 1372 1038 1406 in
1060 1383 1089 1418 3.
1104 1371 1223 1406 Ethic.
1246 1372 1336 1418 (cap.
1358 1372 1390 1408 8.
1406 1383 1427 1406 a
1448 1371 1550 1416 med.)
1569 1371 1666 1418 quod

72 1426 181 1474 aliqui
199 1431 278 1462 sunt
297 1428 402 1462 bonae
419 1427 488 1474 spei
502 1431 644 1474 propter
663 1427 841 1468 multoties,
865 1432 896 1461 et
915 1425 1037 1461 multos
1056 1427 1195 1467 vicisse,·
1215 1426 1314 1473 quod
1337 1426 1381 1460 ad
1405 1426 1667 1473 experientiam

16 1495 28 1531 '.
72 1481 248 1529 pertinet3
269 1492 360 1528 ergo
382 1480 606 1528 experientia
627 1489 682 1515 est
702 1492 813 1516 causa
834 1480 922 1527 spei.

145 1533 380 1570 RESPonm-:o
402 1534 613 1577 dicendum,
635 1535 747 1582 quod,
775 1535 869 1569 sicut
890 1545 999 1581 supra
1021 1534 1160 1568 dictum
1183 1543 1237 1569 est
1255 1535 1339 1580 (art.
1361 1547 1389 1570 Ι.
1412 1535 1482 1581 huj.
1505 1535 1568 1581 q.),
1591 1534 1669 1581 spei

26 1601 31 1610 ·
74 1589 262 1636 objectum
283 1597 338 1624 est
359 1590 483 1624 bonum
496 1589 659 1636 futurum
674 1588 821 1624 arduum
836 1588 990 1635 possibile
1004 1588 1167 1635 adipisci:
1187 1596 1307 1635 potest
1326 1600 1414 1635 ergo
1434 1588 1570 1635 aliquid
1589 1599 1668 1623 esse

73 1654 185 1679 causa
210 1643 300 1691 spei,
320 1643 375 1678 vel
408 1643 495 1690 quia
519 1642 608 1678 facit
633 1643 780 1678 homini
806 1642 942 1689 aliquid
969 1653 1049 1677 esse
1076 1642 1262 1689 possibile,
1288 1643 1342 1677 vel
1363 1643 1448 1689 quia
1474 1642 1561 1677 facit
1582 1654 1667 1677 eum

73 1697 282 1733 existimare
305 1696 442 1744 aliquid
464 1708 543 1732 esse
565 1697 750 1744 possibile.
765 1697 892 1731 Primo
909 1696 1023 1731 modo
1039 1704 1093 1731 est
1111 1707 1221 1731 causa
1235 1697 1313 1742 spei
1327 1708 1438 1731 omne
1453 1696 1554 1739 illud,
1569 1697 1669 1744 quod

18 1751 33 1780 ’-
73 1759 184 1799 auget
204 1759 427 1799 potestatem
449 1751 630 1794 hominis3
654 1751 748 1786 sicut
773 1750 933 1793 divitiae,
961 1758 997 1785 et
1021 1749 1211 1792 fortitudo,
1238 1759 1273 1785 et
1299 1752 1386 1785 inter
1412 1756 1541 1786 caetera
1566 1753 1668 1786 etiam

21 1831 31 1834 -
71 1807 295 1854 experientia:
315 1817 405 1840 narn
426 1816 491 1852 per
512 1805 776 1852 experientiam
797 1805 914 1839 homo
938 1804 1093 1851 acquirit
1112 1803 1327 1839 facultatem
1350 1804 1486 1851 aliquid
1508 1805 1552 1840 de
1569 1804 1670 1840 facili

72 1858 244 1902 faciendi,
262 1867 300 1894 et
319 1870 364 1894 ex
384 1859 458 1894 hoc
485 1859 650 1906 sequitur
676 1870 779 1906 spes3
802 1859 899 1893 unde
925 1857 1056 1905 Veget.
1084 1858 1172 1893 dicit
1197 1859 1234 1893 in
1262 1858 1322 1893 lib.
1355 1870 1382 1893 1.
1410 1859 1454 1894 de
1481 1859 1535 1894 Re
1562 1859 1668 1894 milit.

73 1913 167 1962 (cap.
188 1926 216 1950 1.
239 1915 301 1949 cir.
315 1914 424 1960 fin.):
447 1914 554 1949 Nemo
574 1913 690 1960 jacere
716 1914 842 1955 metuit,
866 1912 953 1959 quod
973 1925 1003 1947 se
1030 1914 1108 1947 bene
1129 1912 1277 1948 didicisse
1299 1913 1445 1960 confidit.
1468 1914 1549 1949 Alio
1571 1913 1668 1949 modo

73 1976 130 2004 est
149 1979 262 2003 causa
281 1968 360 2015 spei
382 1978 494 2003 omne
516 1967 619 2009 illud,
641 1967 741 2014 quod
762 1966 850 2001 facit
876 1966 986 2001 alicui
1003 1967 1314 2001 existimationem
1336 1967 1434 2014 quod
1462 1967 1598 2014 aliquid
1625 1967 1671 2003 sit

73 2022 143 2059 sibi
162 2021 356 2070 possibile:
385 2030 422 2057 et
450 2022 524 2057 hoc
546 2021 661 2056 modo
690 2030 726 2056 et
747 2021 926 2063 doctrina,
955 2029 991 2055 et
1011 2020 1200 2067 persuasio
1231 2021 1414 2068 quaelibet
1443 2030 1565 2068 potest
1590 2033 1669 2057 esse

34 2102 39 2107 -
75 2087 186 2112 causa
207 2076 304 2124 spei:
327 2084 364 2111 et
383 2077 429 2112 sic
450 2077 550 2111 etiam
567 2077 773 2123 experientia
792 2080 835 2110 est
857 2087 957 2110 causa
977 2076 1044 2122 spei
1052 2088 1064 2116 ,·
1087 2075 1305 2121 inquantum
1328 2075 1469 2111 scilicet
1489 2087 1553 2123 per
1567 2087 1671 2123 expe-

73 2130 242 2169 rientiam
256 2130 296 2166 fit
308 2130 453 2166 homini
466 2130 701 2172 existimatio,
716 2129 815 2176 quod
835 2129 971 2176 aliquid
986 2129 1025 2164 fit
1038 2129 1107 2164 sibi
1125 2129 1310 2176 possibile,
1325 2130 1424 2177 quod
1438 2130 1667 2177 impossibile

74 2193 161 2221 ante
181 2185 445 2233 experientiam
470 2185 673 2231 reputabat.
696 2183 769 2218 Sed
797 2195 861 2230 per
886 2183 983 2218 hunc
1012 2183 1168 2218 modum
1194 2184 1416 2230 experientia
1443 2193 1563 2231 potest
1590 2196 1668 2219 esse

74 2250 186 2281 causa
207 2238 370 2274 defectus
389 2239 483 2286 spei:
506 2239 591 2285 quia
612 2238 707 2273 sicut
724 2249 788 2285 per
809 2237 1071 2284 experientiam
1094 2237 1133 2272 fit
1153 2237 1298 2272 homini
1319 2238 1554 2281 existimatio,
1570 2239 1668 2286 quod

73 2292 212 2341 aliquid
226 2293 295 2329 sibi
316 2294 363 2329 sit
382 2292 568 2341 possibile,
583 2293 683 2340 quod
702 2292 893 2339 reputabat
905 2292 1148 2339 impossibile:
1171 2293 1221 2327 ita
1243 2304 1262 2327 e
1282 2304 1461 2328 converso
1484 2305 1548 2340 per
1566 2305 1670 2340 expe-

74 2347 245 2387 rientiam
265 2347 306 2382 fit
327 2346 474 2383 homini
495 2347 729 2389 existimatio,
751 2347 851 2393 quod
866 2346 1002 2394 aliquid
1023 2358 1099 2381 non
1117 2347 1163 2381 sit
1183 2347 1250 2381 sibi
1269 2347 1454 2394 possibile,
1475 2348 1575 2394 quod
1589 2359 1670 2394 pos-

77 2401 180 2437 sibile
202 2401 444 2437 existimabat.
468 2401 530 2436 Sic
553 2412 642 2448 ergo
664 2402 870 2448 experientia
886 2406 929 2436 est
949 2413 1049 2436 causa
1063 2402 1132 2448 spei
1145 2400 1271 2436 duobus
1289 2401 1395 2437 modis
1403 2414 1416 2443 ‚·
1437 2414 1538 2437 causa
1556 2407 1667 2437 autem

73 2453 218 2503 desectus
241 2457 310 2504 spei
338 2467 405 2491 uno
434 2455 532 2490 modo
539 2467 553 2497 ;
590 2463 626 2490 et
656 2462 804 2502 propter
829 2454 901 2489 hoc
929 2455 1048 2501 magis
1075 2455 1196 2490 dicere
1229 2466 1438 2502 possumus,
1473 2467 1556 2490 eam
1590 2467 1668 2490 esse

75 2519 227 2550 causam
246 2509 336 2557 spei.

146 2563 210 2599 AD
229 2573 382 2599 PRIMUM
403 2574 493 2610 ergo
516 2562 726 2605 dicendum,
747 2563 846 2610 quod
868 2563 1090 2610 experientia
1111 2563 1147 2597 in
1170 2563 1416 2609 operabilibus
1442 2575 1518 2598 non
1545 2563 1667 2598 solum

75 2625 202 2658 §ausat
219 2617 424 2660 scientiam,
437 2617 500 2652 sed
515 2617 627 2652 etiam
642 2625 769 2652 causat
789 2617 988 2664 quemdam
1003 2617 1168 2652 habiturn
1184 2626 1333 2664 propter
1348 2618 1667 2659 consuetudinem,

76 2670 141 2718 qui
156 2670 246 2707 facit
264 2671 523 2719 operationem
545 2669 769 2705 faciliorem:
789 2671 853 2705 sed
872 2679 908 2706 et
925 2671 1004 2717 ipsa
1024 2671 1138 2706 virtus
1158 2671 1417 2706 intellectualis
1438 2671 1526 2706 facit
1548 2672 1592 2706 ad
1607 2683 1670 2719 pff

74 2730 246 2761 testatem
265 2724 373 2760 facile
387 2724 586 2771 operandi;
602 2725 831 2760 demonstrat
845 2725 945 2760 enim
968 2725 1105 2772 aliquid
1120 2737 1198 2760 esse
1214 2725 1406 2772 possibile:
1426 2734 1461 2760 et
1475 2726 1525 2761 sic
1542 2734 1668 2761 causat

75 2787 193 2826 spem.

148 2832 210 2869 AD
231 2843 442 2870 SECUNDUM
463 2832 672 2875 dicendum,
691 2833 790 2880 quod
811 2832 849 2867 in
871 2833 1018 2868 senibus
1038 2842 1094 2869 est
1114 2833 1277 2868 defectus
1300 2834 1377 2880 spei
1399 2843 1548 2881 propter
1566 2845 1669 2881 expe-

78 2882 257 2937 rientiam,
279 2887 498 2934 inquantum
520 2886 741 2933 experientia
764 2885 850 2921 facit
871 2887 1181 2922 existimationem
1209 2888 1466 2935 impossibilis3
1490 2889 1584 2924 unde
1607 2889 1656 2923 ibi

79 2936 164 2975 dem
184 2941 358 2984 subditur,
380 2940 467 2988 quod
488 2941 532 2976 eis
552 2940 658 2976 multa
680 2947 860 2976 evenerunt
883 2943 916 2976 in
938 2941 1091 2977 deterius.
