1907 3198
570 207 793 244 Quas-rm
826 207 867 237 c,
900 205 1144 238 Ain-tentus
1177 205 1220 237 11.
1564 206 1646 249 715

89 295 193 336 cepta
205 288 251 325 de
265 288 402 324 actibus
415 289 582 324 omnium
595 289 787 324 virtutum:
808 288 857 324 ita
870 296 994 324 tamen
1007 287 1105 336 quod
1119 287 1311 334 quaedam,
1325 286 1401 321 sine
1416 286 1545 333 quibus
1559 287 1650 322 ordo

86 341 238 385 virtutis,
258 342 319 389 qui
340 350 394 378 est
413 342 504 377 ordo
525 342 686 385 rationis,
707 342 891 377 observari
918 353 992 376 non
1019 349 1149 389 potest,
1177 340 1310 375 cadunt
1334 340 1399 375 sub
1426 340 1649 386 obligatione

86 395 287 444 praecepti:
308 396 488 443 quaedam
509 406 608 438 vero,
629 406 721 442 quae
739 395 919 442 pertinent
941 395 983 429 ad
1011 395 1102 430 bene
1124 405 1202 429 esse
1223 393 1361 428 virtutis
1383 392 1573 440 perfectae,
1595 405 1651 429 ca·

87 448 176 485 dunt
195 449 261 484 sub
278 449 526 484 admonitione
545 449 700 484 consilii.

158 502 218 538 AD
242 512 391 538 PRIMUM
418 513 506 548 ergo
532 503 739 545 dicendum,
765 502 862 549 quod
890 501 1101 548 adimpletio
1129 501 1385 536 mandatorum
1411 499 1514 545 legis,
1538 501 1648 536 etiam

88 566 181 604 quae
201 564 284 591 sunt
296 555 341 591 de
363 555 501 591 actibus
523 555 674 590 aliarum
695 556 882 597 virtutum,
896 555 1005 590 habet
1019 555 1197 590 rationem
1216 554 1492 600 justificationis,
1504 555 1652 602 inquan-

86 616 164 645 tum
176 610 310 656 justum
325 617 389 652 est,
403 617 442 644 ut
455 609 570 644 homo
592 609 738 645 obediat
758 609 861 651 Deo;
882 609 941 644 vel
963 609 1072 644 etiam
1091 609 1305 655 inquantum
1324 609 1456 654 justum
1472 617 1536 650 est,
1551 609 1648 655 quod

39 710 41 714 Ι
86 664 223 707 omnia,
242 674 335 711 quae
354 671 438 699 sunt
457 663 629 706 hominis,
650 663 781 698 rationi
802 663 1011 698 subdantur.

157 715 219 752 AD
231 727 439 752 SECUNDUM
452 717 658 759 dicendum,
673 716 770 764 quod
785 717 918 762 justitia
934 716 1078 763 proprie
1094 716 1189 751 dicta
1205 715 1356 751 attendit
1369 715 1528 751 debitum
1543 715 1649 750 unius

84 769 246 806 hominis
271 770 316 806 ad
337 769 467 805 alium:
490 770 553 805 sed
579 770 615 804 in
641 770 811 805 omnibus
837 769 914 805 aliis
941 770 1131 804 virtutibus
1157 770 1352 805 attenditur
1377 769 1537 804 debitum
1564 768 1650 805 inse-

85 823 221 859 riorum
234 823 366 859 virium
379 823 424 859 ad
437 823 634 859 rationem:
656 831 692 858 et
712 823 912 859 secundum
935 823 1114 858 rationem
1133 823 1240 869 hujus
1253 823 1364 858 debiti
1381 823 1474 858 Phil.
1491 823 1650 869 assignat

83 876 123 913 in
145 887 176 924 5.
197 876 315 912 Ethic.
334 877 426 925 (cap.
444 877 521 924 ult.)
543 877 740 924 quamdam
759 877 933 924 justitiam
953 876 1255 924 metaphoricam.

154 930 217 966 An
238 940 409 967 τεκτιυκ
435 938 533 978 patet
552 931 742 978 responsio
763 942 827 978 per
852 941 906 973 ea,
928 941 1020 978 quae
1039 931 1135 966 dicta
1152 938 1235 966 sunt
1255 930 1299 966 de
1321 930 1526 965 diversitate
1552 941 1651 966 com—

84 983 281 1020 munitatis.

635 1101 980 1148 ARTICULUS
1016 1102 1094 1146 III.
1576 1122 1640 1159 532

107 1209 262 1242 UTRUM
287 1210 429 1242 OMNIA
455 1210 707 1242 PRAECEPTA
734 1211 929 1242 MORALIA
956 1210 1137 1240 VETERIS
1173 1209 1295 1239 LEGIS
1329 1209 1625 1239 REDUCANTUR

476 1277 535 1306 AD
563 1277 712 1307 DECEM
739 1277 991 1307 PRAECEPTA
1019 1275 1258 1306 DECALOGI.

408 1369 512 1417 (Insr.
533 1375 598 1406 art.
620 1382 666 1406 rt.
688 1375 719 1406 et
738 1381 808 1406 2-2.
830 1382 861 1417 q.
883 1381 954 1406 122.
977 1374 1042 1404 art.
1065 1369 1099 1405 6.
1116 1374 1147 1404 et
1173 1380 1205 1415 9.
1227 1368 1270 1403 ad
1291 1379 1322 1404 2.

153 1426 184 1459 et
198 1433 229 1471 3.
250 1422 340 1459 Dist.
357 1433 408 1471 37.
429 1427 495 1459 art.
516 1435 548 1460 a.
570 1435 600 1470 q.
622 1435 649 1459 1.
671 1430 763 1472 corp.
785 1428 814 1459 et
833 1434 866 1468 4.
882 1429 944 1470 per
965 1427 1020 1459 tot.
1043 1427 1071 1458 et
1093 1422 1176 1457 Mal.
1199 1434 1229 1469 q.
1249 1432 1300 1467 14.
1322 1426 1386 1456 art.
1409 1432 1438 1456 2.
1461 1420 1504 1455 ad
1525 1432 1576 1466 ¹4-

574 1481 603 1512 ιι
624 1477 747 1523 Qnodl.
770 1488 799 1524 7.
822 1481 886 1512 art.
909 1488 958 1523 17.
980 1475 1023 1511 ad
1043 1475 1107 1522 8.).

153 1571 214 1608 An
235 1581 408 1608 ‘rt-:erun
429 1571 481 1608 sic
502 1572 720 1620 proceditur.
741 1572 904 1615 Videtur,
926 1572 1023 1619 quod
1045 1582 1118 1606 non
1141 1570 1266 1606 omnia
1284 1578 1475 1618 praecepta
1494 1569 1647 1605 moralia

83 1625 218 1661 veteris
242 1624 334 1673 legis
353 1626 569 1661 reducantur
590 1626 633 1661 ad
655 1626 784 1662 decem
810 1634 1001 1673 praecepta
1023 1624 1210 1672 decalogi:
1232 1625 1347 1672 prima
1369 1624 1480 1666 enim,
1501 1632 1536 1659 et
1557 1624 1649 1671 prin-

81 1677 214 1726 cipalia
234 1678 326 1726 legis
350 1687 542 1727 praecepta
563 1688 662 1715 sunt:
684 1680 811 1726 Diliges
831 1680 1018 1715 Dominum
1040 1680 1151 1714 Deum
1174 1684 1289 1720 tuum;
1313 1686 1365 1713 et:
1389 1678 1518 1724 Diliges
1533 1679 1649 1725 proxi-

80 1743 175 1768 mum
193 1737 299 1776 mum,
321 1740 360 1768 ut
379 1732 532 1769 habetur
549 1733 676 1770 Matth.
691 1743 767 1769 22.:
789 1733 852 1768 sed
874 1733 940 1768 ista
959 1733 1032 1768 duo
1046 1744 1119 1767 non
1139 1732 1370 1768 continentur
1389 1731 1424 1766 in
1447 1731 1647 1779 praeceptis

80 1785 270 1834 decalogi3
295 1797 384 1834 ergo
404 1797 480 1822 non
506 1787 632 1822 omnia
656 1795 848 1835 praecepta
875 1786 1028 1822 moralia
1055 1786 1285 1822 continentur
1305 1786 1341 1820 in
1363 1785 1564 1832 praeceptis
1590 1785 1648 1820 de-

80 1839 213 1887 calogi.

150 1903 183 1930 2.
204 1893 441 1931 ΡιΑετειιεΛ.
470 1894 668 1942 Praecepta
686 1894 840 1930 moralia
855 1906 929 1929 non
948 1893 1167 1930 reducuntur
1181 1894 1224 1928 ad
1243 1901 1435 1940 praecepta
1464 1903 1648 1927 caeremo—

78 1946 202 1992 nialia,
218 1949 281 1984 sed
301 1950 423 1997 potius
443 1960 464 1985 e
485 1959 684 1984 converso:
706 1949 769 1984 sed
791 1948 883 1983 inter
904 1956 1096 1995 praecepta
1118 1947 1285 1994 decalogi
1311 1955 1365 1982 est
1387 1958 1498 1982 unum
1526 1957 1646 1982 caere-

77 2001 260 2047 moniale3
280 2002 438 2039 scilicet:
461 2003 626 2038 Memento
645 2007 680 2037 ut
700 2001 786 2037 diem
809 2002 949 2038 sabbati
972 2002 1172 2049 sanctificam
1199 2012 1288 2048 ergo
1307 2001 1432 2036 omnia
1453 2008 1642 2048 praecepta

77 2054 232 2091 moralia
250 2066 326 2092 non
347 2056 568 2092 reducuntur
585 2055 629 2090 ad
651 2063 843 2103 praecepta
864 2055 1044 2102 decalogi.

63 2156 65 2161 1
151 2119 182 2157 3.
203 2109 440 2146 Plutum-za.
461 2109 660 2157 Praecepta
678 2108 832 2144 moralia
849 2117 933 2144 sunt
953 2109 997 2144 de
1019 2109 1189 2144 omnibus
1208 2109 1345 2144 actibus
1366 2108 1557 2143 virtutum:
1579 2108 1642 2143 sed

64 2160 172 2199 »inter
190 2170 384 2211 praecepta
403 2162 571 2210 decalogi
597 2170 781 2209 ponuntur
800 2162 879 2197 sola
900 2171 1091 2210 praecepta
1118 2162 1333 2210 pertinentia
1356 2162 1399 2196 ad
1422 2169 1522 2196 actus
1547 2161 1644 2207 justi-

9 2245 13 2259 .
66 2215 161 2260 miae,
178 2224 217 2252 ut
233 2224 331 2265 patet
349 2217 563 2253 discurrenti
584 2228 647 2264 per
664 2216 806 2263 singula
820 2229 834 2259 ;,
850 2227 938 2263 ergo
960 2225 1153 2264 praecepta
1174 2216 1342 2263 decalogi
1360 2227 1433 2250 non
1455 2215 1642 2250 continent

77 2270 203 2306 omnia
223 2278 416 2318 praecepta
441 2269 607 2306 moralia.

10 2364 14 2376 Ι
149 2323 226 2360 SED
239 2333 396 2360 coum
410 2331 476 2367 est,
490 2323 586 2371 quod
598 2323 725 2358 Matth.
744 2334 772 2369 5.
788 2334 895 2370 super
908 2322 1006 2360 illud:
1022 2323 1114 2358 Beati
1126 2325 1210 2366 estis,
1226 2335 1300 2359 cum
1315 2323 1557 2365 maledixerint,
1573 2330 1641 2357 etc.

69 2374 163 2413 dicit
183 2376 305 2414 Gloss.
327 2375 467 2423 (ordin.)
489 2377 599 2424 quod,
627 2377 753 2423 Moyses
773 2376 879 2412 decem
899 2382 1074 2424 praccepta
1091 2383 1290 2424 proponens,
1314 2382 1423 2424 postca
1444 2382 1506 2422 per
1528 2381 1642 2423 partes

94 2452 97 2456 -
126 2449 129 2456 ν
150 2431 239 2472 icam
260 2441 350 2478 ergo
371 2430 496 2466 omnia
514 2439 706 2478 praecepta
727 2429 818 2476 legis
839 2438 922 2465 sunt
941 2431 1121 2477 quaedam
1144 2439 1262 2478 partes
1284 2438 1562 2477 praeceptorum
1584 2429 1642 2463 de-

59 2506 61 2513 v
107 2502 110 2505 ’
142 2495 209 2532 egl,

146 2537 377 2575 Rtsrounso
397 2537 605 2581 dicendum,
626 2537 723 2584 quod
751 2546 943 2585 praecepta
970 2537 1137 2583 decalogi
1159 2537 1202 2571 ab
1230 2536 1308 2571 aliis
1330 2535 1529 2583 praeceptis
1550 2534 1640 2580 legis

264 2592 299 2627 in
320 2591 405 2634 hoc,
425 2591 523 2639 quod
547 2599 737 2638 praecepta
764 2590 931 2636 decalogi
958 2602 1020 2638 per
1047 2591 1205 2637 seipsum
1233 2590 1332 2625 Deus
1353 2590 1482 2624 dicitur
1504 2589 1640 2636 populo

71 2645 325 2694 ,mposuissez
339 2643 411 2680 alia
423 2655 512 2680 vero
526 2653 718 2692 praecepta
733 2645 921 2691 proposuit
935 2644 1072 2691 populo
1087 2655 1149 2691 per
1168 2644 1355 2690 Moyse-*1112
1371 2643 1430 2677 illa
1442 2654 1529 2687 ergo
1544 2654 1642 2689 prae·

153 2715 160 2726 -
200 2698 245 2734 ad
266 2697 485 2746 decalogum
506 2698 698 2746 pertinent,
725 2708 880 2744 quorum
899 2698 1066 2732 notitiam
1089 2698 1204 2732 homo
1227 2697 1334 2731 habet
1355 2709 1417 2744 per
1438 2697 1597 2743 seipsum
1620 2707 1639 2730 a

70 2748 400 2798 “cothujusmodi
419 2762 507 2787 vero
528 2759 611 2787 sunt
636 2750 709 2793 illa,
733 2761 825 2798 quae
840 2751 961 2787 statim
984 2764 1026 2787 ex
1048 2751 1230 2799 principiis
1247 2751 1502 2785 communibus
1517 2750 1640 2797 primis

76 2806 78 2809 ’
182 2823 188 2833 0
238 2804 250 2840 i
269 2812 422 2853 possunt
440 2805 588 2842 modica
609 2804 922 2847 consid-:tatinum
943 2813 978 2841 et
999 2805 1129 2840 iterum
1153 2804 1225 2846 illa,
1247 2815 1340 2851 quae
1361 2804 1482 2839 statim
1505 2816 1548 2839 ex
1571 2803 1639 2838 fide

174 2857 217 2887 ¹..
262 2857 381 2900 infusa
401 2858 653 2901 innotescunt;
674 2857 765 2893 inter
786 2866 978 2906 praecepta
997 2869 1086 2905 esgo
1108 2857 1276 2904 decalogi
1293 2868 1368 2892 non
1383 2865 1640 2904 computantur

136 2929 141 2939 =
168 2919 306 2960 genera
323 2918 621 2960 praeceptorum:
642 2910 704 2947 illa
721 2910 872 2955 scilicet,
885 2922 979 2958 quae
1000 2919 1083 2948 sunt
1104 2911 1232 2958 prima,
1253 2919 1288 2947 et
1309 2910 1533 2953 communia,
1553 2920 1641 2957 quo·
