1907 3198
551 211 772 249 QUAESTIO
805 211 925 243 cvm.
959 211 1204 242 ARTICULUS
1237 211 1280 242 11.
1600 201 1679 244 821

119 293 301 331 concessit
321 294 419 330 enim
440 295 503 336 eis,
525 302 564 329 ut
589 302 736 341 possent
757 305 907 341 pergere
929 294 973 329 ad
995 294 1273 341 praedicationis
1299 293 1462 329 officium
1489 295 1566 330 sine
1588 307 1684 342 pera,

118 356 156 385 et
169 347 314 390 baculo,
335 355 371 383 et
392 347 470 382 aliis
491 347 712 392 hujusmodi,
733 355 919 394 tamquam
938 348 1113 383 habentes
1131 355 1348 394 potestatem
1370 348 1574 383 necessaria
1589 348 1684 384 vitae

119 401 319 449 accipiendi
333 401 376 436 ab
395 401 477 443 illis,
492 402 619 448 quibus
634 402 907 448 praedicabant;
927 402 1021 437 unde
1042 401 1179 437 subdit:
1194 403 1325 446 Dignus
1343 407 1387 437 cst
1407 403 1494 437 enim
1514 404 1685 449 operarius

118 457 191 493 cibo
209 467 289 492 suo:
310 465 384 490 non
407 463 528 490 autem
548 464 684 502 peccat,
702 455 762 490 sed
786 463 1034 502 supererogat,
1055 455 1116 502 qui
1137 466 1201 490 sua
1223 463 1352 502 portat,
1375 467 1417 490 ex
1438 455 1566 502 quibus
1588 456 1685 491 vivat

117 509 155 545 in
174 508 453 556 praedicationis
471 507 606 550 officio,
628 520 702 543 non
724 509 905 555 accipiens
927 518 1111 556 sumptum
1138 509 1181 544 ab
1203 509 1271 551 his,
1293 509 1421 556 quibus
1444 509 1684 554 Evangelium

117 562 314 611 praedicat,
334 561 427 597 sicut
448 561 582 597 Paulus
604 562 698 597 fecit.
722 563 800 598 ,4150
827 562 921 597 modo
948 571 1100 609 possunt
1119 562 1284 608 intelligi,
1305 562 1506 597 secundum
1529 562 1683 597 aliorum

117 616 338 653 Sanctorum
359 615 635 662 expositionem,
660 624 696 651 ut
711 616 782 651 sint
802 616 981 663 quaedam
1004 624 1134 651 statuta
1155 615 1371 663 temporalia
1393 616 1581 663 Apostolis
1603 617 1685 651 data

117 679 184 718 pro
203 669 269 705 illo
289 676 465 716 tempore,
486 680 560 716 quo
575 670 807 704 mittebantur
828 669 872 704 ad
895 670 1176 716 praedicandum
1196 669 1230 704 in
1246 670 1421 716 Judaeam
1441 678 1523 704 ante
1547 669 1684 704 Christi

117 723 337 772 passionem.
369 722 583 768 Indigebant
616 723 712 757 enim
733 722 910 770 discipuli,
932 723 1033 769 quasi
1056 723 1172 758 adhuc
1197 722 1335 769 parvuli
1358 723 1421 758 sub
1445 723 1581 758 Christi
1601 735 1686 758 cura

117 777 321 820 existentes,
342 776 507 822 accipere
529 776 649 823 aliqua
669 776 842 823 specialia
862 777 1024 812 instituta
1047 788 1066 811 a
1089 776 1250 819 Christo,
1273 777 1366 811 sicut
1386 776 1536 823 quilibet
1554 777 1685 812 subditi

118 841 139 866 a
158 830 232 866 suis
255 829 450 873 Praelatis3
476 831 668 877 praecipue
690 830 751 877 qui
779 838 882 865 erant
901 830 1077 877 paulatim
1104 830 1336 872 exercitandi,
1359 838 1395 865 ut
1426 830 1684 878 temporalium

116 883 385 920 solicitudinem
407 883 632 925 abdicarent;
655 895 717 930 per
738 883 834 930 quod
857 884 1098 919 reddebantur
1118 884 1240 919 idonei
1263 884 1307 918 ad
1334 884 1418 926 hoc,
1444 884 1541 930 quod
1570 884 1684 919 Evan-

116 937 255 985 gelium
274 948 298 985 p
320 937 560 972 runiversurn
583 938 709 972 orbem
724 937 985 984 praedicarent.
1005 937 1081 972 Nec
1103 946 1157 972 est
1179 938 1323 980 mirum,
1345 938 1372 972 si
1396 938 1514 972 adhuc
1533 938 1684 973 durante

114 998 208 1027 statu
227 999 309 1026 vete
379 990 482 1037 legis,
503 998 539 1026 et
551 991 715 1026 nondum
730 990 927 1038 perfectam
947 991 1150 1026 libertatem
1166 991 1319 1038 Spiritus
1341 991 1561 1034 consecutis,
1580 1003 1686 1039 quos-

115 1044 201 1081 dam
221 1044 481 1080 determinatos
502 1045 634 1080 modos
659 1044 804 1080 vivendi
830 1045 997 1080 instituit:
1024 1055 1116 1092 quae
1143 1044 1290 1092 quidem
1312 1052 1444 1080 statuta
1471 1045 1684 1081 imminente

115 1098 284 1147 passione
304 1098 472 1140 removit,
485 1106 672 1145 tamquam
689 1097 874 1144 discipulis
889 1099 962 1144 jam
976 1110 1040 1146 per
1053 1110 1094 1133 ea
1109 1097 1329 1134 sufficienter
1350 1099 1570 1142 exercitatis;
1589 1099 1683 1134 unde

116 1152 205 1189 Luc.
226 1162 283 1188 22.
309 1152 416 1187 dixit:
444 1152 588 1198 Quando
611 1153 686 1187 misi
709 1163 768 1187 vos
787 1153 855 1187 sine
880 1153 1022 1194 sacculo,
1049 1157 1079 1187 ct
1099 1158 1194 1199 pera,
1216 1157 1246 1188 et
1266 1152 1504 1195 calceamentis,
1526 1153 1686 1199 numquid

114 1206 221 1255 defuit
239 1205 368 1253 aliquid
386 1206 507 1241 vobis?
527 1207 576 1241 At
602 1206 651 1241 illi
671 1205 850 1241 dixerunt:
872 1206 990 1241 Nihil:
1012 1206 1116 1241 Dixit
1136 1218 1211 1251 ergo
1233 1207 1302 1247 εἰη
1325 1206 1377 1241 sed
1403 1219 1489 1242 nunc
1511 1208 1569 1253 qui
1590 1207 1685 1242 habet

113 1259 294 1302 saccnhcm,
308 1259 402 1296 tollat
413 1259 567 1295 similiter
585 1264 617 1295 et
633 1267 772 1306 peram:
787 1260 860 1305 jam
875 1259 971 1294 enim
987 1259 1203 1294 imminebat
1223 1268 1368 1307 tempus
1382 1259 1563 1307 perfectae
1582 1259 1685 1295 liber-

114 1314 210 1357 tatis,
230 1321 270 1349 ut
287 1313 447 1349 totaliter
467 1324 534 1348 suo
548 1313 812 1348 dimitterentur
826 1313 973 1348 arbitrio
995 1313 1030 1347 in
1046 1313 1114 1356 his,
1132 1324 1226 1360 quae
1240 1313 1441 1348 secundum
1460 1325 1498 1348 se
1512 1325 1585 1349 non
1609 1325 1684 1360 per-

114 1367 231 1404 tinent
251 1367 297 1402 ad
316 1367 571 1402 necessitatem
592 1366 742 1411 virtutis.

186 1420 248 1457 An
271 1430 462 1461 09an
479 1419 686 1462 dicendum,
708 1420 805 1466 quod
827 1419 1010 1465 judicialia
1037 1420 1147 1455 etiam
1173 1421 1375 1456 secundum
1397 1433 1434 1457 se
1457 1422 1684 1457 considerata

113 1484 190 1510 non
202 1473 343 1510 mtde
355 1473 569 1509 necessitate
583 1473 734 1516 virtutis,
750 1481 924 1520 quantum
937 1474 980 1508 ad
995 1473 1107 1509 talem
1117 1474 1470 1518 determinationem,
1486 1476 1547 1510 sed
1563 1475 1682 1510 solum

113 1535 290 1576 quantum
303 1526 349 1562 ad
365 1538 605 1562 communem
618 1527 797 1562 rationem
817 1527 985 1573 justitiae;
995 1535 1031 1562 et
1040 1527 1123 1563 ideo
1138 1528 1320 1573 iudicialia
1335 1538 1525 1576 praecepta
1541 1529 1684 1576 reliquit

112 1581 297 1617 Dominus
315 1580 541 1629 disponenda
562 1581 630 1623 his,
648 1581 710 1628 qui
731 1592 856 1616 curam
873 1580 1028 1616 aliorum
1050 1590 1153 1617 erant
1173 1582 1341 1625 habituri,
1363 1582 1421 1617 vel
1445 1583 1683 1630 spiritualem,

113 1634 175 1671 vel
183 1634 440 1683 temporalem:
451 1635 514 1670 sed
527 1634 623 1670 circa
638 1634 820 1680 judicialia
835 1644 1026 1682 praecepta
1037 1635 1266 1682 veterislegis
1277 1637 1455 1682 quaedam
1467 1636 1682 1683 explanavit,

113 1697 261 1737 propter
273 1688 413 1725 malum
433 1687 659 1724 intellectum
680 1688 975 1731 Pharisaeorum,
997 1697 1035 1724 ut
1053 1688 1144 1724 infra
1163 1689 1302 1725 dicetur
1322 1691 1404 1736 (art.
1424 1702 1491 1737 seq.
1511 1691 1554 1726 ad
1572 1691 1633 1736 2.).

666 1813 1013 1858 ARTICULUS
1049 1814 1128 1858 III.
1613 1836 1678 1873 574

260 1915 415 1947 UTRUM
440 1915 523 1946 Lex
549 1916 672 1947 NOVA
699 1916 905 1947 HOMINEM
935 1917 1066 1948 CIRCA
1092 1917 1351 1949 INTERIORES
1383 1919 1526 1950 ACTUS

589 1981 901 2014 SUFFICIENTER
928 1983 1242 2014 ORDINAVERIT.

181 2063 245 2100 An
266 2073 439 2100 mnu!
459 2063 511 2100 sic
530 2063 748 2111 proceditur.
771 2063 934 2106 Videtur,
956 2065 1053 2112 quod
1068 2065 1164 2100 circa
1183 2066 1373 2102 interiores
1391 2076 1492 2103 actus
1512 2068 1568 2103 lex
1586 2080 1681 2103 nova

110 2115 370 2154 insufficienter
406 2117 596 2153 hominem
623 2117 860 2153 ordinaverit:
888 2127 970 2153 sunt
996 2119 1094 2154 enim
1128 2119 1256 2155 decem
1284 2130 1476 2168 praecepta
1511 2122 1680 2168 decalogi

112 2170 317 2207 ordinanda
338 2170 529 2207 hominem
551 2171 595 2206 ad
618 2171 751 2213 Deum,
773 2180 808 2206 et
825 2172 1051 2218 proximum:
1074 2173 1136 2208 sed
1155 2173 1336 2209 Dominus
1358 2175 1478 2210 solum
1501 2177 1596 2211 circa
1614 2177 1680 2211 tria

111 2223 260 2260 illorum
281 2223 417 2272 aliquid
437 2223 641 2272 explicavit,
671 2224 808 2260 scilicet
835 2225 930 2260 circa
965 2226 1248 2273 prohibitionem
1283 2228 1484 2271 homicidii,
1517 2239 1552 2265 et
1585 2231 1680 2266 circa

112 2277 397 2326 prohibitionem
417 2277 595 2320 adulterii,
621 2286 656 2313 et
677 2278 773 2314 circa
795 2279 1080 2326 prohibitionem
1107 2282 1271 2327 perjurii;
1294 2294 1381 2328 ergo
1408 2284 1559 2325 videtur,
1582 2287 1678 2332 quod

112 2330 370 2368 insuffieimter
401 2331 592 2368 hominem
630 2332 863 2375 ordinaverit,
897 2333 1177 2380 explicationem
1214 2336 1368 2371 aliorum
1403 2347 1679 2385 praeceptorum

112 2386 412 2433 praetermittens.

181 2449 215 2475 2.
234 2438 472 2476 ΡιΛετειιῈ-Α.
494 2439 676 2475 Dominus
697 2439 787 2475 nihil
804 2440 985 2477 ordinavit
1003 2442 1037 2477 in
1060 2442 1261 2488 Evangelio
1275 2444 1319 2479 de
1335 2445 1561 2489 judicialibus
1580 2458 1681 2493 prae-

111 2494 236 2542 ceptis,
256 2493 326 2530 uisi
347 2494 660 2542 circa‘repudium
688 2495 821 2538 uxoris,
843 2505 877 2531 ct
903 2497 1000 2532 circa
1026 2508 1184 2544 poenam
1212 2498 1369 2541 talionis,
1391 2508 1426 2535 et
1447 2500 1543 2535 circa
1566 2513 1681 2547 perse-

111 2548 299 2584 cutionem
318 2547 574 2584 inimicorum:
596 2547 658 2583 sed
681 2548 794 2584 multa
816 2557 899 2585 sunt
921 2550 991 2585 alia
1012 2551 1193 2596 judicialia
1216 2561 1407 2599 praecepta
1429 2555 1558 2589 veteris
1577 2554 1679 2599 legis,

111 2610 151 2638 ut
168 2611 276 2649 supra
296 2600 434 2637 dictum
455 2609 510 2637 est
531 2600 577 2648 (q.
601 2613 675 2646 104.
697 2607 761 2638 art.
783 2614 816 2647 4.
837 2609 868 2639 ct
888 2616 919 2651 q.
943 2605 1051 2651 105.),·
1075 2616 1163 2651 crgo
1191 2614 1366 2652 quantum
1389 2607 1432 2642 ad
1455 2607 1525 2643 hoc
1549 2608 1680 2644 insuffi-

111 2655 250 2691 cienter
269 2654 383 2690 vitam
404 2654 598 2691 hominum
620 2655 812 2692 ordinavit.

185 2719 215 2756 3.
235 2707 471 2745 ΡιΑετειιεΑ.
496 2708 535 2744 In
557 2709 669 2745 veteri
684 2708 765 2755 lege
779 2719 920 2758 praeter
933 2721 1124 2759 praecepta
1141 2712 1306 2755 moralia,
1321 2723 1355 2749 et
1370 2715 1563 2760 judicialia,
1578 2725 1679 2752 erant

110 2762 290 2810 quaedam
315 2761 609 2805 caeremonialia,
635 2763 731 2798 circa
755 2775 849 2811 quae
877 2764 1058 2801 Dominus
1085 2766 1175 2801 nihil
1204 2767 1403 2810 ordinavit;
1426 2780 1514 2814 ergo
1536 2770 1679 2806 videtur

110 2814 370 2855 insufficinter
389 2814 589 2852 ordinasse.
1017 2851 1025 2859 ,

180 2880 215 2915 4.
241 2869 478 2907 ΡιιΛΒτΕιΕΛ.
506 2870 563 2906 Ad
590 2871 800 2906 interiorem
827 2871 963 2907 bonam
990 2873 1121 2908 mentis
1148 2874 1426 2921 dispositionem
1449 2878 1613 2923 pertinet,
1641 2886 1678 2913 ut

109 2923 253 2961 nullum
271 2924 411 2960 bonum
431 2935 524 2972 opus
544 2924 659 2960 homo
685 2924 795 2961 saciat
820 2935 966 2974 propter
987 2938 1256 2975 quemcumque
1286 2929 1527 2977 temporalem
1551 2930 1676 2968 finem:

253 3004 283 3034 s.
302 3004 425 3035 τιοω
446 3005 552 3034 sm·-
577 3006 738 3043 Theologiu.
759 3007 823 3035 voi.
847 3008 883 3035 ιι.
1503 3022 1530 3045 5,
