1955 3182
230 169 283 208 62
682 176 904 212 QUAEsrro
938 177 980 205 v.
1013 175 1258 206 ARTICULUS
1291 175 1335 205 11.

229 259 401 294 scendere
430 270 493 305 per
523 258 773 304 operationem
802 257 1018 298 intellectus,
1040 256 1126 290 dum
1158 255 1326 302 intelligit
1347 255 1480 301 aliquid
1514 266 1620 301 super
1642 253 1791 300 angelos

229 323 318 354 esse,
353 313 449 358 quod
482 312 650 346 homines
684 310 884 352 beatificat3
915 309 1011 355 quod
1046 321 1129 343 cum
1162 309 1318 355 perfecte
1352 316 1603 353 consequetur,
1636 307 1792 354 perfecte

228 365 355 399 beatus
378 365 453 398 erit.
1381 371 1385 376 ’

788 472 1134 517 ARTICULUS
1170 472 1226 515 II.
1749 491 1793 528 34

420 569 574 598 UTRUM
599 568 714 598 UNUS
739 568 868 596 HOMO
897 568 1048 597 Possm·
1070 568 1171 601 EssE
1198 567 1388 596 BEATIOR
1414 565 1603 595 ALTERo.

705 649 752 693 (4.
772 650 861 683 Dist.
883 660 940 695 49.
963 660 992 694 q.
1015 661 1042 683 I.
1066 653 1129 682 art.
1151 659 1184 693 4.
1206 660 1236 694 q.
1258 648 1319 694 2.).

301 733 361 767 AD
384 743 591 767 SECUNDUM
613 733 664 766 sic
685 731 902 778 proceditur.
924 730 1087 772 Videtur,
1109 730 1206 776 quod
1234 740 1326 763 unus
1346 729 1461 763 homo
1488 727 1560 762 alio
1582 738 1657 762 non
1682 727 1797 773 possit

230 797 307 820 esse
328 786 486 821 beatior:
508 785 694 820 beatitudo
718 785 815 818 enim
837 792 891 818 est
911 784 1115 830 praemium
1140 783 1292 824 virtutis,
1319 790 1358 816 ut
1382 781 1629 827 Philosophus
1651 781 1739 815 dicit
1757 780 1796 814 in

234 851 261 873 1.
285 839 401 873 Ethic.
424 840 511 885 (cap.
534 839 604 885 9.):
624 838 686 872 sed
708 849 772 883 pro
796 837 963 883 operibus
985 837 1159 870 virtutum
1186 835 1355 869 omnibus
1377 834 1538 880 aequalis
1559 845 1701 868 merces
1722 834 1798 867 red-

230 893 333 926 ditur.
355 892 498 926 Dicitur
520 892 617 925 enim
639 891 766 925 Matth.
791 901 845 925 2o.
868 890 965 936 quod
988 901 1128 931 omnes,
1150 889 1211 934 qui
1237 887 1378 934 operati
1402 887 1539 921 suntin
1559 887 1677 929 vinea,
1699 897 1799 920 acce-

229 953 359 992 perunt
380 945 542 991 singulos
561 944 729 978 denarios
742 957 748 978 z
761 944 855 989 quia,
876 951 915 977 ut
929 943 1015 976 dicit
1031 942 1185 987 Gregor.
1202 941 1307 985 (hom.
1328 953 1380 988 19.
1394 942 1430 975 in
1443 941 1574 986 Evang.
1597 945 1670 975 ante
1682 939 1796 985 med),

230 998 421 1044 aequalem
443 1006 609 1032 aeternae
630 997 725 1030 vitae
747 996 1024 1031 retributionem
1046 995 1163 1029 sortiti
1183 1002 1286 1036 sunt3
1308 1005 1396 1040 ergo
1417 1005 1510 1028 unus
1535 1004 1612 1027 non
1633 993 1700 1027 erit
1719 993 1800 1027 bea-

229 1051 299 1086 tior
322 1051 405 1085 alio.

301 1114 332 1137 2.
350 1104 585 1138 PRAETERm.
601 1102 792 1136 Beatitudo
809 1110 862 1136 est
875 1113 1062 1136 summum
1076 1101 1234 1143 bonum;
1256 1100 1320 1135 sed
1338 1111 1485 1134 summo
1499 1098 1574 1134 no‘n
1588 1106 1709 1146 potest
1721 1109 1799 1133 esse

231 1157 364 1203 aliquid
386 1158 522 1202 majus;
550 1167 637 1202 ergo
662 1156 884 1190 beatitudine
912 1155 1017 1189 unius
1043 1155 1205 1189 hominis
1230 1165 1306 1188 non
1333 1161 1453 1199 potest
1478 1164 1557 1188 esse
1583 1153 1655 1187 alio
1682 1153 1800 1198 major

229 1210 427 1244 beatitudo.

306 1275 334 1309 3.
356 1263 593 1297 PRAETEREA.
616 1261 820 1302 Beatitudo,
843 1272 927 1294 cum
949 1261 994 1295 sit
1014 1259 1226 1306 perfectum,
1249 1268 1284 1294 et
1304 1259 1487 1294 sufficiens
1500 1260 1652 1301 bonum,
1666 1258 1802 1293 deside-

230 1317 325 1350 rium
343 1316 504 1350 hominis
520 1315 670 1361 quietat:
694 1315 755 1348 sed
770 1325 844 1348 non
868 1314 1047 1359 quietatur
1066 1313 1296 1355 desiderium,
1317 1313 1349 1347 si
1369 1312 1516 1359 aliquod
1536 1313 1676 1354 bonum
1689 1311 1801 1353 deest,

233 1370 329 1416 quod
352 1368 510 1415 suppleri
529 1368 661 1414 possit3
689 1368 719 1402 si
746 1375 867 1401 autem
893 1366 984 1400 nihil
1006 1367 1116 1408 deest,
1136 1366 1233 1412 quod
1251 1366 1410 1412 suppleri
1429 1366 1553 1412 possit,
1573 1367 1649 1400 non
1670 1364 1802 1411 poterit

233 1436 310 1458 esse
339 1423 473 1469 aliquid
501 1422 595 1456 aliud
623 1423 740 1467 majus
766 1422 923 1462 bonum;
952 1431 1038 1466 ergo
1061 1419 1119 1454 vel
1140 1420 1255 1454 homo
1277 1431 1351 1454 non
1379 1427 1432 1454 est
1457 1419 1594 1461 beatus,
1613 1418 1673 1453 vel
1692 1419 1723 1453 si
1748 1426 1803 1453 est

230 1479 367 1519 beatus,
389 1488 464 1511 non
486 1484 605 1523 potest
627 1476 696 1509 alia
717 1476 834 1520 major
855 1474 1040 1508 beatitudo
1064 1485 1153 1508 esse.

303 1531 378 1565 SED
401 1540 556 1565 CONTRA
578 1536 642 1570 est,
658 1528 754 1574 quod
769 1529 898 1562 dicitur
908 1528 1012 1573 Joan.
1029 1537 1097 1569 14:
1113 1527 1154 1561 In
1167 1526 1262 1561 domo
1277 1527 1388 1561 Patris
1404 1527 1469 1561 mei
1477 1527 1664 1560 mansiones
1676 1524 1799 1559 multae

230 1589 316 1626 sunt,
331 1594 394 1630 per
411 1594 511 1629 quas,
526 1590 564 1616 ut
577 1582 803 1627 Augustinus
818 1581 905 1614 dicit
918 1581 993 1625 (lib.
1016 1580 1052 1614 da
1066 1581 1098 1615 S.
1120 1580 1275 1625 Virginit.
1290 1586 1362 1626 cap.
1377 1580 1433 1615 26.
1454 1579 1559 1625 infin.
1578 1584 1609 1614 et
1629 1582 1724 1613 tract.
1747 1577 1802 1624 67.

232 1639 267 1671 in
283 1638 381 1681 joan.
405 1638 466 1672 cir.
489 1635 599 1680 med),
616 1635 778 1668 diversae
793 1634 1007 1668 meritorum
1023 1633 1215 1679 dignitates
1233 1632 1484 1679 intelliguntur
1497 1632 1534 1666 in
1548 1632 1623 1666 vita
1637 1639 1797 1666 aeterna:

232 1690 387 1735 dignitas
409 1699 531 1722 autem
546 1688 640 1722 vitae
658 1696 837 1729 aeternae,
856 1698 948 1732 quae
967 1698 1032 1732 pro
1047 1686 1178 1720 merito
1194 1686 1308 1728 datur,
1324 1694 1378 1720 est
1398 1685 1475 1732 ipsa
1495 1684 1680 1720 beatitudo
1692 1697 1701 1727 ;
1715 1695 1802 1730 ergo

232 1751 314 1778 sunt
335 1742 465 1776 diversi
487 1742 618 1788 gradus
640 1741 883 1782 beatitudinis,
905 1749 940 1774 et
960 1751 1035 1774 non
1059 1740 1224 1774 omnium
1246 1747 1300 1774 est
1321 1738 1482 1785 aequalis
1499 1739 1698 1773 beatitudo.

302 1796 532 1830 Rssspoxmo
560 1794 766 1835 dicendum,
795 1794 903 1839 quod,
931 1794 1024 1827 sicut
1044 1804 1152 1839 supra
1174 1792 1312 1827 dictum
1334 1800 1388 1827 est
1407 1792 1453 1838 (q.
1470 1804 1500 1827 1.
1525 1797 1589 1826 art.
1611 1793 1644 1827 8.
1665 1797 1694 1826 et
1713 1803 1744 1837 q.
1770 1802 1802 1826 2.

232 1854 294 1884 art.
311 1851 370 1895 7.)‚
384 1849 420 1881 in
431 1848 569 1882 ratione
590 1847 822 1881 beatitudinis
837 1847 899 1880 dno
919 1846 1169 1888 includuntur3
1185 1845 1325 1880 scilicet
1339 1846 1503 1892 ipsefinis
1516 1845 1660 1887 ultimus,
1677 1844 1738 1890 qui
1751 1852 1805 1878 est

233 1913 418 1936 summum
433 1901 582 1942 bonum,
598 1908 633 1934 et
650 1900 791 1946 adeptio,
811 1899 870 1933 vel
892 1899 1012 1933 fruitio
1033 1899 1144 1945 ipsius
1165 1898 1270 1934 boni:
1294 1906 1471 1945 quantum
1492 1900 1596 1944 igitur
1617 1898 1661 1932 ad
1682 1898 1802 1944 ipsum

230 1955 381 1996 bonum,
403 1954 500 2000 quod
520 1962 572 1987 est
592 1953 823 1987 beatitudinis
846 1953 1042 1998 objectum,
1065 1960 1100 1986 et
1122 1963 1242 1993 causa,
1264 1963 1340 1986 non
1362 1959 1482 1998 potest
1502 1962 1581 1985 esse
1602 1963 1675 1985 una
1695 1950 1805 1985 beati-

231 2008 319 2042 tudo
339 2007 409 2040 alia
423 2008 556 2052 major:
577 2006 662 2052 quia
682 2017 757 2039 non
773 2014 826 2039 est
838 2006 908 2039 nisi
923 2017 1036 2039 unum
1052 2017 1240 2039 summum
1253 2005 1404 2046 bonum,
1419 2004 1559 2039 scilicet
1571 2004 1683 2046 Deus,
1702 2005 1804 2049 cujus

231 2060 400 2094 fruitione
421 2060 592 2094 homines
615 2067 697 2093 sunt
717 2059 824 2092 beati.
845 2058 917 2092 Sed
939 2067 1115 2104 quantum
1137 2058 1181 2092 ad
1211 2058 1444 2104 adeptionem
1469 2057 1681 2103 hujusmodi
1705 2057 1804 2099 boni,

231 2113 291 2147 vel
311 2113 533 2154 fruitionem,
555 2120 674 2158 potest
695 2111 823 2157 aliquis
846 2111 916 2145 alio
937 2123 1014 2145 esse
1036 2111 1197 2145 beatior:
1221 2111 1305 2157 quia
1323 2119 1458 2157 quanto
1473 2111 1590 2157 magis
1611 2111 1684 2144 hoc
1704 2110 1803 2145 bono

232 2166 370 2208 fruitur,
391 2175 492 2200 tanto
511 2166 650 2199 beatior
668 2173 730 2199 est.
751 2165 943 2210 Contingit
956 2173 1089 2207 autem,
1105 2165 1263 2211 aliquem
1278 2164 1469 2211 perfectius
1489 2163 1560 2198 frui
1577 2164 1672 2206 Deo,
1691 2175 1802 2210 quam

234 2220 357 2262 alium,
380 2231 421 2254 ex
444 2231 487 2253 eo
511 2219 607 2265 quod
630 2227 683 2253 est
703 2218 833 2252 melius
855 2219 1062 2264 dispositus,
1083 2218 1142 2252 vel
1160 2218 1347 2252 ordinatus
1365 2218 1410 2252 ad
1428 2218 1504 2263 ejus
1521 2216 1752 2252 fruitionem:
1771 2224 1806 2252 et

233 2273 434 2308 secundum
455 2273 526 2307 hoc
549 2280 668 2319 potest
690 2272 817 2318 aliquis
841 2271 912 2305 alio
934 2272 1073 2305 beatior
1095 2283 1184 2306 esse.

303 2327 363 2360 AD
390 2336 539 2360 PRmUM
561 2336 648 2370 ergo
672 2325 878 2366 dicendum,
901 2325 997 2370 quod
1020 2325 1138 2358 unitas
1161 2324 1298 2358 denarii
1319 2324 1500 2371 significat
1524 2324 1701 2358 unitatem
1725 2323 1806 2358 bea-

232 2380 394 2414 titudinis
417 2391 458 2413 ex
479 2387 579 2425 parte
602 2378 752 2423 objecti:
784 2378 846 2412 sed
877 2378 1064 2412 diversitas
1094 2378 1329 2411 mansionum
1359 2377 1540 2423 significat
1560 2377 1804 2412 diversitatem

232 2433 463 2467 beatitudinis
485 2432 686 2466 secundum
708 2431 891 2465 diversum
913 2431 1066 2477 gradum
1088 2430 1280 2465 fruitionis.

304 2486 364 2520 AD
387 2496 594 2521 SECUNDUM
621 2484 826 2526 dicendum,
854 2484 951 2530 quod
977 2484 1162 2518 beatitudo
1190 2484 1321 2518 dicitur
1347 2495 1425 2519 esse
1450 2496 1638 2519 summum
1666 2485 1806 2520 bonum

233 2540 447 2585 inquantum
469 2546 523 2573 est
543 2538 677 2572 summi
698 2538 784 2571 boni
806 2537 963 2584 perfecta
986 2538 1179 2583 possessio,
1201 2538 1276 2572 sive
1298 2537 1432 2572 fruitio.

306 2593 366 2626 Ao
393 2602 565 2627 TERTIUM
593 2591 799 2632 dicendum,
826 2591 922 2637 quod
950 2590 1040 2624 nulli
1066 2591 1172 2625 beato
1201 2591 1301 2625 deest
1328 2591 1474 2638 aliquod
1503 2591 1643 2626 bonum
1671 2591 1807 2626 deside—

234 2645 398 2687 randum,
422 2657 506 2679 cum
527 2645 661 2678 habeat
680 2644 798 2689 ipsum
821 2645 960 2678 bonum
981 2644 1174 2686 infinitum,
1197 2644 1295 2690 quod
1317 2653 1371 2679 est
1392 2646 1514 2680 bonum
1532 2646 1638 2680 omnis
1655 2647 1744 2687 boni,
1767 2653 1806 2680 ut

234 2700 386 2744 August.
410 2698 496 2732 dicit
518 2698 580 2744 (ep.
599 2698 653 2744 56.
670 2702 760 2744 part.
784 2702 850 2731 tml.
872 2697 952 2731 mad.
971 2702 999 2731 al
1018 2709 1060 2743 13.
1079 2697 1116 2731 da
1141 2698 1235 2731 Trin.
1255 2704 1329 2744 cap.
1353 2698 1421 2744 7.).·
1444 2698 1507 2733 sed
1529 2699 1660 2732 dicitur
1676 2697 1804 2744 aliquis

235 2751 305 2785 alio
325 2752 463 2785 beatior
485 2763 526 2785 ex
548 2751 688 2785 diversa
710 2751 872 2795 ejusdcm
899 2751 985 2784 boni
1012 2750 1304 2796 participatione:
1333 2751 1469 2786 additio
1497 2759 1620 2786 autem
1647 2751 1803 2786 aliorum

233 2805 415 2838 bonorum
437 2816 511 2838 non
534 2812 643 2850 auget
663 2804 944 2845 beatitudinem,
972 2803 1065 2837 unde
1089 2804 1183 2850 Aug.
1207 2804 1293 2838 dicit
1314 2804 1351 2838 in
1377 2815 1404 2849 ς.
1428 2804 1538 2840 Conf.
1573 2804 1661 2852 (cap.
1683 2816 1716 2849 4.
1743 2806 1803 2839 cir.

228 2859 378 2903 princ.):
400 2858 470 2902 Qui
490 2863 527 2899 ts,
546 2863 576 2892 ct
595 2857 652 2892 illa
673 2859 777 2899 novit,
800 2869 864 2891 non
880 2862 1018 2904 propter
1041 2857 1099 2891 illa
1120 2858 1258 2899 beatior,
1281 2857 1335 2892 sed
1350 2863 1489 2904 propter
1509 2863 1537 2893 te
1557 2858 1662 2893 solum
1684 2859 1803 2894 beatus.
