1907 3182
249 176 335 229 356
692 186 910 222 QUAESTIO
943 186 982 214 L.
1016 184 1261 215 ARTICULUS
1294 185 1352 214 VI.

246 268 284 300 in
306 267 486 313 potentia:
510 267 778 301 considerantes
800 267 908 312 igitur
930 265 1103 311 praedicti
1118 265 1452 307 Commentatores‚
1475 265 1572 311 quod
1595 265 1716 311 angeli
1730 274 1815 300 sunt

247 320 519 362 immateriales,
544 328 577 354 et
598 320 695 366 quod
729 331 801 353 non
826 327 878 352 est
899 319 934 352 in
957 318 1026 351 illis
1048 318 1209 363 potentia
1243 319 1426 360 materiae,
1454 318 1654 352 secundum
1675 319 1747 353 hoc
1769 319 1812 353 ab

249 374 299 408 eis
321 374 485 407 habitum
505 373 742 414 excluserunt,
766 380 800 406 et
822 383 930 405 omne
954 371 1139 405 accidens:
1166 371 1228 404 sed
1251 371 1333 416 quia
1355 370 1439 405 licet
1459 371 1496 405 in
1516 371 1651 417 angelis
1674 383 1749 406 non
1770 372 1816 406 sit

248 427 409 474 potentia
429 427 613 468 materiae,
637 434 689 460 est
709 433 832 459 tamen
856 425 890 457 in
914 424 963 457 eis
986 423 1105 469 aliqua
1127 424 1288 469 potentia
1311 424 1405 468 (esse
1421 424 1519 458 enim
1541 432 1663 458 actum
1684 436 1814 471 purum

249 489 302 514 est
322 480 509 526 proprium
532 480 630 523 Dei);
654 479 735 512 ideo
758 479 972 523 inquantum
991 477 1171 510 invenitur
1192 477 1228 510 in
1251 477 1300 510 eis
1324 477 1366 511 de
1388 477 1561 523 potentia,
1579 477 1759 511 intantum
1776 478 1813 512 in

249 534 298 568 eis
325 541 476 580 possunt
496 533 638 566 habitus
660 531 824 565 inveniri.
849 530 919 564 Sed
942 530 1025 575 quia
1047 531 1207 576 potentia
1235 530 1419 571 materiae,
1443 538 1477 565 et
1497 531 1659 576 potentia
1680 530 1816 565 intelle-

251 587 377 621 ctualis
409 586 628 619 substantiae
649 596 725 618 non
747 592 800 618 est
821 584 924 617 unius
948 583 1118 625 rationis;
1140 583 1222 616 ideo
1242 594 1305 628 per
1332 595 1556 629 consequens
1584 595 1651 618 nec
1673 583 1816 618 habitus

250 640 353 674 unius
373 639 521 673 rationis
541 647 594 672 est
620 637 828 682 utrobique:
853 636 946 670 unde
966 635 1174 681 Simplicius
1197 636 1282 670 dicit
1303 636 1339 669 in
1367 644 1562 670 comment.
1590 636 1815 671 Praedicam.

251 693 327 737 (loc.
361 699 428 739 sup.
465 693 548 737 cit),
572 691 668 737 quod
689 690 832 724 habitus
855 688 1109 724 intellectualis
1132 689 1352 723 substantiae
1380 701 1455 723 non
1486 698 1569 724 sunt
1589 690 1724 725 similes
1746 690 1816 732 his,

250 747 310 793 qui
339 754 421 780 sunt
442 747 512 787 hic,
535 745 737 778 habitibus:
761 744 823 777 sed
858 743 974 789 magis
1008 751 1091 776 sunt
1112 742 1248 777 similes
1283 742 1519 789 simplicibus,
1543 751 1578 777 et
1597 744 1816 778 immateria-

247 800 339 834 libus
366 799 565 845 speciebus,
603 809 690 843 quas
719 797 878 831 continet
900 797 935 830 in
966 796 1093 842 seipsa.
1126 795 1234 830 Circa
1255 796 1467 841 hujusmodi
1503 804 1627 830 tamen
1651 796 1817 830 habitum

251 853 354 887 aliter
375 864 412 886 se
439 852 548 885 habet
581 850 785 885 intellectus
813 849 1010 895 angelicus,
1038 858 1072 883 et
1099 848 1201 883 aliter
1227 848 1429 883 intellectus
1456 849 1819 884 humanus:'intelle-

251 914 327 940 ctus
350 906 447 940 enim
467 906 658 945 humanus,
681 915 764 937 cum
787 903 831 937 sit
852 902 997 936 infimus
1031 903 1066 936 in
1096 903 1221 936 ordine
1244 902 1505 945 intellectuum,
1528 911 1581 937 est
1602 903 1639 936 in
1657 903 1818 949 potentia

250 967 411 1005 respectu
434 960 599 992 omnium
622 956 927 1002 intelligibilium,
955 956 1047 990 sicut
1072 956 1224 990 materia
1239 956 1355 1001 prima
1376 964 1540 1002 respectu
1568 956 1734 990 omnium
1751 955 1820 990 for-

250 1024 392 1046 marum
420 1011 655 1052 sensibilium,
679 1019 713 1044 et
734 1010 816 1044 ideo
837 1010 879 1043 ad
903 1010 1027 1043 onmia
1041 1009 1276 1054 intelligenda
1295 1009 1432 1055 indiget
1455 1009 1576 1055 aliquo
1597 1010 1739 1044 habitu:
1756 1010 1818 1044 sed

249 1065 453 1100 intellectus
475 1064 659 1109 angelicus
678 1075 752 1097 non
775 1075 811 1097 se
838 1063 948 1097 habet
981 1064 1073 1097 sicut
1093 1074 1183 1109 pura
1203 1063 1366 1108 potentia
1391 1063 1427 1096 in
1454 1074 1588 1108 genere
1617 1062 1820 1109 intelligibi-

249 1119 351 1161 lium,
370 1119 431 1153 sed
455 1118 547 1152 sicut
569 1126 668 1151 actus
688 1117 852 1163 quidam,
874 1128 948 1150 non
972 1124 1094 1150 autem
1112 1116 1204 1150 sicut
1227 1124 1327 1150 actus
1348 1127 1457 1162 purus
1476 1116 1564 1161 (hoc
1592 1117 1690 1150 enim
1708 1116 1820 1151 solius

252 1173 322 1206 Dei
345 1173 426 1216 est),
451 1171 512 1205 sed
536 1183 619 1204 cum
641 1170 881 1217 permixtione
905 1169 1054 1215 alicujus
1081 1170 1284 1216 potentiae,
1316 1177 1350 1203 et
1367 1178 1468 1204 tanto
1501 1171 1620 1204 minus
1646 1170 1756 1204 habet
1777 1170 1820 1203 de

251 1225 523 1272 potentialitate,
543 1232 678 1270 quanto
702 1232 755 1258 est
783 1223 967 1269 superior,
990 1231 1024 1257 et
1046 1223 1127 1257 ideo
1151 1231 1188 1257 ut
1205 1223 1242 1256 in
1269 1233 1296 1256 1.
1328 1223 1466 1256 dictum
1489 1231 1542 1257 est
1563 1224 1610 1269 (q.
1629 1235 1673 1269 55.
1696 1228 1758 1257 art.
1774 1225 1818 1270 3.)

247 1281 461 1326 inquantum
484 1287 536 1313 est
562 1279 597 1311 in
620 1278 791 1324 potentia,
814 1277 950 1322 indiget
972 1276 1094 1322 perfici
1116 1276 1347 1310 habitualiter
1365 1287 1426 1323 per
1445 1276 1583 1322 aliquas
1605 1276 1746 1323 species
1770 1277 1822 1310 in-

250 1332 455 1377 telligibiles
478 1332 520 1365 ad
541 1332 792 1377 operationem
811 1330 1013 1376 propriam:
1037 1330 1098 1363 sed
1121 1330 1336 1376 inquantum
1364 1338 1417 1364 est
1438 1338 1520 1364 actu
1542 1341 1606 1375 per
1627 1330 1820 1364 essentiam

257 1397 359 1420 suam
382 1393 500 1431 potest
522 1384 639 1430 aliqua
659 1383 871 1429 intelligere,
896 1383 938 1416 ad
966 1383 1084 1416 minus
1107 1383 1278 1429 seipsum,
1298 1391 1332 1417 et
1355 1383 1423 1416 alia
1445 1383 1646 1417 secundum
1667 1383 1820 1417 modum

254 1450 339 1473 suae
368 1438 598 1480 substantiae,
632 1445 670 1471 ut
707 1437 836 1471 dicitur
865 1437 900 1470 in
931 1436 1022 1470 libro
1051 1436 1093 1470 de
1125 1436 1256 1470 Causis
1285 1436 1432 1483 (propos.
1467 1437 1498 1471 8.
1532 1441 1624 1482 8113.
1651 1437 1738 1470 <inter
1768 1443 1820 1483 op.

253 1493 376 1537 Arist.)
389 1505 399 1527 .·
423 1501 456 1526 et
477 1500 578 1526 tanto
606 1490 808 1538 perfectius,
843 1498 977 1536 quanto
1006 1498 1059 1524 est
1079 1489 1281 1535 perfectior.
1317 1489 1388 1523 Sed
1420 1489 1503 1535 quia
1529 1488 1650 1523 nullus
1672 1489 1822 1535 angelus

253 1546 422 1593 pertingit
444 1546 486 1579 ad
510 1544 770 1591 perfectionem
793 1544 874 1584 Dei,
894 1543 954 1577 sed
980 1542 1161 1577 infinitum
1184 1543 1301 1585 distat,
1323 1550 1469 1589 propter
1490 1543 1561 1576 hoc
1584 1543 1628 1576 acl
1651 1544 1826 1588 attingen-

252 1600 338 1633 dum
362 1599 404 1633 ad
427 1599 544 1645 ipsum
565 1599 687 1632 Deum
703 1609 764 1643 per
785 1596 1021 1638 intellectum,
1044 1604 1079 1630 et
1099 1596 1326 1630 voluntatem
1341 1596 1477 1642 indiget
1499 1595 1676 1642 aliquibus
1698 1596 1824 1630 habiti-

253 1654 330 1694 bus,
351 1661 539 1698 tamquam
562 1652 597 1684 in
619 1651 780 1697 potentia
804 1650 958 1684 existens
992 1657 1156 1695 respectu
1187 1649 1283 1683 illius
1304 1649 1382 1695 puri
1407 1657 1523 1683 actus:
1546 1649 1642 1683 unde
1668 1649 1822 1695 Dionys.

254 1706 339 1740 dicit
361 1707 438 1751 (loc.
462 1707 515 1740 cit.
538 1707 571 1738 in
594 1716 663 1749 arg.
687 1704 737 1738 scd
759 1703 862 1747 cont.)
879 1704 1009 1737 habitus
1026 1715 1138 1736 eorum
1153 1715 1213 1737 esse
1227 1702 1412 1748 deiformes,
1436 1702 1564 1748 quibus
1582 1700 1721 1736 scilicet
1741 1702 1823 1736 Deo

254 1759 550 1794 conformantur:
573 1758 715 1792 habitus
736 1765 869 1798 autem,
891 1756 951 1802 qui
973 1764 1055 1790 sunt
1085 1756 1340 1801 dispositiones
1371 1755 1415 1790 ad
1454 1767 1531 1790 esse
1552 1755 1727 1798 naturale,
1748 1766 1823 1790 non

253 1821 334 1847 sunt
353 1813 388 1846 in
411 1811 560 1857 angelis,
585 1823 668 1845 cum
691 1811 761 1844 sint
782 1809 1052 1843 immateriales.

327 1867 386 1900 AD
413 1876 561 1900 PRIMUM
591 1876 677 1911 ergo
706 1864 912 1905 dicendum,
940 1862 1036 1909 quod
1058 1863 1208 1896 verbum
1231 1862 1382 1896 Maximi
1402 1861 1679 1908 intelligendum
1701 1870 1754 1897 est
1779 1862 1823 1897 de

255 1921 445 1961 habitibus,
469 1928 502 1953 et
525 1919 769 1952 accidentibus
791 1916 1048 1951 materialibus.

327 1975 386 2008 AD
409 1984 615 2007 SECUNDUM
643 1972 849 2013 dicendum,
877 1970 974 2017 quod
997 1978 1173 2016 quantum
1201 1970 1245 2003 ad
1272 1970 1342 2004 hoc
1366 1969 1463 2016 quod
1486 1970 1658 2005 convenit
1685 1969 1822 2016 angelis

256 2039 317 2073 per
339 2039 442 2060 suam
465 2027 670 2067 essentiam,
693 2037 767 2059 non
790 2024 952 2069 indigent
973 2024 1116 2057 habitu:
1140 2023 1201 2057 sed
1225 2023 1308 2069 quia
1330 2034 1403 2057 non
1427 2023 1475 2057 ita
1497 2032 1580 2058 sunt
1600 2034 1664 2070 per
1685 2023 1823 2069 seipsos

257 2089 367 2121 entes,
395 2080 478 2126 quin
507 2080 719 2126 participent
746 2078 972 2124 sapientiam,
1007 2085 1040 2110 et
1067 2077 1266 2111 bonitatem
1293 2076 1465 2118 divinam,
1499 2076 1582 2111 ideo
1609 2077 1823 2123 inquantum

257 2134 418 2179 indigent
439 2133 651 2179 participare
675 2131 807 2178 aliquid
832 2132 873 2164 ab
894 2130 1072 2172 exteriori,
1094 2131 1274 2164 intantum
1296 2141 1444 2164 necesse
1472 2138 1524 2164 est
1550 2130 1585 2164 in
1613 2130 1662 2164 eis
1689 2140 1824 2176 ponere

258 2187 412 2221 habitus.

330 2240 389 2274 An
414 2250 583 2274 'rER‘er
611 2238 816 2279 dicendum,
844 2237 940 2284 quod
968 2237 1003 2270 in
1031 2237 1168 2283 angelis
1195 2248 1268 2271 non
1296 2245 1377 2271 sunt
1404 2245 1521 2283 partes
1549 2237 1735 2278 essentiae,
1763 2235 1824 2270 sed

259 2302 340 2328 sunt
367 2302 483 2339 partes
511 2292 710 2327 secundum
738 2291 955 2337 potentiam:
986 2290 1200 2336 inquantum
1228 2290 1431 2324 intellectus
1459 2301 1586 2325 eorum
1613 2301 1676 2337 per
1705 2289 1824 2336 plures

260 2347 397 2394 species
420 2346 611 2392 perficitur,
635 2354 668 2379 et
690 2345 856 2404 xioluntas
879 2355 1004 2378 eorum
1029 2355 1065 2378 se
1087 2344 1195 2378 habet
1218 2344 1260 2378 ad
1283 2343 1396 2390 plura.
