1907 3198
547 178 769 215 ouans-rm
801 177 890 208 κει.
924 176 1170 208 Ακτιευιυε
1203 175 1247 206 11.
1533 152 1538 156 ’
1591 165 1670 219 651

112 260 327 309 providens:
349 260 444 296 unde
466 267 499 295 ct
521 260 556 294 in
580 260 655 307 ipsa
682 259 916 307 participatur
936 259 1028 295 ratio
1055 267 1214 300 aeterna,
1234 269 1296 305 per
1317 269 1427 304 quam
1449 257 1558 292 habet
1579 266 1679 293 natu-

112 313 228 350 ralem
248 313 522 349 inclinationem
542 314 585 348 ad
608 314 769 349 debitum
796 322 931 356 actum,
952 321 988 348 et
1008 312 1138 348 finem:
1165 320 1200 347 et
1226 312 1307 347 talis
1334 311 1560 358 participatio
1586 311 1678 358 legis

112 375 280 404 aeternae
294 366 330 403 in
345 366 510 402 rationali
527 376 689 401 creatura
704 368 755 416 ¹⁶:¹⁵
768 367 931 402 naturalis
949 366 1095 401 dicitur:
1111 366 1206 400 unde
1222 377 1305 400 cum
1319 364 1511 400 Psalmista
1531 365 1678 400 dixisset

111 421 180 467 (Ps.
201 422 275 467 4.).·
303 420 496 467 Sacrificant
521 421 722 466 sucrificiwn
744 422 903 467 justitiae,
926 420 1027 467 quasi
1054 419 1269 466 quibusdam
1299 418 1564 465 quaerentibus,
1586 429 1678 464 quae

113 482 198 510 sunt
219 474 376 521 justitiae
405 485 528 521 opera,
550 475 750 520 subjungit:
786 474 888 510 Mum
920 474 1057 509 dicunt:
1088 474 1173 518 Quis
1193 472 1328 508 ostendit
1359 473 1452 506 nobis
1481 472 1593 507 homi?
1621 472 1679 506 cui

118 527 316 574 quaestioni
337 527 560 574 respondens
582 528 685 563 dicit:
712 529 883 573 Signatum
906 533 948 562 cst
968 533 1064 574 super
1089 538 1146 562 nos
1167 526 1275 561 lumen
1296 525 1408 560 vanus
1429 526 1488 567 tui,
1510 526 1678 560 Domine:

117 581 217 627 quasi
236 580 361 617 lumen
381 581 532 616 rationis
550 581 734 622 naturalis,
756 592 828 628 quo
851 581 1089 616 discernimus
1110 580 1195 627 quid
1215 580 1260 614 sit
1278 579 1428 620 bonum,
1451 587 1486 614 et
1507 579 1591 625 quid
1607 590 1681 613 ma-

116 632 202 679 lum,
221 635 320 683 quod
341 634 496 682 pertinet
518 634 560 669 ad
584 635 786 670 naturalem
816 634 948 681 legem,
970 633 1061 668 nihil
1083 633 1178 668 aliud
1205 633 1260 675 sit,
1287 643 1398 679 quam
1420 634 1610 679 impressio
1633 632 1681 667 di-

116 686 191 722 vini
210 687 358 724 luminis
378 687 416 722 in
440 688 562 722 nobis:
587 688 680 723 unde
701 696 809 735 patet,
838 688 936 735 quod
957 687 1013 722 lex
1040 686 1213 722 naturalis
1240 685 1331 722 nihil
1363 685 1460 721 aliud
1482 694 1546 728 est,
1568 697 1678 732 quam

116 740 339 789 participatio
360 739 450 788 legis
472 749 641 776 aeternae
659 742 694 776 in
718 741 885 777 rationali
907 750 1082 776 creatura.

183 793 243 830 An
262 805 411 832 Pmuuu
433 806 522 842 ergo
543 795 750 838 dicendum,
772 795 869 842 quod
896 795 987 830 ratio
1015 793 1075 829 illa
1102 794 1328 842 procederet,
1354 793 1385 829 si
1413 792 1470 829 lex
1499 792 1674 828 naturalis

115 856 212 884 esset
235 848 368 896 aliquid
388 849 573 884 diversum
595 860 615 883 a
636 848 718 895 lege
740 857 904 884 aeterna:
928 860 1003 884 non
1025 856 1146 883 autem
1173 855 1227 883 est
1247 848 1316 883 nisi
1337 848 1518 895 quaedam
1539 846 1681 894 partici-

114 901 214 949 patio
235 903 324 950 eius,
344 910 384 938 ut
403 902 541 937 dictum
563 911 616 938 est
636 902 690 948 (in
710 909 802 950 corp.
824 903 919 947 οη).

185 955 247 991 AD
266 965 474 992 SECUNDUM
495 956 703 999 dicendum,
724 956 822 1003 quod
845 956 965 992 omnis
986 954 1150 1003 operatio
1173 955 1335 997 rationis,
1353 962 1389 990 et
1409 953 1607 990 voluntatis
1624 953 1682 990 de-

113 1007 248 1044 rivatur
268 1010 304 1045 in
325 1009 430 1045 nobis
451 1009 494 1044 ab
516 1020 574 1053 eo,
600 1010 697 1056 q'uod
724 1018 779 1045 est
804 1010 1005 1045 secundum
1032 1018 1212 1051 naturam,
1234 1017 1272 1043 ut
1299 1019 1407 1056 supra
1433 1007 1599 1042 habitum
1626 1016 1680 1044 est

114 1060 162 1109 (q.
178 1073 231 1099 10.
248 1067 313 1099 art.
333 1063 400 1109 1.):
422 1074 508 1098 nam
522 1063 643 1098 omnis
658 1063 887 1099 ratiocinatio
906 1063 1089 1098 derivatur
1103 1074 1122 1097 a
1141 1062 1325 1110 principiis
1339 1061 1550 1097 naturaliter
1567 1062 1681 1104 notis;

113 1122 150 1151 et
170 1116 290 1152 omnis
310 1117 489 1164 appetitus
510 1128 638 1152 eorum
660 1128 753 1164 quae
780 1125 862 1152 sunt
883 1117 927 1152 ad
951 1116 1072 1159 finem,
1093 1116 1277 1151 derivatur
1303 1127 1323 1150 a
1345 1115 1500 1151 naturali
1519 1115 1679 1162 appetitu

112 1168 230 1205 ultimi
251 1169 343 1213 finis,
364 1178 400 1206 et
419 1171 470 1206 sic
492 1170 603 1206 etiam
625 1178 780 1218 oportet,
802 1171 900 1218 quod
923 1170 1039 1217 prima
1062 1170 1214 1205 directio
1236 1178 1383 1205 actuum
1405 1177 1615 1204 nostrorum
1635 1169 1678 1203 ad

112 1221 222 1259 finem
244 1222 306 1259 fiat
325 1235 391 1271 per
409 1223 530 1271 legem
552 1223 767 1259 naturalem.

183 1277 245 1312 An
270 1287 442 1314 τεκτιυκ
467 1277 675 1320 dicendum,
701 1277 799 1324 quod
822 1278 932 1313 etiam
956 1277 1127 1312 animalia
1149 1276 1373 1312 irrationalia
1395 1276 1610 1323 participant
1630 1287 1682 1310 ra-

111 1330 250 1366 tionem
271 1338 456 1366 aeternam
477 1341 545 1366 suo
567 1331 692 1373 mode,
713 1333 806 1366 sicut
831 1340 866 1366 et
892 1330 1079 1366 rationalis
1101 1338 1286 1365 creatura:
1309 1330 1372 1364 sed
1391 1331 1476 1376 quia
1495 1329 1681 1364 rationalis

112 1391 277 1420 creatura
297 1384 487 1432 participat
507 1395 590 1420 eam
610 1384 914 1427 intellectualiter,
936 1392 971 1419 et
993 1383 1229 1426 rationaliter,
1247 1384 1330 1418 ideo
1349 1384 1576 1430 participatio
1591 1383 1682 1429 legis

111 1445 279 1474 aeternae
291 1437 328 1473 in
342 1445 505 1473 creatura
519 1437 685 1473 rationali
701 1438 844 1485 proprie
859 1438 915 1473 lex
929 1446 1099 1473 vocatur:
1122 1449 1207 1472 nam
1222 1437 1278 1472 lex
1293 1445 1347 1472 est
1361 1437 1495 1483 aliquid
1516 1437 1676 1478 rationis,

111 1498 151 1526 ut
169 1501 277 1538 supra
297 1490 434 1527 dictum
456 1499 511 1527 est
530 1491 578 1538 (q.
592 1497 706 1539 praec.
728 1497 793 1527 art.
813 1492 879 1537 r.).·
902 1491 936 1526 in
960 1500 1123 1526 creatura
1145 1499 1265 1525 autem
1289 1490 1489 1525 irrationali
1510 1501 1583 1525 non
1606 1502 1683 1538 par·

109 1543 279 1592 ticipatur
298 1544 541 1588 rationaliter;
563 1545 658 1580 unde
678 1556 753 1580 non
775 1553 895 1592 potest
915 1545 986 1580 dici
1007 1544 1064 1580 lex
1086 1545 1154 1580 nisi
1175 1556 1238 1591 per
1258 1543 1546 1579 similitudinem.

3 754 29 962 ,‘fflm=
0 300 26 747 ‘W
0 258 19 283 a*
2 219 12 228 ·

667 1679 1014 1726 ARTICULUS
1043 1680 1122 1724 111.
1611 1689 1680 1734 486

505 1782 660 1814 UTRUM
683 1783 751 1813 εῖτ
778 1783 943 1820 AL1QuA
966 1783 1050 1813 Lex
1077 1782 1277 1814 numam.

372 1877 474 1924 (Insr.
496 1888 528 1924 q.
549 1889 599 1924 95.
626 1882 691 1912 art.
714 1889 741 1913 1.
762 1882 793 1912 ct
813 1888 844 1912 2.
873 1877 961 1912 Dist.
981 1889 1014 1924 9.
1035 1882 1101 1912 art.
1123 1887 1154 1912 2.
1176 1883 1268 1923 corp.
1289 1882 1319 1912 et
1336 1876 1379 1910 ad
1393 1888 1421 1922 5.

321 1932 352 1966 εἳ
367 1942 396 1978 3.
414 1931 505 1966 Dist.
525 1942 583 1976 4⁰·
597 1935 663 1966 art.
682 1942 713 1966 2.
735 1936 766 1966 et
785 1935 852 1966 art.
871 1931 903 1966 8.
925 1936 1017 1977 corp.
1036 1934 1064 1965 et
1086 1931 1181 1966 Rom.
1203 1931 1235 1965 8.
1255 1935 1344 1976 corp.
1362 1934 1391 1964 et
1409 1929 1467 1974 fin.

507 1989 539 2020 et
554 1996 583 2031 3.
602 1985 691 2020 Dist.
711 1995 760 2031 37.
779 1996 809 2031 q.
831 1995 863 2020 2.
885 1989 949 2019 art.
971 1995 1003 2019 2.
1026 1984 1105 2019 Met.
1127 1984 1196 2019 lect.
1215 1983 1274 2030 5.).

182 2080 245 2117 At>
272 2090 444 2117 τεκτιυκ
473 2080 524 2115 sic
553 2081 771 2128 proceditur.
794 2079 957 2122 Videtur,
979 2079 1077 2126 quod
1104 2090 1178 2114 non
1205 2079 1251 2114 sit
1271 2078 1391 2126 aliqua
1414 2078 1471 2114 lex
1498 2078 1678 2113 humana:

109 2132 168 2171 lex
187 2134 286 2170 enim
306 2133 479 2170 naturalis
499 2142 554 2169 est
573 2134 803 2181 participatio
825 2133 916 2179 legis
938 2141 1120 2175 aeternae,
1143 2141 1181 2168 ut
1201 2133 1339 2167 dictum
1361 2140 1415 2167 est
1435 2133 1519 2177 (ar-‚t
1533 2139 1615 2178 pta
1602 2132 1679 2177 cn).-

110 2187 173 2224 sed
194 2199 258 2236 per
277 2187 399 2235 legem
421 2195 606 2223 aeternam
628 2189 753 2222 onmia
775 2195 856 2222 sunt
879 2186 1160 2228 ordinatissima,
1183 2194 1221 2221 ut
1242 2187 1396 2232 August.
1419 2185 1534 2220 dicit
1527 2197 1562 2219 in
1586 2196 1613 2220 1.
1635 2185 1679 2219 dc

111 2241 190 2278 Lib.
211 2241 328 2278 Arbit.
349 2241 442 2289 (cap.
457 2242 491 2278 6.
506 2243 567 2277 cir.
580 2242 682 2289 fin.);
706 2252 794 2287 ergo
817 2240 873 2276 lex
892 2240 1066 2276 naturalis
1087 2239 1220 2275 sufficit
1241 2240 1285 2274 ad
1308 2240 1432 2274 omnia
1451 2239 1611 2274 humana
1627 2250 1681 2273 or·
1719 2250 1727 2256 ·

111 2295 288 2338 dinanda;
309 2305 385 2330 non
406 2302 460 2331 est
481 2306 570 2341 ergo
591 2295 851 2337 necessarium,
873 2294 970 2341 quod
992 2294 1037 2329 sit
1058 2293 1178 2341 aliqua
1200 2293 1255 2328 lex
1278 2293 1450 2328 humana.

183 2358 217 2385 2.
239 2347 479 2385 PRAETEREA.
503 2348 577 2384 Lex
599 2348 708 2383 habet
737 2348 916 2383 rationem
943 2359 1147 2389 mensurae,
1176 2356 1214 2382 ut
1241 2347 1377 2382 dictum
1411 2356 1465 2382 cst
1497 2346 1541 2393 (q.
1566 2353 1679 2394 praec.

110 2407 176 2439 m.
197 2414 225 2440 r.
245 2407 275 2439 et
286 2403 335 2449 a.)
347 2414 359 2438 .·
379 2402 450 2438 sed
462 2403 555 2437 ratio
569 2402 730 2437 humana
749 2413 823 2437 non
837 2409 892 2437 est
905 2412 1074 2436 mensura
1094 2413 1228 2443 rerum,
1242 2401 1304 2435 sed
1319 2401 1438 2448 potius
1453 2413 1472 2435 e
1488 2411 1680 2441 converso,

111 2464 164 2492 ut
169 2455 207 2492 in
231 2466 284 2492 ιο.
305 2454 468 2504 Metaph.
491 2455 573 2500 (tax.
591 2455 639 2502 5.)
661 2455 809 2498 dicitur;
830 2465 918 2502 ergo
941 2466 983 2490 ex
1006 2455 1144 2490 ratione
1171 2454 1333 2489 humana
1355 2453 1454 2488 nulla
1476 2453 1532 2488 lex
1555 2465 1681 2500 procc-

108 2508 196 2546 dere
215 2516 345 2558 potest.

185 2574 215 2611 3.
225 2562 466 2599 Ριυιετειιεᾼ.
480 2561 651 2597 Mensura
666 2561 772 2597 debet
786 2573 864 2597 esse
879 2561 1092 2604 certissima,
1109 2570 1146 2596 ut
1161 2561 1312 2596 dicitur
1305 2572 1340 2595 in
1360 2572 1410 2596 10.
1426 2561 1511 2596 Met.
1527 2563 1606 2605 (tem
1619 2559 1679 2606 3.:)

109 2615 174 2654 sed
198 2616 383 2652 dictamen
408 2615 592 2651 humanae
620 2614 774 2650 rationis
801 2615 844 2651 de
871 2616 977 2651 rebus
999 2615 1166 2661 gerendis
1190 2624 1243 2650 est
1265 2615 1456 2656 incertum,
1479 2614 1679 2649 secundum

109 2668 200 2707 illud
219 2668 306 2717 Sap.
330 2680 384 2718 9.:
413 2669 637 2716 Cogitationes
660 2669 857 2704 ntortulium
879 2669 1028 2711 timidae,
1050 2674 1079 2704 ct
1106 2670 1247 2704 incertae
1268 2668 1501 2715 providentiae
1531 2673 1679 2705 nostrae:

109 2733 200 2772 ergo
221 2734 266 2760 ex
285 2722 427 2759 ratione
447 2722 610 2758 humana
632 2721 732 2757 nulla
754 2721 811 2757 lex
833 2723 1031 2769 procedere
1055 2730 1183 2769 potest.

183 2775 261 2813 SED
281 2785 439 2813 coum
464 2783 530 2819 est,
556 2775 655 2823 quod
682 2775 907 2822 Augustinus
928 2776 963 2811 in
986 2776 1104 2822 primo
1126 2775 1171 2811 de
1194 2775 1326 2810 Libero
1349 2774 1510 2810 Arbitrio
1533 2774 1621 2822 (cup.
1646 2776 1680 2810 6.

108 2833 142 2869 d
157 2830 255 2878 seq),
275 2829 379 2878 ponit
397 2829 479 2869 duas
500 2828 622 2876 leges;
643 2840 746 2865 urtam
771 2837 970 2872 aeternam,
991 2837 1027 2865 et
1051 2830 1156 2865 alicam
1184 2827 1439 2875 temporalem,
1460 2839 1570 2875 quam
1595 2827 1683 2863 dicit

111 2891 193 2920 esse
211 2882 426 2924 humanam.
999 2902 1016 2923 0
