1875 3198
214 179 300 221 826
634 191 852 226 QUAEsa-ro
886 190 1002 220 cvm.
1036 189 1282 220 ARTICULUS
1315 189 1372 227 tv,

210 273 332 307 statim
353 272 485 307 subdit:
515 273 586 317 Qui
600 278 707 319 potast
732 278 858 318 capere,
886 273 1010 318 capiat.
1032 271 1075 305 Et
1097 270 1261 305 similiter
1282 268 1483 316 Apostolus
1514 280 1543 305 1.
1564 268 1609 304 ad
1631 269 1718 304 Cor.
1741 279 1773 315 7,.

210 326 409 373 praemisso
433 325 586 360 consilio
608 326 834 371 virginitatis,
856 325 958 359 dicit:
979 326 1085 359 Porro
1107 325 1166 359 hoc
1184 323 1226 358 ad
1246 324 1580 358 utilitatamvestram
1601 322 1686 365 dico,
1708 334 1775 357 non

212 385 247 414 ut
267 381 419 426 laqueum
440 381 534 414 volvis
556 381 719 425 injiciam.

282 433 341 467 AD
370 443 575 468 SECUNDUM
606 432 810 473 dicendum,
838 431 935 477 quod
965 430 1117 465 meliora
1145 431 1241 464 bona
1270 429 1531 477 particulariter
1561 429 1599 463 in
1625 428 1776 475 singulis

210 495 293 520 sunt
313 487 607 521 indeterminata:
630 486 690 519 sed
714 484 785 527 illa,
805 496 895 530 quae
918 493 999 518 sunt
1021 484 1242 530 simpliciter,
1266 493 1298 518 et
1322 483 1484 518 absolute
1506 483 1658 517 meliora
1679 482 1776 517 bona

211 540 248 573 in
270 540 463 574 universali
484 548 566 574 sunt
592 539 847 580 determinata3
872 538 915 571 ad
937 549 1028 584 quae
1051 538 1161 572 etiam
1189 537 1311 571 omnia
1335 537 1396 571 illa
1422 536 1652 583 particularia
1677 536 1778 571 redu-

213 601 351 636 cuntur,
374 601 412 627 ut
434 594 569 627 dictum
591 601 644 626 est
669 593 719 637 (in
742 598 830 638 corp.
854 592 946 637 art).

281 647 340 681 AD
364 657 535 681 TERTmM
551 646 756 687 dicendum,
773 645 869 691 quod
891 645 1001 679 etiarn
1023 645 1216 679 consilium
1236 644 1463 679 obedientiae
1477 643 1659 678 Dominus
1673 643 1774 678 intel-

211 699 333 745 ligitur
354 700 493 734 dedisse
515 700 551 733 in
566 699 649 741 hoc,
671 699 768 745 quod
791 699 894 733 dixit:
917 699 963 734 Et
974 703 1211 744 sequanam,-
1233 709 1341 745 quem
1355 698 1541 744 sequimur
1561 708 1636 731 non
1657 696 1778 732 solum

213 753 388 787 imitando
401 765 521 799 opera,
533 753 596 787 sed
611 753 719 787 etiam
735 752 938 786 obediendo
954 752 1134 787 mandatis
1144 752 1267 799 ipsius,
1281 752 1482 786 secundum
1496 750 1584 785 illud
1593 750 1697 796 Joan.
1713 761 1776 786 10.:

217 807 302 842 Oves
319 818 407 841 meae
424 818 537 841 vocem
559 818 664 840 meam
686 805 835 847 audiunt,
863 811 890 840 et
909 811 1090 852 sequuntur
1111 819 1170 840 me.

284 861 343 895 AD
367 871 555 899 QUARTUM
577 860 782 902 dicendum,
798 860 894 906 quod
918 871 959 893 ea
979 872 1069 906 quae
1093 860 1136 894 de
1158 871 1242 894 vera
1265 858 1458 893 dilectione
1480 859 1726 901 inimicorum,
1745 866 1780 893 et

213 913 388 948 similibus
410 914 593 948 Dominus
612 914 697 947 dicit
710 913 837 947 Matth.
854 912 885 947 6.
906 922 939 948 et
961 913 1048 947 Luc.
1072 911 1116 956 6.,
1135 913 1165 947 si
1185 912 1384 947 referantur
1403 912 1446 946 ad
1464 913 1779 959 praeparationem

215 967 336 1009 animi,
363 976 446 1002 sunt
475 968 518 1001 de
545 967 759 1001 necessitate
782 966 923 1010 salutis3
950 975 988 1001 ut
1014 966 1153 1001 scilicet
1185 967 1299 1001 homo
1327 967 1541 1013 sit'paratus
1568 965 1779 1000 benefacere

214 1021 381 1063 inimicis,
404 1029 439 1055 et
461 1020 530 1054 alia
547 1021 758 1066 hujusmodi
778 1020 909 1063 facere,
933 1032 1018 1055 cum
1036 1021 1232 1055 necessitas
1250 1020 1322 1054 hoc
1344 1020 1517 1066 requiret3
1533 1028 1568 1054 et
1586 1019 1670 1054 ideo
1687 1019 1781 1054 inter

214 1083 404 1121 praecepta
431 1083 630 1121 ponuntur:
658 1074 719 1109 sed
742 1082 780 1108 ut
802 1074 929 1120 aliquis
957 1074 1113 1122 inimicis
1139 1074 1211 1108 hoc
1239 1073 1406 1108 exhibeat
1430 1081 1597 1120 prompte
1623 1074 1660 1107 in
1687 1081 1781 1115 actu,

215 1129 274 1162 ubi
288 1128 453 1175 specialis
469 1129 664 1162 necessitas
678 1139 752 1162 non
766 1128 933 1170 occurrit,
948 1128 1102 1174 pertinet
1113 1129 1156 1162 ad
1171 1127 1324 1162 consilia
1337 1127 1579 1174 particularia,
1593 1135 1632 1162 ut
1645 1127 1782 1162 dictum

215 1191 267 1217 est
288 1183 560 1229 (1'1zc01p.art.):
583 1182 644 1216 illa
667 1190 799 1224 autem,
815 1194 906 1228 quae
925 1190 1108 1228 ponuntur
1128 1182 1256 1216 Matth.
1276 1192 1327 1216 10.
1344 1190 1379 1216 et
1399 1181 1487 1216 Luc.
1509 1193 1542 1229 9.
1565 1190 1600 1216 et
1624 1192 1688 1224 10.,
1709 1180 1783 1216 fue-

214 1245 296 1270 runt
314 1236 492 1282 quaedam
514 1245 706 1282 praecepta
733 1235 943 1282 disciplinae
958 1247 1022 1282 pro
1049 1244 1214 1282 tempore
1228 1235 1292 1270 illo
1314 1235 1373 1269 vel
1394 1235 1651 1270 concessiones
1677 1247 1784 1282 quae-

214 1290 309 1332 dam,
332 1298 369 1324 ut
390 1301 497 1336 supra
519 1290 656 1324 dictum
671 1297 724 1324 est
746 1289 826 1335 (art.
848 1301 879 1324 2.
902 1290 970 1336 huj.
998 1301 1028 1336 q.
1051 1289 1093 1324 ad
1110 1289 1180 1335 3.);
1205 1297 1239 1324 et
1260 1288 1342 1323 ideo
1363 1300 1437 1324 non
1455 1289 1675 1324 inducuntur
1694 1297 1783 1324 tarn-

216 1355 326 1390 quam
350 1343 512 1378 consilia.

739 1578 1094 1640 QUAESTIO
1138 1578 1269 1626 CIX.

408 1702 470 1733 DE
497 1702 753 1734 EXTERIORI
779 1702 1017 1733 PRINCIPIO
1044 1701 1360 1734 HUMANORUM
1387 1701 1600 1741 ACTUUM,

454 1765 456 1767 ¹
686 1773 895 1805 SCILICET
922 1774 984 1804 DE
1013 1773 1191 1805 GRATIA
1219 1773 1315 1813 DEI,

615 1844 665 1876 IN
704 1845 866 1876 DECEM
905 1845 1168 1877 ARTICULOS
1214 1845 1391 1879 DIVISA.

284 1983 561 2030 Consequenter
572 1983 941 2032 considerandumjest
951 1985 993 2019 de
1004 1985 1170 2020 exteriori
1182 1986 1358 2033 principio
1368 1986 1615 2022 humanorum
1627 1996 1785 2030 actuum,

220 2037 358 2072 scilicet
378 2037 421 2072 de
442 2038 536 2079 Deo,
558 2046 664 2084 prout
683 2038 724 2071 ab
748 2039 826 2084 ipso
849 2051 911 2085 per
933 2039 1087 2085 gratiam
1110 2040 1324 2085 adjuvamur
1346 2041 1389 2075 ad
1412 2049 1508 2076 recte
1527 2041 1726 2088 agendum:
1751 2050 1786 2077 et

214 2093 326 2138 primo
350 2091 654 2126 considerandum
677 2100 729 2126 est
751 2092 793 2126 de
811 2092 936 2127 Gratia
957 2093 1047 2127 Dei:
1062 2093 1198 2128 secundo
1216 2094 1258 2128 de
1279 2094 1396 2129 causis
1417 2095 1512 2140 ejus:
1535 2097 1629 2130 tertio
1645 2096 1688 2130 de
1710 2097 1785 2141 ejus

221 2144 416 2180 effectibus.
437 2146 553 2179 Prima
576 2154 696 2180 autem
712 2146 954 2181 consideratio
970 2147 1035 2182 erit
1057 2149 1238 2194 tripartita.
1261 2148 1358 2183 Nam
1369 2150 1484 2196 primo
1503 2149 1787 2184 considerabitur

221 2200 264 2233 de
278 2201 491 2234 necessitate
508 2199 661 2245 gratiae:
681 2200 817 2235 >mammio
833 2201 876 2235 de
895 2201 971 2248 ipsa
987 2203 1101 2247 gratia
1119 2210 1294 2248 quantum
1310 2203 1353 2238 ad
1372 2204 1447 2250 ejus
1462 2204 1673 2239 essentiam:
1693 2205 1787 2240 terlio

222 2253 265 2288 de
287 2254 362 2299 ejus
385 2253 571 2287 divisione.

685 2344 785 2378 Circa
802 2345 952 2390 primum
979 2350 1184 2391 quaeramur
1204 2345 1320 2381 decem.

292 2413 426 2448 Primo.
451 2414 584 2448 Utrum
608 2414 740 2460 absque
769 2415 880 2459 gratia
904 2417 1016 2462 possit
1037 2417 1151 2451 homo
1175 2417 1321 2464 aliquod
1343 2429 1471 2452 verum
1494 2428 1729 2465 cognoscere.

295 2468 474 2502 Secundo.
499 2468 630 2502 Utrum
653 2469 785 2514 absque
809 2470 922 2515 gratia
945 2470 1013 2505 Dei
1038 2471 1149 2517 possit
1178 2471 1293 2506 homo
1323 2471 1469 2518 aliquod
1496 2472 1633 2506 bonurn
1655 2471 1787 2514 facere,

222 2521 279 2556 vel
300 2521 404 2556 velle.

295 2574 432 2610 Tertio.
456 2575 587 2610 Utrum
609 2575 723 2610 homo
752 2576 884 2622 absque
907 2578 1020 2620 gratia
1044 2578 1156 2623 possit
1177 2579 1298 2613 Deum
1321 2578 1470 2625 diligere
1492 2590 1599 2626 super
1617 2579 1752 2614 omnia.

296 2629 449 2670 Quarto.
485 2629 615 2664 Utrum
651 2630 784 2676 absque
812 2631 925 2675 gratia
962 2632 1074 2677 possit
1100 2644 1162 2678 per
1188 2644 1251 2667 sua
1277 2632 1455 2667 naturalia
1481 2641 1672 2680 praecepta
1698 2632 1788 2679 legis

224 2682 425 2718 observare.

297 2736 447 2777 Quinto.
472 2737 604 2771 Utrum
627 2737 759 2783 absque
782 2739 896 2783 gratia
919 2739 1030 2784 possit
1050 2739 1180 2774 mereri
1202 2740 1313 2774 vitam
1337 2748 1532 2775 aeternam.

296 2790 417 2824 Sexto.
442 2790 573 2825 Utrum
597 2791 711 2825 homo
734 2791 847 2837 possit
869 2803 905 2826 se
929 2791 971 2825 ad
995 2793 1147 2837 gratiam
1172 2805 1384 2840 praeparare
1411 2794 1486 2828 sine
1509 2793 1634 2841 gratia.

297 2844 473 2890 Septimo.
498 2844 629 2879 Utrum
652 2845 784 2891 absque
807 2847 921 2891 gratia
944 2846 1057 2892 possit
1079 2858 1265 2892 resurgere
1289 2858 1308 2881 a
1329 2855 1492 2894 peccato.

300 2897 454 2932 Octavo.
479 2898 611 2932 Utrum
635 2899 769 2945 absque
792 2899 905 2945 gratia
928 2899 1040 2945 possit
1061 2899 1175 2935 homo
1198 2901 1309 2936 vitare
1335 2909 1538 2947 peccatum.
