1907 3198
442 183 665 220 QUAESTIO
700 182 844 214 Lxxw.
877 182 1125 214 ARTICULUS
1158 182 1249 212 v111.
1543 183 1622 226 541

65 277 117 312 ae,
133 266 276 303 etiamsi
295 277 370 302 non
391 273 567 302 statuatur
588 264 815 313 implendum
836 272 982 312 propter
995 263 1278 311 prohibitionem
1301 262 1452 309 alicujus
1474 264 1631 310 superio-

64 320 134 364 τῖες
152 320 248 357 unde
267 327 368 356 actus
389 319 428 355 fit
448 319 688 355 inordinatus:
710 327 746 354 et
771 330 836 366 per
857 329 1084 365 consequens
1110 317 1304 352 delectatio
1326 317 1392 352 erit
1413 317 1629 352 inordinata.

134 373 197 410 An
216 383 398 414 Qun-{Tun
423 373 629 415 dicendum,
659 372 756 419 quod
783 372 893 407 etiam
922 383 1120 407 consensus
1154 371 1190 405 in
1217 370 1510 413 delectationem,
1537 382 1630 418 quae

39 437 48 447 ·
64 427 229 476 procedit
264 439 308 463 ex
343 426 611 474 complacentia
638 435 738 461 actus
764 425 953 460 homicidii
980 425 1142 471 cogitati,
1169 433 1223 460 est
1243 433 1434 471 peccatum
1457 423 1630 464 mortale;

64 491 142 519 non
157 488 279 517 autem
296 491 493 516 consensus
515 480 550 514 in
572 479 865 521 delectationem,
887 490 979 526 quae
1001 478 1165 525 procedit
1185 489 1228 513 ex
1247 477 1513 525 complacentia
1535 477 1633 524 cogi-

63 534 210 572 tationis
229 534 274 570 de
299 534 511 570 homicidio.

136 587 198 623 AD
217 598 370 624 sexa-uu
389 587 596 629 dicendum,
617 586 714 634 quod
737 586 854 621 oratio
876 585 1074 620 Dominica
1096 597 1170 620 non
1192 585 1312 620 solum
1335 593 1462 620 contra
1483 592 1632 632 peccata

65 641 222 678 venialia
239 641 392 677 dicenda
412 649 478 684 est,
498 641 560 676 sed
588 640 699 676 etiam
721 648 847 675 contra
866 639 1046 675 mortalia.

622 770 967 816 ARTICULUS
1003 771 1079 814 IX.
1562 792 1628 827 405

98 879 255 912 UTRUM
281 880 327 912 IN
352 879 579 911 sum-:mom
606 879 800 911 RATIONE
827 879 975 910 Possrr
1001 879 1102 909 ESSE
1135 878 1372 909 PECCATUM
1398 878 1600 919 VENIALE,

223 945 463 977 SECUNDUM
490 945 617 982 QUOD
644 945 725 976 EST
748 945 987 976 DIRECTIVA
1005 944 1273 975 INFERIORUM
1299 943 1465 975 VIRIUM.

458 1033 559 1081 (Injr.
586 1045 617 1069 2.
643 1038 708 1068 art.
739 1045 790 1069 10.
812 1038 842 1068 et
862 1033 941 1068 locis
963 1033 1041 1068 ibid.
1063 1032 1231 1078 inductis).

139 1121 202 1158 AD
226 1131 368 1158 nomm
389 1121 441 1157 sic
467 1122 686 1169 proceditur.
707 1121 871 1164 Videtur,
893 1121 990 1169 quod
1011 1122 1047 1156 in
1069 1121 1246 1169 superiori
1267 1121 1406 1156 ratione
1427 1132 1502 1156 non
1522 1120 1635 1169 possit

69 1186 149 1212 esse
168 1183 360 1224 peccatum
377 1175 531 1218 veniale,
548 1174 865 1222 secundum‘quod
887 1184 941 1210 est
961 1175 1134 1210 directiva
1154 1174 1366 1210 inferiorum
1380 1175 1524 1217 virium,
1545 1174 1636 1209 idest

66 1228 267 1266 secundum
280 1229 379 1276 quod
399 1230 580 1265 consentit
598 1230 634 1264 in
650 1239 772 1264 actum
791 1229 949 1276 peccati:
971 1229 1058 1263 dicit
1075 1229 1174 1264 enim
1190 1230 1342 1275 August.
1354 1229 1390 1263 in
1407 1238 1457 1263 12.
1473 1229 1517 1263 de
1531 1227 1634 1262 Trin.

70 1288 160 1331 (cap.
176 1294 209 1330 7.
225 1283 364 1330 infin),
388 1282 487 1330 quod
506 1283 599 1318 ratio
620 1283 785 1330 superior
805 1283 970 1318 inhaeret
990 1283 1189 1318 rationibus
1205 1283 1377 1318 aeternis:
1400 1283 1461 1318 sed
1484 1293 1635 1330 peccare

69 1335 272 1373 mortaliter
291 1343 345 1372 est
375 1346 440 1384 per
459 1336 688 1372 aversionem
711 1347 731 1370 a
760 1336 958 1371 rationibus
985 1336 1158 1379 aetemis;
1185 1347 1273 1382 ergo
1299 1336 1452 1378 videtur,
1478 1336 1576 1383 quod
1597 1335 1633 1370 in

67 1389 246 1437 superiori
264 1389 405 1425 ratione
424 1400 499 1425 non
517 1389 631 1436 possit
651 1401 730 1424 esse
752 1398 955 1436 peccatum,
976 1389 1045 1424 nisi
1066 1398 1257 1436 peccatum
1279 1389 1445 1424 mortale.

141 1452 175 1479 2.
194 1442 432 1479 PRAETEREA.
454 1443 627 1490 Superior
647 1443 739 1478 ratio
757 1455 795 1478 se
817 1443 926 1478 habet
946 1443 982 1477 in
1000 1444 1073 1478 vita
1095 1443 1282 1490 spirituali,
1299 1452 1487 1490 tamquam
1510 1443 1636 1490 princi-

69 1496 192 1545 pium3
210 1496 305 1532 sicut
323 1505 360 1532 et
380 1507 444 1532 cor
463 1497 500 1532 in
521 1497 595 1532 vita
616 1497 815 1544 corporali:
842 1497 904 1531 sed
941 1496 1168 1532 infirmitates
1194 1497 1314 1532 cordis
1340 1505 1424 1532 sunt
1445 1496 1635 1539 mortale53

69 1560 160 1598 ergo
178 1558 329 1597 peccata
348 1551 542 1598 superioris
567 1550 717 1585 rationis
738 1559 820 1586 sunt
839 1550 1018 1585 mortalia.

143 1614 175 1651 3.
194 1603 433 1640 Pus-rem.
454 1603 652 1639 Peccatum
672 1603 814 1639 veniale
848 1604 887 1639 fit
924 1604 1090 1646 mortale,
1113 1604 1142 1639 si
1163 1604 1225 1639 fiat
1250 1616 1292 1640 ex
1315 1613 1546 1652 contemptu:
1573 1604 1635 1639 sed

69 1656 143 1694 hoc
159 1667 234 1692 non
250 1657 391 1692 videtur
411 1668 489 1693 esse
507 1657 583 1692 sine
610 1666 835 1705 contemptu,
866 1658 963 1705 quod
991 1658 1119 1705 aliquis
1146 1671 1189 1693 ex
1226 1658 1486 1694 deliberatione
1511 1667 1637 1705 peccet

69 1710 181 1748 etiam
201 1709 410 1746 venialiter:
431 1722 517 1746 cum
531 1722 620 1758 ergo
642 1723 840 1746 consensus
861 1712 1010 1747 rationis
1031 1712 1225 1759 superioris
1244 1724 1386 1759 semper
1407 1713 1452 1747 sit
1473 1724 1558 1747 cum
1576 1712 1636 1746 de-

67 1762 281 1801 liberatione
309 1763 401 1811 legis
420 1764 576 1808 divinae,
601 1765 743 1800 videtur
763 1765 860 1812 quod
887 1776 961 1800 non
983 1766 1097 1812 possit
1123 1777 1200 1801 esse
1223 1766 1300 1801 sine
1318 1775 1468 1813 peccato
1491 1766 1635 1801 mortali

52 1852 54 1858 ,
69 1825 217 1868 propter
236 1826 489 1866 contemptum
507 1818 650 1854 divinae
672 1818 773 1865 legis.

141 1870 218 1908 SED
238 1881 406 1908 cosm.
428 1871 640 1907 Consensus
662 1872 698 1907 in
721 1880 842 1906 actum
869 1873 1009 1919 peccati
1031 1872 1185 1919 pertinet
1206 1873 1250 1908 ad
1271 1874 1451 1908 rationem
1478 1874 1638 1921 superio-

70 1936 162 1969 rem,
195 1934 234 1961 ut
262 1936 371 1973 supra
399 1925 536 1961 dictum
571 1934 625 1961 est
646 1927 725 1969 (art.
748 1937 778 1972 7.
801 1927 869 1972 huj.
892 1928 940 1973 q.)
955 1939 965 1962 :
992 1926 1054 1961 sed
1081 1938 1279 1962 consensus
1301 1928 1336 1962 in
1355 1936 1476 1962 actum
1498 1927 1636 1975 peccati

70 1978 222 2016 venialis
243 1986 297 2014 est
313 1987 504 2027 peccatum
519 1979 677 2022 veniale;
697 1991 785 2026 ergo
806 1979 842 2014 in
864 1979 1040 2027 superiori
1062 1980 1200 2015 ratione
1215 1989 1332 2028 potest
1354 1993 1432 2016 esse
1446 1990 1635 2028 peccatum

71 2032 224 2071 veniale.

143 2085 374 2123 Rnsrounso
399 2086 607 2130 dicendum,
624 2087 723 2134 quod
749 2086 842 2122 sicut
868 2087 1021 2134 August.
1044 2087 1130 2123 dicit
1161 2098 1211 2122 12.
1234 2088 1279 2124 de
1302 2088 1534 2136 Trinit.(cap.
1549 2100 1579 2135 7.
1602 2090 1635 2123 in

57 2139 158 2193 fn),
179 2140 273 2176 ratio
288 2140 452 2188 superior
472 2140 638 2176 inhaeret
663 2141 862 2175 rationibus
884 2141 1038 2176 aeternis
1065 2142 1344 2188 conspiciendis,
1367 2152 1427 2178 aut
1449 2142 1637 2178 consulen-

66 2193 147 2233 ὼε
166 2193 400 2242 conspiciendis
420 2194 579 2242 quidem,
600 2194 800 2229 secundum
823 2195 920 2241 quod
948 2206 1072 2230 earum
1099 2196 1287 2230 veritatem
1314 2197 1538 2243 speculatur:
1561 2209 1636 2231 cou-

70 2246 216 2293 nacndis
247 2255 381 2291 autem,
407 2248 609 2283 secundum
637 2248 733 2294 quod
775 2259 838 2294 per
878 2248 1036 2284 rationes
1059 2258 1222 2284 aeternas
1256 2250 1299 2284 dc
1326 2250 1404 2285 aliis
1431 2251 1575 2296 judicat,
1603 2259 1637 2285 et

73 2300 234 2341 ordinat:
255 2301 302 2337 ad
320 2301 418 2349 quod
436 2302 600 2348 pertinet,
625 2302 721 2348 quod
749 2301 982 2336 deliberando
1008 2314 1071 2349 per
1092 2303 1250 2338 rationes
1272 2313 1436 2339 aeternas
1457 2305 1637 2339 consentit

73 2353 111 2392 in
142 2353 301 2403 aliquem
333 2363 467 2398 actum,
493 2354 551 2390 vel
576 2355 738 2390 dissentit
759 2355 801 2389 ab
829 2366 886 2390 eo.
913 2355 1105 2401 Contingit
1130 2365 1264 2399 autem,
1290 2358 1387 2404 quod
1416 2357 1635 2392 inordinatio

74 2414 188 2456 neuls,
205 2407 244 2444 in
264 2419 374 2456 quem
403 2409 594 2450 consentit,
615 2419 688 2443 non
712 2409 950 2444 contrariatur
973 2411 1170 2445 rationibus
1190 2411 1362 2453 aeternis;
1383 2411 1466 2458 quia
1489 2423 1562 2446 non
1584 2420 1637 2446 est

70 2470 161 2499 cum
180 2462 368 2498 aversione
390 2473 412 2497 a
432 2461 502 2498 fine
523 2462 665 2504 ultimo,
687 2462 778 2497 sicut
799 2463 1039 2498 contrariatur
1069 2472 1169 2498 actus
1194 2465 1334 2510 peccati
1367 2465 1551 2506 mortalis;
1574 2465 1635 2499 sed

75 2522 133 2555 at
148 2523 290 2564 praeter
308 2526 382 2559 eas,
402 2515 496 2551 sicut
515 2524 617 2551 actus
638 2515 777 2563 peccati
810 2516 980 2559 venialis;
1007 2518 1101 2552 unde
1131 2518 1277 2564 quando
1299 2518 1390 2553 ratio
1416 2519 1580 2565 superior
1601 2518 1635 2552 in

66 2576 199 2614 {num
218 2569 359 2618 peccati
391 2569 543 2606 venialis
564 2570 755 2611 consentit,
782 2581 856 2605 non
887 2571 1058 2606 avertitur
1080 2582 1098 2605 a
1122 2571 1321 2606 rationibus
1348 2574 1520 2614 aeternis;
1543 2572 1637 2607 unde

73 2632 153 2662 non
170 2631 299 2671 peccat
321 2622 534 2666 mortaliter,
555 2623 617 2659 sed
640 2623 838 2659 venialiter.

146 2674 195 2713 Et
210 2687 275 2725 per
292 2676 365 2712 hoc
387 2683 484 2725 patet
504 2677 691 2725 responsio
713 2687 763 2712 ΑΒ
786 2688 946 2714 prunum.

69 2733 79 2746 ‘
111 2764 113 2770 ,
146 2729 211 2767 An
228 2739 437 2768 sueonum(
457 2730 665 2773 dicendum,
686 2731 783 2777 quod
804 2731 923 2779 duplex
941 2740 995 2767 est
1014 2731 1201 2767 infirmitas
1224 2733 1358 2767 cordis:
1378 2745 1457 2774 una,
1477 2744 1569 2780 quae
1584 2742 1638 2768 est

67 2806 69 2809 -
110 2779 205 2832 ipsa
219 2782 419 2820 submntia
434 2784 566 2826 cordis,
584 2792 619 2819 et
637 2784 807 2819 immutat
823 2785 1026 2821 naturalem
1046 2785 1341 2832 complexionem
1358 2786 1485 2833 ipsius:
1509 2795 1543 2822 et
1557 2786 1637 2821 talis

75 2824 269 2886 W
286 2845 432 2885 semper
450 2845 506 2873 est
525 2837 700 2873 mortalis.
723 2838 805 2873 Alia
825 2847 879 2874 est
904 2847 1024 2876 autem
1051 2839 1239 2874 infirmitas
1266 2840 1385 2874 cordis
1411 2848 1557 2887 propter
1579 2840 1638 2875 ali-

71 2898 193 2939 ..unn
210 2888 519 2928 Seminationem
539 2890 598 2927 vel
619 2899 740 2927 motus
765 2892 854 2938 ejus,
875 2892 933 2928 vel
955 2879 1106 2939 aiicujus
1128 2904 1268 2936 eorum,
1289 2904 1381 2940 quae
1403 2894 1638 2930 circumstant
