1907 3198
508 193 731 229 QUAESTIO
766 192 883 223 LXIX.
917 191 1164 222 ART1cuLus
1198 191 1224 221 1.
1572 179 1654 235 483

83 287 166 311 eam
185 275 324 310 inducit
345 274 500 323 Spiritus
523 275 690 317 Sanctus,
713 274 757 309 ad
780 275 881 320 cujus
905 273 1162 316 obedientiam,
1189 281 1225 308 et
1253 272 1441 320 sequelam
1471 285 1535 320 per
1563 274 1660 308 dona

81 329 308 377 perficimur;
331 337 366 364 et
391 329 474 364 ideo
495 329 736 364 beatitudines
763 328 1032 375 distinguuntur
1053 327 1201 374 quidem
1225 339 1245 361 a
1266 327 1468 369 virtutibus,
1490 335 1525 362 et
1543 327 1660 370 donis,

81 394 155 419 non
177 383 270 418 sicut
290 383 434 418 habitus
457 383 500 417 ab
523 383 574 417 eis
596 382 765 424 distincti,
787 383 850 417 sed
872 382 966 417 sicut
987 389 1088 416 actus
1111 381 1380 427 distinguuntur
1402 381 1444 416 ab
1467 381 1659 416 habitibus.

151 437 213 472 AD
242 447 393 472 PRIMUM
416 447 504 483 ergo
526 436 734 478 dicendum,
761 436 858 482 quod
893 436 1131 482 Augustinus,
1154 443 1189 470 et
1218 434 1434 469 Ambrosius
1463 435 1661 470 attribuunt

80 490 320 526 beatitudines
353 490 470 532 donis,
502 498 537 524 et
564 490 764 531 virtutibus,
799 490 891 524 sicut
921 498 1021 524 actus
1057 489 1297 523 attribuuntur
1330 489 1530 531 habitibus;
1563 489 1660 524 dona

80 551 202 579 autem
234 551 319 579 sunt
347 544 589 578 eminentiora
615 544 805 578 virtutibus
835 543 1089 585 cardinalibus,
1108 551 1146 578 ut
1167 554 1274 589 supra
1298 543 1435 577 dictum
1458 551 1510 577 est
1531 543 1579 589 (q.
1603 544 1658 579 68.

51 606 57 615 ‘
79 603 145 634 art.
166 598 237 642 8.);
261 606 297 632 et
318 597 400 632 ideo
422 597 640 632 Ambrosius
662 608 846 644 exponens
868 597 1108 632 beatitudines
1129 597 1241 631 turbis
1263 597 1479 643 propositas,
1502 592 1661 631 at’tribuit

79 663 140 687 eas
160 651 350 686 virtutibus
368 651 620 686 cardinalibus.
637 651 863 697 Augustinus
879 659 1001 685 autem
1016 662 1201 698 exponens
1215 650 1456 685 beatitudines
1472 650 1658 697 discipulis

79 705 282 753 propositas
311 705 349 739 in
382 713 520 748 monte,
549 712 738 752 tamquam
768 704 1054 752 perfectioribus,
1083 704 1242 740 attribuit
1272 715 1333 739 eas
1363 704 1468 739 donis
1504 704 1658 751 Spiritus

80 759 216 795 Sancti.

150 813 212 849 AD
230 823 438 848 SECUNDUM
465 812 673 854 dicendum,
702 812 801 859 quod
827 812 919 847 ratio
946 811 1007 846 illa
1035 812 1174 859 probat,
1197 813 1294 859 quod
1316 823 1390 846 non
1413 820 1495 847 sunt
1516 811 1578 847 alii
1597 812 1658 847 ha-

78 867 172 903 bitus
192 866 432 913 rectificantes
454 867 657 901 humanam
677 866 790 900 vitam
813 874 952 913 praeter
973 867 1134 908 virtutes,
1157 875 1191 900 et
1218 866 1325 901 dona.

150 921 211 956 AD
233 931 405 956 TERTnJM
428 921 635 962 dicendum,
657 921 755 967 quod
777 921 912 955 mititas
935 920 1111 967 accipitur
1137 932 1202 967 pro
1231 928 1312 955 actu
1340 920 1653 955 mansuetudinis:

79 983 116 1011 et
134 974 301 1010 similiter
321 975 516 1009 dicendum
539 983 593 1009 est
620 974 663 1009 de
690 974 836 1020 justitia,
867 982 902 1008 et
930 974 1201 1016 misericordia:
1235 982 1271 1009 et
1299 974 1466 1021 quamvis
1489 974 1581 1009 haec
1604 974 1655 1009 vi-

78 1029 230 1064 deantur
250 1039 328 1063 esse
349 1028 511 1070 virtutes,
535 1028 777 1063 attribuuntur
797 1036 923 1062 tamen
945 1028 1070 1071 donis;
1094 1028 1178 1074 quia
1200 1030 1311 1062 etiarn
1339 1028 1435 1062 dona
1462 1028 1654 1075 perficiunt

80 1082 273 1118 hominem
284 1082 381 1117 circa
391 1082 528 1124 omnia,
539 1082 635 1116 circa
649 1093 740 1128 quae
750 1081 941 1128 perficiunt
954 1082 1117 1124 virtutes,
1128 1090 1167 1116 ut
1177 1082 1316 1117 dictum
1326 1090 1380 1117 est
1391 1081 1437 1129 (q.
1449 1083 1505 1118 68.
1517 1087 1581 1117 art.
1591 1083 1654 1128 4.).

644 1213 991 1259 ARTICULUS
1021 1213 1078 1256 Π.
1589 1224 1652 1273 365

208 1324 359 1356 UTRUM
391 1323 595 1363 PRAEMIA,
624 1323 744 1360 QUAE
771 1323 1119 1353 ATTRIBUUNTUR
1147 1322 1533 1360 BEATITUDINIBUS‚

520 1389 578 1419 AD
608 1388 728 1419 HANG
754 1389 895 1418 vlTAM
922 1389 1216 1419 PERTINEANT.

590 1478 671 1522 (2-2.
686 1489 716 1524 q.
732 1478 763 1513 8.
779 1482 845 1512 art.
856 1489 885 1524 5.
900 1482 930 1512 et
949 1477 1072 1512 Matth.
1085 1477 1144 1523 5.).

148 1567 210 1603 AD
231 1577 439 1603 SECUNDUM
458 1568 508 1602 sic
530 1567 750 1614 proceditur.
772 1566 935 1610 Videtur,
962 1567 1060 1614 quod
1087 1567 1261 1614 praemia,
1289 1578 1381 1614 quae
1410 1567 1652 1602 attribuuntur

76 1622 365 1665 beatitudinibus,
378 1633 452 1656 non
463 1622 668 1668 pertineant
678 1622 720 1656 ad
730 1622 824 1656 hanc
835 1621 967 1656 vitam:
984 1622 1152 1656 dicuntur
1160 1622 1259 1656 enim
1272 1621 1383 1668 aliqui
1397 1621 1491 1656 beati
1507 1630 1655 1669 propter

75 1687 177 1724 spem
198 1677 457 1724 praemiorum,
478 1684 517 1711 ut
538 1677 677 1711 dictum
699 1685 753 1711 est
775 1677 858 1722 (art.
876 1676 1029 1723 praec.).·
1057 1675 1333 1724 seduobjectum
1360 1676 1438 1722 spei
1463 1675 1650 1710 beatitudo

76 1737 131 1766 est
148 1729 285 1774 futura;
307 1741 395 1777 ergo
413 1730 576 1778 praemia
598 1730 666 1765 ista
688 1731 870 1777 pertinent
894 1730 938 1764 ad
960 1730 1074 1764 vitam
1096 1729 1267 1764 futuram.

147 1795 179 1820 2.
202 1785 441 1821 PRAETEREA.
465 1785 553 1820 Luc.
576 1783 608 1819 6.
631 1793 817 1831 ponuntur
837 1785 1019 1832 quaedam
1042 1795 1183 1831 poenae
1199 1796 1262 1831 per
1277 1785 1487 1831 oppositum
1507 1784 1551 1819 ad
1570 1785 1654 1819 bea-

73 1839 254 1881 titudines,
276 1851 361 1874 cum
387 1839 539 1874 dicitur:
570 1839 634 1874 Vae
660 1840 766 1880 vobis,
797 1840 855 1886 qui
880 1840 952 1874 estis
977 1840 1134 1881 saturati,
1162 1840 1242 1885 quia
1269 1840 1434 1873 esuriatis:
1457 1851 1519 1874 vae
1545 1840 1652 1882 vobis,

30 1939 31 1942 Ἴ
75 1895 133 1941 qui
152 1893 264 1929 ridetis
283 1905 382 1936 nunc,
406 1895 485 1940 quia
506 1893 668 1939 lugebitis,
691 1898 720 1928 et
739 1894 877 1935 flebitis:
901 1893 963 1927 sed
985 1893 1075 1927 istae
1098 1904 1239 1939 poenae
1262 1904 1336 1927 non
1350 1892 1603 1939 intelliguntur
1617 1893 1652 1928 in

75 1946 145 1983 hac
165 1947 239 1982 vita
255 1959 264 1991 ;
285 1947 370 1994 quia
390 1947 598 1994 frequenter
611 1947 782 1982 homines
806 1947 842 1981 in
857 1947 926 1981 hac
946 1947 1019 1982 vita
1034 1958 1108 1981 non
1123 1947 1332 1993 puniuntur,
1347 1948 1549 1982 secundum
1565 1947 1652 1982 illud

70 2000 138 2048 Job
160 2011 228 2037 21.:
250 2002 389 2037 Ducunt
402 2003 437 2036 in
456 2002 548 2036 bonis
562 2001 627 2037 dies
640 2013 712 2036 suos
726 2014 738 2043 ,·
759 2012 847 2048 ergo
862 2012 929 2036 nec
945 2001 1107 2048 praemia
1129 2001 1393 2036 beatitudinum
1408 2001 1591 2048 pertinent
1609 2001 1652 2036 ad

36 2080 38 2084 ,
60 2055 170 2091 ‘hanc
190 2055 316 2090 vitam.

149 2120 178 2156 3.
201 2109 439 2145 PRAETEREA.
462 2109 633 2156 Regnum
657 2108 860 2152 coelorum,
888 2109 986 2156 quod
1012 2109 1158 2156 ponitur
1184 2109 1390 2156 praemium
1417 2110 1651 2157 paupertatis,

76 2170 131 2199 est
147 2163 334 2199 beatitudo
356 2162 537 2207 coelestis,
560 2171 598 2198 ut
620 2164 774 2210 August.
798 2163 884 2198 dicit
909 2163 945 2197 in
972 2174 1024 2210 19.
1048 2163 1091 2197 de
1115 2162 1195 2198 Civ.
1219 2163 1290 2198 Dei
1313 2164 1408 2210 (quid
1428 2164 1534 2199 simila
1556 2164 1652 2199 habet

36 2214 37 2217 ¹
75 2223 147 2266 cap.
167 2228 201 2263 4.
221 2222 253 2254 et
264 2229 320 2254 20.
341 2217 394 2253 sed
414 2217 530 2252 melius
556 2218 612 2252 lib.
635 2230 663 2253 Ι.
683 2217 720 2252 de
740 2217 847 2252 Scrm.
870 2218 973 2252 Dom.
995 2219 1031 2252 in
1045 2229 1134 2252 mon.
1154 2224 1226 2264 cap.
1249 2218 1317 2263 1.).·
1337 2217 1444 2265 plena
1467 2220 1578 2253 etiam
1599 2230 1653 2253 sa·
1684 2217 1686 2219 ’

41 2294 46 2299 -
75 2271 199 2307 turitas
218 2271 366 2307 nonnisi
386 2271 424 2307 in
445 2270 564 2306 futura
585 2272 659 2306 vita
680 2271 844 2314 habetur,
868 2271 1071 2306 secundum
1092 2271 1181 2306 illud
1209 2271 1344 2307 Psalm.
1378 2272 1448 2307 16.:
1477 2273 1649 2316 Satialvor,

75 2335 151 2361 cum
169 2326 368 2374 apparuerit
386 2325 495 2372 gloria
517 2331 600 2361 tua:
622 2325 715 2360 visio
738 2325 848 2360 etiam
870 2326 951 2367 Dei,
974 2334 1009 2360 et
1030 2325 1278 2361 manifestatio
1301 2326 1486 2362 filiationis
1508 2327 1651 2362 divinae

76 2379 122 2415 ad
140 2380 255 2415 vitam
275 2378 433 2414 futuram
455 2379 647 2427 pertinent,
669 2379 871 2414 secundum
886 2379 974 2414 illud
998 2390 1025 2414 1.
1044 2380 1174 2426 Joann.
1194 2391 1234 2426 3.:
1250 2381 1426 2427 Nuncfilii
1444 2382 1511 2416 Dei
1527 2393 1650 2423 smnus,

76 2437 107 2470 et
124 2433 272 2469 nondum
291 2434 452 2481 apparuit
472 2433 552 2480 quid
569 2435 714 2469 erimus:
736 2434 856 2468 scimus
881 2435 1041 2480 quoniam
1065 2446 1140 2469 cum
1167 2436 1375 2481 apparuerit,
1395 2435 1515 2470 similes
1536 2437 1565 2470 ei
1590 2436 1654 2470 eri-

51 2506 59 2511 ·
75 2498 159 2530 mus,
181 2488 341 2535 quoniam
360 2487 546 2523 videbimus
566 2499 656 2531 eum,
675 2488 774 2522 sicuti
794 2493 858 2529 est;
882 2498 970 2534 ergo
992 2488 1156 2535 praemia
1177 2487 1239 2522 illa
1260 2489 1441 2535 pertinent
1468 2489 1511 2523 ad
1538 2490 1650 2524 vitam

62 2538 245 2577 ,futuram

147 2594 222 2631 SED
244 2605 400 2632 CONTRA
429 2603 494 2638 est,
517 2595 614 2642 quod
637 2595 830 2642 Augustin.
861 2594 975 2630 dicit
967 2607 1004 2630 in
1030 2595 1091 2630 lib.
1119 2607 1146 2630 1.
1169 2596 1213 2631 de
1237 2596 1417 2631 Sermone
1439 2597 1591 2632 Domini
1614 2597 1650 2631 in

46 2638 206 2685 4ωοηῐε
228 2649 317 2698 (cap.
343 2661 377 2695 4.
395 2661 508 2685 versus
519 2650 624 2696 fin.):
647 2650 714 2684 Ista
736 2649 866 2696 quidem
889 2650 923 2684 in
938 2650 999 2685 hac
1021 2651 1093 2684 ‘zita
1115 2650 1276 2698 compleri
1288 2656 1440 2698 possunt
1461 2653 1546 2686 sicut
1567 2663 1652 2686 com-

43 2696 190 2757 &leus
177 2715 213 2738 tn
226 2703 392 2751 Apostolis
404 2715 464 2739 esse
478 2702 667 2739 credimus:
691 2715 770 2737 nam
790 2703 849 2738 illa
867 2703 1072 2746 omnimoda,
1095 2709 1124 2739 et
1146 2705 1179 2738 in
1199 2705 1385 2751 angelicam
1401 2706 1554 2752 jormam
1583 2718 1651 2740 mu-

37 2752 172 2808 Matio,
193 2768 275 2804 quae
287 2762 364 2805 post
382 2757 466 2792 hanc
491 2758 599 2792 vitam
617 2758 842 2804 promittitur,
864 2757 962 2792 nullis
980 2759 1090 2793 verbis
1111 2760 1233 2805 exponi
1253 2764 1370 2805 potest.

40 2811 69 2858 2⁴ae
148 2809 381 2847 RESPONDEO
403 2810 611 2854 dicendum,
633 2810 730 2858 quod
751 2812 846 2845 circa
874 2811 940 2846 ista
965 2812 1126 2858 praemia
1151 2811 1386 2859 Expositores
1406 2812 1540 2848 Sacrae
1560 2813 1651 2848 Scri-

100 2870 201 2900 turae
223 2864 441 2903 diversimode
462 2873 546 2899 sunt
566 2863 691 2899 locuti.
709 2863 871 2906 Quidam
895 2865 993 2900 enim
1016 2865 1141 2900 omnia
1158 2867 1224 2902 ista
1249 2868 1411 2913 praemia
1430 2867 1473 2901 ad
1491 2866 1647 2902 futuram

144 2917 335 2958 titudinem
354 2920 534 2970 pertinere
556 2918 692 2962 dicunt,
715 2920 806 2955 sicut
824 2919 996 2955 Ambros.
1019 2931 1127 2968 super
1143 2918 1283 2956 Lucam
1305 2922 1395 2969 (cap.
1412 2922 1444 2957 6.
1459 2928 1528 2970 sup.
1545 2922 1647 2958 illud:

46 3108 97 3198 ἰ
