1875 3198
243 183 326 238 638
639 197 861 232 QUAESTIO
896 197 1072 226 LXXXIX.
1108 198 1355 228 ARTICULUS
1391 198 1434 227 II.

244 279 314 321 alii,
344 280 403 325 qui
425 279 599 323 aedificant
621 280 761 325 lignmn,
789 280 933 322 foanmn,
962 285 991 314 et
1014 280 1192 326 stipulatur,-
1221 280 1282 314 sed
1305 288 1454 326 peccata
1472 280 1628 315 venialia
1651 282 1816 315 commit-

242 340 321 366 tunt
343 333 452 366 etiam
474 333 535 372 illi,
564 333 624 379 qui
647 333 800 377 diligunt
821 334 954 375 Deum,
978 342 1012 367 et
1034 333 1252 379 proximum,
1276 341 1309 368 et
1330 334 1425 368 bona
1449 345 1559 380 opera
1580 333 1726 368 faciunt.
1754 334 1816 368 Di-

243 387 335 420 citur
357 388 454 421 enim
471 387 600 431 Joann.
629 398 676 420 1.:
695 387 732 421 51·
758 387 950 428 clz'xrxrinms,
975 388 1053 432 qnia
1070 393 1245 433 peccatum
1266 399 1332 421 non.
1359 388 1524 430 habemus,
1548 400 1605 423 nos
1626 390 1710 434 ipsos
1729 388 1817 423 sedu-

243 442 367 481 cimus‚·
394 451 479 486 ergo
502 451 576 474 non
600 440 860 474 convenienter
882 440 1116 486 designantur
1136 448 1286 486 peccata
1307 441 1463 475 venialia
1489 453 1553 487 per
1573 442 1641 476 ista
1661 442 1739 476 tria.

312 504 345 536 4.
365 494 602 528 PRAETEREA‚
624 493 741 527 Multo
757 494 875 539 plures
891 493 1125 536 differentiae,
1142 501 1175 528 et
1197 494 1328 540 gradus
1347 503 1429 529 sunt
1450 503 1684 541 peccatorum
1698 495 1817 530 venia-

241 547 343 589 lium,
367 559 477 593 quam
498 555 586 589 tres3
609 558 695 593 ergo
719 547 1018 585 inconvenienter
1040 548 1102 581 sub
1126 548 1181 582 his
1203 548 1315 582 tribus
1338 548 1707 594 comprehenduntur.

254 645 256 648 ,
315 601 389 635 SED
412 611 568 635 CONTRA
592 610 655 642 est,
679 601 775 646 quod
798 601 926 646 Apost.
952 612 978 635 1.
1003 601 1045 634 ad
1069 601 1194 635 Corin.
1222 613 1249 647 3.
1274 601 1360 636 dicit
1381 601 1425 636 de
1449 613 1504 644 eo,
1527 602 1588 648 qui
1615 603 1816 648 superaedi-

241 653 326 689 ficat
343 655 482 700 lignum,
503 655 655 700 foenmn,
684 659 713 688 et
739 655 910 701 stipulum,
938 654 1033 700 quod
1056 655 1166 689 salvus
1192 656 1255 689 erit
1280 656 1374 700 qnasi
1394 661 1458 701 par
1485 657 1611 701 igtzem,·
1633 663 1667 690 et
1688 656 1738 690 sic
1760 668 1817 702 pa-

241 709 347 743 tietur
370 719 538 754 poenam,
562 708 623 742 sed
645 719 719 741 non
748 716 950 742 aeternam:
978 716 1098 742 reatus
1127 716 1248 742 autem
1275 719 1415 754 poenae
1436 709 1646 755 temporalis
1672 710 1816 756 proprie

241 762 396 808 pertinet
417 762 460 796 ad
483 769 674 807 peccatum
696 761 850 803 veniale,
872 770 910 796 ut
932 762 1068 795 dictum
1091 770 1144 796 est
1172 761 1217 807 (q.
1245 763 1298 808 87.
1326 767 1389 796 art.
1415 773 1442 807 5.
1469 767 1497 797 et
1523 774 1552 808 q.
1580 763 1634 798 88.
1658 767 1724 798 art.
1743 764 1814 809 2.),-

242 827 328 858 ergo
350 827 413 861 per
434 815 496 848 illa
517 815 583 849 tria
606 815 854 861 significantur
877 823 1027 861 peccata
1048 815 1215 849 venialia.

313 869 543 903 RESPONDEO
559 868 765 910 dicendum,
784 869 881 914 quod
896 869 1031 914 qzn'dam
1046 868 1298 903 intellexerunt
1312 868 1591 903 fundamentum
1609 881 1687 904 esse
1707 869 1816 904 fidem

242 922 450 964 informem,
473 934 580 969 super
602 934 711 968 quam
734 922 844 968 aliqui
867 922 1059 957 aedificant
1079 923 1175 956 bona
1198 934 1320 969 opera,
1344 934 1435 969 quae
1457 923 1657 969 figurantur
1677 935 1741 970 per
1762 936 1818 958 au-

241 989 330 1018 rum,
354 981 540 1022 argentmn,
561 984 596 1010 et
617 976 740 1022 lapides
754 978 915 1022 pretiosos
927 990 936 1011 ,·
960 976 1095 1022 quidam
1110 988 1196 1010 vero
1219 984 1369 1022 peccata
1391 977 1501 1010 etiam
1523 976 1703 1019 mortalia,
1724 989 1816 1023 quae

240 1029 442 1076 figurantur
463 1028 664 1064 secundum
688 1041 750 1064 eos
772 1041 836 1076 per
858 1030 997 1075 ligulam,
1023 1031 1175 1076 foenum,
1205 1038 1239 1064 et
1263 1030 1441 1076 stipulam:
1469 1031 1531 1064 sed
1557 1030 1652 1065 hanc
1680 1031 1818 1077 exposi-

240 1084 379 1118 tionem
414 1083 595 1129 improbat
623 1083 776 1129 August.
811 1083 847 1117 in
874 1083 933 1117 lib.
962 1084 1004 1118 de
1032 1084 1129 1125 Fide,
1158 1091 1192 1117 et
1221 1083 1401 1130 Operibus
1429 1084 1515 1130 (cap.
1542 1084 1618 1130 15.),
1648 1084 1742 1130 quia,
1777 1092 1815 1119 ut

240 1137 368 1183 Apost.
384 1137 469 1171 dicit
484 1137 527 1170 ad
544 1136 625 1171 Gal.
644 1148 690 1181 5.:
709 1138 779 1182 Qui
798 1144 897 1183 opera
917 1138 1138 1183 carnisfacit,
1153 1149 1291 1183 regnum
1310 1138 1377 1171 Dei
1390 1149 1455 1171 non
1470 1143 1702 1184 consequetur;
1719 1138 1816 1184 quod

241 1199 293 1225 est
315 1190 457 1225 salvum
479 1190 566 1224 fieri.
590 1190 791 1237 Apostolus
815 1199 936 1225 autem
960 1191 1055 1233 dicit,
1079 1191 1176 1236 quod
1199 1191 1252 1225 illa
1271 1192 1328 1236 qm?
1346 1191 1499 1237 aedificat
1516 1191 1654 1237 lignum,
1668 1191 1814 1236 foenum,

242 1250 269 1279 ct
296 1245 461 1291 sufficiam,
488 1244 599 1278 salvus
624 1246 687 1279 crit
708 1246 802 1290 qnasi
822 1251 884 1290 per
910 1246 1041 1290 ignem;
1070 1245 1164 1278 unde
1190 1256 1264 1278 non
1291 1252 1410 1290 potest
1436 1244 1601 1290 intelligi,
1628 1244 1726 1291 quod
1753 1256 1816 1291 per

244 1299 383 1345 Iignmn,
399 1299 550 1344 foenum,
575 1306 610 1332 et
629 1299 786 1344 stipulam
809 1306 958 1344 peccata
980 1298 1150 1332 mortalia
1176 1298 1420 1344 designentur.

314 1353 451 1387 Dicunt
473 1364 559 1398 ergo
587 1352 734 1398 quidam,
763 1352 859 1398 quod
887 1364 949 1398 per
973 1353 1113 1398 lignum,
1134 1353 1287 1398 foemam,
1316 1360 1350 1386 et
1377 1352 1538 1399 stipulam
1565 1351 1815 1398 significantur

240 1418 351 1453 opera
376 1407 484 1448 bona,
519 1418 611 1452 quae
639 1406 985 1452 superaedificantur
1016 1406 1164 1452 quidem
1191 1405 1368 1452 spirituali
1396 1405 1575 1448 aedificio,
1603 1405 1665 1440 sed
1691 1413 1815 1439 tamen

241 1460 485 1495 commiscent
506 1471 543 1494 se
567 1460 616 1494 eis
636 1468 785 1506 peccata
806 1459 978 1494 venialia:
999 1460 1093 1494 sicut
1112 1472 1195 1493 cum
1216 1459 1344 1506 aliquis
1366 1459 1476 1493 habet
1498 1470 1622 1493 curam
1644 1460 1695 1494 rei
1716 1459 1818 1493 fami-

241 1514 350 1557 liaris,
374 1514 470 1560 quod
493 1514 631 1547 bonum
654 1522 717 1556 est,
742 1513 958 1548 commiscet
980 1525 1017 1548 se
1045 1514 1247 1560 superfluus
1275 1524 1379 1547 arnor
1400 1512 1460 1547 vel
1486 1513 1619 1556 uxoris,
1644 1512 1703 1547 vel
1729 1512 1818 1546 filio-

240 1580 333 1610 rum,
355 1567 413 1602 vel
431 1568 716 1614 possessionum,
739 1568 802 1601 sub
822 1568 904 1601 Deo
922 1575 1058 1610 tamen,
1081 1567 1130 1601 ita
1148 1567 1288 1601 scilicet
1310 1567 1407 1613 quod
1430 1578 1495 1613 pro
1517 1567 1573 1601 his
1595 1567 1710 1601 homo
1725 1565 1816 1600 nihil

240 1621 351 1656 vellet
368 1621 487 1655 facere
510 1629 636 1655 contra
658 1622 798 1655 Deum:
823 1621 883 1655 sed
911 1621 982 1655 hoc
1010 1621 1141 1655 iterum
1167 1632 1241 1655 non
1269 1621 1410 1654 videtur
1438 1620 1699 1655 convenienter
1725 1620 1814 1654 dici:

241 1675 473 1710 manifestum
497 1683 549 1709 est
568 1675 678 1717 enim,
694 1675 791 1720 quod
807 1675 931 1709 omnia
955 1686 1065 1721 opera
1087 1675 1183 1708 bona
1206 1674 1408 1709 referuntur
1430 1674 1473 1708 ad
1494 1674 1709 1708 charitatem
1733 1673 1814 1716 Dei,

241 1737 275 1763 et
297 1729 470 1775 proximi:
495 1729 591 1763 unde
607 1729 786 1775 pertinent
802 1729 845 1762 ad
868 1740 1004 1770 aarum,
1025 1734 1213 1773 argentum,
1237 1736 1271 1762 et
1293 1727 1418 1774 lapides
1434 1729 1617 1774 preti0505;
1636 1739 1711 1761 non
1727 1738 1814 1773 ergo

241 1782 284 1816 ad
307 1783 446 1828 lignum,
462 1783 615 1828 foenum,
636 1790 669 1817 et
690 1783 859 1829 stipulam.
884 1782 927 1816 Et
948 1782 1030 1816 ideo
1054 1782 1249 1816 dicendum
1277 1790 1340 1824 est,
1369 1781 1466 1827 quod
1488 1781 1565 1827 ipsa
1587 1789 1736 1827 peccata
1757 1792 1815 1815 ve-

238 1836 359 1878 nialia,
379 1847 470 1882 quae
495 1836 697 1870 admiscent
720 1848 756 1870 se
772 1836 1048 1882 procurantibus
1064 1844 1217 1877 terrena,
1241 1835 1490 1881 significantur
1508 1846 1571 1881 per
1596 1835 1817 1881 lignum,foe·

239 1903 332 1933 num,
356 1898 390 1924 et
407 1890 586 1937 stipidum:
611 1890 703 1924 sicut
725 1890 823 1924 enim
845 1890 1057 1935 hujusmodi
1080 1897 1349 1935 congregantur
1375 1889 1410 1923 in
1434 1889 1557 1931 domo,
1581 1897 1615 1923 et
1640 1900 1714 1923 non
1741 1900 1817 1935 per-

238 1944 354 1978 tinent
376 1944 419 1978 ad
442 1944 680 1978 substantiam
704 1943 868 1984 aedificii,
891 1952 925 1978 et
947 1952 1098 1990 possunt
1126 1943 1291 1978 comburi
1319 1943 1484 1978 aedificio
1512 1951 1740 1978 remanente:
1767 1942 1815 1977 ita

240 1997 349 2032 etiam
364 2005 514 2044 peccata
535 1997 691 2032 venialia
713 1997 1000 2043 multiplicantur
1014 1997 1050 2031 in
1072 1997 1235 2039 homine,
1251 2004 1421 2031 manente
1437 1996 1612 2043 spirituali
1627 1996 1814 2038 aedificio3

241 2060 275 2086 et
296 2063 361 2098 pro
384 2051 459 2086 istis
481 2052 613 2098 patitur
635 2051 757 2097 ignem
780 2051 837 2085 vel
859 2050 1072 2097 temporalis
1093 2050 1336 2085 tribulationis
1358 2051 1394 2085 in
1413 2051 1482 2085 hac
1504 2050 1589 2093 vita,
1610 2049 1670 2085 vel
1691 2061 1817 2097 purga-

239 2106 321 2139 torii
344 2114 425 2152 post
446 2106 539 2140 hanc
564 2106 693 2139 vitam:
718 2113 752 2139 et
770 2114 893 2139 tamen
917 2105 1071 2139 salutem
1095 2105 1330 2151 consequitur
1352 2113 1549 2139 aeternam.

312 2160 371 2193 AD
394 2170 543 2194 PRIMUM
567 2171 653 2205 ergo
670 2159 877 2201 dicendum,
894 2160 990 2205 quod
1006 2167 1157 2205 peccata
1171 2158 1327 2193 venialia
1341 2170 1415 2193 non
1431 2159 1598 2192 dicuntur
1612 2157 1815 2204 superaedi-

240 2212 339 2247 ficari
361 2213 535 2258 spirituali
558 2212 809 2255 fundamento,
837 2213 939 2259 quasi
966 2213 1100 2247 directe
1129 2224 1235 2259 supra
1262 2213 1382 2259 ipsum
1405 2212 1533 2259 posita,
1561 2212 1623 2246 sed
1650 2211 1732 2258 quia
1755 2222 1814 2258 po-

239 2274 372 2301 nuntur
393 2268 489 2312 juxta
512 2267 648 2313 ipsum:
673 2267 765 2301 sicut
787 2267 961 2313 accipitur
983 2266 1077 2300 Psal.
1105 2265 1198 2312 136:
1225 2267 1493 2313 Superflmnina
1511 2266 1699 2312 Babylonis,
1723 2266 1814 2300 idest

238 2322 352 2366 juxta3
375 2321 458 2367 quia
479 2329 627 2367 peccata
642 2320 797 2355 venialia
819 2332 892 2354 non
916 2320 1101 2355 destruunt
1115 2320 1299 2367 spirituale
1315 2320 1533 2362 aedificium,
1552 2326 1589 2354 ut
1604 2319 1741 2354 dictum
1761 2327 1813 2354 est

241 2373 291 2419 (in
314 2381 405 2421 corp.
428 2377 523 2420 ML).

311 2429 370 2462 At)
390 2439 597 2463 sichNDUM
617 2428 822 2470 dicendum,
844 2428 940 2474 quod
964 2440 1037 2462 non
1061 2428 1190 2462 dicitur
1212 2428 1255 2462 de
1283 2439 1515 2474 quocumque
1544 2426 1755 2461 aedificante
1777 2425 1814 2460 11·-

237 2483 520 2528 gnzmz,fhe1mm,
541 2491 575 2516 et
596 2483 760 2529 stipulam,
789 2482 885 2528 quod
907 2482 1017 2516 salim
1042 2484 1085 2517 sit
1106 2484 1199 2528 quasi
1220 2489 1282 2529 per
1307 2484 1430 2528 ignem,
1459 2482 1520 2516 sed
1543 2480 1663 2515 solum
1690 2480 1734 2515 de
1757 2490 1812 2522 eo,

239 2538 297 2582 qui
327 2536 493 2571 aedificat
520 2548 627 2582 supra
655 2535 945 2577 fundamentum,
974 2537 1069 2581 quod
1099 2536 1246 2582 quidem
1272 2547 1347 2570 non
1374 2543 1427 2570 est
1452 2534 1540 2569 fides
1567 2533 1744 2576 informis,
1775 2540 1812 2567 ut

238 2589 384 2635 quidam
409 2590 674 2632 existimabant,
697 2589 758 2623 sed
782 2589 869 2623 sides
893 2589 1047 2623 formata
1072 2590 1257 2631 charitate,
1281 2589 1481 2624 secundum
1504 2587 1591 2622 illud
1613 2587 1744 2634 Ephes.
1771 2597 1810 2632 3.:

238 2644 277 2677 In
298 2644 460 2679 clmrstutu
482 2644 637 2686 radicati,
661 2649 689 2678 el
703 2643 864 2689 fundati:
882 2642 940 2676 ille
955 2655 1053 2687 ergo,
1077 2643 1135 2689 qui
1160 2643 1301 2677 decedit
1323 2654 1405 2677 cum
1429 2650 1580 2689 peccato
1602 2640 1760 2682 mortali,
1779 2647 1813 2674 et

239 2697 453 2740 venialibus,
477 2698 585 2731 liabet
601 2697 747 2743 quidem
763 2697 902 2741 lignum,
919 2697 1070 2742 somma,
1095 2705 1128 2731 et
1149 2697 1328 2743 stipulam&
1352 2696 1502 2730 sednon
1518 2703 1598 2730 sunt
1613 2693 1814 2741 superaedi-

242 2750 347 2784 ficata
373 2751 433 2796 [al.
457 2752 509 2786 scd
531 2764 594 2785 non
617 2751 881 2797 superaedificat]
911 2762 1016 2797 supra
1045 2750 1323 2785 fundamentum
1352 2749 1548 2796 spirituale,
1576 2757 1610 2784 et
1631 2749 1712 2783 ideo
1739 2758 1812 2782 non

240 2804 305 2838 erit
327 2805 448 2839 salvus
471 2805 521 2839 sic
545 2805 647 2851 quasi
669 2817 731 2851 per
754 2805 886 2849 ignem.

311 2858 371 2893 AD
394 2869 564 2893 Tifln'riuii
589 2858 795 2899 dicendum,
819 2857 914 2903 quod
944 2857 993 2891 illi
1017 2857 1075 2903 qui
1100 2866 1181 2892 sunt
1201 2857 1367 2892 abstracti
1396 2869 1415 2892 a
1442 2868 1527 2891 cura
1553 2855 1809 2903 temporalium

240 2923 370 2954 rerum,
399 2913 464 2947 etsi
492 2912 686 2958 aliquando
709 2911 896 2946 venialiter
916 2920 1079 2957 peccent,
1102 2920 1226 2946 tamen
1247 2911 1338 2946 levia
1362 2919 1511 2957 peccata
1533 2910 1687 2946 venialia
1711 2919 1809 2943 com-

1872 2828 1875 2840 ⁴

1872 2855 1875 2896 ἰ

1872 2912 1875 2959 ἴ

1874 2974 1875 2981 ,

1873 2994 1875 3007 1
