1907 3198
0 215 15 597 -**-W-7-·⁷ae=-·⁹⁴
7 191 10 198 .
5 175 8 177 ·
0 148 3 163 r

539 222 763 258 QUAESTIO
798 221 884 251 le.
918 220 1167 252 ARTICULUS
1201 220 1229 250 1.
1591 221 1679 264 407

171 315 203 340 2.
226 305 465 341 PRAETEREA.
491 303 627 346 Virtus,
650 313 686 339 et
714 304 856 346 vitium,
879 315 965 338 cum
986 303 1056 338 sint
1087 303 1281 344 contraria,
1304 310 1389 337 sunt
1408 302 1446 336 in
1469 302 1601 337 eodem
1630 314 1688 349 ge-

99 370 204 394 nere:
227 358 290 394 sed
304 359 486 406 quaedam
505 358 695 405 passiones
710 357 797 392 vitia
813 369 891 393 esse
911 357 1097 399 dicuntur;
1120 365 1158 391 ut
1171 356 1319 398 invidia,
1335 364 1370 390 et
1384 356 1454 399 ira;
1471 367 1560 402 ergo
1575 356 1687 391 etiam

100 413 283 460 quaedam
304 413 493 460 passiones
515 420 599 447 sunt
620 412 780 447 virtutes.

175 479 204 514 3.
215 466 454 502 PRAETEREA.
467 466 717 501 Misericordia
734 466 916 513 quaedam
930 465 1052 512 passio
1071 472 1141 499 est:
1158 471 1212 498 est
1226 463 1324 498 enim
1339 463 1483 498 tristitia
1499 464 1542 498 de
1559 463 1686 499 alienis

100 519 218 564 malis,
239 529 279 555 ut
299 532 407 568 supra
429 520 568 554 dictum
591 529 645 555 est
675 521 722 567 (q.
744 532 788 566 35.
811 525 875 554 art.
897 520 929 555 8.
952 531 1024 565 arg.
1040 520 1109 566 3.).·
1139 518 1233 553 hanc
1262 525 1385 552 autem
1410 517 1527 552 Cicero
1558 518 1687 553 locutor

99 576 246 622 egregius
263 586 329 609 non
347 574 519 609 dubitavit
540 574 708 622 appellare
730 576 903 617 virtutem,
928 582 965 608 ut
986 573 1213 619 Augustinus
1237 572 1325 606 dicit
1339 573 1374 606 in
1397 583 1429 619 9.
1453 572 1496 606 de
1520 571 1600 606 civ.
1615 572 1686 607 Dei

101 631 190 677 (cap.
204 641 233 676 5.
256 630 335 664 circ.
357 628 482 674 med.);
507 639 596 675 ergo
619 629 741 676 passio
764 636 884 675 potest
905 639 984 663 esse
1005 628 1119 662 virtus
1141 626 1303 661 moralis.

171 682 248 718 SED
270 693 427 718 CONTRA
449 690 514 725 est,
536 683 634 729 quod
657 683 787 717 dicitur
804 682 841 716 in
856 692 888 716 2.
902 681 1019 716 Ethic.
1042 682 1132 729 (cap.
1144 693 1173 728 5.
1189 693 1209 715 a
1222 681 1352 728 princ.)
1376 680 1474 728 quod
1496 679 1686 726 passiones

98 748 218 784 neque
239 736 390 771 virtutes
412 745 507 779 sunt,
529 748 647 783 neque
670 736 842 771 malitiae.

169 790 403 826 RESPONDEO
431 790 640 833 dicendum,
667 791 765 837 quod
792 791 902 825 virtus
926 789 1065 824 moralis
1091 800 1158 824 non
1180 793 1366 836 potestesse
1388 788 1523 836 passio:
1552 796 1587 822 et
1612 787 1685 822 hoc

98 852 198 892 patet
218 845 343 892 triplici
364 845 516 879 ratione.
541 844 657 879 Primo
677 844 837 891 quidem,
860 844 943 891 quia
966 845 1087 890 passio
1111 851 1164 878 est
1186 851 1308 877 motus
1330 842 1480 889 quidam
1504 842 1684 889 appetitus

98 899 273 942 sensitivi,
304 907 343 934 ut
372 910 480 946 supra
507 898 646 933 dictum
674 906 728 933 est
754 899 801 945 (q.
821 910 876 934 22.
898 903 962 933 art.
983 899 1048 944 3.):
1069 897 1182 932 virtus
1205 905 1330 932 autem
1352 896 1502 931 moralis
1530 907 1605 930 non
1633 903 1685 930 est

98 960 222 988 motus
237 952 379 1000 aliquis,
393 952 456 987 sed
474 952 593 998 magis
607 951 825 999 principium
841 951 1028 999 appetitivi
1043 960 1177 993 motus,
1191 951 1337 985 habitus
1352 950 1501 997 quidam
1517 950 1684 985 existens.

99 1006 261 1050 Secundo,
285 1008 369 1054 quia
391 1006 579 1053 passiones
603 1018 648 1041 ex
668 1005 796 1052 seipsis
819 1016 893 1040 non
916 1006 1052 1040 habent
1072 1005 1255 1039 rationem
1277 1005 1377 1047 boni,
1400 1004 1459 1039 vel
1486 1004 1596 1038 mali:
1624 1005 1687 1039 bo-

98 1072 189 1095 num
210 1061 322 1104 enim,
343 1060 402 1096 vel
423 1060 563 1095 malum
590 1060 752 1095 hominis
775 1067 829 1094 est
851 1061 1056 1094 secundum
1077 1059 1279 1094 rationem:
1303 1058 1400 1093 unde
1422 1059 1612 1105 passiones
1633 1070 1686 1094 se-

98 1114 261 1150 cundum
283 1126 321 1150 se
343 1115 595 1150 consideratae
610 1125 648 1149 se
666 1113 802 1148 habent
815 1122 851 1148 et
866 1114 910 1148 ad
924 1114 1076 1156 bonum,
1092 1122 1127 1148 et
1142 1113 1185 1148 ad
1200 1113 1354 1156 malum,
1369 1114 1571 1148 secundum
1587 1113 1685 1160 quod

98 1177 251 1216 possunt
273 1169 472 1204 convenire
498 1168 642 1210 rationi,
670 1167 729 1202 vel
749 1178 826 1202 non
853 1168 1070 1202 convenire:
1097 1167 1190 1201 nihil
1217 1176 1338 1202 autem
1360 1167 1432 1202 tale
1460 1174 1580 1214 potest
1606 1178 1684 1203 esse

99 1223 223 1266 virtus,
245 1234 330 1258 cum
342 1223 455 1257 virtus
469 1221 590 1257 solum
606 1221 650 1256 ad
663 1221 802 1256 bonum
818 1233 856 1256 se
869 1221 1014 1263 habeat,
1029 1229 1068 1256 ut
1082 1233 1190 1268 supra
1207 1222 1344 1256 dictum
1360 1230 1413 1256 est
1430 1221 1529 1268 (q.55.
1542 1227 1607 1257 art.
1619 1222 1679 1269 3.).

105 1277 231 1320 Tertio,
249 1277 334 1324 quia
352 1276 438 1311 dato
457 1275 555 1322 quod
570 1275 691 1322 aliqua
705 1276 826 1322 passio
842 1287 880 1310 se
895 1275 1027 1310 habeat
1043 1275 1087 1310 ad
1103 1275 1241 1309 bonum
1258 1274 1391 1318 solum,
1409 1275 1469 1310 vel
1484 1276 1528 1310 ad
1543 1275 1684 1310 malum

99 1331 232 1374 solum,
254 1330 457 1366 secundum
480 1329 642 1377 aliquem
671 1330 825 1365 modum
848 1330 915 1377 [al.
938 1330 1096 1376 motum],
1122 1338 1248 1365 tamen
1271 1337 1392 1364 motus
1415 1330 1608 1377 passionis,
1635 1331 1686 1364 in-

99 1392 277 1432 quantum
298 1384 421 1432 passio
435 1392 500 1427 est,
515 1384 735 1431 principium
749 1384 860 1419 habet
878 1385 914 1419 in
928 1384 1008 1431 ipso
1025 1385 1198 1431 appetito,
1215 1392 1250 1419 et
1264 1384 1463 1418 terminum
1478 1384 1515 1418 in
1529 1384 1683 1427 ratione,

98 1440 134 1475 in
154 1439 257 1486 cujus
279 1437 577 1474 conformitatem
599 1438 778 1486 appetitus
799 1439 930 1474 tendit:
954 1447 1078 1474 motus
1097 1447 1220 1474 autem
1238 1438 1378 1473 virtutis
1397 1447 1452 1473 est
1470 1450 1488 1473 e
1503 1450 1682 1474 converso

99 1492 316 1540 principium
336 1492 476 1528 habens
498 1493 534 1527 in
555 1493 709 1536 ratione,
733 1500 767 1528 et
787 1493 986 1528 terminum
1009 1495 1044 1528 in
1067 1494 1237 1540 appetitu,
1261 1493 1463 1528 secundum
1477 1493 1577 1539 quod
1599 1505 1618 1527 a
1633 1504 1685 1527 ra-

99 1546 197 1582 tione
217 1555 405 1582 movetur:
428 1546 525 1582 unde
547 1548 583 1581 in
602 1546 813 1581 definitione
826 1547 966 1582 virtutis
991 1547 1140 1581 moralis
1161 1547 1292 1582 dicitur
1310 1547 1346 1581 in
1365 1558 1397 1581 2.
1417 1547 1534 1581 Ethic.
1550 1547 1682 1592 (caph.

97 1612 119 1636 a
138 1599 254 1647 med),
277 1600 375 1648 quod
399 1609 453 1636 est
472 1600 618 1636 habitus
641 1600 814 1636 electivus
842 1602 878 1636 in
900 1601 1094 1636 medietate
1123 1601 1338 1644 consistens,
1367 1601 1606 1636 determinata
1632 1613 1683 1636 ra-

96 1654 209 1698 tione,
230 1662 337 1702 prout
359 1655 504 1702 sapiens
525 1654 791 1690 determinabit.

167 1709 230 1744 An
251 1719 403 1744 PmMUM
426 1720 515 1757 ergo
538 1709 746 1752 dicendum,
777 1709 875 1756 quod
897 1709 1010 1744 virtus
1032 1709 1234 1744 secundum
1256 1720 1360 1744 suam
1383 1709 1580 1744 essentiam
1607 1721 1682 1745 non

97 1771 152 1798 est
172 1763 335 1798 medium
356 1763 449 1798 inter
469 1764 670 1811 passiones,
692 1763 756 1798 sed
779 1764 982 1799 secundum
1000 1775 1107 1798 suum
1122 1762 1314 1805 effectum3
1334 1763 1419 1810 quia
1437 1763 1576 1799 scilicet
1591 1766 1683 1799 inter

97 1817 287 1864 passiones
309 1817 472 1852 medium
495 1817 692 1852 constituit.

168 1871 229 1907 AD
247 1881 456 1907 SECUNDUM
472 1871 680 1915 dicendum,
703 1872 802 1919 quod
825 1871 854 1906 si
875 1872 1005 1907 vitium
1023 1872 1163 1907 dicatur
1180 1872 1337 1914 habitus,
1352 1873 1555 1907 secundum
1570 1884 1680 1919 quem

95 1926 176 1972 quis
196 1924 294 1960 male
315 1933 496 1973 operatur,
518 1925 756 1962 manifestum
779 1934 844 1968 est,
863 1927 961 1973 quod
978 1925 1079 1961 nulla
1098 1926 1219 1974 passio
1239 1934 1291 1961 est
1312 1926 1459 1962 vitium:
1479 1927 1509 1961 si
1529 1938 1618 1961 vero
1634 1926 1682 1961 di-

96 1986 198 2014 catur
218 1979 347 2014 vitium
364 1988 569 2027 peccatum,
591 1980 690 2027 quod
711 1988 766 2015 est
788 1988 887 2015 actus
910 1980 1073 2024 vitiosus,
1096 1982 1146 2015 sic
1169 1979 1262 2015 nihil
1283 1980 1452 2027 prohibet
1471 1981 1681 2027 passionem

96 2044 176 2069 esse
205 2033 346 2078 vitium,
380 2042 416 2069 et
445 2045 464 2069 e
491 2035 676 2070 contrario
705 2045 923 2069 concurrere
950 2034 995 2069 ad
1023 2043 1145 2069 actum
1171 2035 1324 2077 virtutis,
1350 2035 1552 2069 secundum
1581 2035 1678 2082 quod

94 2087 215 2134 passio
235 2086 296 2123 vel
316 2088 558 2123 contrariatur
579 2088 724 2131 rationi,
745 2087 804 2123 vel
825 2089 986 2135 sequitur
1008 2096 1131 2124 actum
1152 2088 1314 2123 rationis.

165 2141 228 2178 AD
257 2151 431 2178 TERTIUM
461 2142 669 2185 dicendum,
692 2142 790 2190 quod
818 2143 1071 2177 misericordia
1093 2143 1224 2178 dicitur
1245 2154 1325 2178 esse
1349 2144 1468 2186 virtus,
1496 2143 1590 2178 idest
1609 2145 1680 2178 vir-

31 2198 37 2202 ’
95 2196 173 2231 tutis
199 2200 304 2239 actus,
336 2196 540 2231 secundum
561 2197 659 2243 quod
682 2204 805 2232 motus
834 2196 895 2231 ille
924 2197 1037 2231 animi
1065 2196 1199 2232 rationi
1219 2197 1347 2239 servit3
1371 2197 1517 2244 quando
1540 2197 1680 2232 scilicet

31 2240 52 2299 ⁵2
94 2248 145 2284 ita
161 2249 355 2297 praebetur
368 2249 632 2293 misericordia,
646 2259 684 2286 ut
705 2250 840 2297 justitia
856 2259 1102 2294 conservetur,
1118 2251 1193 2286 sive
1209 2262 1294 2286 curn
1309 2251 1485 2298 indigenti
1499 2251 1679 2294 tribuitur,

55 2331 58 2335 ,
94 2303 171 2339 sive
193 2315 279 2338 cum
299 2303 502 2351 ignoscitur
522 2305 736 2352 poenitenti,
758 2313 797 2339 ut
818 2304 1046 2351 Augustinus
1069 2305 1156 2340 dicit
1176 2304 1260 2339 ibid.
1284 2305 1361 2350 Hoc.
1385 2307 1440 2341 cit.
1463 2307 1497 2340 in
1519 2306 1625 2351 arg.).·
1649 2306 1679 2340 si

94 2365 219 2393 tamen
241 2357 493 2393 misericordia
514 2358 656 2394 dicatur
678 2358 806 2406 aliquis
829 2358 985 2402 habitus,
1008 2370 1080 2406 quo
1103 2359 1220 2394 homo
1247 2358 1432 2406 perficitur
1454 2359 1498 2394 ad
1521 2360 1678 2394 rationa-

95 2409 213 2446 biliter
234 2411 494 2455 miserendum,
515 2412 607 2447 nihil
628 2413 798 2460 prohibet
827 2413 1119 2448 misericordiam
1147 2413 1199 2449 sic
1229 2413 1365 2448 dictam
1388 2425 1466 2449 esse
1489 2415 1676 2449 virtutem:

96 2472 132 2500 et
153 2464 282 2500 eadem
305 2473 359 2500 est
379 2467 471 2501 ratio
494 2466 537 2501 de
560 2466 738 2502 similibus
761 2467 1002 2514 passionibus.

669 2585 1019 2630 ARTICULUS
1053 2587 1110 2630 11.
1611 2611 1673 2646 313

247 2681 403 2713 UTRUM
434 2681 593 2713 VIRTUS
626 2683 817 2714 MORALIS
852 2683 1006 2714 POSSIT
1039 2684 1140 2714 ESSE
1175 2684 1269 2714 CUM
1300 2684 1524 2714 PASSIONE.

671 2761 717 2807 (ι.
740 2773 770 2808 q.
793 2773 842 2808 95.
865 2767 928 2797 art.
949 2774 980 2798 2.
1003 2762 1046 2797 ad
1066 2774 1097 2798 2.

301 2819 333 2849 et
351 2825 418 2850 2-2.
440 2825 471 2861 q.
486 2815 538 2861 58.
561 2819 625 2850 art.
648 2827 681 2862 9.
704 2820 733 2850 et
752 2827 786 2860 4.
809 2816 899 2851 Dist.
923 2828 974 2861 14.
996 2829 1027 2863 q.
1050 2829 1078 2852 ι.
1100 2821 1165 2852 art.
1189 2829 1216 2852 l.
1240 2828 1269 2863 q.
1293 2828 1324 2852 2.
1347 2815 1390 2850 ad
1408 2817 1465 2862 3.).

98 2932 104 2936 ,
167 2894 228 2931 AD
249 2906 458 2933 SECUNDUM
480 2897 530 2933 sic
554 2898 772 2945 proceditur.
796 2897 959 2942 Videtur,
982 2900 1080 2947 quod
1099 2900 1210 2936 virtus
1231 2899 1380 2935 moralis
1398 2911 1483 2934 cum
1505 2900 1675 2947 passione

95 2958 174 2984 esse
194 2960 270 2985 non
291 2951 422 2998 possit:
444 2951 531 2987 dicit
552 2952 650 2987 enim
672 2952 810 2988 Philos.
834 2952 869 2987 in
892 2964 924 2996 4.
946 2953 1077 3001 Topic.
1101 2955 1188 3001 (cap.
1208 2967 1235 3001 5.
1260 2955 1320 2990 loc.
1339 2954 1423 3001 54),
1452 2954 1549 3001 quod
1578 2955 1676 2990 mitis
