1907 3198
527 158 749 196 QUABSTIO
781 157 824 187 X.
857 155 1102 187 ARTICULUS
1135 154 1195 184 111.
1563 151 1640 195 103

82 245 222 287 malum,
243 242 326 278 alud
337 242 446 290 facio,
468 241 559 276 idest
583 240 797 287 concupisco.-
822 246 944 273 tamen
970 244 1091 284 potest
1110 235 1279 270 voluntas
1300 245 1375 268 non
1395 233 1489 268 velle
1517 243 1648 267 concu-

83 299 233 347 piscere,
250 304 312 332 aut
328 293 647 342 concupiscentiae
663 303 739 327 non
758 291 973 333 consentire,
987 298 1023 325 et
1040 289 1091 324 sic
1109 299 1183 323 non
1198 299 1242 323 ex
1255 287 1469 322 necessitate
1488 286 1647 333 sequitur

83 350 400 399 concupiscentiae
421 356 577 384 motum.

153 405 216 441 An
240 412 447 440 SECUNDUM
473 401 680 442 dicendum,
701 399 798 447 quod
825 409 911 434 cum
939 398 976 432 in
1004 397 1154 432 homine
1175 395 1259 430 duaa
1280 395 1351 430 sint
1370 403 1532 436 naturae,
1559 393 1650 428 intel-

82 458 229 496 lectuah's
249 456 387 493 scilicet
401 464 436 491 et
448 456 618 496 sensitiva,
633 453 851 501 quandoque
873 451 1020 498 quidem
1038 459 1092 485 est
1110 450 1225 484 horno
1241 448 1406 495 aliqualis
1421 447 1648 482 uniformiter

82 511 283 549 secundum
303 518 419 545 totam
442 509 618 550 animam,
638 507 723 554 quia
745 505 881 541 scilicet
902 504 959 540 vel
980 515 1061 550 pars
1083 503 1253 538 sensitiva
1279 501 1438 537 totaliter
1464 501 1650 546 subjicitur

82 565 226 608 rationi,
246 564 339 600 sicut
359 562 538 608 contingit
558 562 594 596 in
614 560 804 601 virtuosis;
825 558 884 593 vel
905 569 924 592 e
947 567 1125 592 converso
1147 556 1238 590 ratio
1260 555 1420 590 totaliter
1438 554 1650 589 absorbetur

83 630 106 655 a
124 618 305 667 passione,
325 617 418 652 sicut
437 614 570 651 accidit
589 614 626 649 in
647 613 867 648 amentibus:
895 612 958 646 sed
984 610 1192 658 aliquando,
1214 609 1280 644 etsi
1302 609 1393 643 ratio
1420 607 1650 642 obnubiletur

82 683 107 710 ι
123 671 304 721 passione,
324 677 490 705 remanet
506 677 628 703 tamen
648 667 782 714 aliquid
801 666 951 701 rationis
969 665 1142 699 liberum:
1166 672 1201 698 et
1222 663 1422 698 secundum
1440 662 1512 696 hoc
1531 669 1650 708 potest

83 725 213 774 aliquis
231 723 291 760 vel
310 722 470 759 totaliter
490 721 697 769 passionem
720 719 905 767 repellere,
927 718 985 753 vel
1007 717 1137 752 saltem
1158 728 1195 752 se
1217 725 1351 758 tenere,
1373 728 1417 750 ne
1440 715 1649 762 passionem

86 786 269 827 nequatur.
281 776 322 813 In
332 775 395 812 tali
409 775 507 811 enim
521 774 769 822 dispositione,
780 772 865 820 quia
878 772 992 807 homo
1001 771 1200 807 secundum
1212 770 1370 804 diversas
1380 777 1497 816 partes
1507 769 1649 803 animae

83 830 327 870 &versimode
347 829 560 877 disponitur,
581 827 679 863 aliud
701 827 732 862 ei
754 826 896 861 videtur
915 825 1117 861 secundum
1139 824 1332 865 rationem,
1353 832 1388 858 et
1410 822 1506 857 aliud
1526 833 1649 857 secun-

87 886 177 923 dum
195 884 416 934 passionem.

157 939 218 975 An
239 947 411 974 τειτιυιι
437 935 644 977 dicendum,
665 933 762 981 quod
783 933 953 968 voluntas
972 943 1047 967 non
1068 931 1190 967 solum
1212 939 1381 966 movetur
1406 941 1426 964 a
1452 930 1549 964 bono
1576 929 1650 964 uni-

87 990 220 1029 versali
240 990 466 1039 apprehenso
488 1000 551 1037 per
571 988 763 1030 rationem,
784 987 846 1022 sed
868 987 978 1022 etiam
1000 997 1020 1020 a
1040 986 1138 1020 bono
1159 985 1384 1032 apprehenso
1405 996 1467 1031 per
1485 995 1649 1025 scnsum;

88 1054 125 1082 et
142 1045 228 1082 ideo
247 1051 366 1092 potest
385 1043 526 1078 moveri
552 1042 596 1077 ad
628 1041 775 1088 aliquod
801 1039 1015 1088 particulare
1037 1040 1174 1074 bonum
1203 1039 1335 1085 absque
1358 1037 1524 1084 passione
1547 1048 1652 1084 appe-

88 1100 175 1136 titus
191 1097 372 1135 sensitivi:
394 1096 509 1131 multa
529 1096 627 1131 enim
649 1094 830 1137 volumus,
849 1103 883 1129 et
904 1105 1098 1140 operamur
1117 1093 1248 1139 absque
1268 1092 1434 1139 passione
1453 1102 1515 1138 per
1533 1090 1649 1125 solam

92 1151 268 1202 appetitus
288 1149 528 1193 electionem
550 1158 588 1184 ut
608 1157 705 1196 patet
726 1149 761 1182 in
784 1148 851 1190 his,
872 1148 907 1182 in
930 1147 1058 1194 quibus
1080 1146 1172 1181 ratio
1195 1146 1358 1181 renititur
1384 1145 1554 1192 passioni.

644 1299 991 1347 ARTICULUS
1024 1300 1100 1343 Ν.
1605 1308 1646 1353 ⁶5

89 1418 245 1452 urum(
253 1417 488 1449 VOLUNTAS
504 1415 749 1447 MOVEATUR
762 1416 820 1446 DE
830 1415 1127 1446 NECESSITATE
1141 1415 1193 1444 AB
1206 1413 1441 1445 EXTERIORI
1459 1413 1649 1454 MOTIVO,

687 1481 814 1518 QUOD
832 1482 912 1512 EST
929 1481 1056 1512 DEUS.

157 1576 221 1614 An
239 1585 429 1618 QJJARTUM
450 1575 501 1611 sic
522 1575 741 1623 proceditur.
764 1575 927 1618 Videtur,
949 1575 1046 1622 quod
1072 1574 1241 1610 voluntas
1268 1586 1311 1609 ex
1336 1573 1550 1608 necessitate
1577 1584 1653 1607 mo-

87 1638 214 1668 veatur
230 1640 252 1665 a
266 1629 370 1665 Deo:
387 1639 499 1664 omne
516 1629 615 1664 enim
634 1640 757 1676 agenS,
772 1629 831 1664 cui
847 1629 964 1664 resisti
981 1640 1055 1663 non
1075 1636 1204 1676 potest,
1220 1640 1264 1663 ex
1281 1628 1495 1663 necessitate
1511 1636 1651 1663 movet:

86 1683 151 1722 sed
169 1683 266 1727 Deo,
285 1694 371 1718 cum
391 1682 437 1718 sit
455 1682 617 1718 infinitae
636 1683 789 1725 virtutis,
811 1683 926 1718 resisti
946 1693 1021 1717 non
1043 1690 1179 1729 potest3
1201 1682 1296 1717 unde
1318 1682 1447 1717 dicitur
1468 1681 1576 1716 Rom.
1598 1693 1650 1729 9.:

93 1737 265 1775 romei
282 1738 353 1784 ejus
370 1737 445 1784 quic
464 1737 613 1772 resistit?
632 1735 730 1783 Ergo
751 1737 852 1771 Deus
873 1747 916 1771 ex
936 1736 1150 1771 necessitate
1174 1744 1299 1771 movet
1318 1735 1556 1770 voluntatem.

158 1801 191 1827 2.
211 1790 450 1827 Pum-
471 1789 651 1825 Voluntas
673 1802 716 1825 ex
735 1790 948 1825 necessitate
970 1799 1138 1825 movetur
1165 1791 1200 1824 in
1226 1790 1300 1833 illa,
1326 1802 1418 1837 quae
1444 1787 1654 1825 naturaliter

85 1844 176 1889 vult,
202 1852 243 1880 ut
270 1843 408 1879 dictum
434 1852 489 1879 est
515 1844 596 1888 (art.
619 1856 646 1879 1.
668 1844 738 1890 huj.
760 1845 829 1890 q.).·
857 1843 918 1879 sed
948 1843 1020 1878 hoc
1051 1851 1105 1879 est
1134 1844 1328 1890 unicuique
1354 1843 1529 1886 naturale,
1555 1843 1653 1890 quod

85 1898 189 1936 Deus
202 1897 242 1934 in
258 1908 306 1933 eo
322 1905 504 1945 operatur,
519 1905 558 1932 ut
575 1897 769 1943 Augustin.
789 1897 875 1932 dicit
892 1895 948 1932 26.
968 1905 1095 1932 contra
1113 1897 1285 1932 Faustum
1306 1897 1396 1945 (cap.
1408 1909 1436 1944 3.
1451 1903 1524 1932 ante
1540 1896 1652 1943 med),-

86 1963 179 2000 ergo
197 1949 368 1987 voluntas
385 1961 428 1986 ex
448 1950 664 1986 necessitate
685 1950 762 1986 vult
783 1962 892 1986 omne
915 1950 1014 1993 illud,
1037 1951 1079 1985 ad
1103 1951 1199 1997 quod
1223 1962 1242 1985 a
1264 1951 1345 1985 Deo
1369 1960 1545 1986 movetur.

160 2015 191 2051 3.
211 2004 450 2041 PRAETEREA.
470 2003 647 2039 Possibile
661 2012 725 2046 est,
740 2016 813 2052 quo
832 2005 950 2052 posito
965 2016 1039 2040 non
1055 2005 1215 2051 sequitur
1233 2005 1472 2051 impossibile:
1496 2005 1654 2052 sequitur

87 2066 211 2096 autem
230 2057 466 2106 impossibile,
487 2058 518 2093 si
536 2066 702 2105 ponatur,
724 2058 822 2105 quod
842 2058 1011 2093 voluntas
1041 2069 1115 2092 non
1147 2058 1233 2093 velit
1262 2058 1345 2100 hoc,
1370 2059 1411 2092 ad
1435 2059 1532 2106 quod
1554 2059 1653 2093 Deus

88 2123 172 2149 eam
192 2119 338 2156 movet;
358 2111 443 2159 quia
467 2111 670 2147 secundum
691 2111 763 2146 hoc
786 2112 949 2158 operatio
970 2112 1039 2146 Dei
1062 2120 1155 2147 esset
1177 2111 1360 2154 inefficax3
1386 2123 1460 2147 non
1487 2123 1574 2158 ergo
1601 2122 1654 2147 est

87 2164 271 2215 possibile,
291 2163 519 2200 voluntatem
539 2176 614 2200 non
632 2164 725 2200 velle
745 2165 830 2207 hoc,
846 2165 889 2199 ad
903 2165 1000 2212 quod
1018 2165 1118 2200 Deus
1136 2177 1218 2200 eam
1237 2174 1379 2208 movet3
1401 2178 1488 2212 ergo
1507 2178 1653 2201 necesse

89 2227 155 2263 est,
175 2229 259 2255 eam
278 2218 350 2254 hoc
371 2217 477 2254 velle.

160 2271 238 2308 Sel>
258 2281 414 2308 coum
428 2279 493 2315 est,
507 2271 605 2319 quod
618 2271 748 2307 dicitur
762 2271 899 2307 Eccles.
919 2283 990 2318 15*
1012 2273 1102 2308 Deus
1115 2274 1156 2307 ab
1172 2274 1270 2308 initio
1286 2275 1453 2309 constituit
1476 2275 1652 2316 hmnincm,

88 2331 121 2364 a
142 2324 279 2373 rfflqffl
294 2335 372 2361 aaut
395 2326 433 2361 in
459 2337 562 2361 manu
582 2326 712 2361 consilii
739 2327 812 2367 sui;
834 2337 908 2361 non
938 2337 1026 2373 ergo
1049 2338 1092 2361 ex
1113 2327 1326 2363 necessitate
1350 2337 1473 2363 movet
1493 2328 1656 2363 volunta-

89 2387 167 2416 oem
186 2379 276 2426 eius.

159 2432 392 2470 Rmounso
412 2432 620 2476 dicendum,
641 2433 751 2480 quod,
769 2433 863 2468 sicut
880 2433 989 2469 Dion.
1009 2434 1094 2469 dicit
1108 2444 1140 2477 4.
1160 2445 1238 2481 cap.
1254 2435 1298 2470 de
1315 2435 1398 2470 Div.
1413 2435 1523 2470 Nom.
1538 2437 1656 2484 (prope

55 2499 58 2509 ·
81 2487 148 2536 flu.
168 2486 243 2523 bd·
260 2487 340 2534 ιφ),
362 2486 408 2523 ad
429 2486 694 2534 providentiam
716 2487 877 2522 divinam
898 2499 973 2522 non
995 2490 1148 2535 pertinet
1165 2496 1330 2523 naturam
1354 2500 1475 2524 rerum
1498 2501 1657 2524 corrum-

44 2566 48 2571 .
90 2551 188 2590 pere,
203 2539 269 2576 sed
285 2551 449 2585 servare3
471 2540 566 2576 unde
583 2541 709 2576 omnia
727 2550 852 2576 movet
865 2541 1065 2576 secundnm
1080 2552 1207 2577 eorum
1223 2543 1482 2585 conditionem,
1497 2544 1543 2578 ita
1558 2544 1655 2590 quod

90 2593 275 2634 ezoni}
293 2593 510 2630 necesariis
529 2605 594 2642 per
612 2595 818 2631 motionem
840 2595 999 2630 divinam
1022 2603 1220 2643 sequuntur
1243 2596 1306 2642 [al.
1329 2598 1586 2643 conxquuntur]
1611 2597 1656 2632 ef-

31 2678 45 2701 γ.
88 2646 206 2685 soum
225 2657 275 2684 w
288 2647 522 2691 naevium
543 2659 589 2684 ex
609 2649 730 2684 causis
750 2657 871 2684 autem
893 2649 1186 2696 contingentibus
1201 2659 1399 2696 sequuntur
1412 2650 1559 2686 effectus
1574 2662 1660 2686 con·

89 2701 286 2749 m
306 2699 406 2744 Quia
427 2700 536 2748 igitur
555 2701 725 2737 voluntas
746 2710 800 2738 est
820 2703 979 2738 activum
999 2703 1213 2750 principium
1230 2715 1303 2738 non
1318 2704 1597 2739 determinatum
1613 2705 1655 2739 ad

38 2772 45 2791 ,ι
91 2764 220 2798 unum,
238 2754 303 2791 sed
323 2753 570 2791 indifferenter
585 2767 623 2791 se
637 2755 775 2791 habens
792 2757 837 2791 ad
856 2756 987 2799 multa;
1001 2757 1050 2792 sic
1066 2757 1166 2792 Deus
1186 2759 1298 2804 ipsam
1319 2767 1453 2801 movet,
1467 2759 1563 2805 quod
1582 2770 1655 2794 non

38 2822 57 2846 .·
92 2808 374 2845 “necomitam
395 2807 441 2844 ad
463 2819 577 2844 unum
596 2809 825 2853 determinat,
851 2810 913 2845 sed
939 2818 1104 2846 remanet
1125 2819 1246 2845 motus
1272 2812 1348 2856 ejus
1375 2812 1600 2859 contingens,
1622 2822 1657 2848 et

92 2861 427 2906 n--mus,
446 2861 517 2898 nisi
536 2862 573 2900 in
594 2862 663 2906 his,
685 2863 729 2898 ad
750 2875 843 2911 quae
864 2863 1074 2900 naturaliter
1099 2872 1275 2899 movetur.
