1907 3198
490 182 714 218 Qum-:sno
749 182 882 212 van.
915 181 1165 212 ARTICULUS
1200 180 1261 211 111.
1588 170 1647 224 46
1650 183 1670 224 5

90 276 133 301 ex
153 273 254 313 parte
272 265 384 300 medii
403 265 622 299 conveniant
645 265 681 299 in
703 276 776 299 uno
799 264 943 299 medio:
966 264 1028 299 sed
1042 263 1133 298 nihil
1148 263 1328 310 prohibet,
1349 263 1435 309 quin
1455 263 1677 297 conveniant

89 320 126 355 in
137 331 211 354 uno
222 319 378 366 objecto,
390 327 425 353 et
442 319 478 353 in
494 330 567 353 uno
583 319 763 365 subjecto:
781 326 901 365 potest
915 318 1013 352 enim
1028 329 1120 352 unus
1131 317 1248 352 homo
1264 328 1490 363 cognoscere
1506 318 1676 351 eamdem

91 373 369 409 conclusionem
388 384 451 419 per
472 372 636 407 medium
658 372 858 419 probabile,
882 380 916 407 et
938 372 1280 414 demonstrativum,
1304 379 1339 406 et
1357 371 1521 406 similiter
1546 379 1599 405 est
1613 371 1677 405 im-

89 426 273 476 possibile,
296 427 394 474 quod
417 427 581 473 cognitio
603 426 774 473 perfecta,
797 434 832 461 et
857 425 1071 473 imperfecta
1099 437 1140 460 ex
1168 434 1268 472 parte
1296 425 1447 471 subjecti
1474 425 1545 459 sint
1566 425 1675 459 simul

89 482 126 516 in
148 481 282 517 eodem
302 481 486 527 subjecto:
509 480 597 515 fides
620 488 743 515 autem
761 481 797 514 in
816 480 872 515 sui
890 480 1030 515 ratione
1045 480 1156 515 habet
1169 478 1499 527 imperfectionem,
1516 491 1607 526 quae
1623 488 1679 514 est

91 546 134 571 ex
153 543 254 583 parte
276 535 447 581 subjecti3
475 543 514 569 ut
538 534 679 569 scilicet
706 535 857 569 credens
883 546 959 569 non
986 534 1107 568 videat
1132 534 1179 576 id,
1207 534 1305 580 quod
1333 534 1462 569 credit:
1489 534 1676 568 beatitudo

92 597 213 624 autem
235 589 279 624 de
301 589 357 624 sui
378 589 518 623 ratione
539 588 650 623 habet
670 587 934 635 perfectionem
958 600 1001 623 ex
1022 596 1122 634 parte
1145 588 1316 634 subjecti3
1336 596 1375 622 ut
1393 587 1532 623 scilicet
1550 588 1678 622 beatus

90 643 212 678 videat
232 643 279 686 id,
302 654 374 690 quo
396 642 633 685 beatificatur,
653 650 691 676 ut
705 654 812 689 supra
829 642 967 677 dictum
991 650 1043 677 est
1061 642 1106 688 (q.
1119 654 1146 688 3.
1166 647 1231 677 art.
1245 643 1314 688 S.)‚·
1332 642 1426 676 unde
1441 641 1676 676 manifestum

92 705 157 740 est,
178 697 276 744 quod
298 696 524 744 impossibile
547 705 611 739 est,
634 697 732 743 quod
752 696 843 731 fides
865 704 1013 730 maneat
1030 695 1140 730 simul
1155 707 1240 730 cum
1254 696 1477 730 beatitudine
1492 697 1527 730 in
1543 696 1676 731 eodem

92 751 269 798 subjecto.

162 805 223 840 AD
252 815 403 841 PRIMUM
426 816 514 852 ergo
542 805 749 847 dicendum,
780 804 878 851 quod
912 804 1001 839 fides
1032 812 1086 839 est
1112 803 1284 847 nobilior,
1315 816 1427 851 quam
1456 803 1610 838 scientia
1634 814 1677 838 ex

92 867 192 907 parte
215 859 368 905 obiecti3
390 859 473 906 quia
497 860 572 905 ejus
597 859 782 905 objectum
805 866 859 893 est
879 860 1012 893 veritas
1035 858 1171 905 prima:
1199 859 1261 893 sed
1289 858 1441 893 scientia
1467 858 1578 892 habet
1600 869 1676 904 per-

92 912 283 948 fectiorem
306 913 459 948 modum
482 912 744 959 cognoscendi,
771 913 854 959 quia
881 923 956 947 non
983 920 1163 959 repugnat
1188 912 1403 959 perfectioni
1429 912 1678 954 beatitudinis,

93 967 233 1004 scilicet
252 967 402 1002 visioni:
426 967 520 1002 sicut
540 975 718 1014 repugnat
741 967 774 1001 ei
796 967 928 1002 modus
955 966 1049 1002 fidei.

165 1022 226 1057 AD
246 1032 456 1057 SECUNDUM
475 1021 684 1063 dicendum,
699 1020 796 1067 quod
813 1020 901 1055 fides
917 1029 970 1055 est
990 1021 1247 1065 fundamentzmz
1262 1029 1439 1067 quantum
1455 1020 1499 1054 ad
1516 1020 1562 1064 id,
1578 1021 1676 1068 quod

93 1075 204 1111 habet
224 1076 268 1110 de
291 1075 514 1122 cognitione,
537 1083 571 1110 et
592 1075 688 1117 ideo,
710 1075 856 1121 quando
878 1074 1086 1121 perficietur
1108 1075 1283 1121 cognitio,
1305 1074 1371 1109 erit
1389 1074 1583 1121 perfectius
1602 1074 1679 1109 fun-

94 1130 320 1165 damentum.

166 1184 228 1219 AD
248 1194 421 1219 TERTIUM
442 1191 541 1230 patet
562 1182 697 1218 solutio
721 1194 764 1218 ex
786 1183 855 1225 his,
878 1194 970 1229 quae
993 1194 1100 1229 supra
1123 1182 1219 1217 dicta
1240 1191 1324 1218 sunt
1347 1182 1397 1228 (in
1419 1189 1509 1229 corp.
1532 1183 1628 1228 art).

655 1344 1004 1390 ARTICULUS
1045 1344 1122 1387 IV.
1612 1367 1676 1403 353

230 1466 386 1496 UTRUM
412 1466 509 1496 SPES
533 1466 714 1497 MANEAT
737 1466 850 1496 POST
874 1467 1064 1497 MORTEM
1086 1467 1131 1497 IN
1158 1467 1304 1496 STATU
1333 1467 1540 1497 GLORIAE.

177 1566 258 1612 (2-2.
280 1579 310 1614 q.
332 1567 383 1603 18.
406 1571 471 1602 art.
493 1579 525 1602 2.
548 1572 577 1602 et
593 1579 622 1614 3.
644 1568 733 1602 Dist.
752 1579 799 1614 31.
823 1579 852 1613 q.
875 1579 907 1603 2.
929 1572 994 1602 art.
1017 1579 1045 1602 r.
1068 1579 1097 1613 q.
1120 1579 1152 1603 2.
1175 1572 1205 1602 et
1233 1567 1316 1602 Virt.
1339 1578 1370 1613 q.
1392 1578 1426 1612 4.
1449 1572 1515 1602 art.
1537 1568 1600 1613 4.).

165 1668 226 1704 AD
248 1679 439 1709 QUARTUM
461 1668 512 1703 sic
533 1668 754 1715 proceditur.
773 1668 938 1712 Videtur,
961 1669 1059 1716 quod
1082 1681 1162 1716 spes
1187 1678 1335 1704 maneat
1355 1678 1438 1715 post
1459 1678 1619 1705 mortem
1641 1669 1677 1704 in

95 1730 189 1759 statu
210 1722 366 1769 gloriae:
388 1734 470 1769 spes
492 1723 591 1757 enim
613 1723 800 1758 mobiliori
822 1723 934 1758 modo
957 1723 1098 1770 perficit
1120 1724 1319 1770 appetitum
1333 1723 1552 1767 humanum,
1567 1735 1678 1770 quam

94 1777 243 1812 virtutes
264 1776 446 1812 morales:
470 1777 533 1812 sed
555 1777 705 1812 virtutes
730 1777 890 1812 morales
913 1786 1064 1812 manent
1081 1786 1164 1824 post
1181 1778 1277 1812 hanc
1297 1778 1422 1820 vitam,
1442 1786 1481 1812 ut
1498 1787 1597 1825 patet
1615 1790 1679 1825 per

95 1832 250 1878 August.
271 1831 308 1865 in
334 1841 385 1874 14.
409 1831 453 1866 de
477 1829 580 1866 Trin.
602 1831 692 1878 (cap.
715 1844 747 1878 9.
771 1843 791 1866 a
813 1831 938 1876 πωπω]
963 1843 1051 1878 ergo
1075 1831 1192 1866 multo
1216 1832 1334 1878 magis
1357 1843 1450 1879 spes.

166 1895 198 1920 2.
220 1885 459 1921 PRAETEREA.
484 1885 571 1932 Spei
593 1885 790 1932 opponitur
812 1886 939 1920 timor:
963 1887 1025 1920 sed
1047 1886 1158 1920 timor
1180 1895 1305 1920 manet
1326 1895 1407 1933 post
1429 1887 1523 1921 hanc
1547 1886 1679 1929 vitam;

96 1947 132 1975 et
155 1939 193 1974 in
217 1939 332 1974 beatis
354 1939 503 1986 quidem
529 1939 642 1974 timor
668 1939 800 1982 filialis,
828 1940 889 1986 qui
919 1948 1043 1974 manet
1069 1941 1106 1974 in
1133 1940 1347 1984 saeculum3
1375 1948 1409 1975 et
1435 1941 1471 1974 in
1499 1941 1680 1976 damnatis

95 1993 206 2029 timor
225 2004 447 2040 poenarum3
471 2005 559 2040 ergo
582 2005 663 2040 spes
681 1994 760 2041 pari
781 1994 922 2028 ratione
945 2002 1065 2041 potest
1087 2005 1312 2041 permanere.

169 2059 199 2094 3.
219 2047 459 2083 PRAETEREA.
484 2047 588 2082 Sicut
609 2059 690 2094 spes
714 2056 768 2082 est
789 2047 898 2082 futuri
918 2048 1018 2090 boni,
1037 2048 1086 2082 ita
1109 2056 1144 2082 et
1165 2048 1403 2083 desiderium:
1427 2049 1489 2083 sed
1509 2048 1545 2083 in
1564 2049 1680 2084 beatis

97 2109 151 2137 est
170 2101 390 2136 desiderium
411 2100 522 2136 futuri
542 2101 641 2144 boni,
669 2110 704 2136 et
729 2110 906 2148 quantum
935 2102 978 2136 ad
1007 2101 1164 2148 gloriam
1191 2103 1368 2149 corporis,
1396 2114 1506 2149 quam
1534 2104 1680 2138 animae

94 2154 287 2191 beatorum
309 2154 526 2198 desiderant,
549 2164 587 2190 ut
609 2155 697 2190 dicit
718 2156 874 2201 August.
903 2165 954 2190 12.
984 2167 1091 2202 super
1120 2155 1253 2191 Genes.
1283 2157 1327 2191 ad
1354 2156 1461 2191 litter.
1492 2157 1580 2204 (cap.
1600 2158 1677 2204 322),

98 2216 133 2244 et
153 2209 263 2244 etiam
285 2217 462 2256 quantum
485 2209 529 2244 ad
551 2209 710 2255 gloriam
733 2210 889 2251 animae,
912 2209 1115 2244 secundum
1137 2209 1226 2244 illud
1249 2210 1361 2244 Eccli.
1386 2221 1462 2253 24:
1487 2211 1558 2255 Qui
1580 2211 1681 2246 edunt

97 2275 160 2306 me,
181 2263 287 2298 adhuc
305 2264 469 2305 esurient;
492 2268 523 2299 et
543 2265 600 2310 qui
619 2264 736 2299 bibunt
756 2276 818 2305 me,
841 2263 948 2298 adhuc
968 2265 1098 2299 sitient:
1122 2272 1156 2298 et
1175 2275 1202 2298 1.
1218 2265 1294 2299 Pet.
1315 2276 1342 2299 1.
1358 2265 1507 2299 dicitur:
1526 2265 1566 2300 In
1584 2277 1677 2311 quem

97 2315 279 2352 desiderant
304 2317 430 2363 Angeli
449 2318 665 2364 prospicere;
701 2329 789 2364 ergo
816 2317 970 2360 videtur,
997 2318 1095 2364 quod
1122 2318 1236 2364 possit
1262 2329 1339 2354 esse
1366 2330 1448 2365 spes
1476 2327 1559 2366 post
1583 2319 1680 2354 hanc

99 2370 212 2406 vitam
232 2371 270 2405 in
291 2370 416 2405 beatis.

171 2423 247 2460 SED
275 2434 432 2460 CONTRA
460 2432 524 2465 est,
547 2424 645 2471 quod
672 2424 841 2471 Apostol.
871 2425 957 2460 dicit
983 2425 1140 2460 Roman.
1165 2425 1219 2460 8.:
1250 2426 1350 2471 Quod
1375 2426 1464 2462 videt
1490 2429 1573 2473 quis,
1601 2426 1682 2474 quid

63 2510 66 2514 ,
97 2479 236 2526 sperat?
257 2478 319 2513 sed
340 2478 437 2513 beati
458 2478 583 2513 vident
603 2478 651 2521 id,
673 2478 771 2525 quod
790 2487 843 2513 est
861 2479 1047 2525 objectum
1065 2480 1154 2526 spei,
1173 2479 1313 2514 scilicet
1331 2481 1475 2523 Deum,
1498 2492 1585 2527 ergo
1604 2491 1680 2515 non

102 2539 256 2579 sperant.

173 2584 406 2621 RESPONDEO
429 2585 638 2628 dicendum,
665 2585 775 2632 quod,
802 2585 895 2621 sicut
921 2586 1059 2621 dictum
1088 2595 1141 2622 est
1169 2586 1251 2632 (art.
1274 2589 1417 2634 praua),
1446 2587 1492 2629 id,
1516 2588 1613 2634 quod
1637 2587 1681 2622 de

102 2638 242 2674 ratione
269 2639 324 2674 sui
350 2639 524 2686 importat
550 2638 866 2686 imperfectionem
895 2640 1059 2686 subjecti,
1086 2652 1159 2675 non
1188 2649 1308 2688 potest
1334 2641 1443 2676 simul
1470 2650 1563 2676 stare
1595 2653 1679 2676 cum

100 2692 262 2739 subJecto
278 2692 452 2740 'opposita
474 2692 698 2740 perfectione
720 2692 898 2740 perfecto:
923 2694 1016 2729 sicut
1036 2703 1145 2741 patet,
1162 2695 1259 2742 quod
1275 2703 1397 2730 motus
1417 2695 1451 2729 in
1471 2695 1611 2730 ratione
1626 2695 1681 2730 sui

100 2744 272 2794 importat
292 2745 611 2794 imperfectionem
626 2746 796 2792 subjecti:
821 2755 874 2782 est
896 2748 995 2782 enim
1014 2754 1105 2784 actus
1123 2750 1286 2784 existentis
1309 2750 1342 2783 in
1358 2751 1522 2796 potantia,
1543 2751 1683 2795 inquan-

102 2804 171 2835 tum
191 2799 400 2847 hujusmodi:
428 2801 536 2843 unde,
563 2800 710 2847 quando
737 2800 799 2835 illa
826 2802 990 2848 potentia
1018 2802 1201 2837 reducitur
1229 2803 1273 2837 ad
1302 2811 1436 2845 actum,
1462 2804 1536 2848 jam
1565 2812 1682 2838 cessat

101 2861 241 2890 motus:
262 2865 338 2889 non
360 2854 459 2889 enim
482 2854 600 2888 adhuc
625 2853 777 2897 albatur,
799 2863 995 2902 postquam
1022 2857 1098 2902 jam
1125 2856 1261 2903 aliquid
1289 2855 1427 2891 factum
1455 2865 1508 2891 est
1535 2857 1679 2892 album:

102 2917 182 2955 spes
206 2915 328 2943 autern
349 2907 523 2955 importat
545 2916 687 2943 motum
710 2909 907 2955 quemdam
930 2909 966 2944 in
989 2910 1035 2953 id,
1058 2909 1156 2957 quod
1178 2921 1253 2945 non
1272 2910 1444 2954 habetur3
1466 2919 1504 2945 ut
1522 2920 1620 2958 patet
1638 2923 1679 2946 ex
