<?xml version="1.0" encoding="UTF-8"?>
<!DOCTYPE html PUBLIC "-//W3C//DTD XHTML 1.0 Transitional//EN"
    "http://www.w3.org/TR/xhtml1/DTD/xhtml1-transitional.dtd">
<html xmlns="http://www.w3.org/1999/xhtml" xml:lang="en" lang="en">
 <head>
  <title>
</title>
<meta http-equiv="Content-Type" content="text/html;charset=utf-8" />
  <meta name='ocr-system' content='tesseract 3.04.00' />
  <meta name='ocr-capabilities' content='ocr_page ocr_carea ocr_par ocr_line ocrx_word'/>
</head>
<body>
  <div class='ocr_page' id='page_1' title='image "./divithomaeaquina02thomuoft_0512.png"; bbox 0 0 1875 3198; ppageno 0'>
   <div class='ocr_carea' id='block_1_1' title="bbox 203 192 1355 246">
    <p class='ocr_par' dir='ltr' id='par_1_1' title="bbox 203 192 1355 246">
     <span class='ocr_line' id='line_1_1' title="bbox 203 192 1355 246; baseline 0.003 -13"><span class='ocrx_word' id='word_1_1' title='bbox 203 192 286 246; x_wconf 71' lang='grc'>508</span> <span class='ocrx_word' id='word_1_2' title='bbox 597 205 815 241; x_wconf 87' lang='lat' dir='ltr'><strong>QUAESTIO</strong></span> <span class='ocrx_word' id='word_1_3' title='bbox 848 207 982 236; x_wconf 83' lang='lat' dir='ltr'>LXXII.</span> <span class='ocrx_word' id='word_1_4' title='bbox 1016 207 1260 237; x_wconf 85' lang='lat' dir='ltr'>ARTICULUS</span> <span class='ocrx_word' id='word_1_5' title='bbox 1294 207 1355 236; x_wconf 86' lang='grc' dir='ltr'>ΙΙΙ.</span> 
     </span>
    </p>
   </div>
   <div class='ocr_carea' id='block_1_2' title="bbox 202 285 1770 1026">
    <p class='ocr_par' dir='ltr' id='par_1_2' title="bbox 202 285 1767 544">
     <span class='ocr_line' id='line_1_2' title="bbox 273 285 1765 333; baseline 0.002 -14"><span class='ocrx_word' id='word_1_6' title='bbox 273 285 332 318; x_wconf 87' lang='lat' dir='ltr'>AD</span> <span class='ocrx_word' id='word_1_7' title='bbox 354 296 503 320; x_wconf 81' lang='lat' dir='ltr'>PRIMUM</span> <span class='ocrx_word' id='word_1_8' title='bbox 525 297 611 332; x_wconf 86' lang='lat' dir='ltr'>ergo</span> <span class='ocrx_word' id='word_1_9' title='bbox 635 286 841 329; x_wconf 83' lang='lat' dir='ltr'>dicendum,</span> <span class='ocrx_word' id='word_1_10' title='bbox 863 287 959 332; x_wconf 91' lang='lat' dir='ltr'>quod</span> <span class='ocrx_word' id='word_1_11' title='bbox 982 287 1157 333; x_wconf 81' lang='lat' dir='ltr'>principia</span> <span class='ocrx_word' id='word_1_12' title='bbox 1183 287 1299 321; x_wconf 77' lang='lat' dir='ltr'>activa</span> <span class='ocrx_word' id='word_1_13' title='bbox 1320 287 1356 320; x_wconf 92' lang='lat' dir='ltr'>in</span> <span class='ocrx_word' id='word_1_14' title='bbox 1384 288 1520 322; x_wconf 83' lang='lat' dir='ltr'>actibus</span> <span class='ocrx_word' id='word_1_15' title='bbox 1541 287 1765 330; x_wconf 77' lang='lat' dir='ltr'>voluntariis,</span> 
     </span>
     <span class='ocr_line' id='line_1_3' title="bbox 203 338 1766 387; baseline 0.003 -16"><span class='ocrx_word' id='word_1_16' title='bbox 203 349 286 371; x_wconf 89' lang='lat' dir='ltr'>curn</span> <span class='ocrx_word' id='word_1_17' title='bbox 307 349 380 372; x_wconf 92' lang='lat' dir='ltr'>non</span> <span class='ocrx_word' id='word_1_18' title='bbox 400 338 469 372; x_wconf 86' lang='lat' dir='ltr'>sint</span> <span class='ocrx_word' id='word_1_19' title='bbox 487 338 724 373; x_wconf 77' lang='lat' dir='ltr'>determinata</span> <span class='ocrx_word' id='word_1_20' title='bbox 745 339 787 373; x_wconf 72' lang='lat' dir='ltr'>ad</span> <span class='ocrx_word' id='word_1_21' title='bbox 803 351 927 381; x_wconf 86' lang='lat' dir='ltr'>unum,</span> <span class='ocrx_word' id='word_1_22' title='bbox 942 351 1016 373; x_wconf 90' lang='lat' dir='ltr'>non</span> <span class='ocrx_word' id='word_1_23' title='bbox 1035 339 1216 374; x_wconf 85' lang='lat' dir='ltr'>sufficiunt</span> <span class='ocrx_word' id='word_1_24' title='bbox 1231 340 1273 374; x_wconf 81' lang='lat' dir='ltr'>ad</span> <span class='ocrx_word' id='word_1_25' title='bbox 1292 341 1567 387; x_wconf 88' lang='lat' dir='ltr'>producendum</span> <span class='ocrx_word' id='word_1_26' title='bbox 1585 341 1766 376; x_wconf 82' lang='lat' dir='ltr'>humanos</span> 
     </span>
     <span class='ocr_line' id='line_1_4' title="bbox 203 391 1767 441; baseline 0.003 -17"><span class='ocrx_word' id='word_1_27' title='bbox 203 399 314 433; x_wconf 79' lang='lat' dir='ltr'>actus,</span> <span class='ocrx_word' id='word_1_28' title='bbox 335 391 403 425; x_wconf 90' lang='lat' dir='ltr'>nisi</span> <span class='ocrx_word' id='word_1_29' title='bbox 426 392 683 426; x_wconf 79' lang='lat' dir='ltr'>determinetur</span> <span class='ocrx_word' id='word_1_30' title='bbox 696 392 863 426; x_wconf 78' lang='lat' dir='ltr'>voluntas</span> <span class='ocrx_word' id='word_1_31' title='bbox 887 393 929 426; x_wconf 79' lang='lat' dir='ltr'>ad</span> <span class='ocrx_word' id='word_1_32' title='bbox 954 405 1064 427; x_wconf 86' lang='lat' dir='ltr'>unum</span> <span class='ocrx_word' id='word_1_33' title='bbox 1087 404 1150 439; x_wconf 86' lang='lat' dir='ltr'>per</span> <span class='ocrx_word' id='word_1_34' title='bbox 1163 393 1402 428; x_wconf 81' lang='lat' dir='ltr'>intentionem</span> <span class='ocrx_word' id='word_1_35' title='bbox 1421 394 1511 436; x_wconf 86' lang='lat' dir='ltr'>finis,</span> <span class='ocrx_word' id='word_1_36' title='bbox 1531 402 1569 428; x_wconf 87' lang='lat' dir='ltr'>ut</span> <span class='ocrx_word' id='word_1_37' title='bbox 1587 401 1684 440; x_wconf 86' lang='lat' dir='ltr'>patet</span> <span class='ocrx_word' id='word_1_38' title='bbox 1704 407 1767 441; x_wconf 80' lang='lat' dir='ltr'>per</span> 
     </span>
     <span class='ocr_line' id='line_1_5' title="bbox 202 444 1765 494; baseline 0.003 -16"><span class='ocrx_word' id='word_1_39' title='bbox 202 444 295 478; x_wconf 86' lang='lat' dir='ltr'><strong>Phil.</strong></span> <span class='ocrx_word' id='word_1_40' title='bbox 322 445 358 478; x_wconf 89' lang='lat' dir='ltr'>in</span> <span class='ocrx_word' id='word_1_41' title='bbox 380 456 411 491; x_wconf 79' lang='lat'>9.</span> <span class='ocrx_word' id='word_1_42' title='bbox 434 445 593 491; x_wconf 81' lang='lat' dir='ltr'>Metaph.</span> <span class='ocrx_word' id='word_1_43' title='bbox 616 447 695 490; x_wconf 71' lang='lat' dir='ltr'>(tex.</span> <span class='ocrx_word' id='word_1_44' title='bbox 717 458 760 491; x_wconf 77' lang='lat'>15.</span> <span class='ocrx_word' id='word_1_45' title='bbox 785 451 813 480; x_wconf 70' lang='lat' dir='ltr'>ct</span> <span class='ocrx_word' id='word_1_46' title='bbox 834 446 917 490; x_wconf 82' lang='lat'><strong><em>16.);</em></strong></span> <span class='ocrx_word' id='word_1_47' title='bbox 942 454 975 480; x_wconf 84' lang='lat' dir='ltr'>et</span> <span class='ocrx_word' id='word_1_48' title='bbox 1002 446 1083 480; x_wconf 91' lang='lat' dir='ltr'>ideo</span> <span class='ocrx_word' id='word_1_49' title='bbox 1112 458 1131 480; x_wconf 82' lang='lat' dir='ltr'>a</span> <span class='ocrx_word' id='word_1_50' title='bbox 1156 446 1226 480; x_wconf 88' lang='lat' dir='ltr'>fine</span> <span class='ocrx_word' id='word_1_51' title='bbox 1254 447 1435 493; x_wconf 88' lang='lat' dir='ltr'>perficitur</span> <span class='ocrx_word' id='word_1_52' title='bbox 1457 458 1545 489; x_wconf 87' lang='lat' dir='ltr'>esse,</span> <span class='ocrx_word' id='word_1_53' title='bbox 1568 455 1603 481; x_wconf 83' lang='lat' dir='ltr'>et</span> <span class='ocrx_word' id='word_1_54' title='bbox 1628 448 1765 494; x_wconf 86' lang='lat' dir='ltr'>species</span> 
     </span>
     <span class='ocr_line' id='line_1_6' title="bbox 203 506 353 544; baseline 0 -13"><span class='ocrx_word' id='word_1_55' title='bbox 203 506 353 544; x_wconf 81' lang='lat' dir='ltr'>peccati.</span> 
     </span>
    </p>

    <p class='ocr_par' dir='ltr' id='par_1_3' title="bbox 203 551 1770 967">
     <span class='ocr_line' id='line_1_7' title="bbox 274 551 1768 600; baseline 0.002 -15"><span class='ocrx_word' id='word_1_56' title='bbox 274 551 333 585; x_wconf 87' lang='lat' dir='ltr'>AD</span> <span class='ocrx_word' id='word_1_57' title='bbox 361 562 567 586; x_wconf 76' lang='lat' dir='ltr'>SECUNDUM</span> <span class='ocrx_word' id='word_1_58' title='bbox 590 551 795 593; x_wconf 86' lang='lat' dir='ltr'>dicendum,</span> <span class='ocrx_word' id='word_1_59' title='bbox 811 552 907 597; x_wconf 90' lang='lat' dir='ltr'>quod</span> <span class='ocrx_word' id='word_1_60' title='bbox 930 552 1082 598; x_wconf 83' lang='lat' dir='ltr'>objecta,</span> <span class='ocrx_word' id='word_1_61' title='bbox 1105 553 1304 587; x_wconf 87' lang='lat' dir='ltr'>secundum</span> <span class='ocrx_word' id='word_1_62' title='bbox 1327 553 1422 599; x_wconf 89' lang='lat' dir='ltr'>quod</span> <span class='ocrx_word' id='word_1_63' title='bbox 1446 561 1702 600; x_wconf 85' lang='lat' dir='ltr'>comparantur</span> <span class='ocrx_word' id='word_1_64' title='bbox 1723 554 1768 588; x_wconf 86' lang='lat' dir='ltr'>ad</span> 
     </span>
     <span class='ocr_line' id='line_1_8' title="bbox 203 605 1769 653; baseline 0.002 -15"><span class='ocrx_word' id='word_1_65' title='bbox 203 612 303 638; x_wconf 80' lang='lat' dir='ltr'>actus</span> <span class='ocrx_word' id='word_1_66' title='bbox 327 605 530 646; x_wconf 76' lang='lat' dir='ltr'>exteriores,</span> <span class='ocrx_word' id='word_1_67' title='bbox 553 605 686 638; x_wconf 82' lang='lat' dir='ltr'>habent</span> <span class='ocrx_word' id='word_1_68' title='bbox 708 605 885 639; x_wconf 79' lang='lat' dir='ltr'>rationem</span> <span class='ocrx_word' id='word_1_69' title='bbox 908 606 1081 640; x_wconf 80' lang='lat' dir='ltr'>materiae</span> <span class='ocrx_word' id='word_1_70' title='bbox 1104 608 1193 641; x_wconf 68' lang='lat' dir='ltr'>circa</span> <span class='ocrx_word' id='word_1_71' title='bbox 1221 617 1342 652; x_wconf 76' lang='lat' dir='ltr'>quam:</span> <span class='ocrx_word' id='word_1_72' title='bbox 1366 606 1427 641; x_wconf 88' lang='lat' dir='ltr'>sed</span> <span class='ocrx_word' id='word_1_73' title='bbox 1450 608 1649 641; x_wconf 84' lang='lat' dir='ltr'>secundum</span> <span class='ocrx_word' id='word_1_74' title='bbox 1672 607 1769 653; x_wconf 90' lang='lat' dir='ltr'>quod</span> 
     </span>
     <span class='ocr_line' id='line_1_9' title="bbox 204 658 1769 704; baseline 0.002 -13"><span class='ocrx_word' id='word_1_75' title='bbox 204 667 461 704; x_wconf 81' lang='lat' dir='ltr'>comparantur</span> <span class='ocrx_word' id='word_1_76' title='bbox 483 659 525 691; x_wconf 82' lang='lat' dir='ltr'>ad</span> <span class='ocrx_word' id='word_1_77' title='bbox 549 667 669 692; x_wconf 81' lang='lat' dir='ltr'>actum</span> <span class='ocrx_word' id='word_1_78' title='bbox 688 658 895 692; x_wconf 87' lang='lat' dir='ltr'>interiorem</span> <span class='ocrx_word' id='word_1_79' title='bbox 918 659 1126 701; x_wconf 78' lang='lat' dir='ltr'>voluntatis,</span> <span class='ocrx_word' id='word_1_80' title='bbox 1148 659 1282 693; x_wconf 81' lang='lat' dir='ltr'>habent</span> <span class='ocrx_word' id='word_1_81' title='bbox 1304 660 1483 694; x_wconf 86' lang='lat' dir='ltr'>rationem</span> <span class='ocrx_word' id='word_1_82' title='bbox 1504 660 1648 694; x_wconf 87' lang='lat' dir='ltr'>finium:</span> <span class='ocrx_word' id='word_1_83' title='bbox 1672 669 1706 694; x_wconf 88' lang='lat' dir='ltr'>et</span> <span class='ocrx_word' id='word_1_84' title='bbox 1727 672 1769 694; x_wconf 78' lang='lat' dir='ltr'>ex</span> 
     </span>
     <span class='ocr_line' id='line_1_10' title="bbox 203 711 1770 760; baseline 0.003 -16"><span class='ocrx_word' id='word_1_85' title='bbox 203 711 272 745; x_wconf 90' lang='lat' dir='ltr'>hoc</span> <span class='ocrx_word' id='word_1_86' title='bbox 295 711 439 753; x_wconf 80' lang='lat' dir='ltr'>habent,</span> <span class='ocrx_word' id='word_1_87' title='bbox 462 711 557 757; x_wconf 87' lang='lat' dir='ltr'>quod</span> <span class='ocrx_word' id='word_1_88' title='bbox 585 711 669 745; x_wconf 82' lang='lat' dir='ltr'>dent</span> <span class='ocrx_word' id='word_1_89' title='bbox 696 712 855 757; x_wconf 88' lang='lat' dir='ltr'>speciem</span> <span class='ocrx_word' id='word_1_90' title='bbox 879 713 991 746; x_wconf 81' lang='lat' dir='ltr'>actui:</span> <span class='ocrx_word' id='word_1_91' title='bbox 1015 713 1179 759; x_wconf 85' lang='lat' dir='ltr'>quamvis</span> <span class='ocrx_word' id='word_1_92' title='bbox 1203 713 1313 746; x_wconf 87' lang='lat' dir='ltr'>etiarn</span> <span class='ocrx_word' id='word_1_93' title='bbox 1335 714 1536 747; x_wconf 87' lang='lat' dir='ltr'>secundum</span> <span class='ocrx_word' id='word_1_94' title='bbox 1563 713 1660 760; x_wconf 92' lang='lat' dir='ltr'>quod</span> <span class='ocrx_word' id='word_1_95' title='bbox 1687 722 1770 748; x_wconf 86' lang='lat' dir='ltr'>sunt</span> 
     </span>
     <span class='ocr_line' id='line_1_11' title="bbox 204 765 1770 814; baseline 0.003 -17"><span class='ocrx_word' id='word_1_96' title='bbox 204 765 353 798; x_wconf 72' lang='lat' dir='ltr'>materia</span> <span class='ocrx_word' id='word_1_97' title='bbox 376 766 465 798; x_wconf 73' lang='lat' dir='ltr'>circa</span> <span class='ocrx_word' id='word_1_98' title='bbox 492 776 603 810; x_wconf 74' lang='lat' dir='ltr'>qnam,</span> <span class='ocrx_word' id='word_1_99' title='bbox 626 765 783 799; x_wconf 78' lang='lat' dir='ltr'>habeant</span> <span class='ocrx_word' id='word_1_100' title='bbox 805 765 983 800; x_wconf 79' lang='lat' dir='ltr'>rationem</span> <span class='ocrx_word' id='word_1_101' title='bbox 1010 766 1261 808; x_wconf 83' lang='lat' dir='ltr'>terminorum,</span> <span class='ocrx_word' id='word_1_102' title='bbox 1290 778 1309 799; x_wconf 85' lang='lat' dir='ltr'>a</span> <span class='ocrx_word' id='word_1_103' title='bbox 1337 767 1464 812; x_wconf 87' lang='lat' dir='ltr'>quibus</span> <span class='ocrx_word' id='word_1_104' title='bbox 1491 775 1612 801; x_wconf 86' lang='lat' dir='ltr'>motus</span> <span class='ocrx_word' id='word_1_105' title='bbox 1635 767 1770 814; x_wconf 86' lang='lat' dir='ltr'>specifi-</span> 
     </span>
     <span class='ocr_line' id='line_1_12' title="bbox 204 817 1769 866; baseline 0.003 -16"><span class='ocrx_word' id='word_1_106' title='bbox 204 825 340 859; x_wconf 81' lang='lat' dir='ltr'>cantur,</span> <span class='ocrx_word' id='word_1_107' title='bbox 368 826 405 851; x_wconf 87' lang='lat' dir='ltr'>ut</span> <span class='ocrx_word' id='word_1_108' title='bbox 431 818 559 851; x_wconf 89' lang='lat' dir='ltr'>dicitur</span> <span class='ocrx_word' id='word_1_109' title='bbox 586 818 621 851; x_wconf 91' lang='lat' dir='ltr'>in</span> <span class='ocrx_word' id='word_1_110' title='bbox 648 829 675 862; x_wconf 79' lang='lat'>5.</span> <span class='ocrx_word' id='word_1_111' title='bbox 698 817 807 864; x_wconf 83' lang='lat' dir='ltr'>Phys.</span> <span class='ocrx_word' id='word_1_112' title='bbox 833 818 909 863; x_wconf 62' lang='lat' dir='ltr'>(tax.</span> <span class='ocrx_word' id='word_1_113' title='bbox 936 819 988 864; x_wconf 75' lang='lat'>4.)</span> <span class='ocrx_word' id='word_1_114' title='bbox 1011 827 1045 853; x_wconf 87' lang='lat' dir='ltr'>et</span> <span class='ocrx_word' id='word_1_115' title='bbox 1070 820 1106 853; x_wconf 90' lang='lat' dir='ltr'>in</span> <span class='ocrx_word' id='word_1_116' title='bbox 1133 831 1183 854; x_wconf 92' lang='lat'>10.</span> <span class='ocrx_word' id='word_1_117' title='bbox 1212 819 1327 853; x_wconf 77' lang='lat' dir='ltr'>Ethic.</span> <span class='ocrx_word' id='word_1_118' title='bbox 1353 820 1439 866; x_wconf 79' lang='lat' dir='ltr'><em>(cap.</em></span> <span class='ocrx_word' id='word_1_119' title='bbox 1466 822 1530 866; x_wconf 80' lang='lat'><em>4.),</em></span> <span class='ocrx_word' id='word_1_120' title='bbox 1558 821 1621 855; x_wconf 89' lang='lat' dir='ltr'>sed</span> <span class='ocrx_word' id='word_1_121' title='bbox 1647 829 1769 855; x_wconf 85' lang='lat' dir='ltr'>tamen</span> 
     </span>
     <span class='ocr_line' id='line_1_13' title="bbox 204 871 1770 919; baseline 0.003 -15"><span class='ocrx_word' id='word_1_122' title='bbox 204 871 313 905; x_wconf 80' lang='lat' dir='ltr'>etiam</span> <span class='ocrx_word' id='word_1_123' title='bbox 340 871 484 904; x_wconf 84' lang='lat' dir='ltr'>termini</span> <span class='ocrx_word' id='word_1_124' title='bbox 510 879 630 905; x_wconf 85' lang='lat' dir='ltr'>motus</span> <span class='ocrx_word' id='word_1_125' title='bbox 659 871 744 905; x_wconf 80' lang='lat' dir='ltr'>dant</span> <span class='ocrx_word' id='word_1_126' title='bbox 771 872 930 917; x_wconf 86' lang='lat' dir='ltr'>speciem</span> <span class='ocrx_word' id='word_1_127' title='bbox 958 873 1132 915; x_wconf 83' lang='lat' dir='ltr'>moribus,</span> <span class='ocrx_word' id='word_1_128' title='bbox 1159 873 1195 907; x_wconf 93' lang='lat' dir='ltr'>in</span> <span class='ocrx_word' id='word_1_129' title='bbox 1222 881 1398 919; x_wconf 78' lang='lat' dir='ltr'>quantum</span> <span class='ocrx_word' id='word_1_130' title='bbox 1430 874 1565 908; x_wconf 79' lang='lat' dir='ltr'>habent</span> <span class='ocrx_word' id='word_1_131' title='bbox 1591 874 1770 908; x_wconf 86' lang='lat' dir='ltr'>rationem</span> 
     </span>
     <span class='ocr_line' id='line_1_14' title="bbox 204 924 1253 967; baseline 0.002 -9"><span class='ocrx_word' id='word_1_132' title='bbox 204 924 296 958; x_wconf 84' lang='lat' dir='ltr'>finis.</span> <span class='ocrx_word' id='word_1_133' title='bbox 1250 963 1253 967; x_wconf 30' lang='lat'><strong>⁴</strong></span> 
     </span>
    </p>

    <p class='ocr_par' dir='ltr' id='par_1_4' title="bbox 274 978 1768 1026">
     <span class='ocr_line' id='line_1_15' title="bbox 274 978 1768 1026; baseline 0.003 -15"><span class='ocrx_word' id='word_1_134' title='bbox 274 978 333 1011; x_wconf 82' lang='lat' dir='ltr'>AD</span> <span class='ocrx_word' id='word_1_135' title='bbox 357 987 527 1012; x_wconf 75' lang='lat' dir='ltr'>TERTHJM</span> <span class='ocrx_word' id='word_1_136' title='bbox 550 978 756 1020; x_wconf 85' lang='lat' dir='ltr'>dicendum,</span> <span class='ocrx_word' id='word_1_137' title='bbox 780 979 876 1025; x_wconf 88' lang='lat' dir='ltr'>quod</span> <span class='ocrx_word' id='word_1_138' title='bbox 898 978 981 1014; x_wconf 78' lang='lat' dir='ltr'>illae</span> <span class='ocrx_word' id='word_1_139' title='bbox 1005 979 1198 1014; x_wconf 79' lang='lat' dir='ltr'>divisiones</span> <span class='ocrx_word' id='word_1_140' title='bbox 1221 989 1457 1026; x_wconf 84' lang='lat' dir='ltr'>peccatorum</span> <span class='ocrx_word' id='word_1_141' title='bbox 1478 992 1552 1015; x_wconf 92' lang='lat' dir='ltr'>non</span> <span class='ocrx_word' id='word_1_142' title='bbox 1575 980 1703 1016; x_wconf 81' lang='lat' dir='ltr'>dantur</span> <span class='ocrx_word' id='word_1_143' title='bbox 1725 981 1768 1015; x_wconf 77' lang='lat' dir='ltr'>ad</span> 
     </span>
    </p>
   </div>
   <div class='ocr_carea' id='block_1_3' title="bbox 204 1031 1770 1118">
    <p class='ocr_par' dir='ltr' id='par_1_5' title="bbox 204 1031 1770 1118">
     <span class='ocr_line' id='line_1_16' title="bbox 204 1031 1770 1078; baseline 0.003 -14"><span class='ocrx_word' id='word_1_144' title='bbox 204 1031 472 1077; x_wconf 78' lang='lat' dir='ltr'>distinguendas</span> <span class='ocrx_word' id='word_1_145' title='bbox 507 1031 645 1078; x_wconf 88' lang='lat' dir='ltr'>species</span> <span class='ocrx_word' id='word_1_146' title='bbox 680 1041 927 1078; x_wconf 81' lang='lat' dir='ltr'>peccatorum,</span> <span class='ocrx_word' id='word_1_147' title='bbox 960 1033 1022 1067; x_wconf 88' lang='lat' dir='ltr'>sed</span> <span class='ocrx_word' id='word_1_148' title='bbox 1056 1034 1099 1067; x_wconf 79' lang='lat' dir='ltr'>ad</span> <span class='ocrx_word' id='word_1_149' title='bbox 1135 1033 1417 1068; x_wconf 80' lang='lat' dir='ltr'>manifestandas</span> <span class='ocrx_word' id='word_1_150' title='bbox 1452 1034 1610 1069; x_wconf 83' lang='lat' dir='ltr'>diversas</span> <span class='ocrx_word' id='word_1_151' title='bbox 1644 1046 1770 1070; x_wconf 83' lang='lat' dir='ltr'>causas</span> 
     </span>
     <span class='ocr_line' id='line_1_17' title="bbox 205 1095 343 1118; baseline 0 0"><span class='ocrx_word' id='word_1_152' title='bbox 205 1095 343 1118; x_wconf 87' lang='lat' dir='ltr'>eorum.</span> 
     </span>
    </p>
   </div>
   <div class='ocr_carea' id='block_1_4' title="bbox 762 1216 1767 1277">
    <p class='ocr_par' dir='ltr' id='par_1_6' title="bbox 762 1216 1767 1277">
     <span class='ocr_line' id='line_1_18' title="bbox 762 1216 1767 1277; baseline 0.006 -18"><span class='ocrx_word' id='word_1_153' title='bbox 762 1216 1109 1261; x_wconf 84' lang='lat' dir='ltr'>ARTICULUS</span> <span class='ocrx_word' id='word_1_154' title='bbox 1139 1217 1214 1261; x_wconf 83' lang='lat' dir='ltr'>IV.</span> <span class='ocrx_word' id='word_1_155' title='bbox 1706 1230 1767 1277; x_wconf 82' lang='lat'>381</span> 
     </span>
    </p>
   </div>
   <div class='ocr_carea' id='block_1_5' title="bbox 333 1323 1641 1430">
    <p class='ocr_par' dir='ltr' id='par_1_7' title="bbox 333 1323 1641 1430">
     <span class='ocr_line' id='line_1_19' title="bbox 411 1323 1559 1356; baseline 0.003 -4"><span class='ocrx_word' id='word_1_156' title='bbox 411 1323 564 1353; x_wconf 88' lang='lat' dir='ltr'><strong>UTRUM</strong></span> <span class='ocrx_word' id='word_1_157' title='bbox 592 1324 830 1354; x_wconf 87' lang='lat' dir='ltr'><strong>PECCATUM</strong></span> <span class='ocrx_word' id='word_1_158' title='bbox 858 1325 1197 1356; x_wconf 90' lang='lat' dir='ltr'>CONVENIENTER</span> <span class='ocrx_word' id='word_1_159' title='bbox 1225 1326 1559 1356; x_wconf 89' lang='lat' dir='ltr'>DISTINGUATUR</span> 
     </span>
     <span class='ocr_line' id='line_1_20' title="bbox 333 1388 1641 1430; baseline 0.003 -14"><span class='ocrx_word' id='word_1_160' title='bbox 333 1388 378 1419; x_wconf 94' lang='lat' dir='ltr'>IN</span> <span class='ocrx_word' id='word_1_161' title='bbox 410 1389 647 1418; x_wconf 91' lang='lat' dir='ltr'>PECCATUM</span> <span class='ocrx_word' id='word_1_162' title='bbox 680 1390 723 1418; x_wconf 91' lang='lat' dir='ltr'>IN</span> <span class='ocrx_word' id='word_1_163' title='bbox 758 1390 896 1429; x_wconf 83' lang='lat' dir='ltr'>DEUM,</span> <span class='ocrx_word' id='word_1_164' title='bbox 927 1391 972 1421; x_wconf 91' lang='lat' dir='ltr'>IN</span> <span class='ocrx_word' id='word_1_165' title='bbox 1005 1391 1199 1430; x_wconf 79' lang='lat' dir='ltr'>SEIPSUM‚</span> <span class='ocrx_word' id='word_1_166' title='bbox 1232 1392 1288 1421; x_wconf 92' lang='lat' dir='ltr'>ET</span> <span class='ocrx_word' id='word_1_167' title='bbox 1321 1391 1366 1422; x_wconf 91' lang='lat' dir='ltr'>IN</span> <span class='ocrx_word' id='word_1_168' title='bbox 1397 1391 1641 1421; x_wconf 90' lang='lat' dir='ltr'>PROXIMUM.</span> 
     </span>
    </p>
   </div>
   <div class='ocr_carea' id='block_1_6' title="bbox 636 1478 1335 1524">
    <p class='ocr_par' dir='ltr' id='par_1_8' title="bbox 636 1478 1335 1524">
     <span class='ocr_line' id='line_1_21' title="bbox 636 1478 1335 1524; baseline 0.001 -12"><span class='ocrx_word' id='word_1_169' title='bbox 636 1478 680 1522; x_wconf 84' lang='lat' dir='ltr'>(I.</span> <span class='ocrx_word' id='word_1_170' title='bbox 705 1478 793 1512; x_wconf 68' lang='lat' dir='ltr'>Dist.</span> <span class='ocrx_word' id='word_1_171' title='bbox 815 1490 870 1522; x_wconf 79' lang='lat'>42.</span> <span class='ocrx_word' id='word_1_172' title='bbox 893 1490 922 1524; x_wconf 88' lang='lat' dir='ltr'>q.</span> <span class='ocrx_word' id='word_1_173' title='bbox 944 1490 975 1513; x_wconf 89' lang='lat'>2.</span> <span class='ocrx_word' id='word_1_174' title='bbox 995 1484 1059 1513; x_wconf 75' lang='lat' dir='ltr'>art.</span> <span class='ocrx_word' id='word_1_175' title='bbox 1082 1490 1113 1513; x_wconf 88' lang='lat'>2.</span> <span class='ocrx_word' id='word_1_176' title='bbox 1135 1484 1164 1513; x_wconf 78' lang='lat' dir='ltr'>et</span> <span class='ocrx_word' id='word_1_177' title='bbox 1185 1479 1237 1513; x_wconf 77' lang='lat' dir='ltr'>Ps.</span> <span class='ocrx_word' id='word_1_178' title='bbox 1258 1479 1335 1524; x_wconf 70' lang='lat'>25).</span> 
     </span>
    </p>
   </div>
   <div class='ocr_carea' id='block_1_7' title="bbox 204 1565 1777 2948">
    <p class='ocr_par' dir='ltr' id='par_1_9' title="bbox 204 1565 1775 1932">
     <span class='ocr_line' id='line_1_22' title="bbox 276 1565 1761 1614; baseline 0.001 -15"><span class='ocrx_word' id='word_1_179' title='bbox 276 1565 336 1599; x_wconf 79' lang='lat' dir='ltr'>AD</span> <span class='ocrx_word' id='word_1_180' title='bbox 364 1575 551 1603; x_wconf 83' lang='lat' dir='ltr'><strong>QUARTUM</strong></span> <span class='ocrx_word' id='word_1_181' title='bbox 575 1566 625 1600; x_wconf 85' lang='lat' dir='ltr'>sic</span> <span class='ocrx_word' id='word_1_182' title='bbox 648 1566 864 1612; x_wconf 82' lang='lat' dir='ltr'>proceditur.</span> <span class='ocrx_word' id='word_1_183' title='bbox 887 1566 1049 1609; x_wconf 82' lang='lat' dir='ltr'>Videtur,</span> <span class='ocrx_word' id='word_1_184' title='bbox 1073 1567 1169 1613; x_wconf 88' lang='lat' dir='ltr'>quod</span> <span class='ocrx_word' id='word_1_185' title='bbox 1191 1567 1490 1601; x_wconf 85' lang='lat' dir='ltr'>inconvenienter</span> <span class='ocrx_word' id='word_1_186' title='bbox 1512 1575 1704 1614; x_wconf 84' lang='lat' dir='ltr'>peccatum</span> <span class='ocrx_word' id='word_1_187' title='bbox 1726 1567 1761 1600; x_wconf 90' lang='lat' dir='ltr'>di</span> 
     </span>
     <span class='ocr_line' id='line_1_23' title="bbox 204 1618 1771 1667; baseline 0.002 -16"><span class='ocrx_word' id='word_1_188' title='bbox 204 1618 405 1664; x_wconf 78' lang='lat' dir='ltr'>stinguatur</span> <span class='ocrx_word' id='word_1_189' title='bbox 432 1630 494 1664; x_wconf 89' lang='lat' dir='ltr'>per</span> <span class='ocrx_word' id='word_1_190' title='bbox 520 1627 723 1664; x_wconf 76' lang='lat' dir='ltr'>peccatum,</span> <span class='ocrx_word' id='word_1_191' title='bbox 751 1620 847 1665; x_wconf 88' lang='lat' dir='ltr'>quod</span> <span class='ocrx_word' id='word_1_192' title='bbox 875 1628 926 1654; x_wconf 90' lang='lat' dir='ltr'>est</span> <span class='ocrx_word' id='word_1_193' title='bbox 953 1620 987 1654; x_wconf 88' lang='lat' dir='ltr'>in</span> <span class='ocrx_word' id='word_1_194' title='bbox 1009 1620 1142 1662; x_wconf 87' lang='lat' dir='ltr'>Deum,</span> <span class='ocrx_word' id='word_1_195' title='bbox 1164 1621 1200 1654; x_wconf 94' lang='lat' dir='ltr'>in</span> <span class='ocrx_word' id='word_1_196' title='bbox 1223 1621 1442 1666; x_wconf 79' lang='lat' dir='ltr'>proximum,</span> <span class='ocrx_word' id='word_1_197' title='bbox 1471 1629 1505 1655; x_wconf 88' lang='lat' dir='ltr'>et</span> <span class='ocrx_word' id='word_1_198' title='bbox 1531 1621 1567 1654; x_wconf 93' lang='lat' dir='ltr'>in</span> <span class='ocrx_word' id='word_1_199' title='bbox 1595 1621 1771 1667; x_wconf 85' lang='lat' dir='ltr'>seipsum:</span> 
     </span>
     <span class='ocr_line' id='line_1_24' title="bbox 204 1671 1771 1720; baseline 0.002 -16"><span class='ocrx_word' id='word_1_200' title='bbox 204 1671 291 1705; x_wconf 85' lang='lat' dir='ltr'>illud</span> <span class='ocrx_word' id='word_1_201' title='bbox 315 1671 423 1713; x_wconf 85' lang='lat' dir='ltr'>enim,</span> <span class='ocrx_word' id='word_1_202' title='bbox 447 1672 542 1718; x_wconf 84' lang='lat' dir='ltr'>quod</span> <span class='ocrx_word' id='word_1_203' title='bbox 566 1680 618 1706; x_wconf 87' lang='lat' dir='ltr'>est</span> <span class='ocrx_word' id='word_1_204' title='bbox 640 1684 836 1707; x_wconf 80' lang='lat' dir='ltr'>commune</span> <span class='ocrx_word' id='word_1_205' title='bbox 860 1673 961 1707; x_wconf 89' lang='lat' dir='ltr'>omni</span> <span class='ocrx_word' id='word_1_206' title='bbox 987 1682 1150 1720; x_wconf 81' lang='lat' dir='ltr'>peccato,</span> <span class='ocrx_word' id='word_1_207' title='bbox 1173 1685 1246 1707; x_wconf 90' lang='lat' dir='ltr'>non</span> <span class='ocrx_word' id='word_1_208' title='bbox 1274 1674 1379 1708; x_wconf 84' lang='lat' dir='ltr'>debet</span> <span class='ocrx_word' id='word_1_209' title='bbox 1400 1674 1487 1720; x_wconf 89' lang='lat' dir='ltr'>poni</span> <span class='ocrx_word' id='word_1_210' title='bbox 1509 1674 1611 1720; x_wconf 81' lang='lat' dir='ltr'>quasi</span> <span class='ocrx_word' id='word_1_211' title='bbox 1632 1685 1713 1720; x_wconf 83' lang='lat' dir='ltr'>pars</span> <span class='ocrx_word' id='word_1_212' title='bbox 1735 1674 1771 1707; x_wconf 93' lang='lat' dir='ltr'>in</span> 
     </span>
     <span class='ocr_line' id='line_1_25' title="bbox 205 1725 1770 1773; baseline 0.002 -15"><span class='ocrx_word' id='word_1_213' title='bbox 205 1725 381 1759; x_wconf 70' lang='lat' dir='ltr'>divisione</span> <span class='ocrx_word' id='word_1_214' title='bbox 403 1726 561 1771; x_wconf 80' lang='lat' dir='ltr'>peccati3</span> <span class='ocrx_word' id='word_1_215' title='bbox 585 1726 645 1760; x_wconf 86' lang='lat' dir='ltr'>sed</span> <span class='ocrx_word' id='word_1_216' title='bbox 669 1737 865 1760; x_wconf 86' lang='lat' dir='ltr'>commune</span> <span class='ocrx_word' id='word_1_217' title='bbox 894 1735 946 1761; x_wconf 86' lang='lat' dir='ltr'>est</span> <span class='ocrx_word' id='word_1_218' title='bbox 973 1727 1073 1760; x_wconf 85' lang='lat' dir='ltr'>omni</span> <span class='ocrx_word' id='word_1_219' title='bbox 1096 1735 1259 1773; x_wconf 80' lang='lat' dir='ltr'>peccato,</span> <span class='ocrx_word' id='word_1_220' title='bbox 1281 1727 1378 1773; x_wconf 92' lang='lat' dir='ltr'>quod</span> <span class='ocrx_word' id='word_1_221' title='bbox 1413 1727 1457 1761; x_wconf 91' lang='lat' dir='ltr'>sit</span> <span class='ocrx_word' id='word_1_222' title='bbox 1483 1735 1608 1761; x_wconf 87' lang='lat' dir='ltr'>contra</span> <span class='ocrx_word' id='word_1_223' title='bbox 1630 1727 1770 1761; x_wconf 88' lang='lat' dir='ltr'>Deum:</span> 
     </span>
     <span class='ocr_line' id='line_1_26' title="bbox 205 1779 1772 1827; baseline 0.002 -16"><span class='ocrx_word' id='word_1_224' title='bbox 205 1779 350 1824; x_wconf 86' lang='lat' dir='ltr'>ponitur</span> <span class='ocrx_word' id='word_1_225' title='bbox 365 1779 462 1812; x_wconf 89' lang='lat' dir='ltr'>enim</span> <span class='ocrx_word' id='word_1_226' title='bbox 481 1779 516 1812; x_wconf 90' lang='lat' dir='ltr'>in</span> <span class='ocrx_word' id='word_1_227' title='bbox 532 1779 740 1813; x_wconf 81' lang='lat' dir='ltr'>definitione</span> <span class='ocrx_word' id='word_1_228' title='bbox 762 1780 912 1825; x_wconf 83' lang='lat' dir='ltr'>peccati,</span> <span class='ocrx_word' id='word_1_229' title='bbox 929 1780 1024 1826; x_wconf 83' lang='lat' dir='ltr'>quod</span> <span class='ocrx_word' id='word_1_230' title='bbox 1040 1782 1081 1814; x_wconf 77' lang='lat' dir='ltr'>sit</span> <span class='ocrx_word' id='word_1_231' title='bbox 1099 1785 1213 1814; x_wconf 77' lang='lat' dir='ltr'>contra</span> <span class='ocrx_word' id='word_1_232' title='bbox 1232 1781 1329 1826; x_wconf 60' lang='lat' dir='ltr'>Iegem</span> <span class='ocrx_word' id='word_1_233' title='bbox 1349 1781 1427 1823; x_wconf 48' lang='lat' dir='ltr'>Dei,</span> <span class='ocrx_word' id='word_1_234' title='bbox 1448 1789 1485 1814; x_wconf 89' lang='lat' dir='ltr'>ut</span> <span class='ocrx_word' id='word_1_235' title='bbox 1506 1791 1613 1827; x_wconf 89' lang='lat' dir='ltr'>supra</span> <span class='ocrx_word' id='word_1_236' title='bbox 1636 1780 1772 1815; x_wconf 89' lang='lat' dir='ltr'>dictum</span> 
     </span>
     <span class='ocr_line' id='line_1_27' title="bbox 205 1832 1775 1880; baseline 0.001 -15"><span class='ocrx_word' id='word_1_237' title='bbox 205 1839 258 1865; x_wconf 87' lang='lat' dir='ltr'>est</span> <span class='ocrx_word' id='word_1_238' title='bbox 281 1832 325 1877; x_wconf 78' lang='lat' dir='ltr'>(q.</span> <span class='ocrx_word' id='word_1_239' title='bbox 349 1843 396 1878; x_wconf 80' lang='lat'>71.</span> <span class='ocrx_word' id='word_1_240' title='bbox 420 1837 482 1866; x_wconf 82' lang='lat' dir='ltr'>art.</span> <span class='ocrx_word' id='word_1_241' title='bbox 503 1833 567 1878; x_wconf 76' lang='lat'><em>6.);</em></span> <span class='ocrx_word' id='word_1_242' title='bbox 590 1844 664 1866; x_wconf 90' lang='lat' dir='ltr'>non</span> <span class='ocrx_word' id='word_1_243' title='bbox 688 1844 774 1879; x_wconf 84' lang='lat' dir='ltr'>ergo</span> <span class='ocrx_word' id='word_1_244' title='bbox 798 1842 989 1879; x_wconf 79' lang='lat' dir='ltr'>peccatum</span> <span class='ocrx_word' id='word_1_245' title='bbox 1012 1834 1047 1867; x_wconf 92' lang='lat' dir='ltr'>in</span> <span class='ocrx_word' id='word_1_246' title='bbox 1069 1834 1190 1867; x_wconf 87' lang='lat' dir='ltr'>Deum</span> <span class='ocrx_word' id='word_1_247' title='bbox 1211 1833 1314 1867; x_wconf 84' lang='lat' dir='ltr'>debet</span> <span class='ocrx_word' id='word_1_248' title='bbox 1335 1834 1422 1880; x_wconf 89' lang='lat' dir='ltr'>poni</span> <span class='ocrx_word' id='word_1_249' title='bbox 1444 1834 1545 1880; x_wconf 87' lang='lat' dir='ltr'>quasi</span> <span class='ocrx_word' id='word_1_250' title='bbox 1566 1845 1647 1880; x_wconf 85' lang='lat' dir='ltr'>pars</span> <span class='ocrx_word' id='word_1_251' title='bbox 1669 1834 1704 1867; x_wconf 92' lang='lat' dir='ltr'>in</span> <span class='ocrx_word' id='word_1_252' title='bbox 1727 1833 1775 1867; x_wconf 89' lang='lat' dir='ltr'>di-</span> 
     </span>
     <span class='ocr_line' id='line_1_28' title="bbox 205 1885 613 1932; baseline 0.002 -14"><span class='ocrx_word' id='word_1_253' title='bbox 205 1885 344 1919; x_wconf 75' lang='lat' dir='ltr'>visione</span> <span class='ocrx_word' id='word_1_254' title='bbox 367 1894 613 1932; x_wconf 82' lang='lat' dir='ltr'>peccatorum.</span> 
     </span>
    </p>

    <p class='ocr_par' dir='ltr' id='par_1_10' title="bbox 205 1939 1776 2134">
     <span class='ocr_line' id='line_1_29' title="bbox 277 1939 1773 1987; baseline 0.001 -15"><span class='ocrx_word' id='word_1_255' title='bbox 277 1949 307 1972; x_wconf 84' lang='lat'>2.</span> <span class='ocrx_word' id='word_1_256' title='bbox 323 1939 559 1974; x_wconf 76' lang='lat' dir='ltr'><strong>PRAETEREA.</strong></span> <span class='ocrx_word' id='word_1_257' title='bbox 577 1940 709 1975; x_wconf 86' lang='lat' dir='ltr'>Omnis</span> <span class='ocrx_word' id='word_1_258' title='bbox 724 1939 853 1974; x_wconf 88' lang='lat' dir='ltr'>divisio</span> <span class='ocrx_word' id='word_1_259' title='bbox 877 1940 981 1974; x_wconf 88' lang='lat' dir='ltr'>debet</span> <span class='ocrx_word' id='word_1_260' title='bbox 995 1940 1071 1974; x_wconf 88' lang='lat' dir='ltr'>fieri</span> <span class='ocrx_word' id='word_1_261' title='bbox 1093 1951 1155 1987; x_wconf 87' lang='lat' dir='ltr'>per</span> <span class='ocrx_word' id='word_1_262' title='bbox 1174 1941 1359 1987; x_wconf 85' lang='lat' dir='ltr'>opposita:</span> <span class='ocrx_word' id='word_1_263' title='bbox 1383 1940 1445 1975; x_wconf 90' lang='lat' dir='ltr'>sed</span> <span class='ocrx_word' id='word_1_264' title='bbox 1464 1940 1531 1975; x_wconf 84' lang='lat' dir='ltr'>ista</span> <span class='ocrx_word' id='word_1_265' title='bbox 1549 1940 1615 1974; x_wconf 81' lang='lat' dir='ltr'>tria</span> <span class='ocrx_word' id='word_1_266' title='bbox 1639 1951 1773 1987; x_wconf 85' lang='lat' dir='ltr'>genera</span> 
     </span>
     <span class='ocr_line' id='line_1_30' title="bbox 206 1994 1776 2040; baseline 0.002 -15"><span class='ocrx_word' id='word_1_267' title='bbox 206 2001 440 2038; x_wconf 81' lang='lat' dir='ltr'>peccatorum</span> <span class='ocrx_word' id='word_1_268' title='bbox 463 2004 535 2026; x_wconf 90' lang='lat' dir='ltr'>non</span> <span class='ocrx_word' id='word_1_269' title='bbox 559 2001 640 2027; x_wconf 88' lang='lat' dir='ltr'>sunt</span> <span class='ocrx_word' id='word_1_270' title='bbox 659 1994 836 2039; x_wconf 82' lang='lat' dir='ltr'>opposita,</span> <span class='ocrx_word' id='word_1_271' title='bbox 856 1994 1075 2040; x_wconf 87' lang='lat' dir='ltr'>quicumque</span> <span class='ocrx_word' id='word_1_272' title='bbox 1096 1994 1192 2028; x_wconf 85' lang='lat' dir='ltr'>enim</span> <span class='ocrx_word' id='word_1_273' title='bbox 1215 2003 1340 2040; x_wconf 81' lang='lat' dir='ltr'>peccat</span> <span class='ocrx_word' id='word_1_274' title='bbox 1359 1994 1395 2028; x_wconf 91' lang='lat' dir='ltr'>in</span> <span class='ocrx_word' id='word_1_275' title='bbox 1414 1994 1633 2040; x_wconf 79' lang='lat' dir='ltr'>proximum,</span> <span class='ocrx_word' id='word_1_276' title='bbox 1649 2002 1776 2040; x_wconf 87' lang='lat' dir='ltr'>peccat</span> 
     </span>
     <span class='ocr_line' id='line_1_31' title="bbox 205 2047 1775 2094; baseline 0 -14"><span class='ocrx_word' id='word_1_277' title='bbox 205 2047 241 2080; x_wconf 91' lang='lat' dir='ltr'>in</span> <span class='ocrx_word' id='word_1_278' title='bbox 256 2047 425 2092; x_wconf 85' lang='lat' dir='ltr'>seipsum,</span> <span class='ocrx_word' id='word_1_279' title='bbox 441 2055 475 2080; x_wconf 86' lang='lat' dir='ltr'>et</span> <span class='ocrx_word' id='word_1_280' title='bbox 490 2048 524 2081; x_wconf 88' lang='lat' dir='ltr'>in</span> <span class='ocrx_word' id='word_1_281' title='bbox 540 2047 680 2090; x_wconf 77' lang='lat' dir='ltr'>Deum3</span> <span class='ocrx_word' id='word_1_282' title='bbox 702 2059 775 2081; x_wconf 90' lang='lat' dir='ltr'>non</span> <span class='ocrx_word' id='word_1_283' title='bbox 796 2059 882 2093; x_wconf 84' lang='lat' dir='ltr'>ergo</span> <span class='ocrx_word' id='word_1_284' title='bbox 902 2055 1095 2094; x_wconf 86' lang='lat' dir='ltr'>peccatum</span> <span class='ocrx_word' id='word_1_285' title='bbox 1114 2047 1373 2082; x_wconf 85' lang='lat' dir='ltr'>convenienter</span> <span class='ocrx_word' id='word_1_286' title='bbox 1392 2047 1560 2081; x_wconf 86' lang='lat' dir='ltr'>dividitur</span> <span class='ocrx_word' id='word_1_287' title='bbox 1574 2047 1775 2082; x_wconf 86' lang='lat' dir='ltr'>secundum</span> 
     </span>
     <span class='ocr_line' id='line_1_32' title="bbox 206 2100 393 2134; baseline -0.005 0"><span class='ocrx_word' id='word_1_288' title='bbox 206 2100 296 2134; x_wconf 78' lang='lat' dir='ltr'>hacc</span> <span class='ocrx_word' id='word_1_289' title='bbox 316 2100 393 2134; x_wconf 82' lang='lat' dir='ltr'>tria.</span> 
     </span>
    </p>

    <p class='ocr_par' dir='ltr' id='par_1_11' title="bbox 205 2153 1776 2350">
     <span class='ocr_line' id='line_1_33' title="bbox 282 2153 1773 2200; baseline 0.001 -13"><span class='ocrx_word' id='word_1_290' title='bbox 282 2165 308 2199; x_wconf 79' lang='lat'>3.</span> <span class='ocrx_word' id='word_1_291' title='bbox 344 2153 579 2188; x_wconf 68' lang='lat' dir='ltr'>PRAETEREA.</span> <span class='ocrx_word' id='word_1_292' title='bbox 611 2154 661 2187; x_wconf 83' lang='lat' dir='ltr'>Ea</span> <span class='ocrx_word' id='word_1_293' title='bbox 693 2165 784 2200; x_wconf 79' lang='lat' dir='ltr'>quae</span> <span class='ocrx_word' id='word_1_294' title='bbox 813 2162 895 2188; x_wconf 88' lang='lat' dir='ltr'>sunt</span> <span class='ocrx_word' id='word_1_295' title='bbox 925 2154 1156 2196; x_wconf 78' lang='lat' dir='ltr'>extrinsecus,</span> <span class='ocrx_word' id='word_1_296' title='bbox 1184 2165 1257 2188; x_wconf 88' lang='lat' dir='ltr'>non</span> <span class='ocrx_word' id='word_1_297' title='bbox 1286 2153 1476 2188; x_wconf 88' lang='lat' dir='ltr'>conferunt</span> <span class='ocrx_word' id='word_1_298' title='bbox 1503 2153 1680 2199; x_wconf 87' lang='lat' dir='ltr'>speciem:</span> <span class='ocrx_word' id='word_1_299' title='bbox 1710 2153 1773 2188; x_wconf 86' lang='lat' dir='ltr'>sed</span> 
     </span>
     <span class='ocr_line' id='line_1_34' title="bbox 205 2207 1775 2254; baseline 0 -14"><span class='ocrx_word' id='word_1_300' title='bbox 205 2207 317 2249; x_wconf 83' lang='lat' dir='ltr'>Deus,</span> <span class='ocrx_word' id='word_1_301' title='bbox 340 2214 373 2241; x_wconf 86' lang='lat' dir='ltr'>et</span> <span class='ocrx_word' id='word_1_302' title='bbox 394 2207 578 2253; x_wconf 80' lang='lat' dir='ltr'>proximus</span> <span class='ocrx_word' id='word_1_303' title='bbox 601 2216 683 2241; x_wconf 88' lang='lat' dir='ltr'>sunt</span> <span class='ocrx_word' id='word_1_304' title='bbox 709 2216 806 2242; x_wconf 77' lang='lat' dir='ltr'>extra</span> <span class='ocrx_word' id='word_1_305' title='bbox 833 2219 916 2250; x_wconf 81' lang='lat' dir='ltr'>nos3</span> <span class='ocrx_word' id='word_1_306' title='bbox 940 2219 1026 2254; x_wconf 83' lang='lat' dir='ltr'>ergo</span> <span class='ocrx_word' id='word_1_307' title='bbox 1050 2219 1113 2254; x_wconf 86' lang='lat' dir='ltr'>per</span> <span class='ocrx_word' id='word_1_308' title='bbox 1134 2207 1224 2242; x_wconf 77' lang='lat' dir='ltr'>haec</span> <span class='ocrx_word' id='word_1_309' title='bbox 1247 2218 1320 2241; x_wconf 91' lang='lat' dir='ltr'>non</span> <span class='ocrx_word' id='word_1_310' title='bbox 1340 2207 1606 2253; x_wconf 84' lang='lat' dir='ltr'>distinguuntur</span> <span class='ocrx_word' id='word_1_311' title='bbox 1626 2215 1775 2253; x_wconf 76' lang='lat' dir='ltr'>peccata</span> 
     </span>
     <span class='ocr_line' id='line_1_35' title="bbox 207 2260 1776 2307; baseline -0.001 -12"><span class='ocrx_word' id='word_1_312' title='bbox 207 2261 407 2296; x_wconf 89' lang='lat' dir='ltr'>secundum</span> <span class='ocrx_word' id='word_1_313' title='bbox 429 2261 605 2307; x_wconf 83' lang='lat' dir='ltr'>speciem:</span> <span class='ocrx_word' id='word_1_314' title='bbox 630 2261 927 2295; x_wconf 76' lang='lat' dir='ltr'>inconvenienter</span> <span class='ocrx_word' id='word_1_315' title='bbox 949 2263 1056 2307; x_wconf 78' lang='lat' dir='ltr'>igitur</span> <span class='ocrx_word' id='word_1_316' title='bbox 1077 2261 1278 2295; x_wconf 82' lang='lat' dir='ltr'>secundum</span> <span class='ocrx_word' id='word_1_317' title='bbox 1300 2261 1390 2294; x_wconf 82' lang='lat' dir='ltr'>haec</span> <span class='ocrx_word' id='word_1_318' title='bbox 1421 2261 1488 2294; x_wconf 82' lang='lat' dir='ltr'>tria</span> <span class='ocrx_word' id='word_1_319' title='bbox 1516 2268 1706 2306; x_wconf 82' lang='lat' dir='ltr'>peccatum</span> <span class='ocrx_word' id='word_1_320' title='bbox 1728 2260 1776 2294; x_wconf 84' lang='lat' dir='ltr'>di-</span> 
     </span>
     <span class='ocr_line' id='line_1_36' title="bbox 207 2315 348 2350; baseline 0.007 -2"><span class='ocrx_word' id='word_1_321' title='bbox 207 2315 348 2350; x_wconf 71' lang='lat' dir='ltr'>viditur.</span> 
     </span>
    </p>

    <p class='ocr_par' dir='ltr' id='par_1_12' title="bbox 209 2367 1777 2468">
     <span class='ocr_line' id='line_1_37' title="bbox 280 2367 1777 2414; baseline -0.001 -12"><span class='ocrx_word' id='word_1_322' title='bbox 280 2368 354 2402; x_wconf 78' lang='lat' dir='ltr'>SED</span> <span class='ocrx_word' id='word_1_323' title='bbox 378 2378 531 2402; x_wconf 80' lang='lat' dir='ltr'>CONTRA</span> <span class='ocrx_word' id='word_1_324' title='bbox 556 2376 618 2410; x_wconf 86' lang='lat' dir='ltr'>est,</span> <span class='ocrx_word' id='word_1_325' title='bbox 641 2369 737 2414; x_wconf 89' lang='lat' dir='ltr'>quod</span> <span class='ocrx_word' id='word_1_326' title='bbox 759 2368 918 2402; x_wconf 82' lang='lat' dir='ltr'>Isidorus</span> <span class='ocrx_word' id='word_1_327' title='bbox 941 2368 975 2401; x_wconf 87' lang='lat' dir='ltr'>in</span> <span class='ocrx_word' id='word_1_328' title='bbox 998 2368 1057 2402; x_wconf 89' lang='lat' dir='ltr'>lib.</span> <span class='ocrx_word' id='word_1_329' title='bbox 1081 2368 1123 2402; x_wconf 89' lang='lat' dir='ltr'>de</span> <span class='ocrx_word' id='word_1_330' title='bbox 1140 2368 1295 2402; x_wconf 87' lang='lat' dir='ltr'>Summo</span> <span class='ocrx_word' id='word_1_331' title='bbox 1319 2368 1422 2402; x_wconf 89' lang='lat' dir='ltr'>Bono</span> <span class='ocrx_word' id='word_1_332' title='bbox 1451 2367 1674 2412; x_wconf 86' lang='lat' dir='ltr'>distinguens</span> <span class='ocrx_word' id='word_1_333' title='bbox 1696 2377 1777 2412; x_wconf 81' lang='lat' dir='ltr'>pec-</span> 
     </span>
     <span class='ocr_line' id='line_1_38' title="bbox 209 2420 1678 2468; baseline -0.003 -12"><span class='ocrx_word' id='word_1_334' title='bbox 209 2430 286 2456; x_wconf 79' lang='lat' dir='ltr'>cata</span> <span class='ocrx_word' id='word_1_335' title='bbox 310 2422 406 2463; x_wconf 79' lang='lat' dir='ltr'>dicit,</span> <span class='ocrx_word' id='word_1_336' title='bbox 429 2421 525 2467; x_wconf 86' lang='lat' dir='ltr'>quod</span> <span class='ocrx_word' id='word_1_337' title='bbox 548 2422 662 2455; x_wconf 88' lang='lat' dir='ltr'>homo</span> <span class='ocrx_word' id='word_1_338' title='bbox 686 2422 815 2456; x_wconf 84' lang='lat' dir='ltr'>dicitur</span> <span class='ocrx_word' id='word_1_339' title='bbox 835 2433 987 2468; x_wconf 77' lang='lat' dir='ltr'>peccare</span> <span class='ocrx_word' id='word_1_340' title='bbox 1010 2422 1044 2455; x_wconf 91' lang='lat' dir='ltr'>in</span> <span class='ocrx_word' id='word_1_341' title='bbox 1068 2434 1118 2464; x_wconf 86' lang='lat' dir='ltr'>se,</span> <span class='ocrx_word' id='word_1_342' title='bbox 1140 2422 1175 2455; x_wconf 92' lang='lat' dir='ltr'>in</span> <span class='ocrx_word' id='word_1_343' title='bbox 1194 2422 1327 2463; x_wconf 88' lang='lat' dir='ltr'>Deum,</span> <span class='ocrx_word' id='word_1_344' title='bbox 1347 2429 1381 2455; x_wconf 86' lang='lat' dir='ltr'>et</span> <span class='ocrx_word' id='word_1_345' title='bbox 1402 2421 1438 2454; x_wconf 90' lang='lat' dir='ltr'>in</span> <span class='ocrx_word' id='word_1_346' title='bbox 1460 2420 1678 2467; x_wconf 75' lang='lat' dir='ltr'>proximum.</span> 
     </span>
    </p>

    <p class='ocr_par' dir='ltr' id='par_1_13' title="bbox 208 2472 1777 2948">
     <span class='ocr_line' id='line_1_39' title="bbox 279 2472 1774 2521; baseline -0.001 -12"><span class='ocrx_word' id='word_1_347' title='bbox 279 2475 507 2509; x_wconf 68' lang='lat' dir='ltr'>RfisPoNDEo</span> <span class='ocrx_word' id='word_1_348' title='bbox 531 2475 736 2516; x_wconf 82' lang='lat' dir='ltr'>dicendum,</span> <span class='ocrx_word' id='word_1_349' title='bbox 760 2475 868 2521; x_wconf 86' lang='lat' dir='ltr'>quod,</span> <span class='ocrx_word' id='word_1_350' title='bbox 897 2476 987 2509; x_wconf 81' lang='lat' dir='ltr'>sicut</span> <span class='ocrx_word' id='word_1_351' title='bbox 1015 2486 1119 2521; x_wconf 79' lang='lat' dir='ltr'>supra</span> <span class='ocrx_word' id='word_1_352' title='bbox 1143 2475 1279 2508; x_wconf 89' lang='lat' dir='ltr'>dictum</span> <span class='ocrx_word' id='word_1_353' title='bbox 1303 2482 1355 2509; x_wconf 87' lang='lat' dir='ltr'>est</span> <span class='ocrx_word' id='word_1_354' title='bbox 1375 2473 1424 2520; x_wconf 77' lang='lat' dir='ltr'>(q.</span> <span class='ocrx_word' id='word_1_355' title='bbox 1445 2485 1493 2520; x_wconf 78' lang='lat'>71.</span> <span class='ocrx_word' id='word_1_356' title='bbox 1521 2479 1585 2508; x_wconf 72' lang='lat' dir='ltr'>art.</span> <span class='ocrx_word' id='word_1_357' title='bbox 1609 2485 1635 2508; x_wconf 77' lang='grc' dir='ltr'>ι.</span> <span class='ocrx_word' id='word_1_358' title='bbox 1657 2478 1685 2507; x_wconf 73' lang='lat' dir='ltr'>c!</span> <span class='ocrx_word' id='word_1_359' title='bbox 1708 2472 1774 2516; x_wconf 85' lang='lat'><em>6.)‚</em></span> 
     </span>
     <span class='ocr_line' id='line_1_40' title="bbox 208 2525 1774 2575; baseline -0.002 -13"><span class='ocrx_word' id='word_1_360' title='bbox 208 2537 398 2575; x_wconf 73' lang='lat' dir='ltr'>peccatum</span> <span class='ocrx_word' id='word_1_361' title='bbox 426 2536 478 2562; x_wconf 85' lang='lat' dir='ltr'>est</span> <span class='ocrx_word' id='word_1_362' title='bbox 505 2537 603 2562; x_wconf 84' lang='lat' dir='ltr'>actus</span> <span class='ocrx_word' id='word_1_363' title='bbox 632 2528 866 2562; x_wconf 68' lang='lat' dir='ltr'>inordinatus.</span> <span class='ocrx_word' id='word_1_364' title='bbox 897 2529 1035 2575; x_wconf 61' lang='lat' dir='ltr'>&#39;l&#39;riplcx</span> <span class='ocrx_word' id='word_1_365' title='bbox 1058 2536 1178 2562; x_wconf 73' lang='lat' dir='ltr'>autem</span> <span class='ocrx_word' id='word_1_366' title='bbox 1207 2528 1296 2562; x_wconf 85' lang='lat' dir='ltr'>ordo</span> <span class='ocrx_word' id='word_1_367' title='bbox 1325 2527 1359 2561; x_wconf 90' lang='lat' dir='ltr'>in</span> <span class='ocrx_word' id='word_1_368' title='bbox 1386 2526 1537 2561; x_wconf 86' lang='lat' dir='ltr'>homine</span> <span class='ocrx_word' id='word_1_369' title='bbox 1559 2525 1664 2560; x_wconf 87' lang='lat' dir='ltr'>debet</span> <span class='ocrx_word' id='word_1_370' title='bbox 1685 2536 1774 2560; x_wconf 80' lang='lat' dir='ltr'>csse.</span> 
     </span>
     <span class='ocr_line' id='line_1_41' title="bbox 214 2578 1777 2628; baseline -0.003 -12"><span class='ocrx_word' id='word_1_371' title='bbox 214 2583 305 2617; x_wconf 74' lang='lat' dir='ltr'>Unus</span> <span class='ocrx_word' id='word_1_372' title='bbox 326 2582 471 2628; x_wconf 76' lang='lat' dir='ltr'>quidem</span> <span class='ocrx_word' id='word_1_373' title='bbox 495 2582 693 2616; x_wconf 82' lang='lat' dir='ltr'>secundum</span> <span class='ocrx_word' id='word_1_374' title='bbox 717 2582 1030 2627; x_wconf 63' lang='lat' dir='ltr'>comparationem</span> <span class='ocrx_word' id='word_1_375' title='bbox 1059 2583 1102 2616; x_wconf 75' lang='lat' dir='ltr'>ad</span> <span class='ocrx_word' id='word_1_376' title='bbox 1130 2581 1293 2627; x_wconf 67' lang='lat' dir='ltr'>regulam</span> <span class='ocrx_word' id='word_1_377' title='bbox 1321 2581 1480 2622; x_wconf 77' lang='lat' dir='ltr'>rationis,</span> <span class='ocrx_word' id='word_1_378' title='bbox 1508 2588 1614 2626; x_wconf 83' lang='lat' dir='ltr'>prout</span> <span class='ocrx_word' id='word_1_379' title='bbox 1640 2578 1777 2613; x_wconf 76' lang='lat' dir='ltr'>scilicet</span> 
     </span>
     <span class='ocr_line' id='line_1_42' title="bbox 209 2632 1777 2682; baseline -0.003 -13"><span class='ocrx_word' id='word_1_380' title='bbox 209 2647 336 2670; x_wconf 87' lang='lat' dir='ltr'>omnes</span> <span class='ocrx_word' id='word_1_381' title='bbox 360 2636 532 2677; x_wconf 70' lang='lat' dir='ltr'>actiones,</span> <span class='ocrx_word' id='word_1_382' title='bbox 548 2643 581 2669; x_wconf 89' lang='lat' dir='ltr'>et</span> <span class='ocrx_word' id='word_1_383' title='bbox 595 2635 781 2682; x_wconf 74' lang='lat' dir='ltr'>passiones</span> <span class='ocrx_word' id='word_1_384' title='bbox 797 2644 941 2669; x_wconf 71' lang='lat' dir='ltr'>nostrae</span> <span class='ocrx_word' id='word_1_385' title='bbox 958 2636 1088 2669; x_wconf 82' lang='lat' dir='ltr'>debent</span> <span class='ocrx_word' id='word_1_386' title='bbox 1107 2634 1306 2669; x_wconf 78' lang='lat' dir='ltr'>secundum</span> <span class='ocrx_word' id='word_1_387' title='bbox 1330 2633 1493 2680; x_wconf 56' lang='lat' dir='ltr'>regulam</span> <span class='ocrx_word' id='word_1_388' title='bbox 1517 2632 1665 2666; x_wconf 78' lang='lat' dir='ltr'>rationis</span> <span class='ocrx_word' id='word_1_389' title='bbox 1680 2643 1777 2666; x_wconf 81' lang='lat' dir='ltr'>com-</span> 
     </span>
     <span class='ocr_line' id='line_1_43' title="bbox 209 2685 1776 2734; baseline -0.003 -12"><span class='ocrx_word' id='word_1_390' title='bbox 209 2689 426 2724; x_wconf 78' lang='lat' dir='ltr'>mensurari:</span> <span class='ocrx_word' id='word_1_391' title='bbox 451 2689 535 2723; x_wconf 75' lang='lat' dir='ltr'>alius</span> <span class='ocrx_word' id='word_1_392' title='bbox 553 2697 674 2722; x_wconf 81' lang='lat' dir='ltr'>autem</span> <span class='ocrx_word' id='word_1_393' title='bbox 691 2688 780 2722; x_wconf 87' lang='lat' dir='ltr'>ordo</span> <span class='ocrx_word' id='word_1_394' title='bbox 798 2697 849 2722; x_wconf 77' lang='lat' dir='ltr'>est</span> <span class='ocrx_word' id='word_1_395' title='bbox 864 2701 926 2734; x_wconf 81' lang='lat' dir='ltr'>per</span> <span class='ocrx_word' id='word_1_396' title='bbox 941 2688 1254 2734; x_wconf 74' lang='lat' dir='ltr'>comparationem</span> <span class='ocrx_word' id='word_1_397' title='bbox 1274 2687 1316 2721; x_wconf 73' lang='lat' dir='ltr'>ad</span> <span class='ocrx_word' id='word_1_398' title='bbox 1334 2686 1496 2733; x_wconf 79' lang='lat' dir='ltr'>regulam</span> <span class='ocrx_word' id='word_1_399' title='bbox 1515 2685 1656 2719; x_wconf 74' lang='lat' dir='ltr'>divinae</span> <span class='ocrx_word' id='word_1_400' title='bbox 1675 2685 1776 2731; x_wconf 80' lang='lat' dir='ltr'>legis,</span> 
     </span>
     <span class='ocr_line' id='line_1_44' title="bbox 209 2738 1777 2788; baseline -0.003 -12"><span class='ocrx_word' id='word_1_401' title='bbox 209 2754 271 2788; x_wconf 83' lang='lat' dir='ltr'>per</span> <span class='ocrx_word' id='word_1_402' title='bbox 293 2754 401 2788; x_wconf 65' lang='lat' dir='ltr'>quam</span> <span class='ocrx_word' id='word_1_403' title='bbox 424 2742 538 2776; x_wconf 84' lang='lat' dir='ltr'>homo</span> <span class='ocrx_word' id='word_1_404' title='bbox 563 2742 596 2775; x_wconf 90' lang='lat' dir='ltr'>in</span> <span class='ocrx_word' id='word_1_405' title='bbox 617 2742 784 2775; x_wconf 82' lang='lat' dir='ltr'>omnibus</span> <span class='ocrx_word' id='word_1_406' title='bbox 801 2742 903 2786; x_wconf 65' lang='lat' dir='ltr'>dirigi</span> <span class='ocrx_word' id='word_1_407' title='bbox 927 2742 1046 2776; x_wconf 76' lang='lat' dir='ltr'>debet:</span> <span class='ocrx_word' id='word_1_408' title='bbox 1063 2750 1097 2776; x_wconf 86' lang='lat' dir='ltr'>et</span> <span class='ocrx_word' id='word_1_409' title='bbox 1116 2742 1143 2775; x_wconf 86' lang='lat' dir='ltr'>si</span> <span class='ocrx_word' id='word_1_410' title='bbox 1160 2741 1307 2787; x_wconf 81' lang='lat' dir='ltr'>quidem</span> <span class='ocrx_word' id='word_1_411' title='bbox 1326 2741 1440 2774; x_wconf 86' lang='lat' dir='ltr'>homo</span> <span class='ocrx_word' id='word_1_412' title='bbox 1461 2738 1669 2773; x_wconf 71' lang='lat' dir='ltr'>naturaliter</span> <span class='ocrx_word' id='word_1_413' title='bbox 1684 2746 1777 2772; x_wconf 84' lang='lat' dir='ltr'>esset</span> 
     </span>
     <span class='ocr_line' id='line_1_45' title="bbox 210 2791 1777 2841; baseline -0.003 -13"><span class='ocrx_word' id='word_1_414' title='bbox 210 2795 344 2829; x_wconf 77' lang='lat' dir='ltr'>animal</span> <span class='ocrx_word' id='word_1_415' title='bbox 366 2795 580 2833; x_wconf 75' lang='lat' dir='ltr'>solitarium,</span> <span class='ocrx_word' id='word_1_416' title='bbox 602 2795 660 2829; x_wconf 84' lang='lat' dir='ltr'>hic</span> <span class='ocrx_word' id='word_1_417' title='bbox 683 2795 802 2841; x_wconf 58' lang='lat' dir='ltr'>duplex</span> <span class='ocrx_word' id='word_1_418' title='bbox 824 2795 913 2828; x_wconf 81' lang='lat' dir='ltr'>ordo</span> <span class='ocrx_word' id='word_1_419' title='bbox 942 2794 1139 2830; x_wconf 81' lang='lat' dir='ltr'>sufficeret:</span> <span class='ocrx_word' id='word_1_420' title='bbox 1163 2794 1223 2829; x_wconf 82' lang='lat' dir='ltr'>scd</span> <span class='ocrx_word' id='word_1_421' title='bbox 1247 2794 1330 2840; x_wconf 81' lang='lat' dir='ltr'>quia</span> <span class='ocrx_word' id='word_1_422' title='bbox 1351 2794 1466 2827; x_wconf 85' lang='lat' dir='ltr'>homo</span> <span class='ocrx_word' id='word_1_423' title='bbox 1489 2801 1542 2827; x_wconf 88' lang='lat' dir='ltr'>est</span> <span class='ocrx_word' id='word_1_424' title='bbox 1568 2791 1777 2826; x_wconf 78' lang='lat' dir='ltr'>naturaliter</span> 
     </span>
     <span class='ocr_line' id='line_1_46' title="bbox 211 2844 1776 2895; baseline -0.003 -14"><span class='ocrx_word' id='word_1_425' title='bbox 211 2848 345 2882; x_wconf 73' lang='lat' dir='ltr'>animal</span> <span class='ocrx_word' id='word_1_426' title='bbox 367 2848 567 2895; x_wconf 82' lang='lat' dir='ltr'>politicum,</span> <span class='ocrx_word' id='word_1_427' title='bbox 597 2857 630 2883; x_wconf 81' lang='lat' dir='ltr'>et</span> <span class='ocrx_word' id='word_1_428' title='bbox 653 2848 799 2889; x_wconf 69' lang='lat' dir='ltr'>sociale,</span> <span class='ocrx_word' id='word_1_429' title='bbox 823 2856 859 2881; x_wconf 85' lang='lat' dir='ltr'>ut</span> <span class='ocrx_word' id='word_1_430' title='bbox 883 2849 1052 2893; x_wconf 69' lang='lat' dir='ltr'>probatur</span> <span class='ocrx_word' id='word_1_431' title='bbox 1076 2849 1109 2881; x_wconf 83' lang='lat' dir='ltr'>in</span> <span class='ocrx_word' id='word_1_432' title='bbox 1138 2859 1164 2881; x_wconf 89' lang='lat'>1.</span> <span class='ocrx_word' id='word_1_433' title='bbox 1188 2847 1293 2881; x_wconf 83' lang='lat' dir='ltr'>Polit.</span> <span class='ocrx_word' id='word_1_434' title='bbox 1319 2847 1406 2893; x_wconf 72' lang='lat' dir='ltr'><em>(cap.</em></span> <span class='ocrx_word' id='word_1_435' title='bbox 1430 2858 1460 2881; x_wconf 87' lang='lat'>2.</span> <span class='ocrx_word' id='word_1_436' title='bbox 1483 2858 1502 2880; x_wconf 73' lang='lat' dir='ltr'><em>a</em></span> <span class='ocrx_word' id='word_1_437' title='bbox 1519 2846 1670 2892; x_wconf 53' lang='grc' dir='ltr'>ῥύπα),-</span> <span class='ocrx_word' id='word_1_438' title='bbox 1695 2844 1776 2878; x_wconf 76' lang='lat' dir='ltr'>ideo</span> 
     </span>
     <span class='ocr_line' id='line_1_47' title="bbox 211 2897 1776 2948; baseline -0.003 -13"><span class='ocrx_word' id='word_1_439' title='bbox 211 2913 357 2936; x_wconf 79' lang='lat' dir='ltr'>necesse</span> <span class='ocrx_word' id='word_1_440' title='bbox 381 2911 443 2943; x_wconf 83' lang='lat' dir='ltr'>est,</span> <span class='ocrx_word' id='word_1_441' title='bbox 471 2902 566 2948; x_wconf 81' lang='lat' dir='ltr'>quod</span> <span class='ocrx_word' id='word_1_442' title='bbox 596 2903 638 2936; x_wconf 81' lang='lat' dir='ltr'>sit</span> <span class='ocrx_word' id='word_1_443' title='bbox 665 2903 777 2936; x_wconf 58' lang='lat' dir='ltr'>tertius</span> <span class='ocrx_word' id='word_1_444' title='bbox 805 2901 906 2943; x_wconf 82' lang='lat' dir='ltr'>ordo,</span> <span class='ocrx_word' id='word_1_445' title='bbox 936 2913 1006 2947; x_wconf 80' lang='lat' dir='ltr'>quo</span> <span class='ocrx_word' id='word_1_446' title='bbox 1042 2901 1156 2934; x_wconf 72' lang='lat' dir='ltr'>homo</span> <span class='ocrx_word' id='word_1_447' title='bbox 1191 2901 1375 2935; x_wconf 81' lang='lat' dir='ltr'>ordinetur</span> <span class='ocrx_word' id='word_1_448' title='bbox 1403 2899 1446 2933; x_wconf 74' lang='lat' dir='ltr'>ad</span> <span class='ocrx_word' id='word_1_449' title='bbox 1475 2898 1566 2933; x_wconf 83' lang='lat' dir='ltr'>alios</span> <span class='ocrx_word' id='word_1_450' title='bbox 1596 2897 1776 2938; x_wconf 83' lang='lat' dir='ltr'>homines,</span> 
     </span>
    </p>
   </div>
   <div class='ocr_carea' id='block_1_8' title="bbox 1872 90 1875 961">
    <p class='ocr_par' dir='ltr' id='par_1_14' title="bbox 1872 90 1875 961">
     <span class='ocr_line' id='line_1_48' title="bbox 1872 90 1875 961; baseline 0 0"><span class='ocrx_word' id='word_1_451' title='bbox 1872 90 1875 961; x_wconf 95' lang='lat' dir='ltr'> </span> 
     </span>
    </p>
   </div>
  </div>
 </body>
</html>
