1907 3198
458 179 683 216 QUAESTIO
717 178 868 208 XXXIX.
902 177 1150 209 ARTICULUS
1183 177 1244 207 111.
1564 177 1645 220 291

69 263 189 311 ipsum
211 263 351 298 malum
372 263 574 298 secundum
596 274 635 298 se
656 261 871 309 fugiendum
894 269 958 303 est,
973 261 1090 308 ipsam
1105 268 1229 295 autem
1243 259 1426 295 tristitiam
1447 259 1651 294 secundum

69 329 108 353 se
130 328 259 352 omnes
279 317 446 364 fugiunt3
469 317 562 352 sicut
583 317 692 352 etiam
715 317 853 351 bonum
876 326 1005 350 ornnes
1030 322 1214 362 appetunt,
1237 322 1272 349 et
1293 313 1577 348 delectationem
1607 313 1651 348 de

69 373 184 407 bono:
207 371 301 406 sicut
323 382 411 417 ergo
442 371 637 406 delectatio
661 371 704 405 de
726 371 824 405 bono
846 369 943 412 facit,
973 377 1012 404 ut
1033 369 1173 403 bonum
1203 368 1342 403 avidius
1365 375 1575 414 quaeratur3
1601 367 1651 401 ita

68 425 210 461 tristitia
228 425 275 462 ‚de
295 425 393 460 malo
415 424 502 460 facit
524 433 561 460 ut
583 424 723 459 malum
744 424 998 459 vehementius
1021 422 1190 469 fugiatur.

140 480 200 515 AD
219 490 370 515 PRIMUM
393 491 481 526 ergo
505 479 714 521 dicendum,
737 479 835 525 quod
858 478 1054 512 auctoritas
1076 476 1138 511 illa
1160 476 1374 521 intelligitur
1400 476 1443 510 de
1471 475 1649 510 immode-

69 541 144 569 rata
171 533 325 576 tristitia,
355 545 448 580 quae
475 534 639 567 animum
668 533 855 575 absorbet3
881 531 1094 578 hujusmodi
1120 531 1218 565 enim
1246 531 1388 565 tristitia
1415 529 1652 564 immobilitat

69 588 246 630 animum,
269 595 304 622 et
324 587 477 634 impedit
498 587 622 633 fugam
647 586 746 629 mali,
770 595 807 621 ut
829 597 936 632 supra
958 586 1097 620 dictum
1121 593 1175 620 est
1197 586 1244 631 (q.
1265 597 1314 631 37.
1342 589 1405 619 art.
1422 585 1482 630 2.).

140 642 201 677 AD
224 652 433 677 SECUNDUM
455 641 663 682 dicendum,
686 641 783 687 quod
803 641 896 675 sicut
913 639 1102 686 quodlibet
1119 638 1279 684 eligibile
1299 638 1337 673 fit
1356 640 1476 672 minus
1491 637 1650 684 eligibile

69 704 217 744 propter
230 696 434 739 tristitiam;
454 696 502 730 ita
521 695 708 742 quodlibet
728 694 943 741 fugiendum
959 694 1119 729 redditur
1133 693 1250 739 magis
1272 692 1485 738 fugiendum
1504 700 1651 739 propter

70 750 269 786 tristitiam:
295 758 330 785 et
351 757 528 796 quantum
552 749 595 783 ad
618 749 689 783 hoc
712 749 853 783 tristitia
877 756 930 783 est
950 748 1058 783 utilis.

141 805 202 839 AD
218 814 391 840 TERTHJM
418 803 626 845 dicendum,
645 803 743 849 quod
765 803 908 837 tristitia
927 803 970 837 de
986 802 1198 848 operatione
1218 801 1339 848 aliqua
1357 801 1510 848 impedit
1528 812 1652 848 opera-

68 858 224 894 tionem:
247 859 310 894 sed
336 858 479 894 tristitia
497 857 541 893 de
564 858 767 892 cessatione
787 857 1011 903 operationis
1032 856 1120 891 facit
1142 856 1281 891 avidius
1303 855 1456 902 operari.

629 1016 978 1062 ARTICULUS
1008 1017 1084 1060 IV.
1576 1038 1595 1062 2

1600 1038 1618 1061 KQ

1625 1038 1643 1062 [Q

297 1138 453 1169 UTRUM
485 1138 640 1169 DOLOR
674 1138 890 1169 CORPORIS
925 1138 994 1168 SIT
1028 1137 1216 1168 SUMMUM
1249 1137 1418 1167 MALUM.

450 1239 553 1286 (Infr.
573 1250 602 1285 q.
623 1249 669 1286 73.
691 1229 763 1274 art.
776 1249 810 1284 4.
832 1243 861 1273 et
882 1238 968 1273 Mal.
992 1249 1022 1284 q.
1042 1249 1072 1273 2.
1096 1243 1162 1273 art.
1182 1239 1262 1284 Ia).

137 1341 198 1377 AD
220 1351 411 1382 QUARTUM
433 1340 484 1376 sic
512 1340 731 1388 proceditur.
753 1340 919 1382 Videtur,
935 1339 1032 1387 quod
1051 1340 1196 1374 tristitia
1218 1339 1263 1375 sit
1285 1351 1472 1374 summum
1488 1339 1647 1374 malum:

68 1397 191 1444 optimo
214 1397 312 1431 enim
334 1396 518 1443 opponitur
532 1397 724 1442 pessimum,
740 1403 780 1429 ut
801 1395 933 1429 dicitur
954 1395 991 1428 in
1014 1394 1045 1428 8.
1065 1394 1183 1429 Ethic.
1209 1394 1298 1442 (cap.
1313 1407 1364 1430 10.
1381 1395 1562 1441 apriizc.):
1586 1394 1648 1429 sed

67 1449 247 1498 quaedam
269 1448 466 1485 delectatio
489 1457 544 1484 est
566 1449 759 1496 optimum,
783 1460 875 1495 quae
897 1448 1038 1483 scilicet
1058 1449 1214 1495 pertinet
1232 1448 1277 1483 ad
1296 1447 1528 1492 felicitatem3
1557 1460 1645 1495 ergo

67 1503 187 1552 aliqua
206 1503 351 1538 tristitia
373 1511 427 1539 est
447 1515 637 1538 summum
659 1502 811 1537 malum.

138 1568 170 1593 2.
191 1557 430 1593 PRAETEREA.
453 1557 646 1593 Beatitudo
666 1564 719 1592 est
741 1569 929 1592 summum
951 1557 1090 1592 bonum
1111 1557 1286 1599 hominis,
1309 1557 1392 1603 quia
1421 1565 1474 1592 est
1500 1556 1649 1592 ultimus

65 1612 227 1647 hominis
248 1611 352 1647 finis:
375 1611 440 1647 sed
461 1611 648 1647 beatitudo
676 1611 842 1646 consistit
868 1611 904 1645 in
930 1611 1016 1654 hoc,
1043 1611 1142 1658 quod
1168 1611 1285 1646 homo
1313 1611 1448 1646 habeat
1475 1611 1649 1658 quidquid

65 1666 165 1710 velit,
187 1674 223 1701 et
243 1665 337 1701 nihil
357 1665 446 1701 mali
465 1665 564 1709 velit,
587 1674 625 1701 ut
646 1677 754 1713 supra
777 1666 916 1700 dictum
939 1674 994 1700 est
1013 1665 1058 1712 (q.
1071 1679 1099 1712 3.
1123 1671 1186 1700 art.
1209 1677 1242 1711 4.
1258 1677 1331 1712 arg.
1348 1677 1376 1712 5.
1392 1671 1420 1700 et
1439 1678 1469 1712 q.
1487 1678 1516 1712 5.
1536 1671 1601 1701 art.
1616 1667 1648 1702 8.

7 1718 10 1721 ’
65 1733 137 1768 arg.
156 1720 218 1768 3.);
247 1731 335 1767 ergo
357 1732 546 1756 summum
571 1720 712 1755 bonum
738 1720 900 1754 hominis
928 1728 982 1755 est
1008 1719 1174 1766 impletio
1201 1719 1400 1755 voluntatis
1426 1720 1558 1766 ipsius:
1586 1720 1649 1755 sed

64 1775 208 1811 tristitia
232 1775 398 1810 consistit
419 1774 455 1809 in
477 1775 562 1817 hoc,
585 1774 683 1821 quod
707 1774 839 1808 accidit
862 1773 996 1820 aliquid
1020 1782 1147 1809 contra
1162 1773 1403 1817 voluntatem,
1419 1783 1457 1809 ut
1475 1783 1572 1821 patet
1586 1786 1650 1821 per

65 1829 163 1875 Aug.
191 1839 242 1873 14.
271 1828 314 1864 de
343 1829 424 1864 Civ.
446 1829 518 1864 Dei
541 1829 631 1876 (cap.
653 1840 698 1876 15.
715 1835 843 1876 parum
865 1833 940 1863 ante
965 1829 1064 1874 fin.)‚·
1094 1840 1182 1875 ergo
1209 1829 1353 1864 tristitia
1380 1836 1434 1863 est
1460 1840 1649 1864 summum

65 1883 205 1919 malum
222 1883 395 1918 hominis.

141 1949 170 1985 3.
189 1937 429 1973 PRAETEREA.
452 1937 548 1983 Aug.
573 1937 623 1972 sic
647 1945 922 1983 argumentatur
944 1937 979 1971 in
1000 1948 1027 1971 1.
1045 1937 1199 1983 Soliloq.
1221 1937 1310 1984 (cap.
1331 1949 1380 1973 12.
1400 1939 1461 1972 cir.
1471 1938 1553 1984 sm.)
1566 1951 1576 1973 .·
1595 1938 1650 1973 Ex

65 1991 192 2027 duabus
208 1993 366 2040 partibus
380 1993 553 2038 compositi
569 2003 692 2034 snmus,
708 2004 746 2026 ex
765 1993 881 2026 anima
896 1992 1017 2026 scilicet
1038 1996 1065 2026 et
1080 1998 1216 2038 corpore
1228 2004 1239 2033 ,⁴
1256 2004 1399 2038 quarum
1411 1999 1492 2039 pars
1506 1992 1650 2027 deterior

65 2051 108 2082 est
128 2052 270 2093 corpus‚·
289 2058 456 2081 summum
483 2051 592 2080 autem
620 2047 742 2081 bonum
764 2051 806 2081 est
832 2046 980 2080 melioris
1002 2047 1113 2093 partis
1139 2047 1324 2092 optiminam
1351 2059 1518 2081 summum
1537 2051 1646 2081 autam

65 2100 192 2135 malum
214 2101 394 2148 pessimum
424 2100 614 2136 deterioris:
643 2105 686 2135 est
717 2105 827 2135 autem
855 2101 1018 2147 optimum
1045 2101 1080 2134 in
1107 2102 1220 2135 animo
1246 2103 1422 2148 sapientia,
1449 2102 1485 2136 ‘in
1512 2107 1650 2148 corpore

61 2155 241 2202 pessimum
254 2153 372 2190 dolor:
387 2166 553 2190 summum
568 2155 672 2200 igitar
691 2155 813 2188 bonum
829 2155 972 2189 hominis
990 2159 1034 2189 est
1047 2161 1158 2201 sapere
1170 2167 1182 2195 ,·
1205 2167 1371 2190 summam
1387 2155 1515 2190 malum
1529 2155 1647 2191 dolere.

139 2208 214 2244 SED
233 2219 403 2244 CONTRA.
427 2208 547 2255 Culpa
570 2217 624 2243 cst
646 2209 764 2254 magis
787 2208 939 2251 malum,
962 2220 1072 2255 quam
1096 2220 1226 2255 poena,
1250 2218 1289 2244 ut
1310 2211 1346 2244 in
1366 2221 1394 2244 1.
1413 2210 1580 2244 habitum
1596 2218 1649 2245 est

66 2263 112 2309 (q.
139 2263 195 2308 48.
222 2268 287 2298 art.
315 2263 390 2308 6.).·
417 2263 480 2297 sed
507 2263 662 2306 tristitia,
692 2274 756 2298 seu
786 2262 893 2297 dolor
920 2263 1077 2308 pertinet
1107 2263 1151 2297 ad
1178 2275 1339 2310 poenam
1367 2264 1527 2309 peccati;
1554 2264 1649 2299 sicut

65 2315 135 2351 frui
155 2317 261 2352 rebus
283 2316 516 2352 mutabilibus
536 2325 589 2352 est
607 2316 748 2351 malum
768 2316 912 2363 culpae:
937 2317 1023 2351 dicit
1043 2317 1142 2351 enim
1161 2318 1256 2363 Aug.
1272 2318 1309 2352 in
1327 2317 1388 2352 lib.
1407 2318 1451 2352 de
1471 2318 1567 2353 Vera
1582 2318 1649 2353 Rc-

66 2369 203 2418 ligione
234 2373 322 2420 (cap.
344 2378 534 2419 12.pa1'um
557 2372 715 2418 aprinc.)
733 2383 743 2405 .·
773 2372 859 2416 Quis
877 2377 919 2406 est
941 2371 1048 2414 dolor,
1072 2373 1129 2418 qui
1148 2372 1270 2407 dicitur
1292 2374 1411 2414 animi,
1443 2374 1509 2408 nisi
1535 2385 1648 2408 carcre

19 2462 23 2465 .
66 2425 284 2462 mutabilibus
301 2427 407 2469 rebus,
431 2427 548 2473 quibas
565 2427 755 2471 fruebatur,
779 2431 835 2460 aut
846 2426 925 2472 frui
946 2438 975 2460 se
997 2433 1087 2473 possa
1105 2432 1299 2473 speraverat
1307 2439 1319 2468 ;
1340 2432 1367 2462 et
1387 2427 1445 2462 boc
1464 2432 1506 2462 est
1529 2432 1646 2470 totum,

67 2479 153 2527 quod
173 2479 298 2516 dicitur
315 2481 454 2522 malam,
483 2480 564 2515 idest
581 2485 770 2528 paccatum,
793 2485 945 2527 utpoemz
967 2482 1122 2528 pcccati;
1152 2492 1240 2527 ergo
1267 2481 1423 2523 tristitia,
1451 2493 1514 2516 seu
1542 2480 1648 2516 dolor

67 2543 141 2568 non
163 2542 217 2570 est
237 2545 426 2569 summum
450 2534 590 2569 malum
611 2534 785 2569 hominis.

138 2587 370 2624 RESPONDEO
393 2589 602 2631 dicendum,
625 2589 722 2635 quod
746 2588 971 2635 impossibile
999 2597 1063 2631 cst,
1092 2589 1251 2636 aliquam
1274 2590 1469 2632 tristitiam,
1497 2602 1559 2625 scu
1588 2590 1649 2624 do-

68 2639 186 2677 lorem
207 2653 286 2677 esse
308 2654 494 2678 summum
518 2643 679 2677 hominis
699 2642 857 2677 malum:
882 2643 1003 2678 omnis
1026 2644 1123 2678 enim
1145 2644 1300 2686 tristitia,
1317 2656 1378 2678 seu
1399 2645 1505 2678 dolor
1520 2653 1580 2679 aut
1595 2653 1648 2679 est

69 2694 113 2730 de
134 2695 218 2739 hoc,
233 2697 331 2743 quod
351 2705 404 2732 est
419 2708 503 2731 vere
519 2696 671 2739 malum,
686 2702 743 2732 aut
758 2705 811 2732 est
833 2698 875 2732 dc
900 2697 1023 2744 aliquo
1048 2699 1233 2745 apparenti
1255 2698 1366 2741 malo,
1383 2699 1478 2744 quod
1497 2707 1549 2733 est
1562 2711 1646 2734 vere

69 2748 229 2784 bonum:
253 2750 362 2786 dolor
384 2759 517 2794 autem,
538 2763 603 2793 ,seu
626 2752 779 2794 tristitia,
802 2763 894 2798 quae
918 2761 970 2786 est
998 2752 1040 2787 de
1069 2765 1152 2787 vere
1181 2752 1293 2797 malo,
1321 2764 1394 2787 non
1423 2761 1542 2799 potest
1568 2765 1646 2788 esse

69 2813 255 2839 summurn
277 2805 437 2848 malum3
465 2814 519 2840 est
546 2806 643 2840 enim
671 2805 806 2852 aliquid
835 2817 878 2840 co
906 2807 1028 2852 pcjus3
1055 2806 1195 2841 scilicet
1215 2806 1273 2841 vel
1292 2819 1366 2841 non
1389 2807 1548 2850 judicare
1569 2819 1646 2842 esse

69 2857 208 2893 malum
227 2858 327 2902 illud,
349 2860 446 2906 quod
473 2871 557 2894 vere
589 2867 642 2894 est
671 2859 823 2902 malum,
854 2860 912 2894 vel
940 2861 1050 2895 etiam
1080 2872 1155 2895 non
1181 2860 1336 2895 refutare
1368 2860 1473 2903 illud;
1504 2862 1646 2896 tristitia

70 2913 272 2957 autem‚vel
286 2913 404 2958 dolor,
426 2914 487 2961 qui
510 2921 562 2949 est
584 2914 628 2949 de
648 2915 835 2961 apparenti
854 2914 965 2958 malo,
981 2915 1079 2962 quod
1103 2924 1155 2950 est
1173 2928 1256 2950 vere
1272 2916 1422 2958 bonum,
1437 2927 1511 2950 non
1527 2924 1644 2963 potest
