1907 3198
0 1790 12 1806 .'
0 1662 18 1755 &tv—‘b
0 1560 19 1655 ..025„

491 191 715 227 QUAESTIO
749 191 852 222 LXII.
887 191 1134 222 ARTICULUS
1169 190 1230 221 111.
1565 192 1646 235 431

74 275 238 312 turaliter
258 275 448 311 adderetur
470 275 514 310 ad
537 276 781 310 ordinandum
800 276 918 323 ipsum
940 276 977 310 in
999 275 1110 310 finem
1133 274 1459 321 supernaturalem.
1481 274 1525 309 Et
1540 275 1654 322 primo

75 330 224 377 quidem
245 338 421 377 quantum
444 330 488 364 ad
510 329 738 365 intellectum
761 330 942 365 adduntur
962 329 1107 364 homini
1128 329 1310 376 quaedam
1338 329 1513 376 principia
1535 340 1657 375 super-

73 383 264 427 naturalia,
286 395 379 431 quae
401 384 524 418 divino
546 383 684 418 lumine
707 384 914 431 capiuntur:
939 392 975 419 et
994 384 1086 418 haec
1109 392 1192 418 sunt
1214 383 1411 425 credibilia,
1427 383 1464 417 da
1477 384 1594 429 quibus
1612 387 1656 417 est

65 437 158 484 fides.
179 437 326 474 Secundo
347 449 435 472 vero
458 446 512 472 est
534 437 715 480 voluntas,
739 449 831 485 quae
853 438 1040 473 ordinatur
1066 437 1103 471 in
1130 437 1233 471 illum
1258 436 1388 471 finem:
1417 445 1452 471 et
1478 445 1656 483 quantum

75 490 119 526 ad
140 499 285 526 motum
306 491 516 526 intentionis
530 491 567 526 in
581 492 701 538 ipsum
715 493 939 534 tendentem,
955 492 1048 526 sicut
1069 492 1104 525 in
1127 491 1161 525 id
1184 491 1282 537 quod
1305 499 1358 525 est
1378 490 1551 538 possibile
1572 502 1657 524 con-

75 547 197 592 sequi;
217 545 303 592 quod
314 547 459 592 pertinet
476 545 518 580 ad
535 553 641 592 spent:
665 554 700 581 et
721 554 899 593 quantum
922 546 966 580 ad
989 545 1165 580 unionem
1187 545 1392 591 quamdam
1418 543 1655 591 spiritualem,

73 610 136 647 per
158 610 269 646 quam
283 599 561 646 quodammodo
576 599 856 635 transformatur
870 600 906 634 in
920 599 1025 634 illum
1039 599 1172 642 finem;
1192 598 1279 645 quod
1291 599 1337 645 fit
1356 605 1415 645 par
1436 599 1654 634 charitatem:

73 653 252 700 appetitus
273 653 372 688 enim
393 654 676 700 uniuscujusque
699 655 750 688 rei
771 653 983 689 naturaliter
1005 662 1184 695 movetur,
1207 661 1242 687 et
1264 653 1379 687 tendit
1400 653 1436 687 in
1459 652 1570 687 finem
1588 652 1656 686 sibi

75 706 367 742 connaturalem:
391 715 427 743 et
447 709 513 743 iste
535 716 657 742 motus
679 708 848 755 provenit
869 720 912 743 ex
933 707 1093 755 quadam
1120 706 1378 742 conformitate
1405 707 1458 742 rei
1479 706 1524 741 ad
1546 717 1654 741 suum

74 760 198 796 finem.

144 815 206 851 AD
232 826 383 852 PRIMUM
409 827 498 863 ergo
526 815 735 859 dicendum,
762 816 861 864 quod
883 815 1088 851 intellectus
1113 815 1252 862 indiget
1273 815 1462 863 speciebus
1488 814 1656 862 intelligi-

73 869 216 914 bilibus,
237 881 301 918 per
326 881 416 918 quas
441 871 639 918 intelligat:
662 878 698 906 et
718 871 801 906 ideo
825 879 980 918 oportet,
1015 870 1113 918 quod
1136 871 1172 905 in
1195 881 1239 905 eo
1266 878 1422 917 ponatur
1444 869 1574 916 aliquis
1595 869 1656 903 ha-

72 923 168 959 bitus
188 924 362 960 naturalis
383 925 636 972 superadditus
658 926 859 972 potentiae:
893 925 955 960 sed
989 925 1066 972 ipsa
1086 933 1216 959 natura
1236 924 1434 959 voluntatis
1457 923 1588 958 sufficit
1611 924 1655 958 ad

71 977 278 1014 naturalem
299 979 466 1014 ordinem
488 980 524 1014 in
551 979 674 1022 finem,
700 979 775 1014 sive
797 988 975 1026 quantum
999 979 1043 1013 ad
1065 979 1307 1014 intentionem
1326 977 1418 1022 finis,
1444 978 1519 1013 sive
1546 990 1657 1025 quan-

72 1041 152 1069 tum
173 1034 218 1069 ad
240 1033 538 1069 conformitatem
560 1034 605 1069 ad
634 1035 772 1082 ipsum:
799 1034 862 1069 scd
883 1034 920 1068 in
943 1034 1070 1068 ordine
1093 1034 1137 1068 ad
1164 1044 1218 1075 ea,
1237 1044 1330 1080 quae
1357 1044 1464 1079 supra
1486 1040 1655 1067 naturam

73 1096 168 1131 sunt,
190 1087 235 1123 ad
255 1088 348 1123 nihil
365 1088 499 1123 horum
521 1087 652 1124 sufficit
672 1097 801 1123 natura
823 1088 1028 1135 potentiae:
1053 1096 1089 1122 et
1112 1087 1196 1122 ideo
1219 1095 1364 1134 oportet
1385 1086 1463 1121 fieri
1489 1087 1657 1134 superad-

73 1141 252 1176 ditionem
272 1142 416 1177 habitus
438 1142 720 1189 supernaturalis
747 1151 924 1189 quantum
947 1142 990 1176 ad
1014 1150 1219 1188 utrumque.

144 1195 206 1231 AD
228 1206 437 1232 SECUNDUM
460 1197 667 1239 dicendum,
695 1196 792 1243 quod
819 1195 919 1238 fides,
947 1204 982 1230 et
1008 1207 1090 1242 spes
1115 1194 1434 1243 imperfectionem
1456 1195 1655 1242 quamdam

74 1249 293 1297 important:
316 1250 401 1297 quia
422 1249 511 1286 fides
533 1258 587 1285 est
605 1251 648 1285 de
663 1250 731 1293 his,
741 1261 833 1297 quae
855 1261 930 1284 non
952 1250 1143 1292 videntur3
1166 1258 1202 1284 et
1222 1261 1303 1296 spes
1318 1249 1362 1284 de
1377 1250 1445 1292 his,
1465 1261 1557 1296 quae
1579 1261 1655 1284 non

73 1303 272 1347 habentur;
293 1304 388 1339 unde
410 1304 546 1339 habere
567 1303 691 1346 fidem,
713 1312 749 1338 et
766 1314 868 1351 spem
891 1303 934 1338 de
956 1304 1024 1346 his,
1048 1315 1140 1350 quae
1163 1303 1364 1338 subduntur
1385 1304 1570 1338 humanae
1593 1315 1654 1351 po-

72 1357 206 1400 testati,
227 1357 348 1392 deficit
369 1369 389 1392 a
409 1351 551 1393 ratione
573 1358 731 1393 virtutis:
749 1358 810 1392 sed
825 1357 959 1392 habere
982 1357 1105 1400 fidem,
1127 1365 1162 1392 et
1180 1369 1283 1404 spem
1303 1357 1346 1392 de
1365 1357 1432 1400 his,
1455 1369 1548 1404 quae
1571 1366 1655 1392 sunt

33 1407 37 1410 ’
74 1422 180 1458 supra
200 1409 413 1447 facultatem
433 1420 584 1446 naturae
605 1412 801 1454 humanae,
817 1412 958 1446 excedit
979 1423 1129 1446 omnem
1152 1411 1323 1446 virtutem
1343 1411 1486 1446 homini
1507 1423 1656 1459 propor-

73 1465 264 1508 tionatam,
302 1465 505 1501 secundum
537 1465 626 1500 illud
653 1477 680 1501 1.
705 1466 749 1500 ad
778 1465 865 1501 Cor.
898 1477 944 1501 1.:
968 1466 1069 1511 Quod
1095 1466 1268 1512 infirmum
1294 1471 1339 1501 est
1365 1467 1442 1508 Dei,
1458 1467 1585 1513 fortius
1610 1471 1656 1502 est

72 1519 272 1556 hominibus.

143 1573 206 1608 AD
227 1583 401 1609 TERTIUM
427 1573 638 1616 dicendum,
665 1573 764 1620 quod
786 1573 830 1608 ad
853 1573 1054 1620 appetitum
1075 1573 1139 1608 cluo
1161 1573 1362 1620 pertinent;
1384 1573 1525 1608 scilicet
1546 1579 1654 1609 motus

70 1626 110 1662 in
131 1626 255 1670 finem,
276 1635 312 1663 et
331 1627 555 1675 conformatio
578 1627 623 1662 ad
640 1627 752 1662 finem
773 1638 835 1675 per
858 1639 1044 1662 amorem:
1072 1635 1108 1662 et
1130 1627 1180 1662 sic
1203 1636 1359 1675 oportet,
1378 1628 1476 1675 quod
1490 1628 1527 1662 in
1549 1639 1656 1675 appe-

71 1681 139 1717 titu
163 1681 328 1717 humano
350 1681 443 1717 duae
464 1682 614 1717 virtutes
631 1681 865 1729 theologicae
886 1690 1080 1730 ponantur,
1101 1681 1242 1717 scilicet
1262 1694 1355 1730 spes,
1383 1691 1418 1718 et
1436 1683 1604 1718 charitas.

637 1825 986 1872 ARTICULUS
1014 1827 1092 1870 IV.
1587 1848 1654 1885 330

296 1935 453 1966 UTRUM
478 1935 603 1966 FIDES
632 1936 700 1966 SIT
728 1936 858 1967 PRIOR
890 1937 980 1977 SPE,
1007 1937 1064 1966 ET
1092 1936 1190 1967 SPES
1219 1936 1427 1967 CHARITE.

188 2023 272 2070 (2·2.
298 2035 330 2071 q.
358 2034 392 2070 4.
419 2029 483 2060 art.
511 2025 544 2061 8.
566 2030 594 2060 et
620 2037 650 2072 q.
673 2036 722 2071 17.
751 2030 815 2060 art.
838 2036 868 2072 7.
891 2030 921 2060 et
938 2025 970 2060 8.
999 2030 1029 2060 et
1053 2037 1080 2072 3.
1103 2026 1193 2061 Dist.
1215 2037 1263 2073 23.
1286 2038 1316 2072 q.
1339 2037 1369 2061 2.
1397 2030 1461 2060 art.
1485 2037 1516 2061 2.

657 2084 686 2114 et
707 2079 790 2114 Virt.
811 2091 842 2126 q.
863 2091 896 2124 4.
919 2085 984 2115 art.
1007 2080 1060 2125 3.).

146 2166 208 2202 An
236 2177 428 2208 QUARTUM
454 2169 506 2204 sic
533 2169 752 2215 proceditur.
779 2168 945 2212 Videtur,
983 2169 1081 2216 quod
1111 2181 1186 2204 non
1219 2169 1265 2205 sit
1297 2170 1356 2205 hic
1384 2169 1475 2204 ordo
1512 2170 1653 2206 theolo-

71 2219 236 2267 gicarum
261 2221 449 2266 virtutum,
483 2223 583 2269 quod
603 2222 691 2258 fides
713 2223 758 2258 sit
779 2223 877 2270 prior
911 2235 986 2270 spe,
1021 2232 1056 2258 et
1092 2235 1174 2271 spes
1200 2224 1299 2271 prior
1327 2224 1525 2259 charitate:
1549 2225 1649 2259 radix

70 2274 171 2309 enim
191 2283 246 2311 est
264 2275 363 2323 prior
387 2287 445 2318 eo,
467 2276 565 2323 quod
592 2285 646 2312 est
667 2288 709 2312 ex
730 2277 868 2312 radice:
891 2278 953 2312 sed
973 2277 1129 2313 charitas
1153 2286 1206 2313 est
1228 2278 1327 2313 radix
1349 2279 1518 2313 omnium
1543 2279 1651 2314 virtu-

68 2336 160 2372 tum,
181 2329 383 2365 secundum
403 2329 493 2365 illud
511 2330 556 2366 ad
577 2331 710 2378 Ephes.
736 2343 764 2378 3.
781 2343 787 2365 :
811 2332 851 2366 In
873 2332 1036 2368 charitate
1057 2332 1214 2376 radicati}
1234 2338 1265 2369 et
1274 2333 1414 2380 fundati
1424 2346 1436 2375 ,·
1462 2345 1551 2380 ergo
1567 2333 1651 2368 cha-

68 2383 154 2419 ritas
175 2391 230 2419 est
249 2383 348 2431 prior
368 2384 458 2420 aliis.

143 2447 176 2472 2.
194 2437 433 2474 PRAETEREA.
455 2439 610 2486 August.
639 2439 726 2474 dicit
751 2439 786 2474 in
814 2450 841 2474 1.
864 2439 907 2475 de
930 2440 1205 2476 Doctr.Christ.
1228 2442 1318 2488 (cap.
1334 2442 1430 2488 37.):
1453 2442 1530 2477 Non
1547 2447 1651 2489 potest

71 2491 194 2538 aliquis
218 2491 365 2539 diligere,
399 2493 486 2540 quod
511 2505 572 2529 esse
599 2506 664 2528 non
687 2494 879 2529 crediderit:
894 2501 1000 2541 porro
1021 2497 1049 2530 si
1070 2495 1186 2539 credit,
1209 2501 1238 2531 et
1261 2496 1381 2542 diligit,
1410 2497 1486 2531 bene
1522 2496 1648 2542 agendo

69 2546 168 2593 efficit
186 2551 225 2582 ut
251 2548 353 2582 etiam
373 2552 476 2594 speret
484 2560 496 2589 ,·
520 2559 608 2594 ergo
635 2548 789 2591 videtur,
811 2548 909 2595 quod
932 2548 1020 2584 fides
1047 2550 1244 2596 praecedat
1265 2550 1493 2593 charitatem,
1515 2558 1550 2585 et
1569 2550 1651 2585 cha-

70 2599 157 2635 ritas
183 2611 298 2648 spem.

147 2665 176 2701 3.
197 2653 436 2691 PRAETEREA.
467 2655 587 2690 Amor
617 2664 670 2691 est
696 2656 915 2703 principium
937 2658 1057 2693 omnis
1080 2657 1296 2701 affectionis,
1324 2667 1362 2693 ut
1382 2670 1489 2705 supra
1510 2658 1647 2693 dictum

72 2715 128 2743 est
146 2708 196 2756 (q.
217 2720 266 2756 25.
288 2714 354 2745 art.
376 2709 450 2755 2.).·
468 2710 532 2745 sed
554 2721 634 2757 spes
655 2710 823 2746 nominat
847 2712 1046 2758 quamdam
1067 2711 1315 2747 affectionem:
1344 2721 1397 2747 est
1423 2713 1520 2747 enim
1543 2724 1649 2759 quae-

69 2761 155 2797 dam
175 2762 309 2810 passio,
327 2771 366 2799 ut
383 2775 493 2811 supra
513 2763 650 2799 dictum
673 2772 726 2800 est
745 2766 791 2811 (q.
812 2765 868 2801 26.
883 2771 949 2802 art.
965 2766 1029 2812 2.),·
1050 2777 1138 2813 ergo
1161 2766 1330 2809 charitas,
1341 2778 1434 2814 quae
1457 2775 1510 2802 est
1531 2778 1647 2810 amor,

67 2823 123 2852 est
140 2815 241 2864 prior
259 2828 334 2865 spe.

142 2869 219 2906 San
240 2880 398 2907 coum
419 2879 474 2907 est
498 2871 602 2915 ordo,
624 2883 696 2919 quo
724 2872 926 2919 Apostolus
952 2874 997 2920 (ι.
1029 2875 1182 2911 Corinth.
1205 2875 1267 2922 ¹3·)
1288 2874 1355 2910 ista
1377 2883 1578 2918 enumerat,
1599 2875 1648 2910 di-

71 2935 176 2960 cens:
198 2924 298 2962 Nunc
318 2930 429 2962 autem
450 2932 587 2962 manent
598 2926 692 2974 fides,
715 2933 794 2974 spes,
816 2933 847 2963 et
873 2928 1030 2964 charitas.
