1875 3198
218 182 300 225 818
658 195 879 230 QUAi-:srro
914 193 1032 224 evm.
1067 192 1313 223 ARTICULUS
1345 193 1373 222 1.

287 287 318 310 2.
334 276 570 311 PRAETEREA.
594 277 669 311 Lex
690 288 786 311 nova
808 284 862 310 est
883 276 939 310 lex
960 275 1125 322 Spiritus,
1144 283 1182 309 ut
1204 274 1333 308 dicitur
1353 273 1461 308 Rom.
1485 273 1534 308 8.:
1555 273 1618 308 sed
1638 275 1698 308 ubi
1714 274 1786 321 Spi-

217 331 298 365 ritus
315 331 470 373 Domini,
493 332 540 365 ibi
561 331 707 373 libertas,
732 339 769 364 ut
792 330 920 364 dicitur
943 340 973 363 2.
994 329 1144 363 adCor.
1168 341 1216 375 3.:
1239 339 1313 362 non
1333 336 1386 362 est
1407 335 1529 362 autem
1546 327 1702 369 libertas,
1723 328 1785 362 ubi

215 384 330 418 homo
359 384 536 430 obligatur
565 385 609 418 ad
637 384 756 430 aliqua
783 395 893 430 opera
921 383 1098 417 exteriora
1119 382 1295 423 facienda,
1325 381 1384 416 vel
1412 381 1579 424 vitanda;
1610 392 1698 427 ergo
1727 380 1785 416 lex

215 448 311 471 nova
332 449 406 472 non
430 438 590 472 continet
613 437 732 483 aliqua
754 445 956 483 praecepta,
978 436 1036 471 vel
1057 436 1319 482 prohibitiones
1338 435 1557 469 exteriorum
1580 442 1737 469 actuum.

291 503 319 537 3.
341 491 577 526 PRAETEREA.
595 491 736 526 Omnes
759 491 952 525 exteriores
973 499 1072 524 actus
1087 490 1266 536 pertinere
1284 488 1535 535 intelliguntur
1557 488 1601 522 ad
1621 499 1784 530 manum,

215 545 306 579 sicut
338 544 526 578 interiores
562 552 661 578 actus
695 545 874 590 pertinent
907 545 951 578 ad
985 544 1164 577 animum:
1199 542 1260 576 sed
1287 543 1378 576 haec
1406 542 1552 587 ponitur
1584 540 1785 575 differentia

215 598 308 632 inter
328 609 463 632 novam
485 597 617 643 legem,
640 605 674 631 et
691 606 863 639 veterem,
886 597 982 643 quod
1000 605 1104 631 vetus
1130 596 1187 630 lex
1208 596 1334 631 cohibet
1353 607 1501 636 manum,
1528 595 1590 630 sed
1611 594 1668 629 lex
1688 606 1784 629 nova

216 651 341 686 cohibet
357 652 522 691 animum,
544 662 630 696 ergo
646 651 682 684 in
696 651 775 697 lege
795 662 891 685 nova
906 662 980 685 non
999 651 1131 685 debent
1148 650 1235 697 poni
1249 649 1526 696 prohibitiones,
1545 656 1579 683 et
1592 656 1784 695 praecepta

217 705 435 739 exteriorum
458 712 616 746 actuum,
639 705 701 739 sed
723 704 845 738 solum
865 705 1091 738 interiorum.

290 758 364 792 SED
392 768 547 792 CONTRA
570 766 633 800 est,
656 758 753 829 quod
779 769 841 804 per
867 758 988 804 legem
1014 769 1151 792 novam
1173 756 1376 791 efficiuntur
1401 732 1572 791 homines
1593 756 1664 803 filii
1689 756 1783 797 lucis;

217 811 311 845 unde
334 811 824 856 diciturJoan.12.C1ed1tt
845 813 880 845 in
902 812 1017 853 liccam,
1040 812 1153 858 utfilii
1174 811 1256 845 lucis
1271 812 1355 845 sitis:
1371 810 1433 845 sed
1453 809 1549 844 filios
1569 808 1660 843 lucis
1683 809 1786 844 decet

218 876 327 910 opera
348 864 438 898 lucis
459 863 590 906 facere,
610 872 644 898 et
666 876 778 911 opera
798 865 1029 899 tenebrarum
1048 865 1216 911 abjicere,
1237 864 1438 898 secundum
1459 863 1548 897 illud
1569 863 1701 909 Ephes.
1732 874 1783 908 5.:

217 919 332 952 Eratis
353 917 531 963 aliqnando
555 919 717 961 tenchrae,
740 931 826 953 nunc
854 924 962 953 autem
984 919 1041 953 lux
1066 921 1102 953 in
1128 919 1300 953 Domino:
1329 923 1363 952 ut
1379 918 1464 964 filiis
1489 917 1570 952 lucis
1595 917 1781 958 ambulate;

218 982 304 1017 ergo
332 970 388 1005 lex
409 982 505 1005 nova
528 972 708 1018 quaedam
731 972 908 1006 exteriora
930 983 1041 1018 opera
1064 972 1186 1006 debuit
1206 971 1410 1018 prohibere,
1431 978 1467 1005 et
1488 970 1667 1016 quaedam
1688 981 1787 1016 prae-

218 1036 347 1071 cipere.

290 1078 519 1113 RESPONDEO
543 1078 748 1121 dicendum,
772 1079 880 1125 quod,
903 1079 995 1113 sicut
1012 1090 1119 1125 supra
1141 1079 1279 1113 dictum
1300 1086 1353 1112 est
1376 1077 1420 1124 (q.
1440 1077 1516 1112 106.
1535 1082 1601 1112 art.
1622 1089 1649 1112 1.
1672 1082 1702 1112 et
1721 1078 1785 1122 2.),

221 1131 464 1178 principalitas
482 1131 573 1177 legis
595 1143 711 1166 novae
734 1141 787 1167 est
808 1135 921 1178 gratia
944 1133 1097 1179 Spiritus
1120 1133 1255 1174 Sancti,
1274 1143 1366 1178 quae
1387 1131 1638 1166 manifestatur
1658 1131 1694 1165 in
1716 1131 1786 1165 fide

217 1196 280 1231 per
293 1185 527 1219 dilectionem
543 1194 731 1231 operante:
752 1187 846 1220 hanc
866 1195 987 1221 autem
1003 1187 1157 1233 gratiam
1172 1193 1442 1232 consequuntur
1454 1185 1625 1219 homines
1638 1196 1702 1231 per
1715 1184 1787 1219 Dei

218 1238 350 1272 Filium
372 1239 562 1273 hominem
584 1239 731 1281 factum,
755 1241 856 1285 cujus
877 1240 1144 1275 humanitatem
1162 1240 1262 1274 Deus
1284 1239 1434 1286 replevit
1456 1239 1582 1285 gratia,
1602 1246 1637 1273 et
1658 1238 1785 1272 exinde

219 1300 272 1326 est
294 1292 337 1326 ad
358 1304 426 1327 nos
447 1293 627 1327 derivata:
652 1294 745 1327 unde
769 1294 898 1328 dicitur
914 1295 1017 1340 Joan.
1045 1305 1092 1328 1.:
1122 1294 1265 1328 Verbum
1287 1305 1364 1328 caro
1379 1293 1511 1340 sactum
1528 1297 1582 1334 est,
1606 1299 1640 1326 et
1660 1300 1787 1338 postea

218 1346 400 1381 subditur:
415 1346 553 1380 Plenum
574 1349 714 1393 gratiae,
734 1353 763 1382 et
783 1349 948 1391 veritatis,
969 1356 1003 1382 et
1023 1347 1132 1381 infra:
1149 1347 1413 1394 Deplanitudine
1433 1349 1503 1392 ejus
1522 1358 1588 1381 non
1607 1357 1715 1380 omnes
1735 1357 1788 1380 ac-

219 1400 372 1445 cepimus,
395 1404 423 1434 et
442 1402 588 1445 gratiam
603 1407 667 1447 pro
688 1402 813 1446 gratia,
836 1401 931 1435 unde
953 1402 1126 1444 subditur,
1148 1401 1246 1447 quod
1265 1402 1390 1447 gratia,
1413 1405 1444 1435 et
1459 1401 1585 1435 veritas
1599 1405 1661 1446 per
1674 1400 1785 1444 susum

221 1453 389 1488 Christum
408 1454 504 1499 facta
525 1459 582 1495 esa·
606 1462 640 1488 et
660 1454 742 1488 ideo
767 1455 948 1497 convenit,
970 1463 1008 1489 ut
1029 1466 1092 1501 per
1114 1454 1233 1501 aliqua
1261 1454 1438 1489 exteriora
1463 1453 1646 1488 sensibilia
1672 1453 1786 1499 gratia

221 1518 240 1540 a
254 1505 376 1540 Verbo
395 1507 583 1541 incarnato
598 1507 780 1554 profluens
795 1508 832 1542 in
853 1520 920 1543 nos
934 1509 1144 1550 deducatur,
1155 1516 1191 1542 et
1211 1519 1254 1542 ex
1276 1508 1390 1554 gratia
1411 1506 1584 1549 interiori,
1599 1517 1662 1553 per
1676 1518 1786 1553 quam

223 1571 307 1594 caro
335 1561 474 1607 spiritui
500 1561 674 1604 subditur,
696 1563 872 1597 exteriora
899 1563 1077 1610 quaedam
1101 1574 1211 1609 opera
1233 1561 1415 1597 sensibilia
1440 1561 1696 1608 producantur.
1725 1561 1784 1595 Sic

221 1614 329 1660 igitur
351 1615 528 1649 exteriora
543 1627 654 1662 opera
672 1616 849 1663 dupliciter
869 1617 911 1651 ad
931 1617 1085 1663 gratiam
1103 1616 1281 1663 pertinere
1303 1624 1469 1663 possunt:
1489 1627 1555 1649 uno
1573 1614 1680 1657 modo,
1695 1615 1788 1650 sicut

222 1668 429 1702 inducentia
451 1668 654 1714 aliqualiter
677 1670 720 1703 ad
743 1671 916 1715 gratiam;
938 1679 973 1705 et
993 1670 1078 1705 talia
1100 1678 1183 1704 sunt
1204 1681 1315 1716 opera
1337 1669 1673 1711 Sacramentorum,
1694 1680 1786 1715 quae

219 1722 255 1755 in
277 1733 372 1756 nova
393 1722 474 1768 lege
493 1730 575 1757 sunt
595 1723 776 1765 instituta;
799 1724 891 1758 sicut
914 1725 1131 1771 Baptismus,
1149 1723 1388 1765 Eucharistia,
1410 1730 1445 1757 et
1466 1721 1536 1757 alia
1556 1722 1784 1768 hujusmodi:

220 1776 287 1810 alia
310 1787 396 1810 vero
419 1784 500 1810 sunt
522 1787 631 1822 opera
655 1777 843 1819 exteriora,
871 1789 962 1823 quae
989 1789 1031 1811 ex
1058 1778 1228 1812 instinctu
1251 1777 1387 1823 gratiae
1409 1776 1673 1823 producuntur:
1695 1784 1730 1810 et
1750 1776 1786 1810 in

219 1829 274 1863 his
297 1837 350 1863 est
376 1830 554 1875 quaedam
576 1829 777 1864 differentia
800 1831 1028 1866 attendenda.
1057 1831 1232 1876 Quaedam
1259 1831 1356 1866 enim
1382 1831 1517 1865 habent
1541 1829 1786 1864 necessariam

220 1884 524 1926 convenientiam,
551 1883 609 1918 vel
636 1885 932 1919 contrarietatem
955 1886 998 1919 ad
1020 1885 1231 1920 interiorem
1254 1885 1420 1931 gratiam,
1446 1895 1539 1931 quae
1565 1884 1602 1918 in
1627 1883 1698 1918 fide
1725 1894 1788 1930 per

220 1937 453 1971 dilectionem
477 1946 649 1983 operante
669 1939 850 1973 consistit:
875 1947 909 1973 et
930 1939 1139 1985 hujusmodi
1161 1939 1338 1974 exteriora
1353 1949 1464 1984 opera
1485 1946 1567 1972 sunt
1583 1945 1786 1985 praecepta,

219 1991 277 2025 vel
303 1992 484 2038 prohibita
506 1992 542 2025 in
563 1991 643 2038 lege
665 2004 779 2035 nova;
802 1993 894 2027 sicut
916 2001 1108 2039 praecepta
1135 2001 1188 2028 est
1214 1992 1396 2027 confessio
1421 1991 1518 2034 fidei,
1544 1999 1580 2027 et
1605 1991 1784 2039 prohibita

220 2045 385 2091 negatio:
409 2045 538 2079 dicitur
560 2046 658 2079 enim
680 2046 807 2080 Matth.
835 2057 905 2081 10.:
932 2048 1002 2092 Qui
1029 2047 1236 2093 confitebitur
1257 2059 1306 2081 me
1327 2058 1442 2081 coram
1463 2046 1662 2088 hominibus,
1689 2045 1788 2091 confi-

222 2100 310 2134 tebor
336 2104 365 2134 et
391 2111 447 2144 ego
478 2111 550 2134 eum
578 2111 691 2133 coram
723 2101 821 2134 Patra
842 2112 932 2135 meo:
967 2102 1023 2146 qui
1044 2106 1153 2135 autem
1176 2101 1346 2146 negaverit
1369 2112 1419 2134 me
1445 2111 1558 2134 coram
1589 2099 1786 2141 hominibus,

221 2153 342 2198 negabo
363 2157 390 2186 et
411 2164 467 2195 wo
489 2165 560 2186 eum
581 2164 695 2187 coram
718 2154 816 2188 Patre
838 2166 930 2188 mro
961 2155 1030 2188 alia
1060 2165 1147 2188 vero
1170 2162 1252 2188 sunt
1274 2165 1395 2200 opera,
1425 2164 1518 2200 quae
1547 2164 1622 2188 non
1653 2152 1786 2187 habent

220 2206 465 2240 necessariam
481 2206 787 2249 contrarietatem,
802 2207 860 2241 vel
879 2218 973 2241 conv
977 2208 1172 2242 enientiam
1189 2207 1231 2241 ad
1247 2207 1356 2241 fidem
1375 2218 1438 2254 per
1453 2207 1687 2241 dilectionem
1706 2217 1788 2266 ope-

221 2268 380 2295 rantem:
404 2268 438 2294 et
459 2259 543 2293 talia
565 2270 675 2306 opera
696 2271 770 2294 non
793 2269 875 2294 sunt
897 2261 932 2294 in
954 2272 1050 2295 nova
1065 2260 1145 2307 lege
1168 2269 1371 2307 praecepta,
1385 2260 1444 2295 vel
1458 2260 1639 2307 prohibita
1654 2271 1696 2294 ex
1711 2259 1787 2306 ipsa

222 2313 338 2360 prima
364 2313 454 2359 legis
481 2313 718 2355 institutione,
746 2314 806 2347 sed
833 2314 957 2348 relicta
980 2323 1062 2348 sunt
1090 2325 1109 2348 a
1135 2314 1343 2360 legislatore
1371 2314 1555 2359 (Christo)
1582 2313 1787 2359 unicuique,

222 2367 421 2402 secundum
444 2367 541 2413 quod
563 2366 690 2413 aliquis
706 2367 856 2412 alicujus
872 2379 995 2402 curam
1011 2380 1136 2415 gerere
1151 2368 1274 2403 debet:
1298 2376 1333 2403 et
1353 2368 1404 2403 sic
1426 2368 1619 2414 unicuique
1633 2367 1786 2401 liberum

223 2429 275 2455 est
297 2421 391 2455 circa
409 2420 495 2454 talia
517 2420 767 2462 determinare,
783 2421 867 2467 quid
885 2422 950 2455 sibi
965 2422 1129 2468 expediat
1150 2421 1281 2463 facere,
1302 2421 1361 2456 vel
1381 2421 1506 2463 vitare,
1521 2429 1556 2456 et
1569 2420 1787 2466 cuicumque

222 2474 438 2520 praesidenti
458 2474 552 2508 circa
566 2473 651 2508 talia
674 2474 840 2508 ordinare
856 2475 928 2508 suis
943 2475 1103 2517 subditis,
1123 2476 1206 2521 quid
1222 2475 1267 2510 sit
1287 2475 1323 2509 in
1345 2475 1475 2509 talibus
1496 2473 1716 2515 faciendum,
1729 2472 1787 2507 vel

222 2528 428 2570 vitandum3
452 2527 545 2562 unde
572 2528 680 2561 etiam
707 2536 882 2573 quantum
911 2529 953 2562 ad
982 2529 1051 2563 hoc
1080 2529 1209 2563 dicitur
1230 2529 1286 2564 lex
1309 2528 1497 2575 Evangelii
1525 2528 1576 2563 lex
1607 2527 1786 2562 libertatIs:

222 2594 307 2616 nam
330 2582 385 2616 lex
407 2590 508 2616 vetus
536 2581 647 2616 multa
674 2582 948 2624 determinabat,
971 2591 1005 2617 ct
1027 2594 1141 2629 pauca
1164 2582 1387 2629 relinquebat
1413 2581 1606 2616 hominum
1633 2579 1787 2616 libertati

223 2636 506 2671 determinanda.

294 2691 353 2724 An
369 2700 518 2724 PR1MUM
534 2701 620 2735 ergo
636 2689 843 2730 dicendum,
866 2690 962 2735 quod
988 2701 1139 2734 regnum
1158 2690 1226 2724 Dei
1241 2690 1277 2723 in
1292 2689 1521 2724 interioribus
1543 2688 1681 2723 actibus
1703 2698 1787 2722 con-

224 2743 314 2778 sistit
335 2743 600 2789 principaliter3
622 2742 683 2777 scd
707 2755 749 2776 ex
768 2743 1003 2788 consequenti
1025 2744 1133 2777 ctiam
1150 2744 1193 2778 ad
1209 2755 1361 2789 regnum
1377 2743 1446 2777 Dei
1464 2742 1642 2790 pertinent
1662 2740 1786 2776 omnia

225 2797 296 2838 illa,
319 2799 392 2831 sine
415 2797 542 2843 quibus
569 2796 758 2830 interiores
781 2804 880 2829 actus
903 2807 980 2830 csse
1003 2808 1075 2829 non
1104 2805 1271 2842 possunt:
1295 2796 1385 2831 sicut
1407 2796 1437 2831 si
1458 2806 1611 2841 regnum
1637 2794 1707 2830 Dei
1732 2801 1786 2829 est

226 2851 373 2885 interior
395 2850 538 2894 justitia,
561 2859 595 2884 et
613 2861 692 2896 pax,
715 2858 749 2884 et
772 2849 943 2893 gaudium
967 2850 1160 2895 spirituale,
1182 2861 1330 2885 necesse
1353 2858 1405 2884 est
1426 2849 1523 2896 quod
1545 2859 1674 2884 omnes
1695 2855 1786 2882 exte-

226 2905 336 2940 riores
360 2912 471 2946 actus,
493 2905 552 2951 qui
574 2912 773 2951 repugnant
787 2903 953 2949 justitiae,
973 2912 1031 2937 aut
1052 2904 1142 2949 paci,
1158 2912 1217 2938 aut
1232 2904 1365 2949 gaudio
1378 2902 1565 2950 spirituali,
1586 2909 1786 2950 repugnent
