1923 3198
561 182 782 219 QUAESTIO
808 159 875 213 ¹111.
907 182 1154 214 Alimentus
1188 182 1250 212 111.
1634 183 1689 226 43

126 265 302 301 tudinem.
320 265 418 301 Nam
433 265 620 301 beatitudo
637 265 798 300 hominis
816 264 981 300 consistit
998 264 1236 300 essentialiter
1253 264 1289 298 in
1309 264 1567 310 conjunctione
1586 264 1697 310 ipsius

127 319 173 355 ad
192 319 331 354 bonum
351 319 567 361 increatum,
587 319 686 366 quod
707 327 761 354 est
781 318 929 353 ultimus
956 317 1048 360 finis,
1074 327 1113 353 ut
1138 329 1245 365 supra
1271 326 1459 352 ostensum
1485 326 1539 352 est
1565 317 1646 361 (art.
1667 330 1695 353 1.

125 372 196 418 huj.
229 374 294 419 q.),
321 373 381 408 cui
409 373 525 408 homo
551 372 726 419 conjungi
751 383 826 407 non
852 380 971 418 potest
995 383 1058 419 per
1083 383 1209 407 sensus
1236 371 1506 418 operationem:
1533 370 1698 406 similiter

126 426 250 469 etiam,
270 427 354 474 quia
376 427 468 462 sicut
489 434 676 462 ostensum
699 434 753 461 est
773 426 820 472 (q.
842 437 873 462 2.
895 431 958 461 art.
978 427 1038 472 5.),
1060 426 1096 459 in
1118 425 1368 471 corporalibus
1386 425 1490 460 bonis
1511 424 1696 460 beatitudo

125 479 287 515 hominis
307 491 382 515 non
404 480 579 522 consistit,
601 491 693 526 quae
719 489 841 514 tamen
868 479 947 515 sola
967 491 1031 526 per
1051 490 1178 514 sensus
1199 479 1452 526 operationem
1474 478 1695 524 attingimus.

126 532 284 569 Possunt
307 542 431 569 autem
457 533 688 581 operationes
714 544 841 568 sensus
874 533 1052 580 pertinere
1089 533 1132 567 ad
1163 533 1425 568 beatitudinem
1460 532 1695 574 antecedenter,

127 595 164 623 et
185 593 436 634 consequent-⁷:
465 586 690 622 antecedenter
721 587 869 633 quidem
904 587 1104 622 secundum
1139 586 1399 622 beatitudinem
1435 585 1697 633 imperfectam,

115 639 242 688 qualis
261 640 300 675 in
320 641 499 688 praesenti
513 640 585 676 vita
599 640 724 675 haberi
742 649 876 687 potest:
895 652 981 675 nam
1000 640 1164 688 operatio
1183 639 1386 675 intellectus
1404 640 1602 687 praeexigit
1615 650 1698 686 ope-

127 693 307 729 rationem
327 705 476 730 sensus:
499 699 730 740 consequenter
750 703 872 729 autem
899 694 935 728 in
962 693 1022 728 illa
1045 693 1204 740 perfecta
1225 694 1458 736 beatitudine,
1481 704 1573 740 quae
1595 704 1699 740 expe-

128 754 244 784 ctatur
256 747 293 783 in
304 747 429 783 coelo:
444 747 528 794 quia
542 755 623 794 post
633 748 935 782 resurrectionem
948 759 990 782 ex
1004 749 1076 795 ipsa
1087 747 1284 783 beatitudine
1293 749 1437 790 animae,
1453 755 1492 782 ut
1504 747 1697 793 Augustin.

127 799 215 837 dicit
232 800 271 837 in
288 801 391 849 epist.
416 800 469 846 56.
492 801 536 836 ad
554 801 790 844 Dioscorum,
802 802 863 848 fiet
879 801 1040 848 quaedam
1065 801 1239 847 refluentia
1265 803 1299 836 in
1324 808 1453 848 corpus,
1479 806 1508 836 et
1533 802 1567 835 in
1592 812 1699 836 sensus

126 860 310 903 corporeos,
334 856 419 892 utin
437 856 504 891 suis
523 856 771 902 operationibus
786 855 1021 902 perficiantur,
1044 863 1083 890 ut
1102 854 1195 890 infra
1216 855 1333 901 magis
1354 855 1490 902 patebit
1520 854 1622 901 (quod
1646 855 1698 889 hic

125 908 260 951 amr,
278 908 313 945 S.
325 909 374 944 D.
387 920 453 944 non
471 909 612 945 absolvit
619 921 633 950 ,·
651 909 789 944 habetur
806 913 914 944 tamen
932 908 1061 956 aliquid
1076 909 1195 951 simile,
1207 914 1300 956 part.
1315 921 1344 956 3.
1363 921 1393 955 q.
1409 921 1462 956 54.
1480 913 1546 943 art.
1558 917 1591 955 3.
1609 907 1652 942 ad
1670 920 1697 944 r.

125 966 156 998 et
172 961 280 1010 suppl.
299 973 331 1009 q.
351 962 405 998 82.
419 967 485 998 art.
503 974 531 1009 3.
546 967 575 998 et
593 963 656 1008 4.),
671 974 756 997 curn
771 962 814 998 de
830 963 1093 998 resurrectione
1115 971 1258 1009 agetur:
1280 974 1355 997 non
1375 971 1497 998 autem
1515 971 1601 997 tunc
1615 973 1699 1009 ope-

128 1015 235 1058 ratio,
253 1026 326 1063 qua
343 1027 447 1052 mens
468 1016 630 1051 humana
650 1016 733 1051 Deo
755 1016 1001 1062 conjungitur,
1023 1028 1043 1051 a
1064 1027 1172 1052 sensu
1193 1016 1421 1063 dependebit.

197 1069 259 1105 AD
273 1079 423 1106 numm
437 1081 526 1116 ergo
540 1069 747 1112 dicendum,
763 1070 860 1117 quod
875 1070 1033 1116 objectio
1047 1069 1109 1105 illa
1127 1070 1267 1116 probat,
1282 1071 1380 1117 quod
1395 1070 1560 1117 operatio
1574 1081 1699 1105 sensus

125 1123 317 1170 requiritur
330 1124 588 1159 antecedenter
602 1124 647 1158 ad
661 1121 922 1159 beatitudinem
937 1123 1202 1171 imperfectam,
1221 1124 1337 1171 qualis
1354 1125 1390 1159 in
1404 1124 1473 1160 hac
1487 1124 1560 1159 vita
1574 1124 1699 1160 haberi

196 1230 259 1267 AD
272 1240 482 1267 secuunuu
500 1230 709 1273 dicendum,
727 1231 825 1277 quod
843 1231 1028 1266 beatitudo
1051 1231 1221 1278 perfecta,
1243 1231 1390 1278 qualem
1412 1231 1532 1278 angeli
1553 1231 1700 1273 habent,

124 1283 236 1320 habet
254 1284 580 1331 congregationem
598 1284 766 1320 omnium
787 1285 971 1320 bonorum
989 1296 1052 1331 per
1069 1286 1368 1330 conjunctionem
1391 1285 1434 1320 ad
1457 1284 1699 1320 universalem

122 1336 266 1374 fontem
283 1337 397 1373 totius
416 1337 524 1380 boni;
543 1349 619 1373 non
645 1337 743 1385 quod
769 1338 931 1385 indigeat
956 1337 1107 1384 singulis
1132 1338 1406 1386 particularibus
1429 1339 1554 1381 bonis3
1579 1339 1642 1373 sed
1664 1339 1699 1373 in

124 1390 195 1427 hac
215 1390 437 1427 beatitudine
458 1390 674 1438 irnperfecta
693 1391 887 1438 requiritur
907 1392 1147 1438 congregatio
1173 1392 1355 1427 bonorum
1377 1391 1633 1428 sufficientium
1656 1391 1699 1426 ad

127 1443 431 1493 perfectissimam
451 1445 702 1492 operationem
726 1445 834 1491 hujus
854 1446 961 1480 vitae.

194 1496 259 1535 Al>
277 1509 450 1535 mrum
468 1499 676 1542 dicendum,
693 1499 791 1546 quod
805 1499 842 1533 in
857 1498 1016 1546 perfecta
1029 1499 1251 1535 beatitudine
1266 1499 1448 1546 perficitur
1461 1507 1559 1535 totus
1572 1499 1700 1541 homo,

123 1552 189 1589 aed
217 1553 256 1589 in
287 1552 451 1589 inferiori
475 1561 577 1601 parte
603 1565 667 1601 per
691 1554 971 1589 redundantiam
999 1565 1019 1589 a
1045 1555 1240 1602 superiori:
1267 1555 1304 1589 in
1330 1554 1552 1590 beatitudine
1580 1561 1699 1589 autern

125 1605 340 1654 imperfecta
359 1607 559 1654 praesentis
583 1608 691 1650 vitae,
709 1619 729 1642 e
748 1618 940 1651 converso,
958 1620 979 1643 a
997 1607 1220 1654 perfectione
1241 1607 1424 1644 inferioris
1445 1608 1556 1655 partis
1577 1619 1702 1655 proce-

122 1660 221 1698 ditur
239 1660 286 1696 ad
305 1660 571 1708 perfectionem
591 1661 801 1709 superioris.

679 1792 1026 1839 ARTICULUS
1063 1793 1139 1837 IV.
1606 1844 1616 1852 ⁶
1654 1814 1699 1839 20

271 1900 440 1942 UTRUM,
482 1901 520 1932 sl
562 1902 819 1933 BEATITUDO
862 1903 943 1933 EST
988 1902 1342 1933 INTELLECTIVAE
1387 1902 1554 1942 PARTIS,

360 1967 430 1998 SIT
462 1966 684 1999 OPERATIO
717 1968 1038 2008 INTELLECTUS,
1070 1969 1127 1998 AN
1159 1968 1460 1999 VOLUNTATIS.

123 2054 228 2103 (Insr.
247 2066 278 2102 q.
299 2055 356 2092 26.
377 2060 443 2091 art.
463 2067 495 2092 2.
516 2061 546 2092 et
562 2069 591 2103 3.
612 2061 641 2092 et
661 2056 718 2092 lib.
740 2068 772 2093 2.
795 2056 912 2092 Contr.
929 2068 960 2103 g.
983 2063 1055 2104 cap.
1078 2069 1125 2103 25.
1148 2057 1204 2093 26.
1225 2062 1254 2092 et
1275 2069 1328 2103 27·
1351 2057 1369 2102 5
1393 2068 1424 2092 2.
1442 2062 1471 2092 ct
1490 2057 1574 2091 Mal.
1593 2069 1624 2103 q.
1643 2057 1696 2092 16.

204 2113 271 2145 art.
290 2120 325 2146 a.
343 2108 388 2144 ad
404 2109 439 2146 6.
456 2107 486 2145 et
509 2110 597 2146 Veri.
611 2122 641 2157 q.
656 2123 683 2146 r.
698 2116 762 2145 art.
780 2123 809 2157 5.
824 2110 868 2145 ad
879 2111 911 2146 8.
926 2116 955 2145 ct
968 2123 999 2157 q.
1011 2112 1044 2146 δ’.
1059 2116 1123 2146 art.
1138 2123 1189 2157 19.
1204 2116 1232 2146 et
1245 2117 1353 2158 opusc.
1367 2122 1398 2146 2.
1418 2117 1492 2158 cap.
1509 2111 1612 2157 107).

192 2197 256 2234 ΑΒ
280 2208 471 2238 αυΑιτυιι
495 2199 548 2234 sic
573 2199 792 2246 proceditur.
822 2198 985 2242 Videtur,
1011 2200 1109 2247 quod
1135 2200 1321 2235 beatitudo
1349 2200 1524 2235 consistat
1549 2201 1585 2235 in
1613 2209 1695 2235 actu

121 2250 336 2288 voluntatis:
358 2252 446 2288 dicit
470 2253 569 2288 enim
590 2254 686 2300 Aug.
714 2264 764 2289 ιο.
791 2253 835 2288 de
855 2253 935 2288 Civ.
960 2254 1032 2289 Dei
1059 2254 1147 2301 (cap.
1174 2267 1226 2290 ιο.
1253 2260 1281 2290 et
1306 2256 1382 2301 11.),
1406 2255 1503 2301 quod
1531 2255 1696 2290 beatitudo

121 2304 298 2342 bommis
283 2318 321 2342 m
336 2311 420 2354 pace
440 2300 608 2348 cominu,-
635 2307 760 2342 unde
752 2319 788 2342 m
810 2306 904 2342 Psal.
933 2318 1026 2353 ι47.;
1051 2308 1123 2353 Qui
1138 2310 1249 2355 posuit
1266 2308 1349 2355 fines
1375 2314 1447 2343 tuos
1467 2315 1607 2355 pacem.-
1633 2309 1695 2343 sed

120 2368 192 2406 pax
211 2359 257 2395 ad
276 2358 504 2395 voluntatem
526 2360 699 2407 pertinet;
725 2372 815 2407 ergo
841 2361 1027 2396 beatitudo
1054 2361 1216 2396 hominis
1242 2362 1278 2396 in
1305 2361 1492 2396 voluntate
1520 2362 1695 2396 consistit.

193 2422 227 2449 2.
247 2412 486 2453 Ρωτειυῑᾼ.
504 2413 696 2449 Beatitudo
718 2422 772 2449 est
793 2426 979 2450 summum
1001 2415 1159 2450 bonurn:
1187 2415 1249 2450 scd
1276 2415 1414 2450 bonum
1435 2424 1489 2450 est
1510 2415 1694 2462 objectum

49 2462 60 2508 ’ζ
121 2465 340 2511 voluntati-33
359 2478 450 2514 ergo
470 2467 687 2503 beatitudo
677 2479 715 2503 in
735 2467 933 2503 voluntatis
955 2469 1169 2515 operatione
1191 2469 1367 2504 consistit.

196 2531 227 2568 3.
248 2520 486 2558 Pmmx-:A-
506 2521 633 2557 Primo
651 2522 816 2558 moventi
834 2522 1030 2569 respondet
1048 2522 1196 2557 ultimus
1214 2522 1314 2565 finis3
1336 2523 1428 2558 sicut
1446 2522 1594 2557 ultimus
1617 2522 1697 2558 finis

118 2573 234 2611 notius
252 2574 432 2611 exercitus
444 2582 500 2610 est
510 2575 664 2610 victoria
678 2587 770 2623 quae
787 2584 840 2611 est
854 2575 933 2611 finis
947 2576 1062 2619 ducis,
1075 2577 1136 2623 qui
1150 2588 1280 2612 ornnes
1299 2588 1384 2611 mov
1389 2585 1441 2612 et:
1457 2576 1518 2611 sed
1538 2577 1696 2624 primum

120 2635 277 2664 movens
297 2628 343 2664 ad
362 2628 591 2676 operandum
616 2637 671 2665 est
688 2629 875 2672 voluntas3
897 2630 981 2676 quia
1003 2639 1128 2666 movet
1149 2630 1237 2665 alias
1259 2631 1364 2673 vires,
1387 2639 1424 2665 ut
1445 2629 1537 2664 infra
1559 2630 1698 2665 dicetur

82 2710 92 2714 -
121 2679 171 2729 (q.
194 2692 230 2730 9.
249 2686 317 2718 art.
337 2693 367 2718 1.
386 2686 417 2718 ct
432 2682 504 2729 3.)‚·
526 2693 615 2730 ergo
635 2682 822 2718 beatitudo
844 2683 889 2718 ad
910 2683 1137 2719 voluntatem
1159 2684 1324 2731 pertinet.

190 2744 226 2779 4.
246 2734 485 2772 ΡιΑετεκεΑ.
512 2735 552 2771 Si
577 2736 762 2772 beatitudo
784 2745 838 2772 est
859 2736 979 2784 aliqua
1003 2737 1180 2784 operatio,
1202 2746 1357 2784 oportet,
1376 2738 1472 2784 quod
1492 2738 1537 2772 sit
1553 2737 1699 2772 nobilis-

101 2786 392 2836 -cimaoperatio
405 2788 584 2825 hominis:
599 2789 662 2826 sed
680 2789 838 2825 nobilior
856 2798 910 2826 est
923 2790 992 2825 Dei
1007 2790 1167 2832 dilectio,
1186 2802 1278 2837 quae
1298 2799 1351 2826 est
1370 2799 1470 2826 actus
1488 2791 1699 2834 voluntatis,

98 2847 234 2890 ⁴*aquam
247 2842 424 2890 cognitio,
436 2853 529 2890 quae
543 2851 597 2879 est
609 2844 774 2891 operatio
788 2843 1005 2887 intellectus,
1020 2853 1058 2880 ut
1071 2853 1169 2892 patet
1183 2856 1246 2892 per
1260 2846 1389 2893 Apost.
1409 2856 1436 2880 1.
1455 2846 1500 2881 ad
1519 2845 1607 2881 Cor.
1627 2856 1700 2893 13.;

98 2902 213 2944 ³380
230 2895 390 2939 videm,
402 2896 504 2944 quod
523 2896 710 2934 beatitudo
732 2898 908 2934 consistat
928 2898 964 2934 in
986 2906 1069 2934 actu
1090 2898 1300 2934 voluntatis.
