1907 3198
566 183 790 220 QUAESTIO
825 183 866 213 C.
898 182 1148 213 ARTICULUS
1181 182 1255 212 xu.
1618 182 1699 226 731

653 351 1002 398 ARTICULUS
1035 351 1138 395 XII.
1641 374 1701 409 541

212 461 366 493 UTRUM
392 461 647 492 PRAECEPTA
673 460 870 492 MORALIA
898 460 1079 490 VETERIS
1109 459 1233 490 LEGIS
1252 459 1610 502 JUSTIFICARENT.

282 549 401 598 (Supr.
419 561 450 596 q.
465 550 521 596 98.
541 555 607 585 art.
629 561 656 584 ι.
679 555 710 584 et
727 549 809 592 infr.
831 560 861 595 q.
887 558 958 595 103.
977 553 1042 582 art.
1062 560 1094 584 2.
1116 553 1145 583 ct
1162 560 1190 595 3.
1213 548 1303 582 Dist.
1325 559 1382 593 40.
1403 552 1467 582 art.
1491 546 1550 594 3.).

193 640 255 676 An
276 649 538 675 DUODECIMUM
561 639 612 674 sic
634 639 853 686 proceditur.
875 637 1029 673 Videtur
1050 637 1149 685 quod
1172 645 1369 684 praecepta
1397 635 1554 672 moralia
1574 637 1706 672 veteris

124 693 215 741 legis
234 692 488 740 justificarent:
508 693 595 728 dicit
612 693 711 728 enim
729 692 933 740 Apostolus
951 691 1059 727 Rom.
1083 702 1135 726 2.:
1158 692 1236 727 Non
1250 693 1338 726 enim
1351 691 1521 726 auditores
1534 691 1614 736 legis
1621 692 1707 736 justi

122 752 198 783 sunt
216 745 307 794 apud
326 747 450 789 Deum,
479 746 533 782 sed
554 747 702 793 factores
722 747 798 793 legis
817 747 1114 793 justificabuntur.-
1138 745 1200 780 sed
1228 744 1386 780 factores
1411 744 1502 791 legis
1525 744 1704 786 dicuntur,

123 801 187 849 qui
205 800 361 848 implent
380 809 573 847 praecepta
594 800 705 847 legis;
727 811 816 846 ergo
838 808 1032 847 praecepta
1053 799 1144 846 legis
1167 798 1365 845 adimpleta
1382 797 1636 844 justificabant.

196 863 230 889 2.
243 853 483 890 Paternum.
507 853 594 889 Lev.
622 854 673 889 18.
696 854 844 889 dicitur:
868 852 1034 888 Custoditc
1048 853 1128 900 leges
1150 864 1257 895 meas,
1280 858 1377 899 atque
1390 851 1534 898 judicia,
1556 863 1640 898 quae
1652 851 1708 898 sa-

123 909 210 945 cims
225 908 323 944 homo
339 909 431 943 vivet
449 909 483 942 in
497 909 542 943 eis
552 921 562 943 :
586 908 649 943 sed
664 908 738 943 vita
751 907 947 955 spiritualis
961 907 1124 942 hominis
1139 915 1193 942 est
1209 918 1274 953 per
1289 906 1484 953 justitiam3
1506 917 1595 952 ergo
1609 917 1709 953 prae-

123 969 229 1010 cepta
248 960 341 1008 legis
361 961 559 1008 adimpleta
587 961 842 1008 justificabant.

198 1027 228 1062 3.
249 1015 489 1050 PRAETEREA.
518 1015 592 1050 Lex
613 1015 735 1050 divina
757 1014 941 1050 efficacior
962 1023 1028 1057 est,
1055 1026 1167 1062 quam
1184 1014 1242 1049 lex
1269 1014 1454 1049 humana:
1481 1014 1544 1049 sed
1566 1013 1623 1048 lex
1644 1013 1708 1048 hu-

123 1079 235 1104 mana
253 1067 443 1115 justificat:
465 1076 519 1103 est
539 1069 638 1103 enim
660 1069 842 1116 quaedam
863 1069 998 1115 justitia
1013 1069 1051 1103 in
1064 1069 1149 1110 hoc,
1163 1068 1261 1116 quod
1275 1076 1469 1116 praecepta
1484 1067 1576 1114 legis
1597 1067 1707 1102 adim-

122 1122 286 1170 plentur;
309 1133 399 1170 ergo
421 1131 618 1170 praecepta
639 1122 730 1169 legis
750 1122 1005 1169 justificabant.

196 1176 273 1212 San
294 1186 452 1212 coum
471 1185 535 1219 est,
557 1176 656 1224 quod
678 1177 807 1224 Apost.
832 1177 917 1211 dicit
939 1187 970 1211 2.
991 1176 1036 1211 ad
1056 1176 1144 1212 Cor.
1170 1188 1219 1223 3.:
1245 1177 1360 1212 Litera
1386 1176 1516 1221 occidit,
1539 1175 1638 1222 quod
1657 1186 1708 1210 se-

124 1230 286 1265 cundum
307 1229 462 1277 August.
485 1230 521 1264 in
548 1229 608 1265 lib.
631 1230 675 1265 de
703 1230 852 1278 Spiritu,
880 1239 916 1266 et
943 1230 1063 1265 Litera
1085 1232 1174 1277 (cap.
1196 1232 1264 1276 14.)
1293 1229 1507 1277 intelligitur
1529 1230 1642 1264 etiam
1663 1229 1707 1264 de

124 1284 325 1332 praeceptis
348 1283 566 1327 moralibus;
588 1295 676 1331 ergo
699 1292 891 1331 praecepta
914 1284 1069 1319 moralia
1091 1295 1166 1319 non
1188 1283 1441 1329 justificabant.

195 1337 428 1373 RESPONDEO
454 1337 664 1380 dicendum,
686 1338 783 1384 quod
806 1338 899 1372 sicut
919 1350 1038 1373 sanum
1060 1338 1217 1384 proprie,
1239 1346 1275 1372 et
1299 1338 1419 1384 primo
1442 1337 1585 1379 dicitur,
1608 1337 1705 1384 quod

122 1390 235 1426 habet
254 1391 461 1434 sanitatem,
481 1402 545 1438 per
566 1391 746 1437 posterius
761 1399 882 1426 autern
899 1392 997 1439 quod
1011 1391 1192 1438 significat
1206 1391 1411 1433 sanitatem,
1425 1391 1484 1426 vel
1505 1391 1602 1438 quod
1626 1402 1710 1425 con-

124 1452 246 1480 servat
265 1444 480 1487 sanitatem3
501 1444 550 1479 ita
567 1445 763 1492 justificatio
784 1445 917 1492 primo,
936 1454 972 1480 et
992 1445 1137 1492 proprie
1156 1445 1287 1480 dicitur
1304 1445 1381 1491 ipsa
1400 1444 1510 1479 factio
1533 1445 1706 1490 justitiam

124 1497 343 1534 secundario
359 1509 461 1541 vero,
479 1506 515 1533 et
531 1498 635 1545 quasi
653 1499 851 1546 improprie
869 1508 989 1546 potest
1008 1499 1079 1534 dici
1092 1500 1289 1546 justificatio
1304 1498 1524 1545 significatio
1538 1499 1708 1544 justitiae,

121 1551 182 1587 vel
201 1551 392 1600 dispositio
415 1552 460 1587 ad
481 1552 676 1598 justitiam:
699 1553 829 1599 quibus
850 1553 991 1588 duobus
1015 1553 1135 1588 modis
1157 1552 1393 1588 manifestum
1414 1560 1468 1587 est
1489 1553 1587 1599 quod
1609 1563 1708 1599 prae-

123 1613 228 1653 cepta
249 1605 343 1653 legis
362 1605 625 1651 justificabant:
644 1606 862 1654 inquantum
884 1606 1023 1642 scilicet
1041 1607 1283 1654 disponebant
1295 1606 1466 1641 homines
1486 1606 1530 1640 ad
1552 1606 1706 1653 gratiam

122 1658 263 1694 Christi
277 1658 549 1706 justificantem,
571 1671 683 1707 quam
705 1660 816 1696 etiam
838 1660 1109 1707 significabant:
1129 1661 1225 1708 quia,
1244 1661 1336 1696 sicut
1359 1660 1446 1695 dicit
1463 1660 1560 1707 Aug.
1581 1669 1707 1695 contra

121 1712 243 1748 Faust.
266 1713 340 1758 (tib.
361 1725 416 1749 22.
442 1720 514 1761 cap.
536 1714 623 1759 24),
645 1716 745 1749 etiam
767 1716 838 1749 vita
860 1715 948 1750 illius
962 1715 1082 1762 populi
1098 1715 1297 1762 prophetica
1317 1720 1403 1757 crat,
1427 1720 1455 1750 at
1484 1714 1610 1750 Christi
1629 1715 1709 1760 figu-

123 1768 249 1802 rativa.
271 1766 345 1802 Sed
358 1767 389 1802 si
402 1767 598 1814 loquamur
612 1767 657 1802 de
678 1767 935 1814 justificatione
956 1769 1100 1816 proprie
1115 1768 1223 1811 dicta,
1241 1769 1293 1803 sic
1316 1768 1624 1803 considerandum
1641 1776 1706 1810 est,

123 1820 223 1868 quod
248 1820 388 1867 justitia
413 1829 533 1868 potest
559 1821 686 1869 accipi,
709 1827 813 1869 prout
835 1831 889 1857 est
910 1822 947 1857 in
973 1822 1112 1865 habitu,
1129 1822 1188 1857 vel
1204 1828 1310 1870 prout
1331 1830 1384 1857 est
1405 1822 1441 1857 in
1469 1831 1563 1856 actu.
1586 1821 1631 1856 Et
1657 1833 1709 1857 se·

122 1874 285 1909 cundum
305 1874 378 1910 hoc
399 1873 609 1921 justificatio
627 1874 804 1922 dupliciter
825 1875 980 1911 dicitur:
999 1888 1064 1911 uno
1086 1876 1234 1923 quidem
1257 1876 1365 1919 modo,
1386 1876 1588 1911 secundum
1607 1877 1705 1923 quod

121 1928 240 1964 homo
261 1927 302 1964 fit
320 1929 435 1975 justus
450 1929 654 1975 adipiscens
668 1929 833 1964 habitum
855 1931 1033 1976 justitiae:
1055 1930 1124 1965 alio
1144 1941 1232 1965 vero
1256 1930 1363 1971 modo,
1387 1931 1591 1965 secundum
1609 1930 1706 1977 quod

123 1992 237 2029 opera
260 1982 419 2029 justitiae
441 1991 628 2029 operatur:
652 1991 691 2018 ut
711 1983 914 2019 secundum
936 1984 1007 2019 hoc
1036 1983 1247 2030 justificatio
1272 1983 1365 2019 nihil
1387 1984 1485 2019 aliud
1512 1985 1569 2026 sit,
1595 1995 1705 2031 quam

121 2035 280 2082 justitiae
298 2036 478 2072 executio.
488 2036 632 2083 Justitia
654 2045 789 2080 autem,
808 2037 900 2072 sicut
915 2046 950 2073 et
972 2037 1064 2073 aliae
1079 2038 1242 2081 virtutes,
1257 2047 1378 2084 potest
1392 2039 1520 2084 accipi,
1535 2046 1572 2072 et
1589 2038 1709 2085 acqui-

123 2089 204 2132 sita,
224 2097 262 2125 et
281 2089 413 2133 infusa,
439 2098 479 2125 ut
500 2101 544 2126 ex
567 2091 782 2138 supradictis
805 2100 903 2138 patet
926 2094 973 2138 (q.
997 2092 1046 2139 63.
1068 2097 1133 2127 art.
1155 2093 1230 2138 4.).·
1254 2093 1430 2139 acquisita
1453 2092 1601 2139 quidem
1628 2103 1710 2126 cau-

123 2151 224 2179 satur
241 2155 286 2179 ex
306 2144 492 2192 operibus:
512 2144 575 2180 sed
597 2143 716 2180 infusa
735 2154 904 2180 causatur
925 2146 968 2180 ab
983 2145 1062 2193 ipso
1085 2146 1167 2181 Deo
1190 2158 1254 2193 per
1268 2147 1346 2192 ejus
1364 2146 1540 2192 gratiam:
1563 2153 1599 2180 et
1616 2145 1708 2180 haec

125 2204 181 2233 est
200 2208 289 2232 vera
309 2197 457 2244 justitia,
471 2198 516 2233 de
530 2209 600 2245 qua
615 2210 711 2233 nunc
727 2198 924 2246 loquimur,
945 2200 1149 2235 secundum
1164 2211 1275 2247 quam
1295 2199 1424 2247 aliquis
1443 2200 1573 2235 dicitur
1595 2201 1709 2246 justus

123 2250 219 2298 apud
240 2250 377 2294 Deum,
398 2252 600 2287 secundum
619 2252 708 2287 illud
722 2252 831 2288 Rom.
846 2264 900 2296 4.:
924 2253 962 2288 Si
982 2254 1158 2289 Abraham
1178 2266 1217 2288 ex
1239 2255 1393 2301 operibus
1414 2254 1492 2300 legis
1510 2254 1710 2299 justificatus

122 2309 180 2348 est,
201 2304 300 2340 babet
323 2305 484 2352 gloriam,
497 2305 552 2341 sed
569 2318 635 2341 non
653 2306 742 2353 apud
756 2307 868 2342 Deum
879 2319 892 2348 ;
915 2307 1006 2342 haec
1029 2307 1138 2354 igitur
1160 2307 1293 2353 justitia
1313 2308 1453 2342 causari
1474 2319 1548 2342 non
1567 2315 1710 2354 poterat

123 2368 189 2405 per
208 2367 403 2406 praecepta
421 2359 589 2402 moralia,
604 2371 697 2407 quae
715 2369 800 2395 sunt
813 2360 858 2395 de
878 2361 1017 2396 actibus
1036 2361 1227 2396 humanis:
1250 2370 1286 2396 et
1299 2361 1501 2396 secundum
1523 2362 1595 2396 hoc
1611 2372 1712 2408 prae-

124 2419 231 2460 cepta
243 2411 399 2447 moralia
416 2412 612 2459 justificare
628 2424 702 2448 non
718 2422 886 2460 poterant
899 2414 1073 2460 justitiam
1088 2415 1296 2450 causando:
1318 2415 1413 2450 sicut
1430 2427 1495 2449 nec
1512 2414 1709 2460 judicialia,

124 2477 218 2514 quae
243 2467 523 2514 quodammodo
551 2479 636 2503 cum
664 2467 863 2503 moralibus
891 2469 1125 2511 conveniunt,
1147 2470 1231 2516 quia
1259 2479 1342 2504 sunt
1363 2470 1472 2504 etiam
1497 2470 1540 2504 de
1569 2469 1708 2504 actibus

123 2520 296 2556 humanis
316 2531 405 2568 erga
424 2521 597 2557 homines
614 2522 776 2557 invicem
798 2523 1020 2566 exercendis,
1039 2532 1206 2570 poterant
1220 2523 1416 2569 justificare
1431 2524 1606 2569 justitiam
1628 2535 1710 2559 cau-

124 2573 253 2617 sando,
272 2583 422 2622 propter
442 2575 613 2611 eamdem
632 2576 832 2610 rationem:
852 2576 915 2612 sed
937 2588 1005 2612 nec
1024 2586 1220 2624 praecepta
1236 2577 1534 2620 caeremonialia,
1553 2588 1646 2625 quae
1664 2577 1707 2612 ad

124 2627 236 2663 ritum
261 2627 588 2664 Sacramentorum
615 2629 854 2677 pertinebant,
881 2638 1049 2677 poterant
1075 2642 1120 2665 eo
1143 2632 1256 2666 modo
1283 2630 1496 2676 justificare:
1526 2630 1586 2666 illa
1609 2631 1707 2666 enim

125 2681 367 2718 Sacramenta
378 2683 512 2718 veteris
525 2683 617 2730 legis
631 2683 786 2730 gratiam
800 2695 876 2719 non
890 2684 1138 2727 conferebant,
1154 2686 1247 2720 sicut
1262 2684 1453 2720 conferunt
1469 2685 1708 2720 Sacramenta

123 2746 244 2772 novae
270 2735 376 2782 legis,
397 2747 490 2784 quae
512 2746 659 2784 propter
680 2737 751 2772 hoc
775 2737 970 2784 justificare
1001 2739 1171 2774 dicuntur
1200 2738 1404 2773 causaliter.
1436 2738 1475 2773 Si
1504 2749 1590 2773 vero
1618 2739 1710 2774 acci—

125 2789 245 2836 piatur
260 2789 469 2835 justificatio
490 2801 556 2838 pro
570 2791 788 2826 executione
806 2791 975 2837 justitiae,
998 2793 1048 2827 sic
1072 2792 1197 2827 omnia
1220 2801 1414 2839 praecepta
1432 2792 1523 2839 legis
1541 2792 1709 2839 justifica-

124 2842 223 2886 bant,
243 2843 461 2891 inquantum
483 2844 719 2879 continebant
739 2844 839 2887 illud,
865 2846 963 2892 quod
985 2854 1040 2885 &t
1061 2846 1264 2881 secundum
1288 2858 1327 2881 se
1350 2847 1502 2892 justum:
1531 2845 1635 2881 aliter
1659 2855 1710 2881 ta-

125 2907 224 2940 men,
245 2903 281 2932 et
305 2896 428 2934 aliter:
453 2908 540 2932 nam
567 2907 761 2945 praecepta
787 2899 1072 2935 caeremonialia
1098 2900 1334 2935 continebant
1355 2900 1504 2947 quidem
1531 2899 1707 2946 justitiam
