1907 3198
529 186 751 224 QUAESTIO
786 187 860 218 cn.
894 186 1141 217 ARTICULUS
1176 185 1221 216 11.
1578 187 1661 232 741

95 270 195 319 quod
214 269 428 306 ordinantur
454 269 498 303 ad
520 268 749 315 figurandum
772 267 980 303 Christum:
1003 275 1038 302 et
1063 267 1114 302 sic
1137 267 1274 302 habent
1300 267 1458 302 rationes
1485 267 1667 312 figurales,

95 333 134 360 et
150 324 344 372 mysticas3
364 324 440 358 sive
462 323 686 369 accipiantur
711 334 754 356 ex
779 321 859 368 ipso
881 321 1043 364 Christo,
1070 329 1103 355 et
1130 320 1297 362 ecclesia,
1322 321 1420 367 quod
1448 321 1602 367 pertinet
1623 321 1667 356 ad

95 378 290 424 allegoriam
298 389 312 418 ,·
334 377 410 412 sive
431 376 474 411 ad
503 387 624 411 mores
657 375 782 422 populi
812 374 1010 416 christiani,
1040 374 1137 421 quod
1166 374 1320 421 pertinet
1349 374 1393 408 ad
1425 375 1667 415 moralitatmm

95 431 171 468 sive
189 432 234 467 ad
251 438 386 466 statum
403 429 544 465 futurae
560 429 710 475 gloriae,
728 437 835 475 prout
848 429 883 463 in
903 440 985 463 eam
1000 428 1264 463 introducimur
1279 439 1342 475 per
1356 427 1557 470 Christum,
1572 429 1669 475 quod

0 517 5 529 ,
97 484 252 532 pertinet
271 483 317 519 ad
334 485 548 530 anagogiam.

0 531 15 583 ὗ
167 537 229 574 An
250 546 400 574 Pmmm
414 548 503 582 ergo
518 536 726 578 dicendum,
741 535 838 582 quod
853 535 946 570 sicut
960 535 1164 570 intellectus
1179 534 1452 582 metaphoricae
1472 534 1668 570 locutionis

0 599 10 631 1
96 591 133 626 in
160 590 354 638 Scripturis
380 598 433 625 est
459 590 619 632 literalis,
645 591 728 636 quia
749 589 858 624 verba
880 589 923 624 ad
946 589 1017 623 hoc
1041 588 1281 635 proferuntur,
1301 597 1338 624 ut
1355 589 1426 623 hoc
1446 588 1668 634 significent;

96 644 147 680 ita
166 644 278 680 etiam
302 643 587 690 significationes
614 642 930 679 caeremoniarum
958 643 1060 688 legis,
1087 654 1179 689 quae
1206 651 1288 677 sunt
1315 643 1668 677 commemorativae

95 696 358 733 beneficiorum
378 697 460 738 Dei,
482 705 629 744 propter
650 708 742 744 quae
764 696 946 732 institutae
967 704 1062 738 sunt,
1080 695 1138 730 vel
1160 696 1315 731 aliorum
1338 696 1562 741 hujusmodi,
1577 707 1669 742 quae

95 751 141 786 ad
160 750 266 786 illum
283 758 418 786 statum
435 751 672 798 pertinebant,
690 761 764 785 non
782 749 1042 785 transcendunt
1062 750 1229 785 ordinem
1251 749 1446 784 literalium
1465 761 1669 791 causarum,

96 805 192 840 unde
218 812 374 852 oportet,
400 804 498 851 quod
526 804 729 850 assignetur
755 814 863 838 causa
882 803 1136 839 celebrationis
1163 803 1293 846 Phase,
1320 803 1418 850 quod
1445 811 1499 838 est
1524 803 1669 849 signum

95 857 320 894 liberationis
340 869 385 893 ex
405 857 568 905 Egypto;
591 866 626 893 et
647 857 947 899 circumcisionis,
968 858 1067 904 quod
1089 866 1142 892 est
1163 857 1309 902 signum
1331 857 1438 904 pacti,
1456 857 1554 904 quod
1571 857 1670 892 Deus

94 911 223 948 habuit
241 922 328 947 cum
347 911 550 953 Abraham,
573 911 670 958 quod
692 911 845 958 pertinet
867 911 911 946 ad
930 922 1078 946 causam
1097 911 1286 946 literalem.

166 965 230 1001 An
242 975 451 1001 SECUNDUM
466 964 674 1006 dicendum,
689 965 786 1011 quod
805 965 896 999 ratio
911 963 973 999 illa
988 965 1211 1011 procederet,
1226 965 1255 1000 si
1271 964 1553 1000 caeremonialia
1572 975 1672 1011 prae-

97 1026 203 1067 cepta
219 1026 340 1054 essent
359 1018 444 1053 data
469 1017 590 1053 solum
614 1018 657 1053 ad
679 1017 910 1065 figurandum
936 1017 1108 1061 futurum,
1134 1030 1208 1054 non
1235 1027 1358 1054 autem
1385 1018 1428 1053 ad
1455 1018 1672 1065 praesentia-

94 1071 177 1108 lioet
195 1072 318 1108 Deum
340 1071 548 1107 colendum.

167 1126 230 1162 An
252 1135 426 1161 Telmun
447 1125 654 1167 dicendum,
675 1125 772 1172 quod
795 1125 888 1160 sicut
909 1125 945 1160 in
968 1125 1107 1171 legibus
1129 1126 1300 1161 humanis
1321 1126 1459 1161 dictum
1478 1134 1532 1161 est
1551 1125 1597 1172 (q.
1611 1126 1669 1171 96.

95 1181 234 1227 art.3.),
256 1179 354 1227 quod
374 1179 412 1214 in
434 1178 630 1214 universali
650 1179 785 1214 habent
803 1179 996 1221 rationem,
1014 1191 1088 1214 non
1111 1188 1233 1215 autem
1254 1189 1430 1226 quantum
1453 1180 1496 1214 ad
1519 1180 1672 1226 particu-

95 1232 190 1268 lares
211 1232 452 1274 condidones,
473 1232 535 1267 sed
558 1232 649 1267 haec
675 1240 759 1267 sunt
780 1244 822 1267 ex
845 1233 992 1267 arbitrio
1014 1233 1297 1268 instituentium:
1320 1234 1367 1268 ita
1395 1234 1505 1268 etiam
1533 1233 1671 1270 multae

0 1274 29 1335 ff
96 1286 331 1334 particulares
351 1285 674 1321 determinationes
695 1287 731 1320 in
753 1287 994 1321 caeremoniis
1008 1287 1139 1322 veteris
1158 1287 1247 1333 legis
1265 1298 1339 1321 non
1358 1287 1491 1322 habent
1510 1287 1669 1334 aliquam

0 1347 11 1364 ⁴
96 1350 245 1376 causam
265 1338 456 1381 literalem,
474 1338 536 1374 sed
563 1338 685 1374 solum
704 1338 912 1385 figuralem:
935 1340 971 1374 in
994 1341 1183 1374 communi
1198 1351 1285 1375 vero
1307 1341 1443 1376 habeut
1463 1341 1574 1376 etiam
1589 1352 1671 1376 cau-

95 1403 176 1429 sam
194 1391 385 1429 literalem.

651 1498 997 1545 ARTICULUS
1028 1501 1107 1544 111.
1604 1513 1670 1558 548

123 1595 279 1628 UTRUM
308 1595 462 1627 Possrr
494 1595 721 1627 ASSIGNARI
755 1596 1031 1629 CONVENIENS
1065 1599 1200 1629 RATIO
1242 1599 1636 1639 CAEREMONIARUM,

499 1661 619 1698 QUAE
646 1662 704 1692 AD
734 1663 978 1694 SACRIFICIA
1004 1665 1264 1696 PERTINENT.

198 1737 280 1784 (Lea.
297 1749 326 1774 1.
347 1737 417 1774 lect.
438 1748 471 1785 4.
484 1738 549 1786 fin.
567 1743 597 1774 ct
614 1738 666 1774 Ps.
684 1739 741 1774 26.
764 1751 847 1775 com.
871 1751 900 1775 2.
923 1745 953 1775 et
975 1740 1079 1776 Hebr.
1102 1752 1152 1776 10.
1175 1741 1245 1776 lact.
1268 1753 1295 1776 1.
1315 1747 1386 1788 cap.
1406 1753 1433 1787 3.
1452 1746 1482 1776 ct
1503 1741 1565 1786 4.).

166 1821 229 1857 ΑΒ
254 1830 427 1857 τειτιυκ
452 1820 505 1856 sic
531 1821 750 1868 proceditur.
773 1822 936 1865 Videtur,
962 1824 1060 1870 quod
1086 1835 1161 1859 non
1188 1824 1301 1871 possit
1327 1824 1550 1859 conveniens
1577 1825 1669 1859 ratio

95 1873 273 1921 assignari
297 1874 625 1917 caeremoniarum,
646 1886 738 1922 quae
766 1876 810 1911 ad
836 1876 1013 1911 sacrificia
1033 1878 1229 1924 pertinent:
1253 1889 1295 1913 ea
1317 1878 1428 1920 enim,
1446 1889 1538 1925 quae
1560 1878 1597 1913 in
1618 1890 1673 1913 sa-

95 1927 274 1963 crificium
286 1926 543 1971 offerebantur,
561 1937 644 1963 sunt
657 1928 730 1970 illa,
745 1941 837 1976 quae
852 1938 934 1965 sunt
955 1932 1160 1966 necessaria
1182 1931 1226 1966 ad
1248 1932 1521 1966 sustentandam
1544 1931 1672 1966 huma·

93 1991 183 2017 nam
200 1981 334 2025 vitam3
353 1982 447 2017 sicut
467 1981 640 2017 animalia
660 1983 854 2029 quaedam,
871 1992 908 2019 et
926 1995 1037 2031 panes
1059 1985 1227 2032 quidam:
1250 1985 1311 2020 sed
1327 1986 1427 2020 Deus
1448 1985 1510 2020 tali
1533 1994 1671 2020 susten-

93 2042 259 2071 tamento
289 2045 367 2071 non
398 2035 548 2083 indiget,
580 2036 782 2071 secundum
809 2036 896 2072 illud
929 2038 986 2073 Ps.
1017 2048 1094 2085 49.:
1118 2039 1292 2085 Numquid
1322 2039 1528 2075 nmnducabo
1555 2051 1671 2074 carnes

95 2093 285 2132 taurorum,
306 2093 366 2125 aut
383 2090 578 2136 sanguinem
600 2090 771 2125 hircorum
788 2092 931 2138 potabo?
949 2091 1046 2137 Ergo
1066 2093 1366 2128 inconvenienter
1387 2093 1597 2139 hujusmodi
1620 2105 1673 2128 sa-

95 2141 231 2180 crificia
250 2142 335 2179 Deo
355 2142 611 2179 offerebantur.

167 2206 200 2232 2.
220 2195 461 2233 PRAETEREA.
482 2197 523 2232 ln
545 2197 765 2232 sacrificium
787 2198 949 2234 divinum
977 2210 1051 2234 non
1078 2199 1297 2236 offerebatur
1323 2201 1392 2236 nisi
1419 2200 1463 2235 de
1485 2202 1591 2236 trihus
1612 2212 1670 2246 ge-

94 2250 242 2287 neribus
261 2250 476 2286 animalium
497 2251 760 2298 quadrupedum:
783 2252 941 2288 scilicet:
963 2253 1008 2288 de
1030 2265 1163 2299 genere
1186 2255 1309 2296 boum,
1331 2255 1469 2296 ovium,
1491 2263 1526 2289 et
1548 2266 1669 2302 capra-

96 2314 198 2347 rum;
218 2311 255 2339 et
273 2303 320 2340 de
339 2305 471 2347 avibus,
489 2305 735 2340 communiter
753 2306 899 2352 quidem
918 2314 1043 2349 turtur,
1059 2316 1094 2343 et
1112 2308 1303 2351 columba;
1324 2309 1528 2355 specialiter
1547 2317 1668 2343 autem

93 2356 134 2393 in
149 2356 402 2394 emundationi
418 2356 553 2405 leprosi
571 2358 680 2394 flebat
697 2359 916 2395 sacrificium
930 2360 974 2397 de
989 2363 1209 2408 passeribus:
1232 2362 1345 2398 multa
1361 2372 1482 2398 autem
1497 2363 1668 2398 animalia

95 2409 169 2448 alia
186 2418 272 2447 sunt
290 2410 348 2447 his
367 2411 568 2455 nobiliora;
594 2423 679 2447 cum
706 2413 814 2457 igitur
839 2425 950 2450 omne
975 2415 1073 2462 quod
1099 2424 1153 2451 est
1178 2417 1372 2463 optimum,
1394 2417 1475 2452 Deo
1502 2418 1547 2452 sit
1573 2417 1671 2452 exhi-

94 2462 269 2553 benccllnm,
286 2464 429 2501 videtur
453 2465 552 2513 quod
578 2477 652 2501 non
674 2466 795 2501 solum
817 2467 861 2503 de
887 2468 964 2503 istis
990 2469 1096 2505 rebus
1117 2469 1250 2505 suerint
1271 2471 1353 2506 Deo
1381 2470 1557 2506 sacrificia
1584 2470 1670 2506 offe-

97 2527 162 2554 Μ
188 2527 222 2553 8.

170 2581 202 2618 3.
217 2569 456 2608 Putamus.
475 2571 581 2608 Sicut
599 2572 716 2608 homo
738 2584 758 2609 a
779 2574 861 2610 Deo
882 2574 991 2611 habet
1011 2576 1217 2612 dominium
1239 2577 1456 2619 volatilium,
1482 2586 1517 2614 et
1543 2578 1669 2614 bestia-

94 2623 378 2714 ffitaetinm
392 2625 568 2673 piscium:
589 2626 888 2664 inconvenienter
909 2629 1018 2676 igitur
1039 2630 1155 2677 pisces
1170 2642 1189 2665 a
1208 2631 1332 2666 divino
1351 2631 1530 2667 sacrificio
1552 2631 1670 2667 exelu-

167 2685 284 2714 antur.

164 2741 204 2775 4.
221 2730 460 2768 Ρωτωᾼ.
486 2731 737 2769 Indifl'erenter
761 2733 884 2770 offerri
910 2737 1175 2773 mandabantur
1200 2746 1366 2780 turtures,
1393 2747 1429 2774 et
1454 2738 1667 2774 columbae:

96 2782 191 2821 sicut
210 2783 320 2832 igitur
339 2784 607 2822 mandat-ntur
626 2786 748 2823 offerri
770 2787 859 2835 pulli
881 2789 1148 2832 columbarum,
1170 2791 1218 2827 ita
1240 2800 1275 2827 ct
1297 2791 1385 2838 pulli
1406 2801 1596 2827 turturum.

170 2847 203 2884 ς.
219 2836 459 2876 Pmnum.
479 2838 580 2875 Deus
597 2848 653 2876 est
673 2849 802 2876 auctor
818 2842 913 2879 vitae
927 2855 1002 2879 non
1023 2844 1144 2880 solunt
1163 2845 1369 2888 hominum,
1387 2847 1450 2882 sed
1468 2847 1578 2882 etiam
1597 2847 1670 2882 ani-

96 2889 265 2934 ulium,
284 2898 326 2928 ut
343 2899 443 2939 patet
461 2903 527 2940 per
545 2892 581 2929 id
602 2894 700 2941 quod
718 2894 850 2931 dicitur
871 2895 964 2932 Gen.
992 2908 1038 2934 1.:
1068 2910 1167 2934 mors
1188 2908 1310 2935 autem
1337 2900 1533 2947 opponitur
1553 2901 1666 2937 vitae:

243 2971 272 3000 S.
292 2972 417 3002 Τιοιιι
437 2973 540 3002 Suu-aa
569 2975 730 3013 Thaletica.
753 2977 816 3004 Vol,
841 2976 877 3005 n.
1492 2984 1526 3014 qs
