1907 3198
2 2868 39 3198 m*
12 2820 24 2844 ⁰·
0 2567 29 2807 «unq-⁸⁸«-
7 2509 13 2542 ⁴*

531 193 750 230 QUAesTIO
784 194 883 224 va.
917 193 1163 224 ARTmULus
1197 193 1240 225 11.
1590 196 1674 238 447

175 277 251 313 SED
270 287 426 313 CONTRA
442 284 506 319 est,
529 277 625 324 quod
647 277 779 312 dicitur
804 287 831 311 1.
847 276 950 322 Joan.
977 288 1026 323 3.:
1051 277 1122 321 Qui
1144 287 1209 310 non
1231 275 1352 322 diligit,
1371 281 1481 311 manet
1497 277 1530 310 in
1554 282 1676 311 morta:

101 331 164 366 sed
179 342 242 379 per
262 331 411 366 virtutes
425 330 609 378 perficitur
622 331 695 365 vita
717 330 930 378 spiritualis:
954 330 1052 377 ipsae
1068 330 1166 364 enim
1182 338 1275 372 sunt,
1290 331 1408 376 quibus
1429 335 1512 365 recle
1529 331 1674 372 vivitur,

100 392 140 420 ut
160 385 255 432 Aug.
279 385 366 420 dicit
386 385 423 419 in
445 395 476 419 2.
499 385 543 420 de
566 384 683 419 Liber.
707 385 840 420 Arbitr.
865 384 955 432 (cap.
983 396 1032 431 17.
1054 389 1082 419 et
1100 384 1192 431 19.);
1216 394 1304 429 ergo
1327 394 1401 418 non
1423 391 1576 430 possunt
1597 395 1676 419 esse

100 438 178 474 sine
199 438 395 474 dilectione
418 438 612 473 charitatis.

171 492 403 528 RESPONDEO
418 493 626 535 dicendum,
649 493 758 539 quod,
781 493 874 527 sicut
888 504 994 539 supra
1017 492 1155 526 dictum
1172 500 1226 527 est
1242 492 1287 538 (q.
1304 492 1352 538 63.
1369 496 1432 526 art.
1449 493 1510 538 2.)‚
1526 492 1676 526 virtutes

100 546 270 590 morales,
292 555 400 594 prout
420 555 504 582 sunt
525 547 734 594 operativae
759 547 843 581 boni
862 547 897 581 in
920 546 1047 581 ordine
1071 546 1114 580 ad
1137 546 1260 588 finem,
1283 546 1344 593 qui
1365 557 1439 580 non
1463 546 1603 580 excedit
1629 545 1677 580 fa-

100 599 272 636 cultatem
294 600 497 636 naturalem
520 601 694 643 hominis,
716 608 869 647 possunt
890 612 954 648 per
968 611 1080 647 opera
1094 600 1256 635 humana
1273 600 1428 646 acquiri:
1449 607 1484 634 et
1497 601 1541 635 sic
1563 602 1675 646 asqui-

97 656 178 690 sitae
193 656 262 690 sine
283 655 445 690 charitate
471 667 530 690 esse
547 660 698 702 possunt,
723 655 816 689 sicut
843 654 987 689 fuerunt
1014 655 1048 688 in
1077 654 1200 689 multis
1228 654 1433 700 gentilibus.
1463 653 1674 688 Secundum

99 716 220 744 autem
243 709 340 756 quod
362 717 446 744 sunt
459 709 668 756 operativae
682 708 769 743 boni
783 709 818 743 in
834 709 960 743 ordine
977 709 1020 743 ad
1036 708 1206 743 ultimum
1221 708 1331 743 finem
1348 708 1674 755 supernaturalem,

98 763 148 798 sic
170 761 340 810 perfecte,
362 771 397 798 et
410 775 494 798 vere
509 763 644 798 habent
665 763 846 798 rationem
861 763 1020 797 virtutis:
1045 771 1079 797 et
1091 774 1166 797 non
1182 771 1334 810 possunt
1348 762 1519 796 humanis
1535 762 1674 797 actibus

100 817 250 865 acquiri,
285 817 347 853 sed
381 817 619 852 infunduntur
640 829 659 852 a
681 817 780 852 Deo:
813 825 847 852 et
875 817 1064 864 hujusmodi
1093 818 1234 853 virtutes
1256 817 1397 852 morales
1417 818 1485 852 sine
1512 817 1674 852 charitate

96 883 157 908 esse
178 884 244 907 non
256 877 410 920 possunt:
433 871 572 907 dictum
595 879 649 907 est
670 872 768 906 enim
791 882 898 918 supra
921 871 1003 917 (art.
1026 884 1052 907 I.
1072 871 1140 918 huj.
1164 883 1194 918 q.
1217 877 1248 907 et
1265 883 1294 917 q.
1313 872 1364 918 58.
1389 875 1454 906 art.
1481 870 1546 916 4.),
1575 870 1672 918 quod

98 925 189 962 aliae
210 925 359 961 virtutes
382 925 539 961 morales
558 937 632 961 non
652 934 803 973 possunt
821 937 898 961 esse
917 926 993 961 sine
1012 925 1220 973 prudentia:
1244 925 1433 973 prudentia
1458 933 1579 960 autem
1598 936 1673 960 non

96 988 215 1028 potest
230 991 307 1016 esse
321 980 398 1015 sine
413 980 602 1015 virtutibus
617 980 827 1023 moralibus,
842 980 1058 1026 inquantum
1077 980 1226 1015 virtutes
1249 979 1407 1014 morales
1425 979 1562 1014 faciunt
1582 979 1674 1014 bene

96 1045 134 1070 se
155 1034 289 1069 habere
312 1034 356 1069 ad
378 1035 557 1082 quosdam
579 1034 680 1077 fines,
696 1046 739 1070 ex
754 1035 882 1081 quibus
898 1035 1062 1081 procedit
1083 1034 1174 1069 ratio
1198 1034 1420 1081 prudentiae.
1454 1034 1511 1068 Ad
1533 1042 1672 1068 rectam

97 1097 218 1124 autem
234 1088 414 1123 rationem
429 1089 641 1136 prudentiae
657 1088 772 1124 multo
787 1089 904 1135 magis
921 1089 1122 1136 requiritur,
1138 1089 1235 1136 quod
1250 1088 1366 1123 homo
1382 1088 1472 1123 bene
1489 1100 1526 1123 se
1541 1088 1674 1123 habeat

99 1143 195 1178 circa
217 1142 387 1178 ultimum
409 1142 532 1186 finem,
555 1143 652 1190 quod
675 1142 713 1178 fit
734 1155 798 1190 per
820 1143 1047 1185 charitatem,
1070 1154 1180 1189 quarn
1204 1143 1299 1177 circa
1327 1142 1418 1177 alios
1446 1142 1547 1184 fines,
1575 1142 1673 1189 quod

96 1196 135 1232 fit
156 1207 219 1244 per
232 1197 381 1232 virtutes
396 1197 573 1232 morales:
596 1198 689 1232 sicut
704 1197 795 1232 ratio
811 1205 908 1232 recta
926 1197 962 1231 in
982 1196 1214 1244 speculativis
1228 1197 1387 1231 maxime
1402 1197 1541 1243 indiget
1555 1197 1673 1244 primo

96 1251 274 1298 principio
304 1251 629 1294 indemonstrabili,
652 1252 749 1298 quod
772 1260 836 1294 est,
863 1251 1123 1287 contradictoria
1154 1263 1218 1286 non
1239 1251 1340 1286 simul
1366 1263 1426 1286 csse
1451 1263 1553 1291 vem,-
1577 1251 1672 1286 unde

98 1305 332 1341 manifestum
354 1305 402 1348 fit,
425 1306 522 1353 quod
544 1317 610 1340 nec
634 1306 823 1352 prudentia
838 1304 955 1340 infusa
970 1313 1090 1352 potest
1103 1316 1180 1340 esse
1196 1305 1273 1340 sine
1289 1305 1477 1347 charitate,
1496 1316 1563 1340 nec
1579 1304 1671 1340 aliae

96 1360 245 1396 virtutes
267 1360 427 1396 morales
449 1368 724 1407 consequenter,
747 1371 840 1407 quae
862 1360 938 1394 sine
960 1359 1150 1406 prudentia
1172 1371 1251 1394 esse
1278 1370 1352 1394 non
1380 1367 1542 1406 possunt.
1570 1359 1675 1394 Patet

97 1413 207 1462 igitur
227 1425 271 1449 ex
291 1414 408 1461 dictis,
430 1414 528 1461 quod
549 1413 650 1449 solae
672 1414 821 1449 virtutes
842 1413 981 1449 infusae
1003 1421 1088 1448 sunt
1109 1412 1302 1460 perfectae,
1331 1421 1365 1448 et
1387 1413 1600 1460 simpliciter
1627 1414 1674 1448 di-

98 1467 234 1504 cendae
256 1469 423 1504 virtutes:
445 1468 529 1515 quia
549 1468 642 1503 bene
664 1468 833 1503 ordinant
848 1468 1041 1503 hominem
1057 1468 1100 1502 ad
1119 1467 1230 1503 finem
1246 1467 1417 1502 ultimum
1439 1467 1671 1514 simpliciter:

97 1521 188 1558 aliae
208 1533 296 1558 vero
310 1522 472 1565 virtutes,
486 1522 625 1558 scilicet
639 1522 847 1569 acquisitae,
863 1530 946 1557 sunt
960 1521 1161 1557 secundum
1177 1522 1261 1568 quid
1276 1522 1425 1557 virtutes
1438 1534 1445 1564 ;
1460 1533 1534 1556 non
1550 1530 1672 1556 autem

93 1575 324 1624 simpliciter:
352 1577 522 1612 ordinant
544 1576 641 1612 enirn
662 1577 852 1612 hominem
876 1577 967 1611 bene
990 1585 1156 1623 respectu
1178 1576 1258 1611 finis
1282 1576 1399 1611 ultimi
1422 1576 1457 1610 in
1473 1575 1595 1623 aliquo
1615 1588 1674 1623 ge-

91 1641 189 1675 nere,
210 1641 285 1666 non
307 1639 430 1666 autem
452 1640 617 1679 respectu
636 1631 716 1666 finis
736 1631 856 1666 ultimi
874 1631 1105 1679 simpliciter3
1128 1631 1223 1666 unde
1238 1631 1347 1666 Rom.
1371 1641 1424 1674 14.
1439 1643 1546 1678 super
1564 1630 1670 1665 illud:

94 1685 213 1728 Omne,
232 1685 318 1732 quod
336 1697 402 1721 non
428 1691 474 1722 est
498 1698 539 1721 ex
561 1685 636 1731 fide,
666 1691 841 1733 peccatum
863 1691 917 1727 est,
952 1686 1039 1720 dicit
1068 1685 1171 1721 Glos.
1195 1686 1290 1732 Aug.
1324 1685 1410 1730 (ord.
1433 1697 1473 1720 cx
1489 1691 1562 1733 cap.
1591 1685 1666 1721 106.

93 1738 274 1786 SententQ:
303 1740 372 1775 Ubi
397 1739 480 1775 deest
497 1741 626 1787 agnitio
652 1742 819 1782 veritatis,
832 1740 925 1787 falsa
953 1745 996 1775 est
1021 1741 1129 1775 virtus
1156 1741 1256 1775 etiam
1278 1741 1313 1774 in
1341 1741 1476 1787 optimis
1494 1740 1652 1774 moribus.

165 1793 227 1830 AD
247 1804 399 1830 PRIMUM
421 1805 510 1841 ergo
533 1794 741 1837 dicendum,
771 1795 869 1842 quod
891 1795 1041 1829 virtutes
1063 1794 1112 1829 ibi
1135 1794 1362 1841 accipiuntur
1383 1794 1587 1829 secundum
1609 1794 1673 1828 im-

91 1847 292 1896 perfectam
313 1848 495 1884 rationem
515 1848 674 1883 virtutis:
699 1848 860 1896 alioquin
882 1849 912 1883 si
933 1849 1046 1883 virtus
1069 1848 1219 1883 moralis
1241 1848 1443 1883 secundum
1471 1847 1670 1895 perfectam

89 1902 271 1938 rationem
291 1902 432 1938 virtutis
454 1903 664 1950 accipiatur,
693 1903 833 1938 bonum
866 1902 952 1938 facit
978 1903 1196 1946 habentem;
1227 1911 1261 1937 et
1290 1914 1354 1949 per
1376 1914 1605 1949 consequens
1631 1902 1668 1936 in

90 1955 196 1992 malis
218 1967 296 1992 esse
316 1967 391 1992 non
414 1963 544 2003 potest.

159 2010 220 2046 An
247 2021 455 2046 SECUNDUM
477 2010 684 2054 dicendum,
707 2012 804 2058 quod
826 2011 918 2046 ratio
941 2010 1002 2046 illa
1020 2011 1186 2058 procedit
1203 2011 1246 2046 de
1262 2011 1452 2046 virtutibus
1469 2010 1669 2046 moralibus

89 2064 284 2112 acquisitis.

160 2119 220 2154 AD
243 2129 416 2155 TERTIUM
434 2115 643 2162 dicendum,
665 2119 762 2166 quod
785 2119 851 2154 etsi
875 2119 1032 2154 charitas
1055 2119 1205 2154 excedat
1231 2119 1434 2162 scientiam,
1457 2128 1491 2154 et
1513 2119 1665 2167 pruden-

87 2172 196 2208 tiam:
217 2180 342 2208 tamen
362 2173 553 2221 prudentia
575 2173 754 2221 dependet
776 2184 795 2207 a
817 2173 1005 2216 charitate,
1024 2181 1062 2208 ut
1084 2173 1221 2208 dictum
1245 2181 1298 2209 est
1319 2175 1373 2220 (in
1395 2180 1484 2221 corp.
1507 2175 1604 2221 art),
1633 2182 1667 2208 ct

88 2238 154 2274 per
174 2238 402 2276 consequens
425 2239 554 2263 onmes
575 2228 724 2263 virtutes
747 2227 906 2262 morales
928 2227 1078 2263 infusae.

646 2389 992 2435 ARTICULUS
1022 2391 1101 2435 III.
1603 2415 1663 2451 341

119 2510 274 2543 UTRIJM
297 2511 515 2542 CHARITAS
538 2511 691 2542 Possm-
714 2512 814 2542 ESSE
838 2512 933 2543 snm
954 2512 1064 2542 Atns
1087 2512 1351 2543 vmrurrssus
1375 2512 1639 2544 MoRALmus.

634 2612 739 2657 (Virt.
762 2624 791 2659 q.
814 2625 842 2648 1.
865 2618 931 2648 art.
955 2625 1005 2649 10.
1029 2612 1071 2647 ad
1091 2624 1124 2658 4.

215 2670 245 2701 et
267 2677 297 2712 q.
319 2677 351 2701 2.
373 2671 439 2702 art.
459 2677 485 2713 3.
508 2665 551 2700 ad
571 2666 603 2702 8.
626 2671 656 2701 et
677 2678 706 2713 q.
726 2678 754 2713 5.
777 2671 841 2701 art.
864 2678 895 2702 2.
919 2673 1010 2714 corp.
1033 2673 1063 2703 et
1087 2667 1209 2712 Quodl.
1233 2679 1276 2714 13.
1300 2673 1365 2702 art.
1389 2679 1436 2714 23.
1451 2668 1544 2714 fin).

161 2767 222 2803 AD
243 2777 417 2803 TERTIUM
443 2768 494 2803 sic
522 2767 741 2815 proceditur.
768 2767 931 2811 Videtur,
953 2768 1050 2815 quod
1079 2769 1236 2803 charitas
1264 2769 1340 2803 sine
1368 2768 1446 2803 aliis
1474 2769 1663 2804 virtutibus

89 2820 288 2856 moralibus
309 2821 435 2857 haberi
457 2822 593 2869 possit:
617 2821 660 2856 ad
684 2822 716 2856 id
741 2822 850 2863 enim,
879 2823 922 2857 ad
950 2823 1046 2870 quod
1075 2822 1205 2857 sufficit
1232 2834 1358 2864 unum,
1386 2823 1584 2857 indebitum
1609 2832 1661 2858 est

89 2875 186 2921 quod
216 2874 318 2922 plura
348 2875 582 2910 ordinentur:
613 2875 675 2910 sed
705 2875 783 2910 sola
814 2876 971 2911 charitas
994 2875 1128 2912 sufficit
1154 2877 1197 2911 ad
1229 2877 1353 2910 omnia
1385 2887 1495 2923 opera
1523 2877 1665 2912 virtutis

88 2927 285 2976 implenda,
307 2936 346 2964 ut
367 2936 465 2976 patet
491 2940 556 2976 per
577 2929 611 2964 id
634 2929 730 2976 quod
759 2929 888 2964 dicitur
914 2941 940 2965 1.
965 2930 1007 2965 ad
1032 2930 1118 2965 Cor.
1152 2941 1223 2976 13.:
1255 2930 1428 2973 charitat,
1455 2933 1583 2978 paliens
1609 2937 1664 2974 eft,
