1907 3182
253 222 338 264 440
665 220 884 255 QUAESTIO
919 219 1031 248 LXIV.
1067 218 1309 248 ARTICULUS
1344 218 1385 247 ΙΙ.

824 389 1167 434 ARTICULUS
1203 389 1258 432 ΙΙ.
1287 408 1290 411 Δ
1739 399 1804 447 336

272 499 423 528 UTRUM
443 499 617 528 MEDIUM
639 497 844 528 VIRTUTIS
866 498 1054 528 MORALIS
1077 498 1144 527 SIT
1166 498 1339 526 MEDIUM
1359 498 1441 537 REI,
1464 497 1546 527 VEL
1570 497 1787 527 RATIONIS.

548 585 631 630 (2-2.
655 598 684 631 t]-
701 564 752 631 58ss
775 591 838 619 art.
860 597 910 620 12.
933 591 1006 632 (3153.
1029 564 1116 619 Dm
1136 597 1179 630 33.
1199 597 1228 630 q.
1251 597 1277 619 Ι.
1300 590 1366 619 art.
1384 597 1411 630 3.
1431 597 1460 630 q.
1483 596 1513 620 2.

251 644 279 673 et
295 650 328 684 4.
347 640 435 674 Dist.
450 651 493 685 15.
513 651 541 685 q.
558 652 584 674 Ι.
600 644 663 674 art.
678 651 705 674 Ι.
721 651 751 684 q.
766 650 796 674 2.
816 644 846 673 et
860 639 944 673 Mal.
963 651 992 684 q.
1007 650 1050 684 13.
1067 643 1130 672 art.
1146 650 1176 673 2.
1193 643 1280 684 corp.
1297 643 1324 672 et
1345 638 1430 672 Veri.
1451 650 1479 683 q.
1495 650 1522 672 I.
1539 643 1603 673 art.
1618 650 1661 684 13.
1677 637 1719 672 ad
1732 639 1807 683 IL).

320 728 378 761 AD
398 739 603 762 SECUNDUM
626 728 675 762 sic
698 727 915 774 proceditur.
938 726 1099 769 Videtur,
1119 726 1215 773 quod
1233 726 1395 761 inedium
1413 727 1552 761 virtutis
1571 726 1720 761 moralis
1733 738 1808 762 non

249 781 293 815 sit
315 781 474 815 medium
496 781 655 823 rationis,
678 781 738 815 sed
762 781 923 814 medium
945 781 1013 814 rei:
1036 781 1174 814 bonum
1197 780 1294 814 enim
1315 780 1453 815 virtutis
1475 780 1622 815 moralis
1646 781 1809 815 consistit

248 834 283 867 in
306 834 388 879 hoc,
411 835 506 880 quod
530 842 581 868 est
602 835 637 868 in
660 834 798 868 medio:
821 835 959 868 bonum
983 842 1115 876 autem,
1138 842 1175 868 ut
1197 834 1325 868 dicitur
1347 835 1381 867 in
1404 832 1435 867 6.
1458 833 1616 880 Metaph.
1642 834 1718 878 (tex.
1740 835 1804 880 8.),

248 895 301 921 θεῖ
322 887 357 921 in
380 888 483 922 rebus
506 888 608 934 ipsis;
632 899 718 933 ergo
742 887 902 921 medium
924 887 1062 921 virtutis
1085 887 1233 921 moralis
1257 894 1309 921 est
1330 887 1491 920 medium
1512 887 1573 921 rei.

319 951 349 974 2.
373 941 606 976 PRAETEREA.
626 941 732 975 Ratio
753 949 805 975 est
818 941 870 975 vis
886 941 1165 987 apprehensiva:
1189 941 1251 974 sed
1266 942 1376 974 virtus
1392 940 1540 975 moralis
1554 952 1628 975 non
1644 941 1807 975 consistit

246 994 281 1027 in
304 995 424 1029 medio
448 995 787 1041 apprehensionum,
811 994 871 1028 sed
894 995 1010 1040 magis
1032 994 1068 1028 in
1090 994 1211 1028 medio
1235 994 1499 1040 operationum,
1522 1002 1556 1028 et
1576 995 1805 1041 passionum3

245 1058 332 1093 ergo
356 1049 516 1082 medium
538 1048 675 1082 virtutis
699 1047 846 1082 moralis
868 1060 941 1081 non
961 1055 1013 1081 est
1035 1047 1195 1081 medium
1218 1047 1378 1090 rationis,
1400 1047 1460 1081 sed
1484 1047 1647 1081 medium
1667 1048 1730 1082 rei.

320 1112 347 1146 3.
371 1101 604 1136 PRAETEREA.
628 1102 802 1143 Medium,
821 1101 917 1147 quod
941 1101 1114 1147 accipitur
1128 1101 1329 1135 secundum
1350 1100 1623 1147 proportionem
1641 1101 1807 1135 arithme-

243 1153 365 1195 ticam,
387 1154 445 1189 vel
468 1155 740 1200 geometricam,
763 1162 815 1189 est
837 1155 998 1189 medium
1029 1155 1096 1188 rei:
1127 1154 1188 1188 sed
1210 1154 1281 1188 tale
1309 1162 1363 1188 est
1393 1153 1556 1188 medium
1581 1155 1748 1200 justitiae,
1770 1162 1809 1189 ut

245 1206 372 1240 dicitur
394 1208 428 1241 in
455 1219 481 1253 5.
505 1208 620 1242 Ethic.
643 1208 732 1255 (sap.
751 1209 795 1254 3.)
807 1221 819 1248 ;
843 1219 929 1254 ergo
952 1207 1113 1242 medium
1135 1208 1274 1242 virtutis
1296 1206 1445 1242 moralis
1470 1218 1546 1241 non
1574 1215 1627 1242 est
1647 1208 1808 1242 medium

249 1260 409 1303 rationis,
432 1262 493 1295 sed
516 1262 576 1295 rei.

323 1315 395 1350 SED
420 1325 573 1350 CONTRA
597 1322 659 1357 est,
682 1314 778 1361 quod
801 1314 936 1348 Philos.
960 1314 1044 1348 dicit
1066 1314 1101 1347 in
1125 1324 1155 1347 2.
1178 1314 1337 1349 Ethicor.
1363 1314 1451 1361 (cap.
1474 1314 1506 1350 6.
1529 1326 1550 1349 a
1571 1314 1685 1360 med),
1708 1314 1806 1362 quod

244 1372 355 1406 virtus
380 1368 526 1403 moralis
549 1368 583 1402 in
607 1369 728 1402 medio
752 1368 915 1402 consistit
937 1368 1057 1414 quoad
1080 1379 1146 1402 nos
1168 1367 1406 1402 determinata
1429 1368 1579 1402 ratione.

316 1425 544 1458 RESPONDEO
568 1422 771 1463 dicendum,
795 1421 890 1468 quod
919 1422 1079 1456 medium
1108 1421 1254 1455 rationis
1283 1422 1459 1468 dupliciter
1487 1429 1606 1468 potest
1634 1421 1804 1468 intelligi:

244 1491 307 1514 mlo
330 1477 436 1518 Πιοίῖο,
459 1475 658 1510 secundum
685 1475 780 1521 quod
808 1475 968 1509 medium
996 1476 1031 1508 in
1058 1475 1136 1521 ipso
1165 1482 1245 1508 actu
1273 1475 1420 1509 rationis
1448 1476 1574 1517 existit,
1597 1475 1699 1521 quasi
1730 1475 1806 1521 ipse

247 1540 346 1566 actus
369 1529 515 1564 rationis
540 1530 581 1562 ad
605 1529 764 1563 medium
788 1529 997 1570 reducatur3
1021 1536 1055 1563 et
1077 1529 1139 1570 sic,
1163 1528 1244 1574 quia
1266 1530 1376 1562 virtus
1399 1528 1547 1563 moralis
1574 1539 1648 1562 non
1670 1528 1808 1575 perficit

247 1593 367 1619 actum
390 1583 548 1624 rationis,
571 1582 631 1616 sed
655 1589 775 1615 actum
798 1582 937 1616 virtutis
961 1582 1187 1628 appetitivae,
1211 1582 1371 1616 medium
1393 1582 1532 1616 virtutis
1559 1581 1707 1616 moralis
1733 1593 1807 1616 non

246 1648 299 1673 cst
320 1637 478 1672 medium
502 1635 668 1670 rationis:
692 1636 756 1669 alio
777 1635 869 1669 modo
892 1643 1011 1681 potest
1026 1636 1094 1669 dici
1111 1636 1270 1669 medium
1286 1635 1434 1669 rationis
1450 1635 1495 1678 id,
1515 1635 1611 1681 quod
1631 1646 1650 1669 a
1668 1635 1807 1670 ratione

246 1692 390 1740 ponitur
411 1691 446 1723 in
471 1689 585 1734 aliqua
611 1689 779 1722 materia:
804 1697 837 1723 et
859 1689 908 1722 sic
933 1700 1041 1722 omne
1066 1689 1226 1722 medium
1249 1689 1387 1722 virtutis
1408 1688 1555 1723 moralis
1575 1696 1628 1723 est
1646 1688 1808 1723 medium

246 1745 408 1781 rationis:
433 1743 526 1790 quia,
549 1743 639 1776 sicut
661 1743 796 1776 dictum
819 1750 872 1776 est
894 1742 974 1787 (art.
991 1742 1136 1788 pram),
1160 1742 1270 1776 virtus
1294 1741 1441 1776 moralis
1465 1742 1593 1776 dicitur
1611 1741 1808 1777 consistere

245 1800 281 1833 in
303 1798 424 1832 medio
447 1808 509 1843 per
531 1795 825 1830 conformitatem
849 1795 890 1829 ad
915 1796 1091 1829 rationem
1115 1803 1261 1829 rectam.
1287 1795 1359 1830 Sed
1381 1795 1597 1842 quandoque
1620 1795 1808 1841 contingit,

246 1852 341 1899 quod
365 1851 526 1885 medium
548 1849 695 1883 rationis
719 1857 771 1883 est
794 1849 901 1883 etiam
925 1849 1086 1882 medium
1109 1849 1178 1883 rei:
1208 1856 1240 1882 et
1267 1857 1351 1882 tunc
1374 1857 1527 1896 oportet,
1549 1849 1645 1895 quod
1667 1849 1806 1884 virtutis

246 1905 394 1940 moralis
416 1904 577 1937 medium
600 1903 643 1937 sit
666 1904 825 1936 medium
851 1903 916 1936 rei:
941 1903 1031 1936 sicut
1055 1910 1107 1936 est
1128 1903 1163 1935 in
1184 1902 1337 1948 justitia:
1359 1903 1575 1949 quandoque
1595 1910 1716 1937 autem
1737 1914 1809 1938 me-

247 1960 344 1993 dium
367 1957 514 1992 rationis
537 1968 609 1990 non
633 1964 685 1990 est
707 1956 867 1989 medium
890 1956 952 1997 rei,
975 1955 1035 1990 sed
1061 1956 1234 2002 accipitur
1252 1968 1314 2002 per
1330 1956 1642 2003 comparationem
1660 1956 1704 1990 ad
1722 1967 1806 1990 nos:

247 2021 280 2046 et
303 2012 350 2046 sic
375 2011 536 2045 medium
560 2010 593 2043 in
617 2010 783 2043 omnibus
813 2009 889 2043 aliis
919 2009 1106 2043 virtutibus
1137 2009 1354 2051 moralibus3
1385 2011 1485 2055 cujus
1514 2010 1606 2044 ratio
1633 2017 1697 2051 est,
1724 2010 1807 2056 quia

246 2066 378 2111 justitia
401 2072 453 2099 est
475 2064 568 2097 circa
592 2063 831 2109 operationes,
848 2074 938 2109 quae
961 2063 1160 2097 consistunt
1182 2063 1216 2097 in
1239 2064 1343 2097 rebus
1366 2063 1611 2105 exterioribus,
1626 2063 1661 2096 in
1681 2063 1808 2109 quibus

246 2127 385 2153 rectum
408 2117 542 2151 institui
564 2117 668 2150 debet
690 2115 912 2162 simpliciter,
936 2125 969 2150 et
992 2116 1190 2150 secundum
1212 2128 1261 2158 se,
1277 2124 1314 2150 ut
1335 2128 1440 2163 supra
1464 2117 1600 2150 dictum
1617 2124 1669 2151 est
1688 2116 1733 2162 (q.
1751 2117 1806 2152 60.

248 2177 311 2207 art.
334 2173 382 2216 2.)
392 2184 403 2211 ,·
428 2179 461 2205 ct
483 2171 564 2204 ideo
584 2171 745 2204 medium
764 2171 911 2204 rationis
935 2170 968 2203 in
991 2170 1123 2215 justitia
1146 2178 1198 2204 est
1219 2170 1314 2204 idem
1331 2181 1414 2204 cum
1429 2170 1550 2204 medio
1573 2170 1642 2212 rei3
1662 2170 1809 2216 inquan-

247 2234 322 2260 tum
346 2225 482 2258 scilicet
504 2224 634 2269 justitia
657 2224 715 2257 dat
737 2224 929 2269 unicuique
953 2224 1047 2269 quod
1068 2223 1182 2265 debet,
1206 2231 1240 2258 et
1261 2235 1334 2257 non
1354 2223 1444 2270 plus,
1463 2234 1528 2257 nec
1549 2223 1678 2257 minus.
1703 2222 1807 2257 Aliae

248 2290 334 2313 vero
356 2279 503 2312 virtutes
534 2276 690 2310 morales
721 2277 922 2311 consistunt
947 2277 1041 2310 circa
1072 2277 1257 2322 passiones
1279 2277 1479 2318 interiores,
1510 2277 1544 2310 in
1575 2276 1702 2323 quibus
1733 2288 1806 2311 non

248 2340 365 2379 potest
387 2339 524 2366 rectum
547 2331 714 2364 constitui
738 2331 868 2364 eodem
891 2330 1014 2371 modo,
1030 2338 1174 2376 propter
1188 2331 1257 2364 hoc
1273 2331 1368 2376 quod
1384 2330 1552 2364 homines
1567 2329 1807 2364 diversimode

249 2398 285 2420 se
307 2386 440 2419 habent
463 2384 504 2418 ad
528 2384 729 2430 passiones3
761 2392 794 2417 et
825 2384 905 2417 ideo
929 2392 1081 2430 oportet,
1105 2384 1199 2429 quod
1231 2383 1407 2418 rectitudo
1430 2383 1577 2418 rationis
1608 2383 1643 2417 in
1674 2383 1807 2430 passio-

248 2440 351 2473 nibus
375 2438 576 2472 instituatur
599 2449 659 2483 pcr
682 2446 882 2483 respectum
907 2438 948 2471 ad
971 2448 1048 2478 nos,
1071 2437 1130 2483 qui
1150 2436 1326 2470 afficimur
1348 2437 1547 2471 secundum
1570 2437 1767 2483 passiones.

322 2493 362 2526 lit
385 2504 446 2539 per
466 2492 537 2525 hoc
561 2499 656 2538 patet
683 2492 867 2536 respons⁷o
892 2502 939 2524 ,m
963 2501 1137 2536 oquffl‘A.
1166 2491 1260 2524 Nam
1278 2493 1407 2537 pritnac
1435 2491 1516 2525 dnae
1544 2491 1700 2525 rationes
1729 2501 1807 2537 pro-

249 2546 379 2580 cedunt
401 2546 443 2579 de
466 2545 585 2579 medio
610 2545 768 2584 rationis,
792 2544 886 2589 quod
910 2544 1046 2578 scilicet
1070 2544 1246 2578 invenitur
1268 2544 1302 2577 in
1326 2544 1403 2590 ipso
1423 2552 1504 2578 actu
1524 2544 1688 2579 rationis:
1709 2545 1804 2579 tertia

250 2611 336 2634 vero
360 2600 448 2633 ratio
468 2598 628 2645 procedit
647 2598 689 2631 dc
713 2598 833 2631 medio
856 2598 1021 2643 justitiae.
