1907 3198
501 190 725 227 QUAESTIO
759 191 830 222 CV.
863 190 1110 222 ARTICULUS
1143 190 1204 221 111.
1559 193 1644 236 799

72 272 257 321 quaeritur
274 272 414 308 bonum
436 283 653 308 commune:
676 273 975 309 inconvenienter
995 273 1105 319 igitur
1130 272 1324 308 mandatur
1342 273 1450 308 Deut.
1473 283 1528 308 20.
1548 273 1645 320 quod

71 327 265 363 imminente
279 327 423 374 praelio,
446 327 553 374 aliqui
577 326 711 362 domum
731 329 971 367 remittnnlum
995 334 1080 373 puta
1102 326 1163 373 qui
1186 326 1389 361 aedificavit
1410 326 1563 362 domum
1585 337 1648 361 no-

71 391 171 423 vam,
189 380 253 428 qui
277 379 453 428 plantavit
473 381 631 423 vineam,
652 380 711 416 vel
732 380 793 427 qui
814 380 1007 426 despondit
1029 390 1192 414 uxorem.

143 432 177 469 6.
198 433 436 469 PRAETEREA.
459 433 509 468 Ex
532 433 638 480 culpa
659 444 734 468 non
749 434 855 469 debet
873 434 952 480 quis
975 433 1216 468 commodum
1238 441 1443 480 reportare:
1463 434 1526 468 sed
1548 433 1645 480 quod

70 487 188 523 homo
209 487 254 523 sit
270 486 543 530 formidolosus,
565 495 599 522 ct
621 488 730 522 corde
749 488 912 535 pavidus,
935 487 1114 534 culpabile
1136 495 1206 522 est:
1230 488 1452 523 contrarium
1476 488 1573 523 enim
1594 496 1648 522 est

70 541 192 577 virtuti
208 539 443 576 fortitudinis:
466 541 765 576 inconvenienter
782 541 891 588 igitur
912 552 932 575 a
954 541 1078 576 labore
1092 541 1218 587 praelii
1240 542 1505 576 excusabuntur
1523 540 1647 576 formi—

71 593 204 638 dolosi,
224 602 261 630 et
280 594 452 641 pavidum
471 605 535 630 cor
555 595 741 630 habentes.

144 647 221 684 SED
233 658 391 684 CONTRA
405 655 470 691 est,
492 648 590 695 quod
609 648 795 696 Sapientia
809 648 930 683 divina
945 648 1031 683 dicit
1052 648 1159 683 Prov.
1182 648 1235 683 8.:
1252 649 1340 694 Justi
1358 653 1433 684 sunt
1454 660 1564 684 omnes
1583 660 1648 684 ser-

71 712 182 738 mones
206 703 273 738 mei
276 714 291 744 ,·
313 713 379 737 non
399 707 446 738 est
465 703 499 737 in
525 703 569 737 eis
584 708 734 750 pravum
756 701 846 749 quid,
874 714 974 749 neque
989 708 1194 749 perversum.

143 754 374 792 Rasronmzo
395 754 603 798 dicendum,
625 755 722 803 quod
745 767 830 791 cum
851 755 1030 791 extraneis
1051 763 1171 802 potest
1189 766 1267 791 esse
1281 756 1476 790 hominum
1499 767 1648 791 conver-

71 808 166 845 satio
186 808 383 857 dupliciter;
405 820 471 844 uno
485 809 582 844 modo
596 808 766 856 pacifice:
789 809 856 844 alio
877 809 973 844 niodo
988 809 1183 844 hostiliter:
1200 817 1234 844 et
1256 817 1430 856 quantum
1455 810 1498 844 ad
1514 818 1648 845 utrum-

74 873 145 911 que
170 862 325 898 modum
352 862 596 898 ordinandum
618 863 675 898 lex
703 863 959 898 convenientia
980 871 1172 910 praecepta
1199 863 1419 899 continebat.
1453 864 1648 912 Tripliciter

71 915 171 952 enim
191 914 411 952 offerebatur
426 915 572 963 Judaeis
594 916 755 959 occasio,
777 924 816 951 ut
837 928 921 952 cum
943 917 1122 952 extraneis
1144 916 1294 964 pacifice
1318 917 1645 953 communicarent.

71 969 190 1006 Primo
209 969 371 1018 quidem,
392 969 539 1018 quando
557 970 721 1006 extranei
738 981 802 1018 per
821 978 958 1005 terram
981 981 1109 1006 eorum
1130 971 1323 1006 transitum
1341 970 1523 1006 faciebant
1544 972 1647 1019 quasi

69 1023 264 1072 peregrini.
285 1023 366 1060 Alio
382 1023 492 1067 modo,
515 1024 662 1071 quando
680 1025 716 1059 in
733 1031 867 1059 terram
890 1035 1019 1060 eorum
1041 1024 1282 1059 adveniebant
1303 1025 1346 1060 ad
1369 1025 1645 1060 inhabitandum

71 1076 166 1113 sicut
184 1076 364 1113 advenae:
386 1085 423 1113 et
442 1086 620 1126 quantum
643 1077 687 1112 ad
709 1085 903 1125 utrumque
925 1077 983 1113 lex
1000 1077 1272 1114 misericordiae
1294 1086 1486 1127 praecepta
1506 1079 1647 1126 posuit:

71 1141 157 1167 nam
179 1130 294 1167 Exod.
315 1141 372 1167 22.
393 1131 543 1167 dicitur:
560 1131 735 1168 Advenam
754 1143 819 1167 non
841 1133 1063 1175 contristabis,
1083 1140 1119 1167 et
1141 1141 1195 1179 23.
1215 1132 1362 1167 dicitur:
1386 1133 1563 1180 Peregrino
1577 1144 1648 1168 mo-

71 1184 166 1221 testas
183 1196 252 1220 non
270 1186 346 1221 eris.
374 1185 485 1221 Tertio
505 1196 606 1228 vero,
628 1185 774 1233 quando
798 1185 908 1233 aliqui
929 1185 1091 1220 extranei
1112 1185 1273 1221 totaliter
1293 1186 1330 1220 in
1349 1197 1479 1221 eorum
1501 1197 1650 1222 consor-

71 1238 178 1282 tium,
203 1245 240 1275 et
264 1238 375 1274 ritum
402 1239 542 1275 admitti
567 1238 759 1275 volebant:
785 1247 821 1274 et
849 1239 885 1274 in
906 1239 963 1274 his
986 1239 1134 1287 quidam
1161 1240 1252 1275 ordo
1280 1240 1549 1275 attendebatur:
1572 1251 1647 1275 non

73 1292 173 1328 enim
193 1292 316 1329 statim
337 1292 603 1340 recipiebantur
623 1293 726 1341 quasi
744 1293 859 1336 cives;
880 1293 975 1328 sicut
995 1293 1106 1329 etiam
1129 1293 1222 1340 apud
1241 1294 1422 1341 quosdam
1445 1294 1647 1329 Gentilium

71 1352 246 1383 statutum
270 1354 359 1390 erat,
385 1354 424 1382 ut
448 1357 523 1382 non
550 1355 801 1395 reputarentur
834 1348 943 1390 cives,
969 1347 1038 1382 nisi
1065 1347 1126 1394 qui
1153 1358 1195 1382 ex
1222 1359 1303 1391 avo,
1330 1347 1389 1383 vel
1415 1356 1522 1383 atavo
1550 1348 1647 1383 cives

71 1400 277 1444 existerent,
297 1408 336 1436 ut
356 1400 450 1436 Phil.
470 1401 556 1436 dicit
576 1401 612 1436 in
631 1412 659 1448 3.
682 1400 761 1436 Pol.
779 1401 868 1449 (cap.
887 1413 914 1437 t.
933 1413 954 1436 a
975 1401 1090 1443 med.);
1110 1409 1145 1436 et
1165 1401 1238 1436 hoc
1257 1401 1352 1443 ideo,
1375 1402 1459 1449 quia
1478 1402 1507 1437 si
1525 1402 1646 1437 statim

69 1454 233 1490 extranei
253 1453 484 1490 advenientes
509 1455 756 1501 reciperentur
777 1455 820 1490 ad
842 1455 1072 1490 tractandum
1095 1466 1149 1497 ea,
1172 1466 1264 1502 quae
1292 1463 1375 1490 sunt
1401 1455 1539 1502 populi,
1567 1467 1648 1502 pos—

73 1515 153 1545 sent
170 1507 285 1544 multa
306 1507 466 1556 pericula
496 1509 721 1556 contingere,
754 1509 841 1543 dum
864 1509 1024 1544 extranei
1045 1520 1119 1544 non
1141 1509 1318 1544 habentes
1338 1509 1454 1544 adhuc
1479 1521 1644 1544 amorem

71 1560 257 1598 firmatum
278 1562 324 1598 ad
339 1562 479 1597 bonum
493 1561 691 1610 publicum,
706 1562 826 1610 aliqua
848 1571 974 1597 contra
990 1562 1167 1610 populum
1187 1571 1421 1606 attentarent3
1437 1572 1471 1599 et
1486 1564 1568 1599 ideo
1591 1563 1647 1598 lex

71 1615 206 1660 statuit,
220 1623 258 1651 ut
272 1615 316 1651 de
330 1616 546 1664 quibusdam
570 1616 747 1652 Gentibus
762 1617 977 1652 habentibus
1001 1616 1160 1664 aliquam
1181 1616 1393 1652 affinitatem
1414 1618 1457 1652 ad
1475 1618 1645 1664 Judaeos,

71 1668 212 1705 scilicet
232 1669 276 1705 de
298 1670 500 1717 Aegyptiis,
527 1670 620 1717 apud
643 1681 735 1717 quos
756 1670 831 1705 nati
852 1669 1004 1713 fuerant,
1027 1679 1062 1705 et
1082 1671 1217 1713 nutriti,
1240 1679 1275 1706 et
1295 1671 1339 1706 de
1362 1671 1546 1707 Idumaeis
1564 1671 1646 1706 filiis

72 1722 168 1758 Esau
187 1721 306 1759 fratris
326 1723 440 1770 Jacob
467 1723 503 1759 in
527 1725 630 1759 tertia
657 1724 891 1771 generatione
919 1724 1163 1772 reciperentur
1188 1725 1224 1759 in
1251 1725 1478 1760 consortium
1505 1725 1648 1772 populi;

75 1776 224 1825 quidam
244 1787 346 1820 vero,
366 1777 450 1824 quia
471 1777 653 1813 hostiliter
672 1789 710 1812 se
732 1778 776 1812 ad
798 1789 862 1812 eos
883 1778 1095 1820 habuerant,
1117 1780 1209 1813 sicut
1229 1779 1481 1823 Ammonitae,
1501 1787 1536 1814 et
1550 1779 1650 1814 Moa-

70 1829 178 1874 bitae,
195 1841 398 1878 numquam
418 1831 455 1866 in
474 1832 700 1866 consortium
721 1831 846 1879 populi
866 1832 1159 1867 admitterentur:
1183 1832 1412 1868 Amalccitae
1435 1842 1569 1876 autem,
1587 1833 1648 1881 qui

70 1883 191 1932 magis
216 1884 268 1920 eis
288 1883 431 1920 fuerant
448 1884 639 1928 adversati,
661 1893 697 1920 et
710 1897 794 1920 cum
817 1886 868 1921 eis
889 1885 1031 1921 nullutn
1054 1886 1285 1933 cognationis
1299 1887 1482 1922 habebant
1503 1899 1649 1922 consor-

69 1938 175 1983 tium,
188 1939 292 1987 quasi
307 1939 434 1975 hostes
447 1940 611 1987 perpetui
626 1940 864 1975 haberentur:
880 1940 1010 1975 dicitur
1024 1940 1122 1975 enim
1138 1940 1251 1975 Exod.
1277 1951 1347 1987 17.:
1364 1941 1490 1976 Bellum
1508 1942 1573 1977 Dei
1587 1943 1649 1976 crit

69 1997 187 2030 contra
200 1992 340 2029 Amalec
359 2003 381 2028 a
392 1994 601 2040 generations
618 1995 654 2029 in
666 1995 921 2040 generationem.
945 1994 1122 2029 Similiter
1139 1995 1249 2029 etiam
1272 2003 1449 2042 quantum
1471 1996 1515 2030 ad
1539 1995 1651 2030 hosti-

70 2045 147 2082 lem
167 2046 544 2082 communicationem
571 2058 655 2082 cum
689 2048 867 2083 extraneis
889 2047 946 2082 lex
980 2048 1235 2083 convenientia
1262 2057 1456 2095 praecepta
1484 2049 1648 2084 tradidit:

70 2101 283 2149 namprimo
295 2099 444 2148 quidem
461 2100 625 2144 instituit,
639 2108 678 2136 ut
697 2100 835 2136 bellum
849 2102 940 2147 juste
955 2101 1122 2137 iniretur:
1138 2102 1332 2137 mandatur
1349 2103 1446 2137 enim
1466 2103 1574 2138 Deut.
1592 2113 1647 2138 20.

72 2153 172 2202 quod
193 2165 268 2191 cum
285 2153 473 2190 accederent
492 2154 536 2190 ad
553 2154 804 2203 expugnandam
820 2157 1001 2198 civitatem,
1018 2156 1170 2202 offerrent
1184 2157 1213 2191 ci
1227 2158 1341 2204 primo
1354 2163 1491 2204 pacem:
1510 2157 1648 2192 secundo

71 2207 237 2251 instituit,
257 2216 297 2244 ut
313 2207 454 2245 fortiter
464 2207 601 2244 bellum
622 2209 806 2256 inceptum
822 2218 1097 2257 exequerentur,
1111 2210 1285 2245 habentes
1304 2210 1347 2245 de
1362 2211 1443 2246 Deo
1460 2210 1648 2247 fiduciam:

73 2268 110 2298 et
129 2261 174 2297 ad
200 2261 273 2297 hoc
300 2261 431 2298 melius
452 2262 719 2298 observandum
750 2262 913 2305 instituit,
935 2263 1032 2310 quod
1056 2263 1271 2299 imminente
1293 2264 1444 2310 praelio,
1468 2265 1648 2300 Sacerdos

73 2326 138 2352 eos
159 2314 392 2360 confortaret,
410 2316 656 2364 promittendo
680 2316 852 2351 auxilium
876 2317 963 2352 Dei:
988 2319 1084 2353 t.·rtio
1107 2318 1304 2360 mandavit,
1329 2325 1365 2352 ut
1388 2318 1647 2364 impedimenta

72 2368 200 2417 praelii
220 2377 506 2413 removerentur,
528 2370 747 2405 remittendo
774 2370 953 2417 quosdam
982 2371 1025 2406 ad
1048 2371 1214 2413 domum,
1235 2371 1296 2418 qui
1324 2380 1472 2418 possent
1499 2372 1649 2418 impedi-

73 2430 199 2459 menta
223 2431 424 2470 praestare:
451 2429 569 2471 quarto
592 2424 756 2466 instituit,
783 2432 821 2459 ut
847 2424 999 2459 victoria
1028 2425 1216 2460 moderate
1243 2434 1438 2467 uterentur,
1466 2426 1648 2472 parcendo

74 2475 298 2520 mulieribus,
319 2483 356 2513 et
375 2476 546 2525 parvulis,
568 2485 603 2512 et
625 2477 733 2512 etiam
756 2477 854 2523 ligna
876 2476 1058 2513 fructifera
1080 2478 1240 2523 regionis
1261 2489 1336 2513 non
1359 2479 1565 2514 incidendo.

145 2530 206 2566 An
231 2538 382 2567 numm
403 2541 492 2579 ergo
513 2530 720 2573 dicendum,
747 2531 845 2578 quod
871 2531 1040 2567 homines
1063 2532 1196 2566 nullius
1219 2533 1336 2577 gentis
1363 2532 1515 2567 exclusit
1540 2533 1598 2567 lex
1626 2544 1644 2566 a

73 2582 173 2619 cultu
187 2581 270 2626 Dei,
283 2591 319 2620 et
332 2583 375 2619 ab
388 2583 457 2628 his,
472 2595 565 2632 quae
579 2585 759 2632 pertinent
774 2585 816 2620 ad
831 2585 976 2620 animae
995 2585 1167 2620 salutem:
1184 2586 1314 2620 dir-itur
1329 2586 1425 2620 enim
1444 2586 1555 2620 Exod.
1576 2596 1626 2621 12.
1639 2598 1646 2620 :

71 2637 112 2674 δι’
123 2638 196 2685 quis
204 2637 462 2686 peregrinorum
479 2639 514 2673 in
531 2643 676 2673 vestram
691 2638 835 2674 volucrit
850 2640 992 2674 transire
1007 2640 1182 2677 coloniam.
1206 2640 1357 2685 [Μαι-ενι·
1376 2639 1478 2674 Phasi·
1494 2641 1647 2682 Domini,

73 2690 333 2728 circumcidetur
358 2693 458 2741 prius
483 2703 578 2727 omne
605 2692 826 2728 masculinum
852 2695 942 2739 ejus:
965 2698 995 2728 ct
1017 2698 1093 2728 tunc
1120 2695 1181 2728 rite
1202 2693 1390 2734 celebrabit,
1417 2695 1541 2740 critque
1566 2695 1649 2729 sicul

74 2743 229 2792 indigena
250 2749 380 2782 terram
400 2745 463 2782 sed
478 2746 513 2782 in
527 2745 788 2793 temporalibus
806 2755 980 2793 quantum
1005 2747 1048 2781 ad
1064 2758 1118 2789 ea,
1137 2758 1229 2794 quac
1244 2746 1470 2793 pertinebant
1489 2747 1531 2782 ad
1551 2758 1650 2782 com-

73 2797 292 2834 munitatem
310 2797 450 2848 populi,
469 2809 544 2835 non
567 2799 687 2835 statim
710 2799 859 2847 quilibet
881 2800 1148 2843 admittebatur,
1174 2800 1314 2835 ratione
1341 2811 1446 2847 supra
1473 2801 1569 2836 dicta
1597 2801 1648 2845 (in

76 2857 169 2900 corp.
187 2852 292 2899 art.).·
312 2851 376 2888 sed
397 2852 545 2902 quidam
572 2853 607 2888 in
634 2853 737 2889 tertia
759 2854 1007 2901 generatione,
1034 2852 1172 2889 scilicet
1203 2853 1386 2901 Aegyptii,
1408 2861 1443 2889 et
1466 2853 1648 2890 Idumaei:

75 2903 136 2941 alii
159 2915 249 2943 vero
273 2912 448 2955 perpetuo
475 2906 758 2943 excludebantur
783 2907 819 2943 in
841 2907 1119 2944 detestationem
1146 2906 1275 2955 culpae
1301 2907 1527 2954 praeteritae,
1554 2908 1647 2944 sicut
