1907 3182
211 164 293 206 282
595 175 813 211 QUAESTIO
846 175 1010 205 XXXVII.
1044 174 1288 205 ARTICULUS
1323 175 1379 204 IV.

210 269 302 304 quae
312 257 448 293 habent
460 265 601 292 tantum
617 269 694 292 esse
710 257 906 304 spirituale,
917 269 991 291 non
1003 264 1152 291 causant
1164 255 1507 290 transmutationem
1522 253 1770 300 corporalem:

211 312 303 346 sicut
323 319 421 358 patet
442 312 484 346 de
506 312 768 346 intensionibus
792 311 969 352 colorum,
991 321 1081 356 quae
1103 317 1185 344 sunt
1203 311 1237 344 in
1257 313 1349 351 aere,
1366 321 1385 343 a
1400 309 1526 355 quibus
1541 307 1682 342 nullum
1697 319 1772 343 cor-

211 376 276 411 pus
296 364 499 407 coloratur3
523 376 609 411 ergo
631 365 773 399 tristitia
794 376 869 398 non
891 364 977 398 facit
999 363 1144 409 aliquod
1168 362 1356 409 corporale
1376 369 1652 396 nocumentum.

283 428 314 452 2.
336 418 573 453 PRAETEREA.
598 418 637 452 Si
657 418 797 452 tristitia
819 417 905 451 facit
927 417 1074 463 aliquod
1097 416 1286 463 corporale
1307 423 1582 457 nocumentum,
1603 415 1676 449 hoc
1697 425 1772 449 non

213 479 266 505 est
286 472 355 506 nisi
376 473 591 518 inquantum
613 471 723 505 habet
746 470 976 516 corporalem
998 470 1340 504 transmutationem
1363 471 1586 515 adjunctam:
1609 468 1672 503 sed
1699 480 1774 503 cor-

212 524 345 571 poralis
366 525 618 559 transmutatio
641 524 822 558 invenitur
844 524 879 557 in
901 524 1069 557 omnibus
1098 524 1239 557 animae
1266 523 1504 569 passionibus,
1531 530 1569 556 ut
1595 533 1701 568 supra
1727 521 1774 555 di-

214 586 312 612 ctum
335 587 387 612 est
410 578 454 624 (q.
478 590 530 613 22.
553 583 617 613 art.
640 590 670 612 2.
694 577 736 611 ad
753 577 814 624 3.);
840 588 926 623 ergo
952 589 1027 611 non
1055 577 1171 623 magis
1197 577 1349 619 tristitia,
1376 588 1485 623 quarn
1513 575 1604 610 aliae
1632 575 1774 609 animae

212 631 409 677 passiones,
433 631 577 677 corpori
598 639 716 664 nocet.

287 696 315 731 3.
338 684 575 719 PRAETEREA.
603 683 740 718 Philos.
769 683 855 718 dicit
881 684 918 718 in
945 694 976 729 7.
1003 683 1119 718 Ethic.
1149 683 1235 730 (cap.
1254 695 1282 730 3.
1306 685 1366 718 cir.
1388 682 1488 728 med.)
1511 683 1607 729 quod
1629 683 1715 726 irae,
1741 689 1776 716 et

215 738 530 784 concupiscentiae
547 737 761 784 quibusdam
776 737 934 772 insanias
952 737 1089 771 faciunt
1104 749 1111 771 z
1135 737 1231 784 quod
1249 737 1390 771 videtur
1409 748 1485 771 esse
1500 737 1701 771 maximum
1715 747 1777 770 no-

214 799 445 834 cumentum3
477 803 559 826 cum
593 791 683 824 ratio
711 791 756 825 sit
783 790 1126 825 excellentissimum
1154 802 1293 833 eorum,
1316 801 1407 836 quae
1434 797 1516 824 sunt
1541 791 1578 824 in
1603 790 1775 824 homine:

214 844 416 891 desperatio
439 845 547 878 etiam
569 844 708 878 videtur
737 855 814 878 esse
842 845 957 890 magis
984 845 1127 887 nociva,
1157 856 1266 890 quam
1292 843 1446 886 tristitia,
1477 854 1562 877 cum
1591 843 1636 878 sit
1669 854 1777 877 causa

213 898 393 941 tristitiae;
416 910 502 943 ergo
518 898 658 932 tristitia
672 909 746 932 non
763 898 878 944 magis
894 906 1002 932 nocet
1017 898 1172 944 corpori,
1188 909 1297 944 quam
1313 896 1403 931 aliae
1419 897 1561 931 animae
1579 896 1776 943 passiones.

286 952 360 986 SED
384 962 539 986 CONTRA
563 959 625 993 est,
645 952 741 997 quod
762 952 890 986 dicitur
908 952 1055 986 Prover.
1075 963 1138 997 17.:
1159 953 1304 987 Animus
1316 951 1456 997 gaudens
1474 949 1777 996 aetatemfloridam

206 1005 322 1051 facit:
344 1007 480 1051 spiritus
502 1006 601 1040 tristis
622 1006 760 1039 exsiccat
779 1016 857 1039 ossa.
884 1005 928 1039 Et
946 1005 1052 1039 Prov.
1076 1015 1142 1050 25.:
1168 1005 1259 1039 Sicut
1281 1007 1367 1039 tinea
1386 1005 1585 1046 vestimento,
1609 1004 1637 1038 εἴ
1656 1004 1779 1038 vermis

215 1058 314 1104 ligno,
338 1060 386 1093 ita
408 1060 541 1093 tristitia
566 1059 636 1092 viri
656 1060 918 1105 nocetcorp0r1';
943 1067 977 1092 et
991 1058 1102 1093 Eccli.
1128 1059 1192 1104 38.:
1212 1059 1243 1093 A
1264 1059 1396 1093 tristitia
1409 1059 1546 1104 festinat
1565 1069 1664 1092 mors.

287 1112 517 1146 RESPONDEO
541 1112 746 1153 dicendum,
770 1112 866 1158 quod
881 1112 1022 1146 tristitia
1041 1112 1133 1146 inter
1155 1123 1282 1146 omnes
1302 1111 1444 1146 animae
1462 1111 1647 1157 passiones
1662 1109 1779 1156 magis

216 1166 361 1211 corpori
382 1174 506 1200 nocet:
528 1167 628 1211 cujus
647 1165 738 1199 ratio
759 1173 823 1207 est,
839 1165 922 1211 quia
940 1166 1082 1200 tristitia
1096 1173 1274 1211 repugnat
1286 1165 1469 1199 humanae
1482 1164 1589 1207 vitae,
1605 1171 1779 1210 quantum

218 1219 262 1253 ad
285 1219 443 1265 speciem
465 1227 586 1253 motus
608 1219 674 1260 sui,
690 1227 723 1253 et
738 1230 812 1252 non
832 1218 951 1253 solum
967 1227 1141 1265 quantum
1159 1219 1201 1253 ad
1218 1229 1439 1260 mensuram,
1454 1229 1517 1253 seu
1531 1217 1779 1264 quantitatem,

218 1273 310 1307 sicut
332 1273 423 1307 aliae
451 1273 593 1307 animae
620 1274 817 1319 passiones.
847 1273 1024 1307 Consistit
1050 1273 1147 1307 enim
1173 1273 1335 1306 humana
1360 1273 1433 1306 vita
1459 1272 1496 1305 in
1521 1270 1680 1318 quadam
1705 1281 1782 1304 mo-

219 1327 329 1368 tione,
353 1338 444 1373 quae
468 1339 486 1360 a
510 1327 618 1360 corde
640 1326 676 1360 in
699 1335 839 1360 caetera
862 1327 1025 1360 membra
1048 1326 1272 1360 diffunditur:
1297 1337 1388 1372 quae
1403 1325 1548 1372 quidem
1563 1325 1679 1359 motio
1698 1335 1782 1358 con-

217 1380 316 1414 venit
329 1388 477 1414 naturae
492 1381 674 1414 humanae
689 1380 888 1414 secundum
905 1379 1062 1426 aliquan]
1087 1380 1365 1414 determinatam
1387 1390 1615 1413 mensuram:
1637 1378 1668 1412 si
1693 1388 1780 1424 ergo

217 1434 284 1468 ista
306 1434 421 1467 motio
444 1434 618 1480 procedat
639 1434 730 1468 ultra
753 1445 962 1468 mensuram
984 1434 1155 1476 debitam,
1177 1434 1391 1480 repugnabit
1411 1434 1594 1468 humanae
1614 1432 1709 1467 vitae
1731 1443 1783 1466 se—

219 1487 378 1522 cundum
401 1488 607 1534 quantitatis
630 1499 851 1530 mensuram,
873 1499 947 1522 non
971 1496 1092 1522 autem
1114 1488 1314 1522 secundum
1337 1487 1613 1522 similitudinem
1627 1486 1779 1533 speciei:

219 1541 247 1575 si
269 1549 390 1575 autem
412 1542 628 1588 impediatur
649 1553 838 1588 processus
865 1542 971 1588 hujus
1000 1542 1186 1584 motionis,
1214 1541 1428 1588 repugnabit
1455 1541 1551 1576 vitae
1580 1540 1781 1575 secundum

219 1607 322 1629 suam
345 1595 515 1641 speciem.
539 1595 600 1629 Est
623 1603 742 1629 autem
759 1595 1066 1629 attendendumin
1082 1595 1250 1629 omnibus
1274 1595 1417 1629 animae
1431 1594 1669 1641 passionibus,
1684 1593 1782 1640 quod

217 1650 445 1683 trasmutatio
469 1648 667 1695 corporalis
691 1648 751 1694 [al.
767 1649 944 1695 emporisL
965 1660 1055 1695 quae
1071 1657 1124 1684 est
1144 1649 1179 1682 in
1203 1649 1253 1683 eis
1275 1648 1482 1690 materialis,
1498 1656 1551 1682 est
1571 1647 1782 1689 conformis,

219 1710 253 1737 et
274 1703 546 1749 proportionata
568 1702 685 1736 motui
708 1703 895 1749 appetitus,
918 1702 979 1749 qui
1001 1710 1053 1736 est
1074 1702 1257 1737 formalis:
1280 1702 1373 1736 sicut
1389 1702 1426 1736 in
1449 1701 1616 1736 omnibus
1631 1701 1782 1735 materia

217 1756 511 1803 proportionatur
532 1755 691 1790 formae:
715 1756 798 1790 illae
821 1767 909 1801 ergo
933 1756 1076 1790 animae
1095 1756 1292 1802 passiones,
1311 1767 1404 1802 quae
1424 1755 1622 1802 important
1639 1762 1783 1790 motum

218 1810 395 1856 appetitus
423 1810 466 1843 ad
488 1809 779 1856 prosequendum
803 1809 948 1855 aliquid,
970 1821 1044 1844 non
1066 1817 1269 1856 repugnant
1289 1809 1392 1844 vitali
1410 1809 1565 1844 motioni
1583 1809 1783 1843 secundum

218 1864 402 1910 speciem;
424 1863 486 1898 sed
508 1871 660 1910 possunt
680 1874 881 1909 repugnare
903 1863 1103 1897 secundum
1125 1863 1380 1910 quantitatem3
1402 1871 1440 1897 ut
1461 1874 1575 1906 amor,
1598 1862 1783 1909 gaudium,

219 1918 447 1961 desiderium,
470 1926 504 1952 et
529 1918 762 1963 hujusmodi3
785 1926 819 1952 et
845 1918 928 1952 ideo
951 1918 1018 1952 ista
1040 1918 1240 1952 secundum
1268 1918 1427 1964 speciem
1449 1928 1552 1952 suam
1573 1917 1698 1962 juvant
1725 1927 1785 1950 na-

217 1979 335 2006 turam
352 1972 512 2018 corporis
528 1984 536 2013 3
558 1971 619 2005 sed
634 1979 781 2017 propter
796 1982 983 2006 excessum
999 1979 1150 2018 possunt
1163 1982 1307 2005 nocere.
1332 1971 1524 2005 Passiones
1540 1978 1672 2013 autem,
1692 1980 1783 2017 quae

218 2026 416 2072 important
438 2034 581 2060 motum
604 2025 780 2072 appetitus
803 2037 887 2059 cum
909 2024 1006 2072 fuga,
1028 2025 1086 2059 vel
1105 2025 1322 2060 retractione
1337 2025 1506 2071 quadam,
1520 2032 1724 2071 repugnant
1736 2024 1785 2058 vi-

217 2079 281 2114 tali
302 2080 468 2121 motioni,
490 2091 563 2113 non
584 2079 703 2114 solum
723 2079 923 2113 secundum
938 2080 1188 2125 quantitatem,
1203 2080 1265 2113 sed
1281 2079 1389 2113 etiam
1405 2078 1604 2113 secundum
1622 2078 1783 2125 speciem

219 2141 351 2175 motus,
375 2141 409 2168 et
431 2134 514 2168 ideo
537 2133 748 2179 simpliciter
769 2141 921 2176 nocent;
944 2134 1036 2168 sicut
1053 2134 1172 2175 timor,
1188 2140 1222 2167 et
1237 2133 1451 2179 desperatio,
1467 2139 1501 2166 et
1515 2143 1599 2179 prae
1615 2132 1783 2166 omnibus

218 2187 371 2229 tristitia,
384 2198 475 2233 quae
495 2194 668 2233 aggravat
687 2187 850 2221 animum
870 2199 911 2221 ex
931 2187 1029 2221 malo
1049 2187 1240 2234 praesenti,
1260 2187 1360 2232 cujus
1376 2194 1429 2221 est
1441 2185 1569 2220 fortior
1581 2185 1783 2232 impressio,

220 2252 329 2288 quam
352 2240 471 2274 futuri.

291 2295 351 2328 ΑΙ)
370 2304 519 2329 PR1MUM
543 2305 629 2340 ergo
653 2295 859 2337 dicendum,
882 2295 977 2341 quod
1002 2295 1084 2341 quia
1106 2295 1227 2328 anima
1254 2293 1465 2328 naturaliter
1491 2301 1616 2328 movet
1642 2304 1784 2340 corpus,

219 2348 412 2395 spiritualis
426 2356 547 2382 motus
563 2348 706 2382 animae
726 2348 936 2383 naturaliter
951 2357 1003 2383 est
1025 2359 1133 2382 causa
1155 2347 1467 2382 transmutationis
1495 2347 1692 2394 corporalis
1721 2347 1783 2393 [al.

220 2402 403 2448 cosparis]:
435 2414 501 2436 nec
536 2409 588 2436 est
620 2402 737 2436 simile
772 2402 813 2436 de
848 2402 1091 2448 spiritualibus
1121 2402 1395 2444 intensionibus‚
1425 2412 1516 2448 quae
1545 2412 1620 2436 non
1651 2402 1785 2436 habent

219 2455 429 2490 naturaliter
456 2455 619 2489 ordinem
651 2456 823 2490 movendi
846 2456 915 2490 alia
947 2467 1111 2502 corpora,
1135 2467 1226 2502 quae
1256 2467 1330 2490 non
1357 2463 1440 2490 sunt
1472 2462 1556 2489 nata
1578 2455 1718 2490 moveri
1741 2455 1783 2488 ab

221 2510 351 2543 anima.

292 2563 351 2597 ΑΙ)
374 2573 581 2598 SECUNDUM
604 2562 810 2605 dicendum,
833 2564 929 2609 quod
952 2563 1043 2598 aliae
1072 2563 1257 2609 passiones
1284 2562 1419 2597 habent
1443 2563 1784 2597 transmutationem

222 2616 451 2663 corporalem
474 2615 704 2651 conformem
727 2617 926 2650 secundum
950 2629 1053 2651 suam
1077 2617 1237 2662 speciem
1260 2616 1414 2651 motioni
1429 2616 1540 2658 vitali,
1563 2616 1625 2650 sed
1644 2615 1785 2650 tristitia

223 2671 453 2712 contrariam,
477 2678 514 2704 ut
536 2681 641 2715 supra
664 2670 800 2704 dictum
824 2679 876 2704 est
899 2670 948 2715 (in
968 2678 1056 2717 corp.
1080 2672 1173 2717 art).

293 2724 352 2758 ΑΙ)
381 2734 551 2758 TERTmM
579 2724 785 2765 dicendum,
817 2725 913 2770 quod
942 2736 982 2758 ex
1010 2724 1136 2759 leviori
1164 2735 1272 2759 causa
1300 2723 1494 2769 impeditur
1516 2734 1609 2758 usus*
1623 2723 1784 2765 rationis,

224 2789 332 2824 quam
349 2786 599 2826 corrumpatur
619 2777 709 2811 vita:
734 2788 817 2811 cum
831 2778 1018 2811 videamus
1035 2777 1167 2812 multas
1183 2777 1428 2823 aegritudines
1443 2788 1548 2811 usum
1564 2777 1712 2811 rationis
1721 2776 1786 2810 tol-

223 2831 307 2873 lere,
337 2843 428 2878 quae
457 2831 621 2866 nondum
653 2831 815 2866 adimunt
844 2831 975 2865 vitam:
1007 2840 1041 2866 et
1070 2840 1192 2866 tamen
1219 2832 1341 2874 timor,
1365 2839 1403 2866 et
1422 2831 1474 2865 ira
1497 2830 1655 2865 maxime
1676 2841 1786 2865 nocu-

224 2894 388 2921 mentum
412 2885 600 2933 corporale
625 2885 778 2920 afferunt
800 2896 839 2920 ex
863 2885 1103 2932 permixtione
1125 2885 1287 2921 tristitiae
1310 2891 1455 2933 propter
1476 2883 1676 2919 absentiam
1698 2885 1785 2930 ejus,
