1875 3198
204 203 289 246 792
416 194 418 197 '
646 200 868 236 QUAESTIO
904 200 973 230 cv.
1006 199 1252 230 ARTICULUS
1285 199 1329 230 11.

202 285 381 331 lapidatus
404 292 468 327 est,
488 284 549 330 qui
571 282 769 329 collegerat
795 282 895 328 ligna
915 282 951 316 in
973 281 1146 316 sabbato:
1169 281 1263 316 filius
1286 281 1395 316 etiam
1417 289 1606 327 protervus
1628 289 1776 328 propter

201 350 312 385 parva
334 337 476 380 delicta,
499 337 582 384 quia
603 336 742 371 scilicet
768 337 1054 371 comessationibus
1074 336 1232 378 vacabat,
1248 340 1278 370 et
1299 336 1460 377 convivis,
1484 335 1677 369 mandatur
1690 334 1776 381 lapi-

200 393 277 427 dari
296 393 445 426 Deuter.
469 402 523 426 21.
540 404 547 434 3
570 391 678 437 igitur
695 391 994 424 inconvenienter
1015 389 1096 436 lege
1118 397 1202 423 sunt
1222 389 1405 423 institutae
1427 400 1579 434 poenae.

281 457 332 481 10.
355 446 593 480 PRAETEREA.
618 444 882 489 SicutAugust.
905 443 992 477 dicit
1010 453 1065 477 21.
1082 443 1125 477 de
1141 443 1250 477 Civit.
1272 443 1344 477 Dei
1364 443 1453 489 (cap.
1466 455 1512 478 Π.
1535 444 1615 478 circ.
1629 443 1773 490 princ),

205 505 276 535 octo
296 511 416 546 genera
428 506 616 546 poenarum
644 499 676 532 in
703 498 825 543 legibus
851 508 910 532 esse
933 498 1052 532 scribit
1079 497 1230 531 Tullius:
1253 496 1425 539 damnum,
1447 497 1595 538 vincula,
1618 497 1774 540 verbera,

202 555 371 596 talionem,
383 555 614 600 ignominiam,
630 552 779 594 exilium,
803 557 955 593 mortam,
969 552 1161 586 servitutem
1178 563 1188 585 :
1205 563 1247 585 ex
1261 550 1390 597 quibus
1406 550 1525 597 aliqua
1544 558 1627 585 sunt
1644 551 1681 584 in
1692 550 1775 597 lege

201 615 350 643 statuta:
385 608 544 642 dammim
580 605 739 652 quidem,
773 605 865 639 sicut
892 616 977 639 cum
1010 604 1066 638 fur
1104 604 1418 639 condemnabatur
1453 604 1497 638 ad
1530 603 1772 651 quintuplum,

201 661 260 696 vel
281 660 541 708 quadruplum:
564 660 703 694 vincula
724 670 824 701 vero,
851 659 944 693 sicut
970 658 1081 692 Num.
1120 669 1171 703 15.
1199 658 1392 692 mandatur
1413 657 1457 692 de
1483 657 1656 704 quodam,
1677 657 1775 704 quod

201 716 239 750 in
261 726 445 750 carcerem
472 713 694 748 includatur:
717 714 857 747 verimi-a
883 723 984 754 vero,
1010 711 1102 746 sicut
1135 712 1242 746 Deut.
1267 722 1341 757 25.:
1362 711 1399 746 Si
1423 724 1509 754 eum,
1537 713 1594 758 qui
1609 713 1774 759 peccavit,

202 769 335 816 dignum
366 769 511 803 viderint
534 768 652 814 plagit,
673 771 894 813 prosternent,
923 771 952 801 et
978 777 1093 800 coram
1118 777 1148 800 sc
1172 766 1300 809 facient
1322 766 1522 800 verberari:
1552 766 1775 811 ignominiam

202 823 313 858 etiam
346 822 521 859 inferebat
540 821 604 863 illi,
626 821 687 867 qui
716 820 863 854 nolebat
891 819 1055 865 accipere
1082 830 1234 853 uxorem
1264 818 1382 853 fratris
1403 819 1459 853 sui
1485 818 1656 861 defuncti,
1682 830 1774 865 quae

203 877 333 912 tollebat
354 877 611 911 calceanwntiim
638 875 737 916 illius,
765 879 794 908 et
813 875 947 920 spuebat
967 874 1144 920 infaciem
1159 873 1268 908 illius:
1295 878 1436 908 mortem
1455 872 1567 907 etiam
1587 871 1774 914 inferebat,
1827 910 1829 913 ¹

200 938 239 964 ut
258 938 357 976 patet
377 930 487 964 etiam
498 928 612 963 Levit.
636 938 691 962 20.
707 940 714 961 ε
739 928 810 972 Qui
831 927 1143 974 maledixeritpatri
1159 938 1228 968 sico,
1249 931 1309 961 aut
1328 927 1442 968 matri,
1458 931 1565 961 morte
1578 927 1771 961 moriatur:

195 990 340 1031 poenam
356 983 465 1017 etiam
482 983 614 1018 talionis
624 981 681 1016 lex
702 981 851 1023 induxit,
867 981 991 1016 dicens
1002 980 1115 1015 Exod.
1135 991 1202 1015 21.:
1217 981 1360 1016 Oculum
1368 986 1434 1027 pro
1450 980 1555 1022 oculo,
1575 980 1702 1015 dentem
1710 986 1774 1026 pro

203 1038 293 1073 dente
311 1050 320 1072 :
344 1036 607 1071 inconveniens
628 1035 738 1081 igitur
758 1035 910 1077 videtur,
929 1034 1027 1082 quod
1049 1034 1137 1069 alias
1165 1034 1253 1069 duas
1274 1045 1423 1080 poenas,
1448 1033 1605 1068 scilicet:
1626 1033 1775 1076 exilium,

201 1099 235 1126 et
253 1092 459 1132 servitutem,
482 1089 538 1124 lex
555 1097 657 1124 vetus
675 1100 751 1123 non
772 1088 910 1122 inflixit.

274 1156 326 1179 11.
348 1144 586 1179 PRAETEREA.
609 1143 735 1177 Poena
755 1153 831 1176 non
853 1141 1013 1185 debetur,
1035 1141 1105 1176 nisi
1127 1141 1273 1188 culpae:
1297 1141 1360 1176 sed
1380 1141 1485 1175 bruta
1507 1140 1679 1175 animalia
1699 1152 1775 1175 non

198 1206 352 1245 possunt
372 1197 506 1232 habere
528 1196 694 1242 culpam;
718 1207 805 1242 ergo
827 1196 1127 1230 inconvenienter
1149 1195 1199 1230 eis
1220 1194 1394 1241 infligitur
1411 1206 1546 1240 poena:
1565 1193 1678 1229 Exod.
1702 1205 1776 1231 21.:

199 1254 262 1288 Bos
286 1251 450 1299 lapidibus
471 1252 642 1293 obruatur,
665 1251 722 1296 qui
744 1249 902 1285 occiderit
914 1251 1042 1292 virum,
1065 1255 1125 1285 aut
1140 1249 1314 1284 mulierem
1329 1262 1339 1284 .·
1359 1256 1394 1283 et
1407 1248 1522 1283 Levit.
1545 1259 1602 1284 20.
1625 1248 1774 1283 dicitur:

198 1307 335 1348 Mulier,
357 1317 439 1352 qima
463 1305 670 1340 succubuerit
691 1304 823 1339 cuilibet
838 1306 1003 1350 jumento,
1025 1304 1124 1339 simul
1153 1304 1375 1350 interficiatur
1405 1315 1479 1338 cum
1500 1315 1562 1338 eo:
1584 1302 1636 1337 sic
1663 1302 1776 1348 igitur

199 1360 352 1402 videtur,
372 1359 467 1406 quod
489 1358 790 1393 inconvenienter
808 1369 900 1404 quae
922 1358 1104 1404 pertinent
1125 1357 1169 1392 ad
1202 1357 1412 1392 convictum
1438 1356 1634 1392 hominum
1657 1356 1701 1390 ad
1722 1356 1775 1390 in-

200 1414 332 1457 vicem,
358 1413 491 1447 fuerint
511 1413 547 1446 in
575 1412 655 1458 lege
674 1412 787 1446 veteri
810 1412 986 1446 ordinata.

279 1479 331 1502 12.
355 1468 592 1502 PRAETEREA.
620 1467 803 1500 Dominus
833 1466 1019 1500 mandavit
1040 1465 1152 1500 Exod.
1176 1476 1244 1508 21.,
1267 1465 1363 1512 quod
1383 1465 1626 1500 homicidium
1658 1472 1777 1499 morte

201 1521 364 1556 hominis
401 1521 606 1567 puniretur:
638 1520 700 1554 sed
722 1531 821 1554 mors
850 1519 945 1554 bruti
968 1519 1134 1554 animalis
1157 1519 1273 1554 multo
1307 1519 1427 1554 minus
1448 1526 1644 1566 reputatur,
1665 1530 1776 1565 quarn

203 1576 340 1610 occisio
357 1575 536 1617 hominis3
559 1585 646 1620 ergo
672 1585 747 1607 non
769 1581 889 1619 potest
910 1572 1129 1607 sufficienter
1151 1573 1423 1619 recompensari
1439 1584 1560 1619 poena
1580 1572 1774 1607 homicidii

201 1642 264 1677 per
292 1629 517 1664 occisionem
546 1628 640 1662 bruti
674 1627 864 1662 animalis:
898 1627 1197 1662 inconvenienter
1218 1628 1327 1673 igitur
1352 1627 1546 1662 mandatur
1566 1627 1675 1661 Deut.
1703 1637 1775 1670 21.,

201 1683 298 1730 quod
321 1683 466 1729 quando
485 1683 674 1716 inventum
704 1681 811 1716 fuerit
837 1682 992 1716 cadaver
1014 1682 1128 1716 occisi
1148 1681 1321 1724 hominis,
1343 1689 1379 1716 et
1396 1681 1622 1728 ignorabitur
1655 1681 1776 1715 caedis

200 1749 292 1779 reus,
315 1737 475 1771 seniores
507 1735 775 1782 propinquioris
807 1736 960 1770 civitatis
982 1734 1113 1769 tollant
1137 1735 1290 1770 vitulam
1312 1735 1356 1770 de
1379 1743 1557 1777 armento,
1580 1745 1672 1781 quae
1699 1746 1775 1769 non

198 1791 304 1826 traxit
324 1792 462 1836 jugum,
484 1801 551 1824 nec
574 1798 708 1823 terram
731 1789 837 1824 scidit
865 1801 1028 1831 vomere,
1051 1797 1086 1823 et
1107 1789 1240 1823 ducent
1267 1801 1349 1823 eam
1372 1789 1415 1824 ad
1435 1788 1572 1823 vallem
1595 1799 1773 1835 asperam,

198 1853 327 1892 atquae
346 1855 526 1886 saxosam,
549 1855 641 1890 quae
663 1855 865 1890 numquam
888 1851 987 1878 arata
1009 1851 1073 1885 est,
1091 1854 1158 1877 nec
1174 1851 1378 1878 sementem
1399 1843 1546 1890 recepit,
1565 1850 1601 1877 et
1619 1842 1775 1877 caedent

198 1898 235 1932 in
258 1909 300 1932 ea
319 1897 477 1931 cervices
500 1896 646 1931 vitulae.

273 1951 348 1986 SED
369 1961 525 1986 CONTRA
544 1958 607 1993 est,
623 1950 720 1996 quod
736 1962 800 1997 pro
821 1950 971 1997 speciali
984 1950 1162 1985 beneficio
1183 1957 1497 1985 commemoratur
1509 1949 1547 1984 in
1564 1948 1659 1984 Psal.
1679 1959 1773 1996 147.:
1790 1961 1795 1964 ·

200 2005 277 2040 Non
291 2005 373 2051 fecit
400 2005 511 2039 taliter
529 2006 620 2038 omni
638 2006 782 2047 notioni,
804 2010 834 2039 et
847 2005 979 2050 judicia
998 2016 1059 2039 sua
1085 2016 1150 2039 non
1168 2005 1401 2051 manifestavit
1421 2005 1475 2039 eis.

270 2059 502 2094 RESPONDEO
533 2058 740 2100 dicendum,
775 2059 885 2105 quod,
913 2059 1007 2093 sicut
1028 2059 1182 2105 August.
1209 2059 1246 2093 in
1269 2069 1300 2093 2.
1323 2059 1366 2094 de
1389 2058 1498 2094 Civit.
1520 2058 1592 2093 Dei
1612 2059 1702 2105 (cap.
1723 2070 1773 2094 21.

200 2114 260 2148 cir.
285 2113 384 2159 med.)
408 2112 605 2147 introducit
627 2123 646 2146 a
669 2111 794 2147 Tullio
817 2113 973 2148 dictum:
997 2114 1142 2160 Populus
1159 2118 1202 2148 est
1216 2119 1324 2149 caetus
1337 2113 1571 2156 multitudinis,
1589 2114 1680 2160 juris
1701 2124 1776 2148 con-

197 2179 301 2209 sensu,
325 2172 352 2202 et
375 2167 529 2202 utilitatis
555 2168 784 2202 communione
808 2169 973 2209 sociatum
1007 2167 1101 2202 unde
1125 2167 1168 2201 ad
1199 2169 1379 2202 rationem
1401 2167 1527 2214 populi
1548 2167 1714 2214 pertinet,
1736 2175 1775 2202 ut

200 2220 489 2255 communicatio
524 2220 721 2254 hominum
752 2221 795 2255 ad
829 2221 987 2255 invicem
1016 2222 1116 2267 justis
1144 2222 1346 2268 praeceptis
1372 2221 1463 2268 legis
1490 2221 1686 2256 ordinetur.
1713 2220 1776 2255 Est

201 2283 322 2309 autem
344 2274 464 2321 duplex
486 2274 774 2308 communicatio
798 2275 992 2309 hominum
1016 2275 1059 2309 ad
1082 2275 1257 2309 invicem:
1280 2287 1348 2310 una
1366 2275 1526 2322 quidem,
1544 2285 1636 2321 quae
1657 2274 1697 2309 fit
1717 2285 1776 2308 au-

200 2329 366 2363 ctoritate
389 2328 612 2374 principum:
632 2328 700 2362 aliti
721 2337 843 2362 autem
862 2329 899 2363 fit
913 2329 1058 2375 propria
1076 2328 1263 2364 voluntate
1281 2329 1502 2375 privatarum
1517 2339 1772 2375 personarum:

199 2391 234 2417 et
256 2384 338 2429 quia
359 2382 547 2416 voluntate
570 2382 852 2428 uniuscujusque
876 2383 1019 2428 disponi
1041 2391 1170 2428 potest,
1193 2383 1290 2429 quod
1310 2384 1385 2429 ejus
1411 2383 1573 2418 subditur
1593 2383 1774 2430 potestati,

199 2437 280 2470 ideo
305 2436 519 2470 auctoritate
541 2436 757 2482 principum,
784 2436 912 2482 quibus
939 2437 1090 2482 subjecti
1116 2445 1199 2471 sunt
1223 2437 1406 2480 homines,
1433 2444 1577 2484 oportet
1603 2437 1700 2483 quod
1726 2437 1775 2483 ju-

199 2490 292 2524 dicia
318 2490 411 2524 inter
432 2489 602 2524 homines
625 2498 870 2532 exerceantur,
894 2499 928 2525 ct
949 2502 1090 2536 poenae
1113 2490 1408 2526 malefactoribus
1434 2490 1643 2525 inferantur.
1670 2490 1776 2525 Pote-

199 2544 278 2578 stati
302 2555 389 2578 vero
413 2544 635 2590 privatarum
659 2554 898 2589 personarum
921 2545 1122 2578 subduntur
1144 2555 1199 2578 res
1221 2555 1421 2591 possessae.
1450 2544 1494 2578 Et
1520 2544 1604 2579 ideo
1630 2544 1773 2591 propria

200 2598 413 2632 auctoritate
432 2598 467 2631 in
487 2598 542 2631 his
558 2606 707 2643 possunt
722 2598 787 2631 sibi
803 2598 959 2632 invicem
977 2598 1271 2641 communicare3
1286 2606 1371 2645 puta
1387 2598 1555 2640 emendo,
1569 2597 1774 2639 vendendo,

199 2652 388 2686 donando:
409 2660 443 2685 ct
463 2651 539 2685 aliis
555 2651 764 2697 hujusmodi
781 2652 910 2685 modis.
928 2651 1035 2685 Circa
1050 2660 1240 2698 utramque
1261 2660 1382 2686 autem
1398 2651 1773 2686 communicationem

199 2706 256 2740 lex
278 2705 498 2741 sufficienter
521 2706 712 2740 ordinavit.
736 2706 869 2740 Statuit
891 2706 988 2740 enim
1011 2706 1160 2751 judices,
1183 2714 1221 2740 ut
1242 2714 1340 2752 patet
1360 2706 1468 2740 Deut.
1495 2703 1565 2741 16.:
1581 2705 1723 2750 judices,
1744 2710 1775 2741 ct

201 2762 374 2805 magistros
400 2761 572 2794 constituis
594 2761 627 2793 iii
646 2761 798 2794 omnibns
812 2761 922 2806 portis
943 2762 1022 2804 ejas,
1045 2765 1079 2794 ll!
1096 2760 1419 2806 jndicentpopulmn
1444 2761 1529 2803 justo
1551 2759 1702 2805 judicio.-
1724 2759 1774 2793 in-

200 2814 313 2848 stituit
342 2814 451 2848 ctiam
481 2815 616 2859 justum
646 2813 768 2859 judicii
804 2813 981 2855 ordinem,
1009 2814 1104 2848 unde
1132 2814 1261 2848 dicitur
1282 2813 1429 2848 Deuter.
1456 2823 1501 2847 1.:
1526 2812 1626 2858 Quod
1645 2814 1771 2858 justum

200 2872 253 2910 est,
277 2867 438 2914 judicata,
465 2868 531 2902 sive
561 2869 644 2902 civis
670 2868 724 2902 illa
748 2869 800 2910 sit,
830 2869 899 2902 siva
923 2869 1129 2914 peregrinus,
1152 2868 1244 2902 nulla
1265 2869 1327 2903 erit
1342 2874 1566 2915 personarum
1585 2866 1771 2902 distinctio:

201 2921 343 2956 sustulit
358 2921 467 2956 etiam
483 2921 719 2956 occasionem
735 2921 855 2968 injusti
869 2921 1004 2968 judicii,
1024 2921 1278 2968 acceptionem
1293 2932 1487 2956 munerum
1501 2920 1680 2967 judicibus
1693 2931 1773 2967 pro-
