1875 3198
226 232 308 274 522
626 231 847 266 QUAESTIO
882 231 1030 261 LXXHI.
1064 231 1310 261 ARTICULUS
1342 231 1399 260 IV.

223 313 412 358 utrobique
434 312 531 346 enim
544 312 723 346 invenitur
745 313 923 358 quaedam
945 311 1140 346 eminentia
1159 322 1201 345 ex
1216 322 1271 353 eo,
1290 311 1387 357 quod
1402 311 1600 345 ostenditur
1613 310 1780 345 voluntas

224 366 418 411 proclivior
438 366 474 398 in
497 366 644 407 bonum,
663 365 721 399 vel
746 366 783 398 in
802 365 939 398 malum
961 376 1002 398 ex
1024 365 1094 398 hoc
1118 365 1214 410 quod
1236 363 1443 398 difficultate
1465 375 1540 398 non
1561 365 1726 398 vincitur.

295 420 354 453 AD
371 429 541 453 TERTIUM
563 419 767 459 dicendum,
784 418 880 464 quod
904 418 1058 452 charitas
1071 429 1145 451 non
1161 427 1214 451 est
1228 418 1445 463 quicumque
1465 428 1579 459 amor,
1601 417 1663 451 sed
1679 428 1781 451 amor

224 472 309 514 Dei;
331 473 424 506 unde
439 483 512 506 non
529 472 722 517 opponitur
742 471 774 505 ei
788 471 1044 517 quodcumque
1067 471 1192 505 odium
1211 471 1356 513 directe,
1370 471 1431 504 sed
1450 471 1574 504 odium
1594 470 1676 514 Dei,
1688 471 1785 516 quod

224 533 277 559 est
298 525 553 571 gravissimum
572 532 817 569 peccatorum.

801 666 1144 711 ARTICULUS
1171 667 1225 709 V.
1721 688 1782 724 391

226 774 379 804 UTRUM
395 773 595 803 PECCATA
621 774 835 804 CARNALIA
859 775 926 804 SIT
945 774 1121 804 MINORIS
1142 774 1322 813 CULPAE,
1348 773 1472 809 QUAM
1495 773 1784 805 SPIRITUALIA.

511 864 594 906 (2-2.
618 873 647 907 q.
670 873 736 907 154.
759 866 822 896 art.
842 874 869 908 3.
892 867 921 896 et
942 873 974 906 4.
997 863 1085 896 Dist.
1108 873 1140 907 9.
1163 867 1227 896 art.
1246 873 1275 908 3.
1298 873 1327 906 q.
1347 872 1375 907 5.
1399 867 1489 908 corp.

227 920 254 950 et
268 916 409 962 Dist.33.
426 927 456 961 q.
470 927 496 950 Ι.
513 920 575 949 art.
594 927 622 961 3.
645 927 674 960 q.
698 927 728 949 2.
751 915 793 949 ad
810 927 837 961 3.
862 920 890 950 et
918 915 1005 965 Ver-j.
1028 927 1057 961 q.
1077 927 1122 959 25.
1145 920 1210 949 art.
1225 915 1257 949 6.
1273 914 1315 948 ad
1332 926 1363 949 2.
1379 919 1407 949 et
1427 915 1492 949 Isa.
1514 927 1541 949 1.
1564 914 1634 949 lect.
1649 914 1683 949 6.
1694 915 1786 960 fin).

297 1004 357 1038 AD
385 1014 565 1042 QUINTUM
587 1004 637 1037 sic
652 1003 867 1050 proceditur.
887 1003 1048 1046 Videtur,
1066 1004 1161 1049 quod
1184 1011 1332 1049 peccata
1354 1002 1511 1037 carnalia
1532 1014 1607 1037 non
1628 1003 1699 1037 sint
1725 1003 1788 1036 mi-

225 1057 323 1091 noris
346 1057 485 1103 culpae,
515 1068 623 1103 quarn
647 1065 794 1102 peccata
821 1056 1035 1102 spiritualia:
1060 1057 1276 1091 adulterium
1304 1057 1400 1090 enim
1427 1058 1571 1102 gravius
1598 1064 1788 1103 peccatum

227 1118 290 1152 est,
313 1122 421 1156 quam
443 1109 595 1144 furtum:
619 1110 748 1144 dicitur
774 1111 871 1144 enim
893 1110 1063 1144 Proverb.
1095 1109 1147 1144 6.:
1171 1110 1248 1145 Non
1268 1109 1405 1156 grandis
1425 1115 1470 1144 est
1491 1110 1599 1156 culpa,
1623 1121 1696 1144 cum
1719 1111 1789 1155 quis

218 1164 356 1210 furatus
369 1164 495 1209 suerit:
518 1165 575 1209 qui
596 1168 703 1197 antem
726 1163 854 1198 adulter
868 1168 921 1205 est,
939 1168 1078 1210 propter
1095 1163 1201 1198 cordis
1223 1165 1370 1210 inopiam
1378 1162 1492 1209 perdet
1509 1163 1658 1197 animam
1671 1174 1788 1197 suam:

226 1217 288 1251 sed
310 1216 443 1250 furtum
474 1217 627 1262 pertinet
649 1216 691 1250 ad
714 1217 913 1258 avaritiam,
936 1228 1027 1263 quae
1052 1225 1104 1251 est
1129 1225 1320 1263 peccatum
1349 1216 1552 1262 spirituale;
1575 1215 1788 1250 adulterium

228 1278 349 1304 autern
372 1270 415 1303 ad
437 1269 626 1312 luxuriam,
649 1282 740 1316 quae
765 1279 817 1304 est
843 1278 1034 1316 peccatum
1057 1270 1220 1312 carnale;
1243 1281 1330 1316 ergo
1352 1277 1501 1316 peccata
1523 1269 1681 1303 carnalia
1707 1277 1789 1303 sunt

227 1323 375 1369 majoris
403 1323 540 1369 culpae.

300 1387 330 1410 2.
346 1377 582 1411 PRAETEREA.
603 1377 826 1423 Augustinus
844 1376 928 1411 dicit
949 1388 1056 1422 super
1071 1376 1218 1411 Levitic.
1240 1377 1312 1420 (ubi
1328 1388 1394 1410 non
1410 1377 1567 1418 occurrit,
1587 1375 1639 1411 sed
1651 1376 1789 1410 habetur

228 1431 283 1465 lib.
306 1443 336 1465 2.
360 1430 395 1465 de
419 1430 494 1465 Civ.
522 1431 589 1464 Dei
610 1437 682 1477 cap.
705 1441 737 1474 4.
761 1435 788 1464 et
810 1431 864 1464 lib.
887 1442 919 1474 4.
943 1437 1014 1476 cap.
1033 1442 1078 1476 31.
1099 1435 1171 1464 ante
1192 1430 1304 1474 med),
1328 1430 1424 1475 quod
1446 1429 1610 1464 diabolus
1633 1429 1789 1463 maxime

228 1484 361 1529 gaudet
382 1484 425 1517 de
441 1492 591 1529 peccato
608 1483 779 1525 luxuriae,
794 1491 828 1517 et
846 1483 1088 1517 idololatriae:
1104 1483 1166 1517 sed
1182 1484 1224 1517 de
1240 1484 1370 1528 maiori
1385 1482 1490 1529 culpa
1506 1483 1621 1529 magis
1640 1482 1789 1528 gaudet3

228 1548 327 1583 ergo,
347 1549 429 1571 cum
451 1536 589 1570 luxuria
610 1538 654 1570 sit
673 1545 863 1582 peccatum
890 1536 1044 1578 carnale,
1066 1537 1216 1578 videtur,
1239 1537 1335 1582 quod
1369 1544 1518 1582 peccata
1541 1535 1698 1570 carnalia
1720 1536 1790 1570 sint

229 1591 409 1624 maximae
433 1590 570 1636 culpae.

302 1656 330 1690 3.
354 1644 589 1678 PRAETEREA.
620 1643 868 1689 Philosophus
896 1644 1023 1689 probat
1044 1643 1080 1677 in
1114 1654 1144 1688 7.
1168 1643 1328 1678 Ethicor.
1352 1643 1440 1689 (cap.
1464 1643 1512 1688 6.)
1545 1643 1642 1689 quod
1663 1642 1789 1676 incon-

226 1698 342 1732 tinens
365 1697 680 1743 concupiscentiae
703 1705 754 1731 est
780 1697 928 1743 turpior,
956 1703 1066 1742 quam
1092 1697 1320 1731 incontinens
1348 1697 1440 1731 irae:
1469 1696 1531 1730 sed
1559 1696 1610 1730 ira
1637 1704 1690 1730 est
1710 1707 1789 1742 pec-

228 1760 348 1786 catum
370 1751 565 1797 spirituale,
599 1751 798 1784 secundum
822 1750 974 1796 Gregor.
1001 1761 1052 1796 31.
1075 1751 1168 1784 Mor.
1199 1750 1285 1796 (cap.
1313 1761 1361 1796 17.
1392 1761 1475 1784 avers.
1494 1750 1598 1796 fin.):
1622 1749 1791 1795 concupi-

227 1807 362 1840 scentia
378 1813 497 1838 autem
513 1804 666 1850 pertinet
681 1805 724 1838 ad
743 1812 891 1850 peccata
907 1803 1085 1846 carnalia3
1100 1815 1187 1850 ergo
1203 1812 1393 1850 peccatum
1409 1802 1552 1838 carnale
1567 1810 1619 1838 est
1633 1803 1790 1849 graviuS,

227 1870 335 1905 quam
358 1866 548 1904 peccatum
570 1857 765 1904 spirituale.

299 1912 372 1946 SED
397 1922 551 1946 CONTRA
574 1920 637 1953 est,
661 1911 757 1957 quod
782 1911 980 1957 Gregorius
1003 1911 1087 1945 dicit
1116 1910 1188 1955 (lib.
1208 1923 1251 1957 33.
1276 1911 1400 1946 Moral.
1423 1917 1496 1957 cap.
1518 1923 1565 1946 Il.
1595 1911 1654 1945 cir.
1677 1909 1789 1955 med),

228 1965 324 2011 quod
347 1973 493 2011 peccata
517 1964 673 1998 carnalia
700 1972 782 1998 sunt
810 1964 960 1998 minoris
988 1963 1126 2010 culpae,
1149 1971 1184 1998 et
1205 1964 1352 2009 majoris
1379 1963 1562 2005 infamiae,
1589 1974 1698 2009 quam
1725 1962 1793 2008 spi-

227 2018 378 2052 ritualia.

299 2072 527 2105 Rnspoxnno
543 2071 748 2113 dicendum,
764 2071 860 2116 quod
882 2079 1029 2116 peccata
1051 2070 1248 2116 spiritualia
1263 2079 1345 2105 sunt
1365 2070 1513 2116 majoris
1529 2069 1666 2116 culpae,
1682 2080 1790 2115 quarn

227 2133 375 2171 peccata
398 2124 567 2166 carnalia,
595 2125 690 2170 quod
713 2136 786 2158 non
810 2132 862 2158 est
884 2126 933 2158 sic
961 2124 1248 2169 intelligendum,
1272 2124 1373 2170 quasi
1395 2123 1581 2170 quodlibet
1599 2130 1790 2169 peccatum

228 2178 409 2225 spirituale
433 2179 477 2212 sit
504 2178 650 2222 majoris
678 2177 804 2223 culpae
827 2177 988 2223 quolibet
1009 2186 1160 2222 peccato
1189 2177 1343 2219 carnali3
1372 2178 1432 2212 sed
1455 2177 1537 2223 quia
1565 2176 1791 2211 considerata

229 2233 297 2266 hac
316 2231 393 2266 sola
416 2231 614 2265 differentia
637 2231 906 2276 spiritualitatis,
926 2239 960 2264 et
979 2231 1208 2273 carnalitatis,
1228 2231 1394 2277 graviora
1416 2239 1510 2273 sunt,
1522 2241 1631 2277 quam
1650 2238 1792 2264 caetera

230 2293 390 2331 peccata,
413 2285 562 2318 caeteris
585 2285 737 2330 paribus.
763 2284 876 2329 Cujus
899 2286 988 2318 ratio
1012 2285 1132 2330 triplex
1153 2292 1271 2330 potest
1299 2284 1483 2330 assignari.
1506 2284 1623 2319 Prima
1645 2282 1791 2329 quidem

230 2347 391 2385 exparte
426 2338 592 2383 subjecti:
616 2349 699 2371 nam
723 2346 870 2383 peccata
901 2337 1097 2383 spiritualia
1128 2338 1304 2384 pertinent
1336 2338 1378 2371 ad
1410 2337 1585 2384 spiritum,
1612 2337 1713 2382 cujus
1741 2344 1794 2370 est

229 2393 389 2426 converti
418 2392 460 2425 ad
484 2392 615 2431 Deum,
639 2399 672 2425 et
694 2392 736 2424 ab
760 2402 803 2425 eo
827 2391 956 2425 averti:
973 2399 1120 2437 peccata
1143 2402 1229 2425 vero
1250 2391 1408 2425 carnalia
1431 2398 1735 2425 consummantur
1756 2390 1791 2423 in

229 2445 469 2480 delectatione
492 2444 643 2478 carnalis
667 2446 853 2490 appetitus,
874 2445 915 2478 ad
932 2456 1039 2490 quem
1056 2445 1297 2490 principaliter
1316 2445 1471 2491 pertinet
1493 2445 1536 2479 ad
1559 2445 1696 2479 bonum
1719 2454 1794 2478 cor-

229 2499 352 2546 porale
375 2499 551 2540 converti3
567 2507 601 2532 et
616 2498 696 2532 ideo
720 2508 909 2544 peccatum
934 2498 1088 2540 carnale,
1113 2499 1326 2545 inquantum
1349 2499 1569 2544 hujusmodi,
1584 2497 1663 2544 plus
1684 2497 1793 2532 habet

229 2554 272 2587 de
295 2552 543 2593 conversione,
578 2559 721 2597 propter
743 2552 839 2597 quod
863 2554 970 2585 etiam
994 2561 1047 2586 est
1070 2553 1216 2596 majoris
1240 2553 1490 2594 adhaesionis;
1518 2552 1579 2586 sed
1602 2559 1792 2598 peccatum

229 2606 410 2653 spirituale
430 2606 536 2639 habet
559 2605 637 2651 plus
660 2605 702 2639 de
726 2605 925 2646 aversione,
945 2618 986 2639 ex
1006 2617 1075 2651 qua
1091 2606 1252 2650 procedit
1276 2606 1365 2640 ratio
1386 2605 1531 2651 culpae:
1555 2613 1590 2639 et
1610 2604 1693 2639 ideo
1716 2614 1794 2650 pec-

229 2668 349 2694 catum
371 2658 566 2705 spirituale,
583 2660 794 2704 inquantum
818 2659 1037 2701 hujusmodi,
1055 2667 1107 2692 est
1130 2659 1277 2703 majoris
1297 2659 1436 2705 culpae.
1450 2658 1597 2694 Secunda
1621 2658 1710 2692 ratio
1733 2668 1794 2704 po-

229 2721 297 2747 test
315 2713 408 2762 sumi
430 2724 471 2746 ex
491 2722 588 2758 parte
608 2713 694 2755 ejus,
715 2712 748 2744 in
764 2723 870 2757 quem
889 2720 1075 2757 peccatur3
1095 2723 1180 2745 nam
1200 2720 1390 2758 peccatum
1410 2711 1565 2753 carnale,
1582 2712 1792 2758 inquantum

230 2766 450 2811 hujusmodi,
473 2774 525 2800 est
547 2766 580 2799 in
604 2777 734 2811 corpus
766 2765 962 2810 proprium,
993 2765 1088 2811 quod
1113 2774 1165 2799 est
1188 2766 1304 2799 minus
1337 2765 1560 2811 diligendum
1593 2764 1792 2800 secundum

230 2822 394 2855 ordinem
418 2820 611 2861 charitatis,
635 2831 742 2865 quam
766 2820 876 2857 Deus,
900 2828 932 2852 et
955 2819 1172 2864 proximum,
1195 2820 1229 2852 in
1257 2830 1348 2865 quos
1371 2827 1540 2865 peccatur
1561 2829 1624 2865 per
1645 2825 1791 2864 peccata

230 2874 445 2920 spiritualia;
468 2882 501 2907 et
532 2874 614 2907 ideo
650 2881 795 2917 peocata
819 2872 1027 2917 spiritualia,
1051 2873 1264 2918 inquantum
1286 2872 1514 2918 sliujt1smodi,
1542 2879 1623 2906 sunt
1646 2870 1792 2915 majoris

232 2928 368 2973 culpae.
399 2928 506 2961 'l'rrlzlae
536 2927 624 2960 ratio
648 2934 766 2972 potest
796 2926 888 2960 suini
917 2938 957 2959 ex
986 2934 1083 2971 parte
1116 2926 1261 2960 inotivi:
1293 2926 1375 2972 quia
1406 2933 1541 2972 quanto
1572 2934 1624 2960 est
1650 2923 1792 2970 gravius
