1907 3198
515 177 739 213 QUAESTIO
773 178 922 208 LXVIII.
958 179 1204 210 ARTICULUS
1238 179 1266 209 Ι.
1593 183 1676 225 471

103 273 207 297 unum
227 261 377 308 quidem
397 260 558 304 interius,
581 261 679 308 quod
699 270 751 297 est
773 262 882 297 ratio:
905 261 999 297 aliud
1021 270 1144 297 autem
1166 262 1333 304 exterius,
1362 262 1461 309 quod
1489 271 1543 298 est
1568 263 1682 306 Deus,

104 323 144 350 ut
163 326 271 362 supra
293 315 430 349 dictum
452 323 507 349 est
529 315 574 362 (q.
597 327 629 362 9.
652 321 718 350 art.
739 330 773 360 4.
795 322 825 351 et
847 316 914 361 6.),
939 324 974 351 et
992 316 1101 351 etiam
1118 316 1255 351 Philos.
1279 316 1366 351 dicit
1388 317 1459 352 hoc
1482 317 1519 351 in
1539 329 1617 364 cap.
1638 318 1682 352 de

104 369 208 404 Bona
234 368 394 404 Fortuna
426 368 508 413 (scil.
539 376 613 417 cap.
643 370 675 405 8.
704 370 784 404 libri
814 382 843 417 7.
868 382 978 416 magn.
1006 371 1131 405 Moral.
1160 382 1180 405 a
1202 372 1346 417 princ).
1368 371 1606 406 Manifestum
1629 380 1685 406 est

104 430 238 466 autem,
260 423 358 470 quod
380 434 490 458 omne
513 423 610 470 quod
634 432 814 466 movetur,
836 435 986 459 necesse
1009 432 1063 459 est
1081 425 1401 471 proportionatum
1424 436 1502 460 esse
1525 426 1683 460 motori:

103 485 140 512 et
159 477 252 512 haec
265 485 319 512 est
331 477 506 525 perfectio
523 477 680 520 mobilis,
696 479 913 525 inquantum
930 483 984 513 est
1002 478 1151 521 mobile,
1167 479 1369 525 dispositio,
1392 490 1462 526 qua
1482 479 1684 526 disponitur

104 531 150 566 ad
171 531 256 574 hoc,
278 531 376 578 quod
397 532 490 566 bene
511 540 703 566 moveatur
725 544 744 566 a
766 544 832 567 suo
849 541 1004 567 motore.
1023 532 1172 574 Quanto
1192 533 1302 579 igitur
1317 544 1470 567 movens
1490 541 1543 567 est
1565 532 1683 575 altior,

102 593 205 620 tanto
225 595 376 620 necesse
391 593 445 620 est
459 586 555 632 quod
571 585 707 620 mobile
722 585 930 633 perfectiori
951 587 1191 633 dispositione
1214 587 1246 621 ei
1262 587 1574 633 proportionetur:
1591 587 1684 622 sicut

102 639 282 682 videmus,
303 639 400 686 quod
423 638 617 686 perfectius
639 648 785 686 oportet
810 652 888 677 esse
915 640 1136 687 discipulum
1163 640 1380 686 dispositum
1404 641 1447 675 ad
1470 641 1555 683 hoc,
1584 641 1682 687 quod

104 693 274 729 altiorem
295 693 499 729 doctrinam
523 695 643 742 capiat
669 707 689 729 a
716 696 878 731 doctore.
902 695 1138 730 Manifestum
1167 703 1220 731 est
1247 704 1381 738 autem,
1409 697 1506 743 quod
1533 696 1682 731 virtutes

103 748 288 783 humanae
309 747 502 795 perficiunt
522 748 727 792 hominem,
750 749 951 784 secundum
979 750 1077 796 quod
1104 750 1221 784 homo
1248 759 1353 785 natus
1376 759 1430 785 est
1451 750 1594 785 moveri
1619 762 1683 797 per

104 802 287 837 rationem
307 802 344 836 in
366 802 434 844 his,
456 813 549 849 quae
567 802 730 846 interius,
744 803 803 838 vel
819 804 974 838 exterius
989 804 1083 850 agit;
1106 812 1251 851 oportet
1272 804 1381 851 igitur
1401 804 1520 839 inesse
1538 805 1683 839 homini

107 855 254 892 altiores
283 855 536 903 perfectiones,
564 857 766 892 secundum
793 869 883 904 quas
913 858 959 892 sit
988 858 1184 905 dispositus
1212 859 1256 893 ad
1278 858 1363 900 hoc,
1386 859 1484 905 quod
1511 859 1682 893 divinitus

105 918 298 946 moveatur
318 918 354 945 et
373 911 453 946 istae
478 911 695 958 perfectiones
714 917 882 947 vocantur
907 912 1008 954 dona,
1036 923 1111 947 non
1139 912 1261 947 solum
1288 914 1368 959 quia
1395 912 1634 947 infunduntur
1662 924 1682 946 a

105 965 201 1007 Deo,
223 963 288 1000 sed
309 965 389 1011 quia
410 965 612 1000 secundum
635 977 677 1000 ea
703 965 819 1000 homo
842 966 1056 1013 disponitur,
1079 975 1118 1001 ut
1139 966 1317 1001 efficiatur
1338 976 1506 1014 prompte
1536 966 1683 1002 mobilis

109 1019 152 1054 ab
168 1012 405 1066 inspiratione
427 1019 568 1054 divina:
591 1019 684 1054 sicut
705 1020 835 1054 dicitur
855 1020 924 1055 Isa.
945 1031 1016 1065 5o.:
1036 1021 1204 1056 Dominus
1222 1023 1357 1067 aperuit
1377 1021 1461 1055 mihi
1482 1034 1611 1064 aurem,
1627 1033 1682 1068 ego

105 1078 215 1108 autem
233 1084 299 1107 non
318 1072 522 1115 contradico,
545 1079 727 1108 retrorsum
742 1086 808 1108 non
824 1075 905 1108 abii.
921 1074 964 1109 Et
979 1074 1116 1109 Philos.
1133 1075 1243 1109 etiam
1266 1075 1353 1110 dicit
1371 1075 1406 1109 in
1426 1087 1504 1122 cap.
1521 1075 1564 1110 de
1580 1075 1683 1110 Bona

105 1127 266 1162 Fortuna
289 1126 367 1173 (loc.
384 1133 454 1174 sup.
477 1128 531 1162 cit.
554 1128 710 1175 implic.)‚
733 1128 831 1174 quod
845 1128 914 1170 his,
929 1129 990 1175 qui
1007 1137 1201 1163 moventur
1219 1140 1283 1175 per
1296 1129 1486 1163 instintum
1508 1129 1683 1172 divinum,

108 1192 184 1216 non
215 1181 359 1228 expedit
385 1181 566 1216 consiliari
593 1182 793 1217 secundum
822 1183 1002 1218 rationem
1030 1183 1244 1225 humanam,
1272 1183 1334 1217 sed
1362 1183 1459 1230 quod
1486 1192 1684 1230 sequantur

111 1235 322 1270 interiorem
350 1235 582 1278 instinctum;
610 1236 693 1282 quia
724 1245 919 1271 moventur
949 1249 968 1271 a
999 1237 1141 1271 meliori
1164 1237 1354 1283 principio,
1386 1249 1494 1284 quam
1519 1238 1564 1272 sit
1590 1238 1682 1272 ratio

107 1289 288 1324 humana:
309 1297 345 1324 et
364 1289 436 1324 hoc
459 1298 525 1333 est,
547 1290 644 1336 quod
667 1290 816 1336 quidam
838 1291 974 1333 dicunt,
996 1292 1093 1338 quod
1113 1291 1210 1325 dona
1223 1291 1415 1339 perficiunt
1429 1292 1621 1327 hominem
1638 1293 1681 1327 ad

105 1342 250 1378 altiores
272 1351 385 1385 actuS,
406 1354 517 1390 quam
538 1344 610 1378 sint
631 1352 732 1378 actus
753 1345 939 1378 virtutum.

174 1397 236 1432 AD
249 1407 399 1433 PRtMUM
414 1408 502 1444 ergo
517 1397 724 1440 dicendum,
740 1399 838 1445 quod
852 1399 1064 1445 hujusmodi
1084 1400 1181 1433 dona
1202 1399 1440 1434 nominantur
1462 1401 1682 1448 quandoque

103 1451 243 1486 virtutes
263 1451 464 1485 secundum
487 1462 727 1487 communem
754 1453 936 1487 rationem
966 1453 1123 1488 virtutis:
1152 1453 1289 1488 habent
1314 1462 1438 1488 tamen
1466 1454 1601 1501 aliquid
1629 1466 1684 1490 su-

104 1504 318 1552 perveniens
342 1504 404 1551 [al.
425 1506 682 1553 supereminens]
700 1506 833 1541 rationi
847 1508 1038 1541 communi
1060 1507 1213 1550 virtutis,
1235 1508 1451 1555 inquantum
1474 1518 1557 1544 sunt
1578 1520 1685 1556 quae-

102 1558 188 1594 dam
205 1558 349 1594 divinae
363 1559 514 1595 virtutes
530 1560 758 1607 perficientes
777 1561 982 1603 hominem,
998 1561 1215 1607 inquantum
1230 1570 1285 1596 est
1300 1573 1318 1596 a
1334 1562 1415 1597 Deo
1431 1571 1572 1606 motus;
1588 1563 1683 1598 unde

105 1620 141 1648 et
160 1611 298 1648 Philos.
321 1613 358 1647 in
373 1623 405 1659 7.
420 1612 502 1648 Eth.
524 1615 613 1662 (cap.
629 1614 675 1660 1.)
691 1626 799 1662 supra
820 1615 992 1650 virtutem
1015 1627 1254 1650 communem
1276 1617 1379 1663 ponit
1401 1618 1599 1664 quamdam
1618 1618 1685 1652 vir-

101 1674 217 1702 tutem
238 1667 441 1710 heroicam,
462 1667 522 1703 vel
543 1668 718 1711 divinam,
743 1669 946 1704 secundum
969 1681 1079 1716 quam
1101 1670 1270 1705 dicuntur
1293 1670 1403 1718 aliqui
1425 1671 1536 1706 divini
1555 1673 1634 1706 viri.

174 1721 236 1756 AD
257 1731 467 1757 SECUNDUM
485 1722 694 1765 dicendum,
717 1724 814 1770 quod
836 1724 935 1766 vitia,
959 1724 1176 1771 inquantum
1203 1733 1287 1759 sunt
1313 1734 1440 1760 contra
1467 1726 1604 1760 bonum
1633 1738 1685 1761 ra-

101 1774 223 1818 tionis,
245 1775 514 1811 contrariantur
526 1777 736 1820 virtutibus;
759 1778 976 1824 inquantum
992 1786 1115 1812 autem
1132 1787 1215 1813 sunt
1230 1787 1357 1813 contra
1376 1780 1540 1814 divinum
1562 1781 1672 1816 instin

103 1836 215 1872 ctum,
230 1829 497 1865 contrariantur
511 1830 637 1873 donis;
653 1831 749 1866 idem
765 1831 863 1866 enim
876 1832 1117 1867 contrariatur
1131 1833 1225 1875 Deo,
1241 1841 1276 1867 et
1286 1833 1430 1876 rationi,
1442 1835 1543 1880 cujus
1558 1833 1684 1869 lumen

103 1894 123 1918 a
142 1883 226 1919 Deo
247 1883 440 1919 derivatur.

176 1937 238 1973 AD
265 1948 439 1974 TERTIUM
467 1938 676 1981 dicendum,
704 1939 802 1986 quod
834 1939 996 1974 definitio
1028 1939 1089 1974 illa
1118 1941 1222 1975 datur
1248 1941 1292 1976 de
1321 1941 1452 1976 virtute
1481 1943 1682 1978 secundum

105 2001 303 2027 commune
324 1992 478 2027 modurn
499 1992 660 2036 virtutis;
683 1993 790 2035 unde,
810 1993 839 2028 si
857 1994 1029 2029 volumus
1051 1994 1303 2030 definitionem
1323 1996 1540 2043 restringere
1559 1997 1603 2032 ad
1617 1997 1685 2032 vir-

104 2053 210 2089 tutes,
231 2052 338 2093 prout
356 2046 627 2093 distinguuntur
649 2057 668 2080 a
691 2047 808 2089 donis,
831 2047 1008 2091 dicemus,
1031 2049 1127 2095 quod
1144 2049 1214 2084 hoc
1231 2050 1328 2096 quod
1344 2050 1492 2085 dicitur:
1515 2063 1581 2097 qua
1600 2057 1684 2087 recte

103 2101 249 2143 vivitur,
272 2099 552 2147 intelligendum
575 2109 629 2136 est
651 2101 695 2136 de
717 2101 933 2136 rectitudine
955 2102 1063 2145 vitae,
1086 2115 1178 2149 quae
1207 2104 1381 2151 accipitur
1401 2106 1603 2140 secundum
1632 2118 1683 2141 re-

104 2153 228 2202 gulam
249 2155 411 2190 rationis.
435 2154 611 2190 Similiter
633 2164 755 2190 autem
778 2156 930 2198 donum,
957 2165 1064 2204 prout
1090 2157 1323 2204 distinguitur
1349 2170 1369 2192 a
1395 2159 1526 2193 virtute
1552 2159 1682 2202 infusa,

102 2216 224 2256 potest
243 2209 315 2244 dici
335 2209 384 2252 id,
406 2209 504 2256 quod
526 2209 631 2244 datur
653 2221 673 2244 a
694 2210 776 2244 Deo
795 2210 833 2244 in
851 2211 977 2245 ordine
1001 2211 1044 2245 ad
1065 2212 1269 2247 motionem
1288 2212 1419 2259 ipsius3
1442 2213 1526 2260 quia
1544 2214 1684 2249 scilicet

102 2261 190 2298 facit
208 2263 401 2298 hominem
424 2263 516 2298 bene
538 2272 751 2310 sequentem
772 2275 857 2299 suos
880 2265 1080 2300 instinctus.

173 2317 235 2354 AD
256 2328 447 2358 QUARTUM
465 2317 674 2360 dicendum,
697 2318 794 2365 quod
817 2319 993 2365 sapientia
1015 2320 1146 2354 dicitur
1166 2321 1392 2356 intellectualis
1413 2323 1534 2364 virtus,
1555 2333 1682 2356 secun-

103 2370 191 2406 dum
211 2371 309 2419 quod
331 2371 498 2419 procedit
519 2384 561 2407 ex
583 2372 720 2417 judicio
735 2373 905 2407 rationis:
929 2373 1060 2408 dicitur
1075 2383 1196 2409 autem
1211 2375 1346 2418 donum,
1363 2376 1567 2410 secundum
1581 2377 1678 2423 quod

105 2432 276 2472 operatur
297 2436 340 2460 ex
361 2425 532 2461 instinctu
555 2426 700 2469 divino3
722 2434 757 2461 et
779 2426 945 2462 similiter
965 2427 1162 2463 dicendum
1186 2437 1238 2464 est
1261 2429 1304 2464 de
1327 2429 1417 2464 aliis.

674 2568 1022 2615 ARTICULUS
1052 2571 1109 2615 Π.
1618 2596 1682 2631 357

269 2677 425 2708 UTRUM
452 2677 577 2708 DONA
605 2677 766 2709 HOMINI
793 2679 892 2710 SINT
918 2681 1185 2712 NECESSARIA
1212 2683 1270 2713 AD
1299 2683 1516 2714 SALUTEM.

650 2767 754 2812 (Insr.
777 2773 842 2804 art.
861 2781 889 2816 3.
911 2769 955 2805 ad
975 2783 1002 2806 r.
1030 2777 1060 2807 et
1073 2773 1129 2818 3.).

178 2854 239 2890 An
266 2865 475 2892 SECUNDUM
498 2856 548 2892 sic
583 2857 801 2904 proceditur.
835 2858 1000 2903 Videtur,
1019 2861 1117 2908 quod
1153 2861 1249 2896 dona
1271 2873 1345 2897 non
1380 2863 1450 2898 sint
1476 2864 1682 2899 necessaria

107 2907 255 2945 homini
276 2909 320 2946 ad
342 2908 515 2947 salutem:
537 2910 634 2947 dona
649 2912 747 2948 enirn
762 2913 976 2951 ordinantur
1002 2916 1045 2950 ad
1073 2916 1271 2964 quamdam
1299 2916 1562 2965 perfectionem
1590 2918 1681 2954 ultra
