1875 3198
215 186 301 229 504
624 186 842 221 QUAESTIO
874 186 1006 215 LXXII.
1040 185 1283 215 ARTICULUS
1318 186 1345 216 1.

665 462 1019 522 QUAESTIO
1069 463 1272 509 LXXII.

213 597 275 627 DE
302 596 638 627 DISTINCTIONE
665 596 995 636 PECCATORUM,
1025 597 1076 628 IN
1103 597 1271 629 NOVEM
1298 597 1560 630 ARTICULOS
1587 597 1767 630 DIVISA.

283 742 424 776 Deinde
447 742 750 776 considerandum
769 750 822 777 est
842 742 885 777 de
907 742 1136 777 distinctione
1154 751 1401 789 peccatorum,
1414 743 1472 778 vel
1491 743 1675 778 vitiorum.

688 832 731 866 Et
753 833 842 866 circa
863 832 921 866 hoc
942 837 1147 877 quaeruntur
1164 844 1294 867 novem.

283 902 418 936 Primo.
442 902 574 936 Utrum
596 911 745 949 peccata
763 903 1026 949 distinguantur
1047 904 1166 950 specie
1189 904 1387 938 secundum
1410 903 1562 950 objecta.

285 956 465 990 Secundo.
488 956 543 990 De
565 956 794 991 distinctione
821 965 1054 1003 peccatorum
1076 957 1315 1003 spiritualium
1337 965 1372 992 et
1393 956 1604 991 carnalium.

284 1008 422 1044 Tertio.
446 1009 578 1043 Utrum
600 1010 800 1044 secundum
827 1022 964 1044 causas.

285 1062 579 1103 Quarto.Utrurn
603 1063 801 1097 secundum
824 1074 898 1105 eos,
921 1063 955 1096 in
978 1075 1068 1109 quos
1092 1071 1272 1109 peccatur.

285 1115 436 1157 Quinto.
459 1116 591 1150 Utrum
613 1116 813 1150 secundum
835 1117 1079 1151 diversitatem
1101 1125 1230 1151 reatus.

283 1169 404 1203 Sexto.
427 1169 558 1203 Utrum
581 1169 779 1203 secundum
802 1170 1050 1211 omissionem,
1073 1178 1108 1204 et
1129 1170 1440 1204 commissionem.

284 1222 460 1268 Septimo.
484 1222 615 1256 Utrum
641 1223 842 1256 secundum
864 1223 1044 1257 diversum
1067 1234 1279 1269 processum
1300 1223 1449 1270 peccati.

284 1276 439 1311 Octavo.
467 1275 599 1309 Utrum
621 1276 822 1310 secundum
844 1277 1113 1318 abundantiam,
1140 1285 1175 1311 et
1200 1276 1392 1311 defectum.

282 1329 403 1363 Nono.
426 1329 557 1363 Utrum
584 1329 784 1363 secundum
805 1329 962 1364 diversas
984 1330 1282 1364 circumstantias.

797 1471 1140 1516 ARTICULUS
1169 1471 1202 1514 Ῑ.
1707 1483 1775 1529 378

328 1579 482 1609 UTRUM
508 1579 709 1609 PECCATA
735 1579 978 1609 DIFFERANT
1003 1579 1150 1609 SPECIE
1179 1579 1422 1609 SUCUNDUM
1449 1579 1653 1620 OBJECTA.

284 1666 385 1712 (Infr.
412 1671 475 1700 art.
492 1678 519 1712 3.
551 1672 580 1702 et
605 1678 637 1711 4.
670 1673 757 1713 corp.
785 1672 849 1701 art.
868 1679 896 1712 5.
925 1666 967 1700 ad
984 1679 1012 1701 ι.
1038 1672 1068 1701 et
1093 1678 1158 1701 2-2.
1186 1666 1274 1701 Prol.
1303 1671 1331 1701 et
1357 1678 1386 1712 q.
1405 1678 1457 1713 39.
1477 1671 1541 1701 art.
1562 1677 1594 1701 2.
1613 1672 1701 1713 corp.

731 1725 760 1754 et
777 1732 807 1754 2.
835 1721 923 1754 Dist.
950 1731 1004 1764 42.
1033 1732 1062 1766 q.
1081 1731 1112 1754 2.
1141 1725 1205 1754 art.
1222 1731 1252 1754 2.

425 1778 454 1808 at
471 1773 555 1808 Mal.
576 1785 605 1819 q.
628 1785 659 1808 2.
687 1778 751 1808 art.
774 1774 807 1808 6.
830 1780 918 1819 corp.
939 1778 969 1808 et
987 1785 1016 1819 q.
1037 1785 1088 1818 14.
1117 1778 1182 1807 art.
1202 1785 1233 1808 2.
1249 1780 1338 1820 corp.
1360 1778 1390 1808 et
1411 1773 1463 1807 Ps.
1485 1772 1566 1818 50).

283 1862 342 1896 AD
369 1872 518 1896 PRIMUM
552 1861 602 1895 sic
625 1862 840 1908 proceditur.
863 1861 1025 1904 Videtur,
1053 1861 1148 1908 quod
1175 1869 1324 1908 peccata
1357 1872 1430 1895 non
1461 1859 1626 1894 differant
1655 1859 1777 1906 specie

212 1915 411 1949 secundum
435 1915 601 1960 objecta:
634 1923 733 1949 actus
769 1915 866 1949 enim
896 1915 1047 1949 humani
1069 1915 1260 1961 praecipue
1287 1915 1453 1948 dicuntur
1484 1914 1582 1956 boni,
1608 1913 1666 1948 vel
1688 1913 1776 1947 mali

212 1979 274 2015 per
297 1968 609 2014 comparationem
638 1969 680 2002 ad
708 1968 829 2010 finem,
857 1977 895 2002 ut
920 1979 1027 2014 supra
1054 1977 1240 2002 ostensum
1268 1975 1321 2002 est
1349 1967 1393 2014 (q.
1421 1980 1448 2003 1.
1475 1972 1530 2002 art
1554 1978 1585 2002 2.
1612 1972 1641 2001 εἰ
1667 1978 1696 2013 q.
1723 1967 1775 2002 18.

212 2026 274 2055 art.
302 2033 334 2065 4.
355 2026 381 2055 et
404 2022 474 2066 6.);
499 2033 582 2054 cum
610 2021 717 2067 igitur
744 2029 934 2067 peccatum
956 2021 1047 2054 nihil
1069 2020 1163 2054 aliud
1187 2021 1241 2062 sit,
1263 2031 1372 2066 quam
1396 2028 1496 2054 actus
1522 2019 1682 2053 hominis
1703 2030 1778 2053 ma-

212 2074 278 2116 lus,
300 2075 391 2108 sicut
406 2075 542 2108 dictum
566 2083 618 2109 est
637 2074 683 2121 (q.
698 2081 811 2122 praec.
831 2080 895 2110 art.
918 2075 987 2119 1.),·
1002 2074 1143 2108 videtur
1173 2074 1268 2120 quod
1291 2073 1491 2108 secundum
1513 2071 1603 2108 fines
1625 2081 1776 2119 peccata

212 2127 366 2162 debeant
389 2128 557 2173 distingui
586 2129 703 2174 specie
731 2128 847 2174 magis
866 2139 974 2174 quam
997 2128 1196 2162 secundum
1220 2127 1370 2171 objecta.

284 2191 315 2217 2.
342 2181 577 2216 PRAETERL-xffi
601 2181 749 2224 Malum,
765 2193 847 2215 cum
870 2181 914 2215 sit
935 2181 1099 2228 privatio,
1114 2180 1344 2226 distinguitur
1362 2181 1481 2226 specie
1504 2179 1703 2214 secundum
1726 2179 1775 2212 di-

212 2246 332 2269 versas
370 2235 506 2281 species
540 2236 807 2281 oppositorum:
830 2235 891 2269 sed
914 2243 1104 2281 peccatum
1136 2242 1188 2268 est
1214 2233 1397 2280 quoddam
1424 2232 1561 2267 malum
1585 2233 1620 2267 in
1643 2243 1777 2279 genere

211 2288 457 2322 humanorum
489 2296 652 2330 actuum3
687 2299 774 2334 crgo
808 2296 957 2334 peccata
991 2288 1107 2333 magis
1140 2287 1406 2333 distinguuntur
1432 2286 1551 2334 specie
1573 2285 1775 2321 secundum

214 2341 389 2388 opposita,
412 2352 519 2387 quam
535 2342 734 2375 secundum
756 2342 909 2387 objecta.

287 2406 316 2441 3.
338 2395 572 2429 PRAETEREA.
597 2394 635 2428 Si
656 2403 804 2440 peccata
824 2395 942 2441 specie
964 2393 1145 2429 differrent
1160 2394 1359 2428 secundum
1382 2393 1533 2439 objecta,
1552 2391 1775 2439 impossibile

214 2457 306 2484 esset
333 2449 429 2482 idem
464 2456 653 2494 peccatum
679 2449 796 2494 specie
825 2448 919 2482 circa
942 2448 1081 2482 diversa
1104 2448 1244 2493 objecta
1267 2446 1436 2481 inveniri:
1459 2446 1520 2480 sed
1546 2446 1779 2480 inveniuntur

213 2503 332 2549 aliqua
353 2501 562 2547 hujusmodi
584 2510 749 2547 peccata3
768 2512 852 2535 nam
875 2501 1039 2547 superbia
1062 2510 1114 2536 est
1135 2501 1169 2535 in
1190 2501 1294 2535 rebus
1313 2499 1565 2546 spiritualibus,
1587 2508 1621 2534 et
1640 2499 1674 2533 in
1702 2509 1778 2533 cor-

213 2555 407 2603 poralibus,
434 2563 471 2589 ut
490 2555 642 2601 Gregor.
666 2555 750 2588 dicit
772 2555 806 2588 in
822 2554 880 2588 lib.
908 2565 958 2601 34.
983 2554 1109 2588 Moral.
1128 2554 1274 2601 (cap.18.
1291 2559 1364 2588 ante
1382 2553 1480 2599 nied.)
1497 2553 1643 2587 avaritia
1665 2552 1775 2587 etiam

214 2618 266 2644 est
300 2609 394 2643 circa
427 2608 566 2642 diversa
588 2619 719 2654 genera
742 2619 882 2650 rerum3
915 2619 1001 2654 crgo
1024 2616 1172 2655 peccata
1199 2619 1272 2641 non
1295 2607 1562 2654 distinguuntur
1582 2605 1701 2652 specie
1723 2616 1777 2640 se-

215 2663 372 2697 cundum
395 2662 546 2707 objecta.

286 2716 359 2750 SED
383 2725 537 2750 CONTRA
565 2722 628 2756 cst,
643 2714 738 2760 quod
749 2719 919 2760 peccatum
935 2719 977 2748 cst
998 2714 1133 2755 dictum,
1150 2714 1202 2748 vel
1215 2713 1420 2760 sarmmst’el
1432 2713 1641 2760 concupitum
1661 2716 1778 2746 contra

214 2770 311 2816 legem
337 2770 400 2803 Dei
415 2781 425 2803 :
453 2768 514 2802 sed
537 2768 638 2810 dicta,
661 2767 718 2801 vel
737 2768 846 2813 suctu,
875 2768 929 2801 vel
953 2769 1126 2814 concupita
1148 2767 1414 2813 distinguuntur
1435 2766 1554 2813 specie
1576 2765 1774 2800 secundum

215 2824 352 2858 diversa
387 2823 545 2868 objecta3
575 2822 657 2868 quia
681 2829 779 2856 actus
810 2833 872 2867 per
898 2821 1038 2866 objecta
1076 2821 1352 2866 distinguuntur,
1375 2828 1412 2854 ut
1438 2830 1543 2867 supra
1565 2819 1699 2853 dictum
1723 2826 1778 2853 est

215 2878 262 2923 (q.
285 2878 334 2912 ιδ’.
357 2881 420 2911 art.
443 2877 505 2921 2.);
530 2887 616 2922 crgo
644 2875 751 2910 ctiam
780 2883 926 2921 peccata
950 2875 1147 2908 secundum
1170 2874 1311 2919 objecta
1333 2873 1452 2920 specie
1474 2872 1749 2918 distinguuntur.
