1907 3198
547 175 766 212 Quansrro
798 175 885 206 C1x.
919 174 1165 206 menemus
1199 173 1242 204 11.
1591 160 1674 217 829

112 266 239 294 contra
258 265 439 301 naturam,
473 266 511 293 ut
534 257 787 293 Damascenus
807 257 894 293 dicit
918 257 955 292 in
982 267 1013 292 2.
1039 256 1099 291 lib.
1125 256 1245 302 (Orth.
1276 254 1350 291 Fid.
1376 262 1447 302 cap.
1472 255 1558 302 30.).·
1585 265 1677 302 opus

112 319 234 349 autem
261 311 402 347 virtutis
435 319 490 347 est
515 311 655 346 homini
681 311 883 346 secundum
909 319 1089 352 naturam,
1115 318 1153 345 ut
1179 320 1286 355 supra
1311 309 1448 344 dictum
1476 316 1530 343 est
1555 309 1605 355 (q.
1628 320 1677 355 71.

111 370 176 402 art.
208 365 270 412 1.),·
298 376 383 401 cum
404 365 512 411 igitur
533 365 648 400 homo
675 376 737 412 per
758 364 916 411 seipsum
945 364 1058 411 possit
1084 374 1248 410 peccare,
1275 362 1415 397 videtur
1435 362 1533 409 quod
1560 361 1677 396 multo

111 419 230 466 magis
251 430 315 467 per
335 419 494 466 seipsum
517 419 628 466 possit
649 419 786 453 bonum
808 417 912 460 velle,
934 427 969 453 et
990 417 1118 452 facere.

187 483 218 520 3.
250 472 488 509 PRAETEREA.
524 473 667 508 Bonum
700 471 904 507 intellectus
938 480 992 507 est
1017 483 1156 514 verum,
1183 478 1221 506 ut
1255 469 1501 517 Philosophus
1528 469 1614 504 dicit
1640 469 1676 503 in

111 524 146 563 6.
166 525 284 562 Ethic.
306 526 396 573 (cap.
410 538 430 562 2
433 527 483 571 .:)
502 527 563 561 sed
578 525 781 561 intellectus
797 533 916 572 potest
933 536 1158 572 cognoscere
1176 535 1302 559 verum
1318 535 1380 570 per
1394 524 1573 570 seipsum3
1587 523 1680 558 sicut

111 587 148 615 et
167 579 349 627 quaelibet
375 579 444 615 alia
466 591 522 615 res
544 587 663 626 potest
683 590 788 614 suam
802 578 1007 614 naturalem
1029 578 1280 626 operationem
1299 589 1361 624 per
1376 590 1414 612 se
1431 576 1568 618 lacere;
1590 588 1679 622 ergo

112 633 230 669 multo
251 633 367 681 magis
388 634 503 669 homo
525 642 644 680 potest
665 644 728 680 per
750 632 910 679 seipsum
933 631 1063 674 facere,
1086 641 1121 667 et
1143 632 1235 667 velle
1257 632 1407 666 bonum.

183 686 260 723 SED
281 697 437 724 CONTRA
455 695 519 730 est,
541 687 637 734 quod
660 686 860 733 Apostolus
882 687 968 721 dicit
990 686 1098 722 Rom.
1121 698 1153 731 c).
1173 698 1180 720 :
1205 686 1280 721 ,Xon
1305 691 1349 721 est
1370 685 1519 728 volantis,
1543 683 1680 719 scilicet

112 739 219 785 velle,
239 752 340 788 neque
360 742 534 783 currentis,
561 740 700 776 scilicet
721 751 876 783 currere,
897 739 950 775 scd
976 741 1155 775 miserentis
1174 741 1262 775 Dei:
1282 748 1317 774 et
1343 738 1567 785 Augustinus
1594 738 1681 773 dicit

113 794 151 830 in
170 793 232 830 lib.
252 794 297 830 de
319 793 438 837 Corn,
460 802 496 830 et
516 793 580 830 Gr.
602 794 693 841 (cap.
715 794 777 839 2.),
797 794 894 841 quod
916 794 992 828 sine
1015 794 1128 839 gratia
1155 793 1296 828 nullum
1318 803 1464 840 prorsus
1487 792 1561 827 sive
1585 793 1681 839 cogi-

112 847 237 891 tando,
257 847 332 884 sive
353 847 524 890 volendo,
546 855 581 882 et
602 847 774 889 amando,
795 847 870 882 sive
890 847 1045 892 agendo,
1064 845 1200 882 faciunt
1221 846 1389 881 homines
1410 846 1560 880 bonum.

183 901 415 938 REsroum-:o
441 901 649 943 dicendum,
671 900 768 947 quod
789 909 918 936 natura
933 900 1094 935 hominis
1117 908 1235 947 potest
1249 900 1421 947 dupliciter
1435 898 1679 934 considerari:

114 967 181 992 uno
206 954 302 991 modo
327 955 364 991 in
390 955 446 990 sui
467 955 684 1001 integritate,
706 955 798 990 sicut
823 954 888 989 fuit
914 955 950 989 in
965 955 1083 1002 primo
1109 962 1360 1002 parente0ante
1383 962 1592 1001 peccatum:
1615 952 1682 988 ali0

113 1008 222 1053 modo,
245 1008 446 1045 secundum
467 1009 565 1056 quod
587 1017 640 1044 est
663 1017 831 1056 corrupta
860 1009 896 1043 in
918 1009 1022 1044 nobis
1049 1016 1130 1056 post
1160 1016 1350 1055 peccatum
1382 1008 1487 1054 primi
1514 1007 1682 1055 parentis.

114 1061 325 1099 Secundum
347 1071 470 1099 autem
491 1071 685 1110 utrumque
707 1071 840 1098 statum
855 1071 983 1098 natura
1004 1063 1166 1097 humana
1187 1062 1326 1108 indiget
1345 1061 1479 1096 auxilio
1502 1061 1626 1096 divino
1637 1061 1681 1096 ad

112 1115 334 1161 faciendum,
353 1116 412 1152 vel
426 1116 625 1152 volendum
647 1117 904 1164 quodcumque
935 1117 1085 1158 bonum,
1107 1116 1199 1151 sicut
1225 1116 1343 1163 primo
1365 1123 1548 1158 movente,
1572 1123 1611 1150 ut
1636 1115 1684 1149 di·

113 1178 213 1206 ctum
234 1178 290 1207 est
320 1170 404 1217 (art.
420 1172 575 1218 praec.).·
601 1170 662 1205 sed
690 1170 726 1204 in
753 1178 847 1205 statu
869 1178 1018 1206 naturae
1045 1171 1219 1216 integrae,
1242 1178 1418 1216 quantum
1441 1169 1484 1204 ad
1507 1167 1684 1204 sufficien-

112 1223 203 1260 tiam
228 1224 436 1272 operativae
460 1223 612 1266 virtutis,
639 1231 781 1270 poterat
806 1224 922 1259 homo
950 1236 1013 1271 per
1042 1235 1107 1259 sua
1134 1223 1312 1258 naturalia
1346 1222 1451 1265 velle,
1479 1231 1514 1258 et
1540 1222 1683 1268 operari

111 1277 251 1314 bonum
275 1289 362 1314 suae
387 1286 537 1313 naturae
563 1279 892 1324 proportionatum,
918 1278 1024 1325 quale
1052 1286 1106 1313 est
1130 1278 1269 1312 bonum
1295 1277 1436 1311 virtutis
1463 1276 1681 1323 acquisitae;

115 1342 190 1368 non
209 1339 333 1368 autem
352 1331 491 1367 bonum
512 1331 810 1378 superexcedens,
833 1331 940 1378 quale
968 1340 1021 1366 est
1042 1332 1179 1366 bonum
1210 1331 1350 1366 virtutis
1384 1330 1540 1366 infusae:
1562 1330 1623 1365 sed
1646 1330 1681 1364 in

113 1392 208 1421 statu
232 1393 382 1420 naturae
407 1392 598 1432 corruptae
625 1384 735 1419 etiam
761 1385 883 1420 deficit
916 1385 1030 1420 homo
1058 1385 1100 1419 ab
1127 1385 1211 1426 hoc,
1234 1385 1331 1431 quod
1354 1384 1555 1419 secundum
1577 1395 1681 1419 suam

113 1445 281 1475 naturam
297 1445 427 1486 potest,
448 1446 487 1473 ut
507 1449 580 1473 non
604 1438 717 1485 possit
737 1446 856 1473 totum
882 1438 1095 1484 hujusmodi
1116 1438 1256 1472 bonum
1277 1437 1428 1484 implere
1451 1449 1514 1484 per
1535 1449 1599 1472 sua
1624 1449 1684 1472 na·

112 1491 254 1528 turalia.
277 1490 375 1535 Quia
387 1500 510 1527 tamen
531 1499 658 1527 natura
677 1492 838 1527 humana
858 1504 920 1539 per
938 1500 1130 1539 peccatum
1149 1503 1222 1527 non
1245 1500 1299 1526 est
1317 1491 1476 1526 totaliter
1502 1500 1682 1538 corrupta,

114 1554 154 1582 ut
172 1545 313 1582 scilicet
331 1554 411 1582 toto
436 1545 534 1580 bono
556 1554 706 1581 naturae
728 1546 898 1593 privetur,
920 1554 1039 1593 potest
1059 1545 1206 1592 quidem
1229 1545 1339 1581 etiam
1367 1545 1402 1579 in
1422 1553 1515 1580 statu
1533 1554 1682 1580 naturae

113 1607 305 1648 corruptae
325 1611 390 1646 per
409 1599 579 1635 virtutem
601 1611 687 1635 suae
718 1608 867 1635 naturae
890 1600 1036 1647 aliquod
1058 1600 1197 1635 bonum
1216 1599 1430 1646 particulare
1457 1611 1577 1646 agere,
1591 1600 1684 1635 sicut

114 1652 305 1690 aedificare
337 1653 481 1695 domos,
512 1653 673 1699 plantare
695 1653 832 1696 vineas,
855 1662 890 1689 et
911 1654 980 1688 alia
1002 1653 1224 1699 hujusmodi,
1245 1664 1319 1687 non
1340 1662 1462 1688 tamen
1485 1662 1603 1689 totum
1624 1653 1685 1688 bo-

114 1718 204 1744 num
224 1706 292 1743 sibi
313 1706 560 1750 connaturale,
580 1707 630 1742 ita
650 1707 748 1754 quod
771 1707 806 1741 in
829 1707 930 1742 nullo
945 1707 1107 1742 deficiat:
1134 1707 1227 1742 sicut
1248 1707 1363 1742 horno
1386 1706 1548 1742 infirmus
1567 1715 1685 1754 potest

114 1772 179 1810 per
197 1761 357 1809 seipsum
394 1761 553 1808 aliquem
590 1769 733 1796 motum
759 1762 904 1804 habere,
941 1773 1015 1796 non
1048 1770 1171 1797 tamen
1198 1760 1354 1808 perfecte
1392 1770 1511 1808 potest
1544 1761 1684 1796 moveri

114 1823 218 1851 motu
242 1815 404 1850 hominis
425 1814 513 1857 sani,
535 1815 603 1849 nisi
624 1823 769 1850 sanetur
791 1814 924 1850 auxilio
941 1815 1163 1856 medicinam
1182 1815 1231 1850 sic
1249 1815 1356 1861 igitur
1377 1815 1507 1850 virtute
1527 1815 1682 1861 gratuita

115 1869 344 1918 superaddita
369 1868 490 1904 virtuti
511 1877 660 1903 naturae
683 1868 820 1915 indiget
841 1869 956 1904 homo
978 1869 1014 1903 in
1036 1877 1129 1904 statu
1151 1877 1301 1904 naturae
1322 1869 1483 1916 integrae
1506 1877 1681 1916 quantum

117 1923 163 1959 ad
183 1934 310 1966 unum,
325 1921 466 1958 scilicet
486 1922 529 1957 ad
552 1922 791 1969 operandum,
813 1930 847 1958 et
868 1922 1067 1958 volendum
1084 1923 1222 1957 bonum
1249 1923 1539 1969 supernaturale:
1563 1923 1625 1958 sed
1646 1923 1683 1957 in

116 1985 212 2014 statu
235 1984 387 2013 naturae
413 1984 606 2023 corruptae
633 1984 808 2023 quantum
835 1976 879 2011 ad
906 1977 991 2019 duo,
1017 1975 1155 2012 scilicet
1177 1984 1215 2011 ut
1235 1984 1392 2018 sanetur,
1415 1985 1450 2012 ct
1472 1976 1620 2012 ulterius
1646 1985 1684 2012 ut

116 2030 255 2067 bonum
275 2029 557 2078 supernaturalis
577 2030 716 2065 virtutis
735 2038 915 2077 operetur,
937 2030 1034 2077 quod
1056 2038 1110 2065 est
1131 2030 1376 2066 meritorium:
1399 2030 1548 2066 ulterius
1562 2039 1683 2066 autem

117 2084 155 2121 in
175 2092 330 2132 utroque
350 2092 444 2120 statu
465 2083 603 2130 indiget
622 2084 738 2118 homo
766 2083 899 2119 auxilio
925 2083 1061 2126 divino,
1083 2092 1122 2119 ut
1143 2084 1186 2119 ab
1212 2084 1292 2131 ipso
1314 2093 1505 2120 moveatur
1526 2085 1570 2120 ad
1591 2084 1682 2120 bene

119 2137 313 2186 agendum.

189 2192 413 2229 ADPRIMUM
431 2202 520 2238 ergo
541 2191 747 2234 dicendum,
768 2191 865 2238 quod
887 2191 1002 2227 homo
1025 2200 1078 2227 est
1103 2191 1274 2227 dominus
1295 2203 1443 2227 suorum
1468 2201 1628 2235 actuum,
1649 2201 1685 2228 et

119 2244 278 2289 volendi,
291 2254 328 2282 et
342 2256 417 2281 non
434 2245 592 2288 volendi,
607 2253 752 2292 propter
771 2245 1070 2281 deliberationem
1091 2246 1252 2288 rationis,
1275 2258 1367 2293 quae
1390 2255 1508 2293 potest
1530 2246 1624 2282 flecti
1639 2246 1683 2281 ad

120 2309 233 2335 unam
263 2307 417 2348 partem,
441 2298 499 2334 vel
528 2298 572 2334 ad
599 2298 728 2334 aliam:
755 2299 817 2333 sed
845 2299 941 2345 quod
969 2299 1152 2341 deliberet,
1185 2299 1242 2335 vel
1276 2311 1349 2334 non
1381 2300 1568 2342 deliberet,
1595 2309 1630 2336 et
1655 2301 1684 2335 si

119 2352 330 2400 hujusmodi
346 2352 457 2388 etiam
475 2352 520 2388 sit
537 2352 718 2393 dominus,
737 2361 892 2398 oportet,
914 2353 1010 2399 quod
1029 2353 1100 2388 hoc
1122 2353 1167 2388 sit
1189 2365 1250 2400 per
1268 2353 1567 2389 deliberationem
1582 2365 1685 2400 prae·

121 2407 329 2443 cedentem:
351 2414 485 2442 etcum
511 2405 582 2441 hoc
605 2417 678 2441 non
702 2406 902 2452 procedat
896 2418 930 2441 in
954 2406 1145 2449 infinitum,
1167 2416 1311 2453 oportet
1338 2408 1434 2454 quod
1458 2407 1612 2443 finaliter
1629 2408 1686 2443 de·

120 2449 284 2497 vallatur
301 2460 346 2496 ad
367 2459 452 2502 hoc,
473 2459 570 2507 quod
597 2458 748 2494 liberum
775 2460 960 2495 arbitrium
987 2460 1146 2495 hominis
1169 2470 1359 2496 moveatur
1382 2462 1423 2495 ab
1446 2461 1568 2508 aliquo
1594 2471 1685 2497 exte-

120 2514 207 2551 riori
230 2514 420 2562 principio,
446 2514 542 2560 quod
570 2522 624 2549 est
644 2525 749 2560 supra
777 2522 936 2549 mentem
963 2514 1175 2556 humanam,
1202 2515 1341 2550 scilicet
1363 2527 1381 2549 a
1405 2516 1497 2556 Deo,
1520 2525 1556 2550 ut
1575 2516 1683 2551 etiam

121 2567 217 2605 Phil.
243 2567 403 2616 probat
394 2579 432 2602 m
453 2578 531 2614 cap.
558 2566 602 2602 de
627 2567 715 2602 Bon.
743 2567 856 2611 Fort.;
883 2568 976 2603 unde
1000 2580 1103 2603 mens
1130 2569 1289 2603 hominis
1311 2569 1419 2603 etiam
1443 2569 1520 2603 sani
1541 2580 1615 2604 non
1637 2569 1685 2604 ita

122 2620 232 2658 habet
255 2621 460 2658 dominium
485 2620 541 2656 sui
567 2629 679 2662 actm,
701 2621 786 2667 quin
808 2621 967 2669 indigeat
993 2622 1132 2657 moveri
1156 2634 1174 2656 a
1194 2623 1292 2657 Deo:
1316 2631 1351 2657 et
1374 2622 1488 2657 multo
1512 2623 1628 2669 magis
1650 2622 1686 2657 li-

122 2675 250 2712 berum
270 2674 456 2711 arbitrium
476 2674 635 2709 hominis
650 2674 781 2709 infirmi
803 2683 885 2722 post
905 2685 1107 2723 peccatum,
1129 2688 1192 2723 per
1212 2676 1309 2723 quod
1332 2676 1525 2723 impeditur
1547 2687 1566 2711 a
1588 2677 1685 2712 bono

124 2739 189 2777 per
207 2728 479 2777 corruptionem
500 2737 661 2764 naturae.

194 2782 256 2819 AD
282 2790 491 2820 secunaum
511 2782 717 2823 dicendum,
739 2782 835 2828 quod
857 2794 1008 2830 peccare
1029 2783 1119 2818 nihil
1141 2783 1238 2819 aliud
1260 2793 1323 2826 est,
1350 2795 1459 2831 quam
1485 2784 1639 2820 delicere
1666 2796 1685 2820 a

123 2837 235 2880 bono,
252 2835 353 2886 quod
369 2835 541 2872 convenit
561 2835 668 2871 alicui
688 2835 886 2871 secundum
906 2845 1201 2873 suamnaturam.
1226 2837 1473 2885 Unaquaeque
1489 2847 1610 2873 autem
1630 2850 1686 2874 res

125 2897 248 2929 creatu
264 2889 360 2929 deut
377 2900 456 2926 esse
473 2900 548 2925 non
566 2888 675 2925 habet
695 2889 762 2925 nisi
783 2890 826 2925 ab
849 2889 933 2934 alio,
954 2899 990 2927 et
1010 2890 1046 2926 in
1068 2903 1106 2927 se
1128 2891 1356 2927 considerata
1377 2891 1467 2927 nihil
1486 2900 1552 2935 cst,
1571 2892 1618 2928 ita
1638 2893 1686 2928 in·
