1907 3198
0 1518 8 1557 ,-
0 1452 2 1459 v

527 187 749 226 QUAESTIO
784 186 855 216 CX.
890 183 1134 216 ARTICULUS
1169 182 1229 212 111.
1573 167 1653 223 845

97 287 176 313 esse
194 275 274 312 sine
295 275 409 321 gratia
432 282 573 320 gratum
596 271 766 311 faciente;
788 279 905 315 neque
927 267 1037 302 etiam
1059 264 1227 305 charitas,
1251 263 1334 310 quia
1353 263 1465 308 gratia
1482 262 1660 309 praevenit

96 330 305 372 charitatem,
327 336 365 363 ut
386 328 540 373 August.
562 325 648 360 dicit
668 325 703 359 in
726 323 817 358 libro
840 325 883 357 de
905 321 1086 356 Pracdest.
1109 319 1250 360 Sanct.;
1269 327 1357 362 ergo
1376 315 1490 362 gratia
1512 326 1585 349 non
1607 321 1661 349 est

96 383 220 419 virtus.

166 436 397 473 RESPONDEO
419 434 624 474 dicendum,
639 431 735 479 quod
758 430 904 478 quidam
925 436 1132 476 posuerunt,
1152 427 1247 461 idem
1270 436 1348 460 esse
1360 427 1522 469 gratiam,
1543 431 1577 457 et
1597 423 1662 456 vir·

98 494 199 527 tutem
220 488 419 525 secundum
442 487 647 527 essentiam,
669 485 730 520 sed
753 483 895 518 differre
914 482 1033 517 solum
1056 480 1257 516 secundum
1279 478 1479 518 rationem;
1502 484 1538 510 ut
1551 477 1661 522 gratia

97 543 248 586 dicatur,
273 542 473 578 secundum
507 541 604 588 quod
630 539 715 574 facit
748 537 938 572 hominem
965 536 1046 571 Deo
1074 542 1228 580 gratum,
1255 532 1311 567 vel
1339 530 1538 566 secundum
1566 529 1662 576 quod

99 598 210 645 gratis
229 596 350 639 datur;
379 596 488 630 virtus
514 602 647 635 autem,
669 592 868 627 secundum
891 589 998 637 'quod
1021 587 1159 636 perficit
1180 586 1223 621 ad
1244 586 1335 620 bene
1357 583 1603 630 operandum:
1630 590 1665 616 et

97 651 170 687 hoc
191 651 332 686 videtur
352 649 504 685 sensisse
532 647 705 692 Magister
731 646 766 680 in
794 655 824 679 2.
854 644 953 679 Sent.
975 643 1054 678 dist.
1079 640 1154 676 26.:
1181 640 1243 675 sed
1271 639 1299 674 si
1326 638 1406 685 quis
1433 645 1528 672 recte
1551 637 1666 671 consi-

99 704 199 740 deret
215 703 395 739 rationem
408 701 560 743 virtutis,
575 701 646 735 hoc
661 707 755 734 stare
773 709 847 732 non
863 704 998 744 potcst;
1012 695 1107 742 quia,
1120 702 1156 729 ut
1171 693 1309 728 Philos.
1324 691 1411 726 dicit
1425 691 1459 725 in
1475 701 1507 736 7.
1519 689 1664 736 Physic.

100 758 180 804 (ίικ.
194 755 279 806 17.),
295 756 408 791 virtus
429 763 483 791 est
502 754 682 802 quaedam
703 751 892 799 dispositio
911 749 1078 798 perfecti:
1096 748 1178 783 dico
1198 755 1319 782 autem
1341 743 1552 792 perfectum,
1568 742 1665 790 quod

100 819 154 847 est
173 809 387 858 dispositum
408 807 610 844 secundum
631 815 815 842 naturam:
838 816 880 839 ex
901 815 974 851 quo
996 811 1104 850 patet,
1131 801 1228 848 quod
1250 800 1362 835 virtus
1384 798 1665 843 uniuscujusque

101 864 154 901 rei
173 864 303 900 dicitur
334 863 371 898 in
403 862 529 898 ordine
556 861 600 896 ad
627 860 786 907 aliquam
812 866 979 892 naturam
1006 856 1325 903 praeexistenteni;
1351 852 1496 900 quando
1529 850 1668 886 scilicet

102 917 386 965 unumquodque
398 917 449 952 sic
471 923 525 951 est
541 914 769 962 dispositum,
784 912 984 947 secundum
1006 910 1103 957 quod
1122 908 1290 955 congruit
1307 918 1393 942 suae
1414 914 1575 940 naturae.
1595 904 1670 938 Ma-

102 970 273 1008 nifestum
293 978 349 1006 est
369 977 502 1012 autem,
536 968 634 1016 quod
654 968 803 1003 virtutes
825 965 1022 1012 acquisitae
1044 975 1107 1011 per
1133 971 1234 997 actus
1260 962 1454 1002 humanos,
1475 959 1520 994 de
1541 958 1668 1005 quibus

102 1037 210 1074 supra
229 1025 368 1061 dictum
385 1032 441 1060 est
459 1026 505 1070 (q.
524 1035 570 1070 55.
584 1028 612 1058 ct
631 1023 726 1068 seq),
742 1029 824 1056 sunt
845 1019 1113 1066 dispositiones,
1132 1016 1259 1064 quibus
1273 1015 1389 1050 homo
1411 1012 1670 1048 convenienter

103 1080 304 1128 disponitur
317 1079 354 1115 in
370 1079 496 1114 ordine
518 1077 562 1112 ad
583 1085 763 1118 naturam,
777 1086 847 1122 qua
866 1074 980 1108 homo
999 1081 1075 1107 est:
1093 1072 1242 1106 virtutes
1261 1078 1382 1104 autem
1401 1066 1539 1102 infusae
1553 1066 1670 1112 dispo-

102 1141 194 1170 nunt
212 1133 404 1170 hominem
425 1131 543 1167 altiori
565 1131 689 1172 modo,
704 1138 738 1165 et
757 1129 800 1164 ad
816 1127 984 1162 altiorem
1006 1126 1136 1167 fincm;
1155 1124 1249 1159 unde
1271 1123 1380 1158 etiam
1399 1128 1554 1167 oportet,
1573 1118 1670 1166 quod

103 1187 140 1224 in
161 1187 287 1223 ordine
309 1186 354 1222 ad
375 1185 534 1233 aliquam
557 1185 724 1219 altiorem
746 1191 925 1223 naturam,
952 1181 1022 1215 hoc
1046 1187 1100 1214 est
1119 1179 1156 1213 in
1178 1177 1304 1213 ordine
1327 1176 1370 1211 ad
1397 1184 1564 1210 naturam
1586 1172 1672 1207 divi-

102 1252 190 1277 nam
204 1240 467 1289 participatam,
482 1250 573 1286 quae
583 1238 712 1273 dicitur
726 1237 835 1272 lumen
848 1236 990 1282 gratiae,
1006 1233 1206 1269 secundum
1217 1230 1314 1278 quod
1325 1230 1455 1265 dicitur
1470 1239 1500 1263 2.
1516 1228 1609 1262 Petr.
1630 1237 1670 1262 1.:

105 1296 274 1337 Maxima,
300 1298 332 1330 et
348 1294 490 1341 pretiosa
517 1293 611 1327 vobis
630 1292 797 1339 promissa
828 1289 977 1330 donavit,
1002 1292 1035 1322 ut
1051 1293 1113 1334 per
1134 1286 1211 1321 haec
1232 1285 1422 1331 efficiamini
1443 1282 1578 1317 divinae:
1595 1292 1672 1316 con-

103 1354 204 1385 sortes
223 1353 383 1384 naturae:
405 1355 440 1382 et
460 1345 661 1382 secundum
682 1343 935 1391 acceptionem
957 1340 1166 1387 hujusmodi
1184 1347 1334 1373 naturae
1353 1337 1507 1372 dicimur
1528 1345 1673 1380 regene-

105 1403 176 1438 rari
194 1402 232 1438 in
251 1401 347 1437 filios
366 1400 457 1444 Dei;
478 1401 570 1435 sicut
590 1399 698 1446 igitur
715 1397 838 1432 lumen
860 1395 1023 1431 naturale
1046 1393 1196 1429 rationis
1219 1401 1272 1428 est
1289 1391 1424 1438 aliquid
1446 1397 1586 1437 praeter
1607 1389 1673 1422 vir-

106 1464 200 1492 tutes
219 1454 424 1502 acquisitas,
437 1464 530 1501 quae
552 1453 720 1488 dicuntur
741 1451 776 1485 in
799 1451 924 1485 ordine
947 1449 991 1483 ad
1005 1449 1124 1495 ipsum
1146 1447 1269 1482 lumen
1292 1444 1473 1480 naturale:
1496 1444 1544 1478 ita
1562 1442 1671 1477 etiam

106 1509 226 1558 ipsum
245 1507 369 1544 lumen
384 1507 532 1555 gratiae,
547 1506 644 1553 quod
663 1513 717 1541 est
730 1503 957 1552 participatio
972 1502 1115 1537 divinae
1137 1509 1298 1542 naturae,
1313 1507 1367 1534 est
1381 1497 1514 1545 aliquid
1534 1505 1674 1543 praeter

104 1563 255 1598 virtutes
275 1560 422 1604 infusas,
443 1572 535 1608 quae
562 1571 583 1594 a
603 1559 741 1594 lumine
763 1557 826 1593 illo
849 1558 1067 1598 derivantur,
1082 1563 1117 1590 et
1131 1554 1176 1589 ad
1197 1553 1285 1588 illud
1303 1553 1425 1587 lumen
1441 1551 1674 1591 ordinantur3

107 1616 204 1652 unde
223 1614 424 1663 Apostolus
444 1614 532 1650 dicit
553 1613 598 1648 ad
619 1613 750 1660 Ephes.
777 1623 825 1657 5.:
848 1612 963 1647 Eratis
985 1608 1163 1656 aliquando
1186 1609 1346 1649 tenebrae,
1369 1618 1456 1641 nunc
1482 1609 1590 1640 aulem
1617 1604 1674 1638 lux

107 1672 144 1707 in
168 1670 340 1706 Domino:
367 1674 402 1705 ut
423 1669 488 1715 filii
513 1668 594 1703 lucis
619 1666 803 1707 ambulate,-
839 1665 930 1700 sicut
957 1664 1055 1698 enirn
1088 1663 1236 1697 virtutes
1263 1660 1459 1707 acquisitae
1486 1657 1676 1706 perficiunt

107 1723 299 1760 hominem
320 1722 366 1758 ad
387 1721 660 1763 ambulandum,
674 1720 875 1755 secundum
893 1718 990 1765 quod
1005 1715 1174 1762 congruit
1187 1714 1316 1749 lumini
1334 1712 1489 1748 naturali
1507 1711 1674 1747 rationis:

109 1778 159 1814 ita
177 1779 328 1814 virtutes
359 1775 499 1811 infusae
532 1774 722 1822 perficiunt
746 1773 936 1808 hominem
968 1771 1012 1805 ad
1046 1769 1321 1811 ambulandum,
1350 1766 1550 1802 secundum
1579 1765 1676 1812 quod

109 1830 279 1879 congruit
297 1829 427 1865 lumini
448 1829 596 1876 gratiae.

181 1885 243 1921 An
257 1894 407 1921 Panum
429 1894 516 1930 ergo
532 1881 739 1923 dicendum,
753 1880 851 1928 quod
867 1879 1092 1924 Augustinus
1109 1876 1275 1912 nominat
1281 1874 1382 1922 fidem
1393 1880 1456 1922 per
1472 1873 1675 1908 dilectionem

110 1943 298 1988 operantem
312 1937 486 1985 gratiam:
502 1936 585 1983 quia
599 1943 699 1970 actus
719 1934 801 1969 fidei
817 1945 879 1980 per
894 1932 1127 1967 dilectionem
1143 1929 1326 1978 operantis
1342 1936 1394 1964 est
1409 1928 1545 1975 primus
1564 1919 1677 1968 actus,

110 1993 149 2029 in
169 2003 243 2040 quo
264 1991 379 2040 gratia
401 1999 544 2038 gratum
566 1988 701 2024 faciens
724 1986 984 2022 manifestatur.

182 2046 244 2082 AD
265 2054 474 2082 SECUNDUM
495 2042 702 2084 dicendum,
723 2041 820 2088 quod
848 2042 968 2075 bonum
990 2038 1149 2086 positum
1177 2037 1213 2072 in
1235 2036 1446 2072 definitione
1467 2034 1609 2070 virtutis
1630 2033 1677 2068 di-

113 2099 206 2136 citur
217 2098 418 2135 secundum
435 2096 730 2133 convenientiam
750 2095 794 2129 ad
809 2094 967 2140 aliquam
981 2100 1148 2127 naturam
1163 2092 1475 2138 praeexistentem,
1490 2088 1547 2123 vel
1562 2098 1679 2122 essen-

112 2152 250 2196 tialem,
274 2151 334 2188 vel
350 2151 620 2198 participatam:
643 2149 694 2184 sic
717 2157 837 2183 autem
866 2149 985 2182 bonum
1013 2157 1087 2180 non
1110 2144 1311 2180 attribuitur
1332 2143 1480 2190 gratiae,
1503 2141 1564 2177 sed
1586 2141 1678 2176 sicut

113 2206 228 2242 radici
247 2204 417 2241 bonitatis
437 2204 473 2239 in
495 2203 658 2245 homine,
685 2210 723 2236 ut
743 2201 879 2236 dictum
903 2209 956 2236 est
977 2200 1029 2244 (in
1052 2205 1143 2247 corp.
1165 2198 1259 2243 art).

187 2259 250 2296 AD
270 2267 444 2300 TERTIUM
465 2257 672 2298 dicendum,
693 2255 790 2302 quod
814 2254 926 2299 gratia
949 2253 1129 2288 reducitur
1151 2253 1193 2287 ad
1216 2252 1370 2299 primam
1392 2250 1550 2297 speciem
1570 2247 1680 2295 quali-

115 2313 217 2350 tatis:
243 2323 311 2349 nec
330 2320 454 2348 tamen
473 2318 527 2346 est
547 2310 644 2345 idem
667 2310 763 2356 quod
787 2309 910 2349 virtus,
925 2308 986 2342 scd
1009 2307 1183 2342 habitudo
1198 2306 1389 2352 quaedam,
1405 2315 1496 2351 quae
1515 2313 1680 2350 praesup-

117 2366 262 2415 ponitur
281 2365 470 2401 virtutibus
491 2363 630 2406 infusis,
654 2363 746 2398 sicut
767 2373 891 2397 carum
915 2360 1143 2408 principium,
1166 2368 1200 2395 et
1222 2359 1332 2394 radix.

661 2492 1008 2540 ARTICULUS
1042 2493 1116 2536 IV.
1615 2500 1680 2547 539

189 2605 341 2638 UTRUM
368 2604 530 2636 GRATIA
557 2604 625 2634 SIT
653 2603 696 2634 IN
724 2602 931 2633 ESSENTIA
959 2601 1122 2632 ANIMAE
1151 2599 1279 2630 SICUT
1309 2599 1350 2628 IN
1379 2597 1610 2640 SUBJECTO,

566 2670 621 2701 AN
650 2669 691 2699 IN
721 2668 885 2705 ALIQUA
912 2665 1241 2698 PO'I'ENTIARUM.

122 2758 234 2806 (Part.
252 2770 280 2807 3.
302 2770 332 2807 q.
349 2769 380 2806 7.
393 2763 461 2795 art.
484 2767 513 2793 2.
535 2762 564 2792 ct
576 2769 606 2804 q.
629 2757 684 2792 62.
707 2761 772 2791 art.
789 2767 818 2791 2.
841 2760 868 2790 c!
883 2766 912 2790 2.
930 2755 1017 2790 Dist.
1033 2767 1062 2801 q.
1080 2754 1254 2799 26.‹1rt.3.
1270 2757 1299 2787 ct
1319 2750 1404 2786 l'cri.
1419 2763 1448 2797 q.
1469 2762 1521 2797 27·
1540 2755 1603 2785 ιιι-Ι.
1617 2750 1681 2795 6.).

191 2845 254 2884 At>
274 2856 464 2889 αυΑιιτυΜ
485 2845 537 2881 sic
559 2845 774 2892 proceditur.
797 2842 963 2886 videtur,
980 2843 1077 2890 quod
1100 2842 1213 2887 gratia
1236 2852 1308 2875 non
1328 2840 1372 2875 sit
1389 2839 1422 2874 in
1439 2839 1593 2874 essentia
1613 2838 1685 2873 ani-

123 2911 205 2937 mae
225 2900 320 2937 sicut
339 2900 374 2936 in
396 2900 571 2946 subjecto,
592 2898 653 2934 sed
676 2898 711 2933 in
733 2897 853 2945 aliqua
876 2897 1138 2944 potentiarum:
1160 2895 1246 2930 dicit
1267 2894 1364 2929 enini
1389 2894 1482 2939 Aug.
1505 2892 1538 2926 in
1565 2892 1684 2939 Hypo-
