1907 3198
550 171 774 209 Quas-rm
807 173 876 204 cv.
911 172 1157 219 Ant-remus
1189 172 1233 203 11.
1600 176 1654 220 79
1661 177 1682 220 ς

116 259 154 288 et
171 252 283 300 gratis
303 260 530 288 mutuantem
550 264 625 288 non
647 253 920 290 defraudarem:
942 255 971 290 si
993 262 1114 291 autem
1133 254 1287 290 omnino
1305 255 1525 302 impotentes
1555 266 1688 300 essent,

117 305 247 341 eadem
267 306 406 342 ratione
428 307 479 341 eis
501 315 577 342 erat
597 307 758 343 debitum
785 309 1042 344 remittendum
1065 320 1107 344 ea
1128 308 1337 351 dilectione,
1365 321 1436 356 qua
1469 311 1579 345 etiam
1612 319 1689 346 erat

116 358 170 395 eis
188 359 235 395 de
251 369 352 395 novo
373 359 532 395 dandum
555 369 701 408 propter
720 361 970 408 indigentiam.
990 362 1098 397 Circa
1117 361 1289 397 animalia
1307 374 1395 397 vero
1415 371 1578 398 mutuata
1596 364 1687 399 haec

114 411 174 448 lex
192 412 326 455 statuit,
347 420 386 448 ut
407 422 554 460 propter
573 414 833 461 negligentiam
864 417 951 461 ejus,
986 415 1043 450 cui
1078 423 1241 450 mutuata
1275 423 1369 458 sunt,
1391 416 1419 450 si
1442 418 1476 451 in
1499 417 1609 463 ipsius
1631 417 1688 451 ab·

114 465 231 502 sentia
251 466 463 509 moriantur,
485 467 541 502 vel
563 468 804 510 debilitentur,
845 469 994 504 reddere
1016 480 1057 503 ea
1080 469 1340 515 compellatur:
1363 470 1390 504 si
1409 481 1508 512 vero,
1527 482 1572 504 eo
1591 481 1689 516 prae-

114 528 229 563 sente,
248 527 286 555 et
304 519 496 567 diligenter
517 522 755 564 custodiente,
778 530 923 557 mortua
945 521 1086 564 fuerint,
1106 522 1165 557 vel
1183 522 1378 565 debilitata,
1397 534 1471 558 non
1490 524 1688 570 cogebatur

114 572 323 617 rutimere3
343 581 379 609 et
400 574 559 610 maxime
581 575 610 609 si
632 584 733 610 erant
755 576 924 611 mercede
947 577 1146 618 conducta;
1167 576 1251 623 quia
1273 576 1322 610 ita
1344 577 1452 611 etiam
1486 577 1687 623 potuissent

114 627 222 671 mori,
242 633 279 662 et
297 626 474 663 debilitari
497 628 588 675 apud
612 636 860 665 mutuantem:
883 637 918 664 et
939 630 986 664 ita
1008 631 1036 664 si
1059 629 1377 665 conservationem
1407 630 1575 666 animalis
1605 642 1689 665 con-

115 687 335 728 sequeretur,
354 681 429 727 jam
451 680 598 728 aliquod
619 681 761 717 lucrum
782 690 982 730 reportaret
1003 694 1045 718 ex
1067 691 1207 725 mutuo,
1229 691 1265 718 et
1285 694 1359 718 non
1378 692 1473 719 esset
1490 684 1687 730 gratuitum

114 741 294 770 mutuum.
309 733 354 770 Et
366 734 526 770 maxime
543 735 615 770 hoc
637 735 905 771 observandum
928 745 1015 778 erat,
1037 736 1183 783 quando
1205 737 1378 772 animalia
1397 746 1499 773 erant
1517 739 1687 774 mercede

114 786 316 831 conducta3
335 788 420 836 quia
433 796 519 823 tunc
535 788 718 824 habebant
740 797 878 825 certum
894 790 1048 836 pretium
1064 801 1130 837 pro
1148 801 1215 825 usu
1233 791 1465 826 animalium:
1485 792 1579 826 unde
1597 791 1688 827 nihil

114 851 323 878 accrescere
343 842 498 878 debebat
518 854 583 890 per
603 843 867 878 restitutionem
889 843 1116 886 animalium,
1141 844 1211 879 nisi
1246 853 1393 892 propter
1424 845 1687 892 negligentiam

113 894 368 932 custodientis:
390 895 420 931 si
434 903 556 932 autem
570 908 644 931 non
661 905 781 932 essent
793 897 962 932 mercede
977 897 1170 940 conducta,
1184 898 1361 945 potuisset
1374 899 1510 934 habere
1527 899 1687 946 aliquam

113 948 346 997 aequitatem,
366 957 406 985 ut
425 949 555 985 saltem
576 958 717 985 tantum
739 950 956 994 restitueret,
977 958 1155 998 quantum
1173 962 1259 987 usus
1278 952 1446 988 animalis
1465 953 1611 996 mortui,
1630 952 1688 988 vel

111 1001 288 1039 debilitati
307 1003 464 1038 conduci
485 1004 673 1051 potuisset.

183 1055 246 1092 An
271 1066 453 1098 Qumrun
475 1057 684 1100 dicendum,
706 1057 803 1105 quod
825 1057 916 1094 haec
939 1057 1141 1094 differentia
1162 1066 1216 1094 est
1236 1059 1330 1095 inter
1350 1064 1516 1103 mutuum,
1539 1068 1576 1096 et
1595 1059 1688 1108 depo-

109 1110 212 1147 situm
231 1110 317 1158 quia
336 1115 488 1146 mutuam
520 1111 673 1146 traditur
693 1111 728 1146 in
751 1111 942 1147 utilitatem
963 1113 1052 1158 eius,
1071 1112 1312 1158 cui,traditur,
1333 1113 1395 1148 sed
1417 1113 1599 1161 depositum
1620 1122 1689 1149 tra-

111 1163 208 1200 ditur
226 1163 265 1200 in
284 1163 478 1200 utilitatem
499 1164 734 1212 deponentis:
757 1173 792 1200 et
814 1165 896 1200 ideo
918 1166 1035 1212 magis
1057 1166 1262 1201 arctabatur
1284 1166 1412 1214 aliquis
1441 1167 1478 1202 in
1508 1167 1688 1215 aliquibus

112 1217 255 1254 casibus
271 1217 316 1253 ad
336 1218 599 1254 restituendum
616 1224 783 1262 mutuum,
800 1230 909 1266 quam
925 1219 970 1254 ad
985 1219 1246 1254 restituendum
1261 1220 1454 1268 depositum.
1468 1221 1686 1268 Depositum

111 1271 211 1307 enim
227 1271 330 1320 perdi
346 1279 489 1318 poterat
505 1271 705 1320 dupliciter:
725 1284 788 1307 uno
807 1272 902 1307 modo
919 1283 963 1307 ex
982 1284 1090 1308 causa
1109 1273 1318 1316 inevitabili,
1337 1275 1389 1309 vel
1407 1274 1582 1317 naturali3
1601 1283 1687 1321 puta

110 1325 142 1361 si
161 1332 257 1361 esset
276 1332 475 1368 mortuum,
495 1324 554 1360 vel
575 1325 802 1361 debilitatum
824 1325 960 1360 animal
981 1326 1206 1374 depositum:
1227 1328 1280 1362 vel
1302 1329 1522 1370 extrinseca;
1551 1336 1636 1374 puta
1658 1329 1688 1363 si

111 1385 207 1415 esset
226 1386 374 1426 captum
395 1378 440 1414 ab
460 1378 638 1421 hostibus,
658 1379 718 1414 vel
738 1379 768 1414 si
786 1387 881 1414 esset
898 1387 1103 1414 comestum
1123 1391 1142 1414 a
1161 1380 1294 1415 bestia:
1314 1381 1349 1415 in
1369 1393 1442 1428 quo
1459 1389 1582 1416 tamen
1601 1393 1687 1417 casu

108 1432 300 1468 tenebatur
315 1431 455 1468 deferre
473 1432 518 1468 ad
535 1432 727 1468 dominum
746 1433 914 1468 animalis
932 1433 980 1475 id,
998 1434 1096 1480 quod
1115 1433 1160 1468 de
1178 1434 1327 1469 animali
1346 1435 1472 1470 occiso
1490 1444 1686 1482 supererat:

109 1485 149 1522 in
168 1485 248 1522 aliis
268 1493 392 1522 autem
412 1486 626 1534 supradictis
647 1486 789 1521 casibus
810 1486 902 1521 nihil
923 1487 1072 1522 reddere
1091 1488 1299 1531 tenebatur;
1321 1488 1383 1523 sed
1405 1489 1526 1523 solum
1557 1489 1600 1524 ad
1632 1500 1690 1524 ex-

108 1539 337 1588 purgandam
358 1540 605 1588 suspicionem
626 1539 761 1575 fraudis
782 1540 972 1575 tenebatur
992 1542 1237 1586 juramentum
1259 1550 1462 1588 praestare:
1492 1543 1560 1577 alio
1590 1543 1686 1577 modo

107 1600 254 1641 poterat
271 1593 374 1641 perdi
394 1604 437 1629 ex
458 1604 568 1629 causa
589 1594 769 1637 evitabili3
791 1602 876 1641 puta
899 1606 962 1641 per
983 1593 1140 1629 furtum:
1161 1604 1197 1630 et
1222 1604 1307 1630 tunc
1330 1605 1477 1644 propter
1503 1597 1687 1643 negligen-

106 1646 199 1683 tiam
220 1647 380 1683 custodis
399 1647 550 1683 reddere
570 1647 777 1683 tenebatur:
799 1648 875 1690 sed,
897 1648 990 1683 sicut
1010 1649 1148 1684 dictum
1171 1657 1224 1684 est
1239 1650 1289 1693 (in
1304 1656 1385 1697 resp.
1405 1650 1448 1685 ad
1465 1652 1528 1696 4.),
1547 1650 1607 1686 ille
1625 1651 1686 1698 qui

108 1707 239 1736 mutuo
260 1699 462 1747 accipiebat
483 1700 629 1743 animal,
649 1701 840 1736 tenebatur
860 1702 1022 1744 reddere,
1055 1702 1198 1737 etiamsi
1224 1702 1465 1746 debilitatum,
1498 1713 1560 1739 aut
1593 1715 1688 1739 mor-

106 1761 213 1790 tuum
232 1753 359 1790 fuisset
378 1754 415 1789 in
435 1755 514 1801 ejus
535 1754 714 1790 absentia:
738 1755 782 1790 de
804 1755 937 1789 minori
958 1755 1057 1790 enim
1085 1755 1308 1803 negligentia
1340 1758 1541 1800 tenebatur,
1575 1769 1686 1804 quam

107 1807 360 1855 depositarius,
381 1808 442 1855 qui
463 1818 538 1843 non
558 1808 748 1843 tenebatur
768 1809 836 1843 nisi
858 1809 903 1844 de
925 1808 1031 1844 furto.

181 1861 243 1898 AD
272 1871 426 1898 sexa-um
456 1861 664 1904 dicendum,
695 1862 793 1909 quod
822 1863 1051 1906 mercenarii,
1081 1863 1142 1910 qui
1168 1862 1293 1899 locant
1327 1875 1457 1911 operas
1483 1876 1578 1907 suaS,
1604 1876 1688 1912 pau-

108 1925 215 1964 pere·
234 1924 330 1960 sunt,
358 1916 403 1952 de
431 1915 615 1951 laboribus
640 1916 714 1952 suls
742 1916 880 1951 victum
910 1925 1125 1964 quaerentes
1155 1917 1426 1964 quotidianum,
1457 1926 1493 1953 et
1514 1919 1596 1954 ideo
1629 1918 1685 1954 lex

108 1969 260 2017 provide
285 1969 477 2013 ordinavit,
503 1977 542 2005 ut
567 1970 688 2005 statim
715 1971 767 2005 eis
794 1981 934 2005 merces
960 1970 1174 2013 solveretur,
1199 1982 1245 2006 ne
1271 1972 1388 2006 victus
1415 1972 1466 2007 eis
1493 1971 1682 2008 deficeret:

109 2023 173 2059 sed
193 2023 259 2067 illi,
279 2023 340 2072 qui
367 2023 492 2059 locant
517 2022 606 2059 alias
628 2035 696 2065 res,
723 2024 852 2059 divites
877 2036 956 2059 esse
978 2034 1257 2067 consueverunt,
1283 2037 1350 2061 nec
1377 2026 1426 2061 ita
1449 2026 1612 2072 indigent
1633 2026 1684 2061 lo-

108 2077 263 2114 cationis
282 2077 400 2125 pretio
414 2077 458 2113 ad
479 2088 586 2113 suurn
607 2077 745 2112 victum
767 2077 1032 2124 quotidianum,
1050 2087 1086 2114 et
1107 2079 1189 2114 ideo
1210 2089 1285 2114 non
1304 2088 1358 2115 est
1378 2080 1508 2115 eadem
1529 2080 1622 2115 ratio
1643 2080 1679 2115 in

107 2136 277 2179 utroque.

180 2184 243 2221 AD
263 2194 457 2221 smmum
478 2185 686 2227 dicendum,
704 2185 802 2232 quod
817 2185 953 2231 judices
969 2185 1012 2220 ad
1028 2185 1099 2220 hoc
1116 2185 1207 2221 inter
1221 2186 1390 2222 homines
1405 2187 1682 2230 constituuntur,

107 2245 149 2274 ut
164 2237 407 2274 determinent
425 2239 522 2286 quod
542 2238 754 2284 ambiguum
773 2239 866 2274 inter
883 2239 1052 2274 homines
1068 2239 1163 2274 circa
1182 2240 1355 2284 justitiam
1371 2252 1450 2275 esse
1468 2249 1596 2287 potest.
1614 2241 1684 2276 Du·

102 2291 238 2341 pliciter
257 2299 380 2328 autem
402 2291 536 2339 aliquid
559 2299 678 2339 potest
699 2303 777 2327 esse
800 2293 1031 2338 ambiguum:
1054 2305 1119 2327 uno
1141 2294 1236 2328 niodo
1256 2294 1350 2341 apud
1366 2294 1560 2341 simplices.
1577 2294 1620 2329 Et
1638 2296 1681 2328 ad

107 2345 182 2382 hoc
201 2345 352 2382 dubium
371 2345 577 2381 tollendum
600 2346 792 2380 mandatur
805 2346 913 2382 Deut.
933 2345 983 2381 16.
999 2352 1035 2382 ut
1046 2347 1182 2391 judices,
1201 2352 1230 2382 et
1245 2349 1397 2393 magistri
1410 2349 1683 2383 constituerentur

104 2403 168 2448 per
182 2399 330 2447 singulas
349 2401 467 2443 tribus,
491 2404 524 2434 ut
541 2399 733 2445 judicarent
749 2400 909 2447 populum
928 2402 1018 2445 justo
1036 2400 1187 2445 judicio:
1215 2401 1283 2435 alio
1307 2401 1402 2435 modo
1424 2401 1602 2446 contingit
1623 2401 1684 2436 ali-

106 2452 193 2501 qnid
214 2463 295 2489 esse
315 2452 465 2489 dubium
486 2453 597 2488 etiam
620 2453 712 2499 apud
736 2453 887 2500 peritos:
911 2453 995 2489 ideo
1017 2454 1060 2488 ad
1082 2453 1154 2488 hoc
1177 2454 1326 2488 dubium
1359 2454 1564 2489 tollendum
1599 2465 1684 2489 con-

103 2506 222 2544 stituit
239 2506 310 2550 lex,
330 2514 371 2542 ut
390 2518 499 2542 omncs
520 2512 728 2542 recurrerent
748 2506 792 2541 ad
812 2507 919 2542 locum
942 2508 1166 2555 principalem
1189 2520 1208 2542 a
1234 2509 1304 2542 1)ιό
1325 2508 1471 2549 electum,
1495 2509 1530 2542 in
1551 2519 1626 2554 quo
1648 2516 1684 2543 et

106 2569 273 2597 summus
294 2559 475 2596 Sacerdos
496 2568 601 2602 esset,
635 2560 696 2607 qui
729 2559 986 2596 determinaret
1019 2561 1125 2596 dubia
1161 2562 1255 2596 circa
1286 2562 1537 2596 caeremonias
1570 2561 1682 2595 divini

106 2611 238 2657 cunm,
256 2620 294 2650 et
313 2613 488 2650 Summus
505 2613 619 2660 Judex
642 2613 778 2659 populi,
799 2615 859 2661 qui
882 2614 1151 2655 determinaret,
1173 2626 1265 2661 quae
1289 2616 1467 2661 pertinent
1486 2615 1529 2649 ad
1548 2615 1681 2660 judicia

100 2665 320 2703 hominum:
342 2668 435 2703 sicut
455 2668 565 2702 etiam
580 2677 676 2701 nunc
693 2678 755 2712 per
769 2666 1065 2715 appellationem,
1080 2668 1136 2703 vel
1152 2679 1215 2714 per
1229 2667 1535 2702 consultationem
1551 2678 1682 2703 causae

106 2719 152 2757 ab
171 2719 401 2757 inferioribus
421 2720 598 2767 judicibus·
621 2720 664 2754 ad
687 2720 891 2768 superiores
912 2720 1136 2763 deseruntur;
1169 2722 1262 2756 unde
1284 2721 1413 2756 dicitur
1435 2721 1582 2756 Denter.
1609 2732 1679 2767 17.:

104 2772 147 2812 U
162 2773 306 2825 difficile,
326 2779 357 2810 et
376 2775 570 2821 abigaum
591 2773 680 2821 apud
700 2778 727 2808 ta
740 2773 905 2819 judicium
922 2776 1144 2822 prospexeris,
1167 2781 1196 2810 ct
1212 2774 1362 2819 judicum
1377 2779 1470 2809 extra
1481 2780 1597 2821 portus
1610 2780 1681 2809 tuas

94 2825 355 2865 'WB-verba
370 2828 518 2870 variari,
540 2826 675 2863 ascmdae
694 2826 738 2862 ad
757 2827 879 2870 locum,
901 2839 995 2875 qm.
1016 2829 1147 2874 etegerit
1170 2829 1348 2870 Dominus,
1372 2830 1541 2874 veniaque
1561 2828 1605 2863 ad
1624 2829 1682 2864 sa-

104 2878 253 2919 m
282 2880 427 2918 Levitioi
454 2881 598 2928 generis,
622 2884 653 2917 et
671 2879 716 2916 ad
730 2880 895 2926 judicem,
921 2882 980 2928 qui
1005 2881 1168 2929 fueritin
1190 2881 1246 2917 illo
1280 2886 1436 2929 tempore,
1470 2881 1680 2928 hujusmodi
