1875 3198
187 207 279 262 874
603 221 824 256 QUAESTIO
860 219 979 249 CXIII.
1013 219 1262 250 ARTICULUS
1295 220 1337 250 X.

183 300 304 335 ficatio
324 301 433 347 impii
452 309 505 336 est
526 302 642 347 majus
658 313 759 348 opus,
779 313 889 348 quam
912 300 982 335 alia
999 312 1109 347 opera
1128 300 1362 344 miraculosa,
1385 309 1422 336 ut
1440 309 1538 348 patet
1558 314 1621 348 per
1642 303 1766 350 Augu-

184 355 319 389 stinum
341 355 560 389 auctoritate
582 355 728 389 inducta
750 355 833 400 (art.
852 361 967 401 praec.
994 366 1069 400 arg.
1092 354 1144 389 sed
1166 355 1284 400 cont.);
1314 366 1401 401 ergo
1428 355 1635 401 justificatio
1662 357 1765 403 impii

185 416 244 442 est
266 419 356 454 opus
378 408 652 442 miraculosum.

263 472 294 495 2.
309 461 546 496 PRAETEREA.
566 462 687 496 Motus
702 461 898 496 voluntatis
921 461 969 495 ita
992 469 1044 495 est
1063 461 1099 494 in
1123 462 1256 503 anima,
1275 461 1368 496 sicut
1384 462 1573 496 inclinatio
1588 463 1762 498 naturalis

185 514 224 548 in
246 515 351 549 rebus
370 515 607 549 naturalibus:
631 515 691 549 sed
715 515 859 561 quando
882 515 981 548 Deus
1005 514 1139 560 aliquid
1166 522 1336 560 operatur
1353 515 1391 548 in
1413 515 1518 549 rebus
1540 516 1763 550 naturalibus

189 576 314 602 contra
343 568 620 602 inclinationem
655 577 816 609 naturae,
839 576 892 602 est
914 579 1004 613 opus
1034 567 1314 610 miraculosum,
1342 568 1435 602 sicut
1461 580 1546 602 cum
1579 569 1763 604 illuminat

186 633 350 663 caecum,
373 622 431 655 vel
453 623 601 656 suscitat
618 630 822 656 mortuum:
846 621 1014 655 voluntas
1037 629 1159 655 autem
1185 621 1287 667 impii
1307 622 1422 655 tendit
1442 622 1478 655 in
1497 621 1656 665 malum;
1677 634 1761 656 cum

184 675 294 721 igitur
314 676 414 710 Deus
436 675 664 720 justificando
680 675 870 709 hominem
891 683 1039 708 moveat
1061 686 1147 708 eum
1168 674 1205 707 in
1225 674 1377 717 bonum,
1392 675 1533 710 videtur
1548 676 1644 722 quod
1665 676 1763 722 justi·

183 728 308 763 ficatio
335 729 438 775 impii
459 729 503 762 sit
524 728 758 762 miraculosa.

261 794 289 828 3.
312 782 548 817 PRAETEREA.
573 782 675 816 Sicut
695 782 871 828 sapientia
893 789 946 816 est
967 782 1105 816 donum
1124 781 1206 823 Dei,
1221 781 1271 816 ita
1293 789 1327 816 et
1346 782 1482 827 justitia
1500 794 1507 815 ε
1529 782 1591 816 sed
1611 782 1764 816 miracu-

183 836 306 870 losum
329 843 382 870 est
404 836 499 881 quod
523 835 651 882 aliquis
666 836 783 870 subito
806 836 881 870 sine
903 835 1021 869 studio
1041 835 1259 881 sapientiam
1275 843 1486 881 assequatur
1507 847 1527 869 a
1548 836 1650 878 Deo3
1674 847 1763 882 ergo

185 889 447 923 miraculosum
471 897 534 930 est,
557 889 653 935 quod
676 889 803 935 aliquis
825 889 957 935 impius
979 888 1190 934 justificetur
1216 900 1235 922 a
1256 888 1350 923 Deo.

257 942 331 976 SED
347 953 514 977 CONTRA.
529 942 652 988 Opera
666 942 887 976 miraculosa
904 950 986 976 sunt
1000 954 1064 988 sup
1072 954 1108 976 ra
1124 942 1327 988 potentiam
1341 941 1565 977 naturalem:
1588 942 1650 977 sed
1664 943 1763 988 justi-

182 996 304 1030 ficatio
332 996 435 1042 impii
462 1007 536 1030 non
564 1004 617 1030 est
642 1008 748 1043 supra
774 996 976 1042 potentiam
1004 995 1230 1030 naturalem:
1254 996 1340 1030 dicit
1361 996 1460 1030 enim
1474 996 1700 1042 Augustinus
1722 997 1760 1030 in

183 1048 243 1083 lib.
260 1049 302 1083 de
317 1049 500 1083 Praedest.
517 1049 638 1083 Sanct.
655 1050 745 1096 (cap.
760 1063 788 1096 5.
810 1050 986 1096 szclz.fin.),
1008 1049 1105 1096 quod
1127 1060 1235 1095 posse
1257 1049 1391 1084 habere
1406 1049 1527 1092 fidem,
1543 1050 1635 1084 sicut
1655 1061 1762 1095 posse

182 1103 316 1137 habere
330 1103 557 1145 charitatem,
572 1111 721 1138 naturae
731 1112 784 1138 est
793 1104 988 1137 hominum
1002 1116 1009 1138 ;
1025 1103 1160 1137 habere
1172 1111 1295 1137 autem
1310 1103 1431 1145 fidem,
1447 1104 1761 1149 quemadmodum

182 1156 316 1190 habere
340 1156 566 1198 charitatem,
589 1158 725 1203 gratiae
743 1165 796 1192 est
817 1157 999 1200 fideliun13
1020 1168 1107 1203 ergo
1130 1156 1338 1202 justificatio
1361 1157 1464 1203 impii
1485 1169 1560 1191 non
1583 1165 1636 1192 est
1657 1157 1763 1191 mira—

183 1209 320 1244 culosa.

255 1263 485 1298 RESPONDEO
502 1264 707 1306 dicendum,
727 1265 825 1311 quod
843 1265 879 1298 in
902 1265 1071 1310 operibus
1087 1264 1316 1299 miraculosis
1339 1266 1407 1300 tria
1430 1273 1698 1299 consueverunt
1711 1265 1763 1299 in-

183 1317 316 1351 veniri:
340 1329 499 1363 quorum
522 1331 624 1352 unum
647 1327 700 1353 est
722 1331 764 1353 ex
785 1327 884 1365 parte
906 1319 1091 1364 potentiae
1111 1319 1262 1364 agentis,
1285 1318 1368 1364 quia
1390 1318 1468 1353 sola
1491 1319 1612 1353 divina
1630 1319 1762 1353 virtute

182 1370 260 1405 fieri
281 1379 450 1417 possunt,
474 1379 508 1405 et
528 1372 610 1405 ideo
625 1380 708 1406 sunt
721 1372 933 1418 simpliciter
955 1373 1059 1415 mira,
1076 1373 1178 1418 quasi
1199 1372 1370 1406 habentia
1392 1383 1540 1406 causam
1564 1372 1761 1415 occultam,

186 1432 224 1458 ut
244 1424 281 1458 in
308 1435 335 1458 1.
358 1424 496 1458 dictum
519 1433 572 1459 est
595 1424 639 1471 (q.
662 1437 730 1472 105.
759 1431 824 1460 art.
852 1427 914 1472 7.);
939 1434 973 1459 et
994 1426 1195 1460 secundum
1219 1426 1291 1460 hoc
1318 1434 1394 1460 tam
1415 1426 1623 1472 justificatio
1645 1426 1759 1472 impii,

183 1489 293 1524 quam
321 1478 457 1512 creatio
480 1478 617 1520 mundi,
640 1486 674 1512 et
694 1479 944 1513 universaliter
966 1491 1076 1513 omne
1100 1491 1202 1525 opus,
1227 1479 1323 1525 quod
1347 1490 1366 1513 a
1388 1479 1468 1513 solo
1496 1480 1577 1514 Deo
1600 1479 1677 1514 fieri
1699 1491 1762 1526 po-

182 1538 262 1572 test,
284 1531 546 1565 miraculosum
568 1532 638 1566 dici
660 1540 794 1577 potest:
817 1533 953 1568 secundo
975 1533 1012 1566 in
1035 1533 1252 1579 quibusdam
1270 1532 1500 1567 miraculosis
1524 1533 1692 1579 operibus
1711 1533 1762 1567 in-

184 1584 335 1626 venitur,
358 1585 454 1631 quod
477 1584 595 1619 forma
617 1586 765 1620 inducta
791 1595 843 1620 est
869 1598 975 1633 supra
997 1586 1201 1620 naturalem
1230 1586 1433 1632 potentiam
1459 1586 1540 1620 talis
1563 1587 1758 1622 materiae:

182 1638 275 1672 sicut
288 1638 324 1671 in
339 1639 573 1673 suscitatione
594 1640 728 1673 mortui
742 1640 814 1674 vita
834 1649 886 1674 est
904 1651 1011 1686 supra
1032 1639 1239 1673 naturalem
1254 1640 1456 1686 potentiam
1470 1639 1552 1674 talis
1575 1640 1759 1686 corporis:

182 1699 217 1725 et
243 1699 418 1737 quantum
447 1693 489 1726 ad
516 1692 588 1726 hoc
614 1692 820 1738 justificatio
847 1694 950 1739 impii
976 1705 1051 1727 non
1081 1701 1135 1727 est
1161 1692 1402 1736 miraculosa3
1434 1693 1518 1739 quia
1544 1693 1758 1728 naturaliter

182 1745 302 1778 anima
325 1753 378 1779 est
400 1746 536 1791 gratiae
551 1757 681 1792 capax:
699 1757 742 1780 eo
759 1747 856 1780 enim
870 1747 949 1793 ipso
965 1747 1062 1793 quod
1084 1746 1178 1780 facta
1197 1754 1250 1780 est
1265 1746 1308 1780 ad
1330 1747 1531 1792 imaginem
1546 1747 1627 1789 Dei,
1645 1758 1757 1793 capax

181 1807 233 1833 est
253 1799 324 1833 Dei
345 1810 408 1844 per
429 1799 594 1845 gratiam,
617 1808 654 1834 ut
675 1800 901 1846 Augustinus
929 1801 1015 1834 dicit
1038 1800 1115 1844 (loc.
1133 1806 1236 1847 prox.
1259 1801 1345 1846 cit.).·
1374 1801 1466 1835 tertio
1494 1800 1589 1835 modo
1612 1801 1649 1835 in
1676 1812 1759 1848 ope-

180 1852 275 1886 ribus
303 1852 533 1887 miraculosis
560 1853 740 1887 invenitur
767 1853 900 1900 aliquid
928 1862 1069 1900 praeter
1097 1853 1258 1895 solitum,
1286 1862 1321 1888 et
1347 1862 1562 1888 consuetum
1590 1854 1758 1888 ordinem

181 1906 353 1940 causandi
369 1905 557 1940 effectum:
580 1907 673 1941 sicut
695 1919 778 1941 cum
802 1907 929 1954 aliquis
946 1907 1109 1941 infirmus
1130 1907 1323 1941 sanitatem
1338 1906 1538 1953 perfectam
1553 1908 1755 1954 assequitur

180 1959 297 1993 subito
320 1968 460 2006 praeter
474 1959 622 1994 solitum
639 1972 785 1995 cursum
799 1961 1009 2003 sanationis,
1032 1972 1125 2007 quae
1149 1960 1188 1994 fit
1207 1971 1225 1994 a
1248 1968 1387 2004 natura,
1406 1960 1466 1995 vel
1484 1969 1577 1996 arte:
1600 1969 1636 1995 et
1650 1973 1760 2007 quan-

179 2020 257 2047 tum
279 2013 322 2047 ad
344 2013 415 2047 hoc
437 2013 645 2059 justificatio
668 2014 771 2060 impii
792 2015 1011 2061 quandoque
1035 2022 1086 2048 est
1109 2013 1343 2056 miraculosa,
1366 2022 1400 2049 et
1422 2014 1641 2061 quandoque
1660 2026 1754 2049 non:

181 2074 235 2100 est
256 2067 353 2100 enim
375 2067 440 2101 iste
463 2068 682 2109 communis,
705 2076 739 2102 et
761 2076 955 2102 consuetus
979 2079 1104 2102 cursus
1119 2067 1397 2113 justificationis,
1419 2076 1458 2102 ut
1478 2068 1560 2102 Deo
1584 2076 1756 2103 movente

179 2119 327 2154 interius
359 2122 532 2162 animam,
560 2121 674 2155 homo
702 2130 933 2156 convertatur
955 2122 999 2156 ad
1029 2122 1163 2163 Deum,
1191 2121 1308 2167 primo
1336 2121 1484 2167 quidem
1513 2121 1753 2156 conversione

179 2173 404 2219 imperfecta,
424 2182 462 2208 ut
482 2175 720 2219 postmodum
743 2175 785 2208 ad
808 2175 1006 2221 perfectam
1029 2175 1216 2209 deveniat:
1251 2174 1334 2221 quia
1357 2175 1501 2210 charitas
1522 2175 1677 2209 inchoata
1695 2188 1758 2210 ma-

180 2232 273 2262 retur
295 2229 421 2272 augeri,
446 2232 480 2262 ut
502 2234 599 2263 aucta
623 2233 788 2262 inamatus
802 2230 933 2275 perfici,
953 2230 1046 2263 sicut
1067 2228 1294 2274 Augustinus
1318 2228 1404 2262 dicit
1427 2228 1540 2272 (tract.
1558 2240 1587 2275 5.
1607 2230 1641 2262 in
1663 2230 1754 2275 epist.

176 2280 308 2325 ]οιιιι.).·
327 2281 547 2326 quandoque
562 2293 648 2315 vero
663 2290 738 2316 tam
754 2283 990 2317 vehementer
1004 2283 1105 2317 Deus
1122 2282 1282 2316 animam
1298 2290 1433 2324 movet,
1442 2290 1480 2316 ut
1497 2282 1619 2317 statim
1633 2293 1758 2328 quam-

181 2332 264 2367 dam
287 2333 549 2379 perfectionem
570 2335 725 2380 justitiae
749 2344 969 2382 assequatur,
993 2336 1086 2370 sicut
1106 2335 1173 2369 fuit
1194 2335 1230 2369 in
1253 2335 1494 2370 conversione
1517 2335 1632 2378 Pauli,
1655 2336 1753 2370 adhi—

181 2386 253 2421 bita
269 2387 377 2421 etiam
394 2388 547 2422 exterius
562 2388 782 2423 miraculosa
804 2389 1059 2435 prostratione,
1084 2397 1118 2423 et
1139 2389 1223 2423 ideo
1240 2389 1431 2423 conversio
1446 2388 1550 2424 Pauli
1565 2397 1754 2436 tamquam

181 2439 399 2474 miraculosa
418 2441 453 2474 in
474 2440 637 2475 Ecclesia
660 2451 972 2477 commemoratur
1001 2443 1199 2477 celebriter.

252 2494 311 2527 AD
338 2504 487 2528 PRiMUM
516 2506 602 2541 ergo
631 2495 837 2537 dicendum,
865 2497 961 2542 quod
991 2496 1169 2542 quaedam
1198 2495 1418 2531 miraculosa
1448 2507 1570 2542 opera,
1598 2496 1664 2531 etsi
1685 2496 1755 2531 sint

181 2547 334 2589 minora,
362 2559 471 2593 quam
493 2548 699 2593 justificatio
727 2549 840 2595 impii,
868 2558 1043 2595 quantum
1068 2550 1114 2584 ad
1137 2550 1288 2592 bonum,
1315 2550 1411 2596 quod
1440 2549 1497 2592 fit,
1524 2558 1607 2584 sunt
1632 2558 1754 2584 tamen

179 2609 319 2646 praeter
342 2609 556 2635 consuetum
581 2602 747 2636 ordinem
767 2602 893 2636 talium
910 2602 1117 2645 effectuum,
1142 2611 1176 2638 et
1197 2603 1279 2638 ideo
1302 2603 1382 2650 plus
1404 2603 1539 2638 habent
1553 2603 1596 2637 de
1612 2603 1754 2638 ratione

181 2653 357 2688 miraculi.

251 2707 310 2741 AD
324 2718 530 2743 SECUNDUM
545 2708 754 2751 dicendum,
776 2709 872 2755 quod
895 2721 968 2743 non
991 2710 1299 2757 quandocumque
1318 2721 1374 2744 res
1390 2709 1562 2744 naturalis
1586 2718 1754 2744 movetur

181 2768 305 2793 contra
321 2771 424 2794 suam
440 2761 726 2804 inclinationem,
744 2771 796 2796 est
819 2774 908 2808 opus
929 2763 1212 2805 miraculosum3
1237 2763 1397 2809 alioquin
1417 2762 1680 2798 miraculosum
1703 2775 1755 2798 es·

180 2820 243 2854 set,
266 2814 361 2858 quod
386 2825 477 2859 aqua
500 2814 693 2857 calefieret,
709 2815 765 2849 vel
780 2816 876 2862 quod
893 2816 983 2862 lapis
999 2828 1141 2851 sursum
1163 2817 1421 2863 projiceretur3
1443 2817 1505 2851 sed
1520 2817 1665 2863 quando
1680 2817 1751 2851 hoc

181 2866 218 2900 fit
244 2875 384 2913 praeter
411 2868 576 2902 ordinem
607 2869 772 2915 propriae
804 2881 946 2911 causae,
974 2882 1066 2916 quae
1094 2879 1177 2904 nata
1205 2879 1258 2905 est
1284 2869 1402 2905 facere
1437 2871 1531 2905 hoc:
1558 2870 1751 2916 justificare

180 2928 300 2954 autem
324 2920 475 2967 impium
498 2921 596 2956 nulla
620 2922 688 2956 alia
711 2934 819 2957 causa
839 2931 956 2969 potest
978 2924 1044 2957 nisi
1063 2924 1175 2966 Deus,
1198 2924 1289 2958 sicut
1310 2935 1377 2958 nec
1397 2935 1528 2970 aquam
1552 2923 1750 2959 calefacere
