1907 3182
237 169 320 198 212
647 168 869 204 QUAESTIO
902 168 1038 197 XXVII.
1071 166 1317 197 ARTICULUS
1350 166 1394 195 ΙΙ.

238 250 358 296 aliquo
378 251 454 296 ejus
477 249 618 292 effectu,
641 250 699 284 vel
720 262 782 296 per
803 250 874 283 hoc
897 249 994 295 quod
1018 248 1116 282 audit
1139 259 1218 281 eam
1238 247 1388 288 laudari,
1411 254 1449 280 ut
1468 247 1622 292 August.
1643 246 1728 281 dicit
1749 256 1800 281 10.

237 304 279 337 de
302 303 403 337 Trin.
426 304 515 350 (cap.
542 316 569 338 r.
592 315 623 338 2.
646 309 675 338 et
692 304 759 349 3.).·
783 303 833 336 sic
857 310 979 336 autem
1006 313 1088 336 eam
1116 311 1339 346 cognoscere
1365 311 1440 333 non
1468 308 1521 334 est
1546 311 1627 333 eam
1653 299 1800 341 habere,

238 357 299 390 sed
323 367 545 402 cognoscere
569 367 649 390 eam
670 355 838 401 perfecte.

309 409 368 443 AD
391 419 599 444 SECUNDUM
621 408 828 449 dicendum,
851 407 947 453 quod
971 407 1105 452 aliquid
1126 407 1316 452 requiritur
1340 407 1382 440 ad
1401 405 1663 452 perfectionem
1679 404 1800 450 cogni-

237 463 360 504 tionis,
384 463 480 508 quod
502 473 577 496 non
599 462 791 508 requiritur
814 461 857 494 ad
877 459 1139 505 perfectionem
1164 460 1316 494 amoris:
1340 459 1500 505 cognitio
1517 459 1614 493 enim
1636 458 1680 492 ad
1701 457 1806 492 ratio-

237 526 323 550 nem
346 516 510 561 pertinet,
534 516 635 560 cujus
658 522 710 548 est
732 514 954 558 distinguere
976 513 1069 546 inter
1092 524 1145 554 ea,
1168 524 1260 558 quae
1282 512 1484 547 secundum
1510 524 1587 547 rem
1614 520 1697 546 sunt
1722 521 1806 545 con—

237 569 371 614 juncta,
387 576 422 602 et
436 578 658 614 componere
675 566 950 612 quodammodo
970 577 1023 607 ea,
1040 577 1131 611 quae
1150 574 1233 600 sunt
1247 565 1399 607 diversa,
1414 577 1527 599 unum
1546 565 1648 599 alteri
1661 575 1806 610 compa-

238 621 371 655 rando:
395 629 430 656 et
450 621 532 655 ideo
556 621 599 654 ad
618 620 879 666 perfectionem
896 619 1116 663 cognitionis
1135 619 1336 664 requiritur,
1356 618 1453 664 quod
1471 618 1586 652 homo
1606 624 1807 664 cognoscat

239 674 451 720 singillatim
474 674 646 720 quidquid
669 681 722 707 est
743 673 779 706 in
802 684 851 714 re,
873 672 966 707 sicut
993 680 1122 718 partes,
1151 680 1185 706 et
1211 672 1371 714 virtutes,
1399 679 1433 706 et
1458 671 1706 717 proprietates.
1734 670 1805 704 Sed

241 739 345 762 amor
366 736 419 762 est
439 728 475 761 in
497 727 533 760 vi
556 726 760 773 appetitiva,
784 736 875 771 quae
898 725 1042 771 respicit
1064 736 1152 766 rem,
1175 725 1375 759 secundum
1398 724 1495 770 quod
1516 724 1553 758 in
1571 735 1608 758 se
1623 731 1694 758 est:
1712 722 1805 757 unde

241 781 285 814 ad
307 780 570 827 perfectionem
593 779 727 813 amoris
749 778 890 820 sufficit,
910 778 1007 824 quod
1029 789 1096 820 res,
1118 786 1225 824 prout
1238 778 1274 811 in
1289 789 1326 812 se
1342 777 1633 823 apprehenditur,
1647 784 1805 818 ametur3

241 834 285 868 ob
297 834 368 868 hoc
385 845 472 878 ergo
485 833 663 878 contingit
675 832 771 877 quod
788 831 921 877 aliquid
936 831 1015 877 plus
1032 839 1183 872 ametur,
1198 842 1308 877 quam
1323 838 1577 876 cognoscatur,
1593 829 1676 876 quia
1690 836 1808 876 potest

240 887 397 934 perfecte
432 887 557 928 amari,
587 886 730 920 etiamsi
755 896 830 919 non
860 885 1018 931 perfecte
1053 891 1319 930 cognoscatur?
1349 884 1442 919 sicut
1467 883 1626 918 maxime
1646 890 1745 929 patet
1769 882 1806 916 in

240 940 411 982 scientiis,
434 951 522 985 quas
545 939 655 985 aliqui
678 946 802 972 amant
823 946 970 984 propter
993 937 1152 983 aliquam
1167 937 1406 972 summariam
1422 937 1684 983 cognitionem,
1697 947 1807 982 quam

242 995 284 1028 de
304 993 353 1027 eis
375 993 527 1035 habent3
550 1001 634 1038 puta
657 992 754 1038 quod
777 992 895 1026 sciunt
916 991 1153 1025 Rhetoricam
1174 1002 1251 1025 esse
1273 991 1473 1032 scientiam,
1492 1001 1555 1036 per
1569 1000 1678 1036 quam
1692 989 1807 1023 horno

241 1054 359 1092 potest
380 1046 613 1092 persuadere:
634 1053 668 1079 et
686 1046 756 1079 hoc
776 1045 812 1078 in
831 1044 1028 1079 Rhetorica
1043 1052 1184 1078 amant:
1209 1052 1244 1078 et
1257 1043 1421 1078 similiter
1436 1051 1489 1077 est
1503 1042 1697 1077 dicendum
1713 1042 1808 1075 circa

243 1110 408 1133 amorem
430 1099 511 1133 Dei.

312 1153 372 1186 AD
397 1162 570 1186 TERTIUM
594 1151 801 1193 dicendum,
825 1151 920 1197 quod
944 1151 1053 1184 etiam
1077 1161 1180 1184 amor
1201 1149 1385 1192 naturalis,
1413 1149 1474 1195 qui
1499 1157 1552 1183 est
1577 1149 1614 1183 in
1640 1148 1808 1183 omnibus

244 1206 359 1247 rebus,
383 1214 550 1239 causatur
573 1217 614 1239 ex
637 1204 757 1250 aliqua
781 1204 1002 1250 cognitione,
1025 1215 1098 1237 non
1121 1204 1267 1250 quidem
1290 1203 1324 1237 in
1346 1203 1430 1250 ipsis
1456 1203 1562 1237 rebus
1587 1201 1808 1236 naturalibus

244 1259 430 1301 existente,
453 1258 515 1292 sed
538 1260 572 1292 in
596 1269 651 1300 eo,
675 1258 735 1304 qui
756 1265 923 1291 naturam
943 1257 1106 1299 instituit,
1121 1265 1158 1291 ut
1180 1268 1286 1302 supra
1309 1257 1446 1290 dictum
1469 1263 1522 1290 est
1543 1257 1588 1302 (q.
1603 1256 1660 1291 26.
1675 1256 1808 1300 art.1.).

801 1398 1147 1444 ARTICULUS
1177 1398 1255 1440 ΙΠ.
1746 1405 1809 1452 156

578 1507 732 1536 UTRUM
755 1507 1016 1536 SIMILITUDO
1045 1506 1112 1535 SIT
1141 1506 1283 1536 CAUSA
1309 1505 1484 1535 AMORIS.

269 1594 371 1640 (Infr.
383 1606 412 1639 q.
425 1606 480 1639 99.
495 1599 558 1628 art.
574 1606 603 1629 2.
619 1601 707 1640 corp.
724 1599 751 1628 εἰ
765 1594 800 1628 de
815 1594 922 1628 Helui.
937 1594 1006 1628 lect.
1018 1594 1115 1639 2·fi'²·
1130 1599 1159 1627 et
1172 1604 1205 1637 4.
1222 1593 1298 1627 ΕΗ).
1314 1593 1476 1639 corp.fin.
1492 1592 1588 1627 etlib.
1604 1592 1636 1627 8.
1651 1591 1786 1638 Ζεεΐ.3.).

316 1682 375 1715 AD
392 1692 563 1716 TERTIUM
577 1682 626 1716 sic
642 1682 859 1728 proceditur.
874 1681 1037 1723 Videtur,
1054 1681 1150 1728 quod
1167 1681 1366 1715 similitudo
1381 1692 1455 1715 non
1471 1681 1516 1715 sit
1530 1691 1639 1715 causa
1657 1680 1810 1714 amoris:

245 1734 342 1768 idem
363 1735 459 1769 enim
474 1746 548 1769 non
566 1743 618 1769 est
640 1747 749 1769 causa
772 1736 1059 1770 contrariorum:
1082 1736 1143 1769 sed
1159 1735 1358 1769 similitudo
1374 1742 1427 1769 est
1441 1745 1549 1768 causa
1564 1733 1660 1768 odii:
1684 1733 1813 1767 dicitur

247 1788 343 1822 enim
367 1788 515 1822 Prover.
543 1799 593 1833 13.
618 1789 714 1834 quod
739 1790 824 1823 inter
841 1790 993 1835 superbos
1015 1795 1140 1835 semper
1159 1793 1234 1823 sunt
1249 1789 1379 1834 jurgia,
1403 1796 1438 1822 et
1457 1787 1595 1822 Philos.
1618 1787 1705 1821 dicit
1725 1787 1761 1820 in
1779 1786 1812 1820 8.

247 1841 363 1875 Ethic.
388 1841 475 1888 (cap.
495 1854 522 1876 1.
546 1854 564 1875 ιι
584 1842 681 1887 med.)
706 1842 802 1888 quod
813 1842 913 1888 figuli
931 1843 1147 1876 corrixantur
1169 1841 1211 1876 ad
1232 1842 1398 1882 invicem,·
1422 1852 1509 1887 ergo
1524 1839 1724 1875 similitudo
1738 1851 1812 1874 non

248 1902 301 1928 est
323 1906 431 1928 causa
455 1896 599 1929 amoris.

319 1958 349 1981 2.
373 1948 611 1982 PRAETEREA.
635 1948 789 1994 August.
813 1949 898 1983 dicit
920 1949 957 1982 in
973 1958 1006 1991 4.
1023 1947 1190 1983 Confess.
1215 1948 1351 1996 (cap.4.
1367 1950 1426 1983 cir.
1442 1947 1542 1994 med.)
1566 1947 1663 1994 quod
1686 1946 1814 1993 aliquis

249 2009 346 2035 amat
367 2001 403 2034 in
427 2001 510 2043 alio,
534 2001 629 2047 quod
654 2013 731 2036 esse
757 2013 831 2036 non
858 2002 985 2036 vellet:
1013 2002 1105 2036 sicut
1130 2002 1245 2036 homo
1274 2010 1372 2036 amat
1396 2002 1625 2043 histrionem,
1654 2001 1715 2047 qui
1740 2011 1814 2034 non

247 2053 357 2088 vellet
379 2065 456 2088 esse
478 2054 626 2088 histrio:
654 2055 724 2089 hoc
753 2063 874 2089 autem
900 2067 975 2089 non
1003 2056 1241 2101 contingeret,
1268 2055 1298 2090 si
1323 2055 1523 2089 similitudo
1551 2062 1645 2089 esset
1670 2054 1814 2100 propria

248 2118 355 2141 causa
379 2108 536 2141 amoris:
560 2108 610 2142 sic
634 2108 730 2142 enim
753 2109 869 2143 hoino
893 2117 1031 2143 amaret
1052 2109 1088 2142 in
1112 2108 1236 2150 altero,
1251 2109 1349 2154 quod
1369 2109 1445 2155 ipse
1459 2108 1620 2150 haberet,
1635 2107 1694 2142 vel
1706 2107 1815 2142 vellet

248 2161 401 2202 habere3
426 2172 513 2206 ergo
537 2161 708 2195 simitudo
731 2173 804 2195 non
828 2170 880 2196 est
903 2174 1010 2196 causa
1034 2162 1181 2196 amoris.

323 2225 351 2259 3.
375 2214 612 2249 PRAETEREA.
646 2214 811 2255 Quilibet
839 2216 954 2249 homo
984 2224 1083 2250 amat
1109 2215 1156 2257 id,
1184 2227 1256 2262 quo
1282 2215 1432 2261 indiget,
1459 2215 1601 2250 etiamsi
1626 2214 1714 2248 illud
1740 2225 1813 2248 non

248 2267 398 2301 habeat:
424 2268 515 2301 sicut
538 2267 700 2302 infirmus
723 2277 820 2303 amat
842 2269 1045 2311 sanitatem,
1066 2276 1099 2303 et
1117 2280 1253 2315 pauper
1275 2269 1438 2304 divitias:
1461 2269 1524 2303 sed
1537 2269 1753 2314 inquantum
1767 2268 1815 2302 in-

250 2321 360 2366 diget,
384 2328 418 2354 et
440 2329 537 2355 caret
560 2321 622 2362 eis,
645 2321 753 2356 habet
779 2322 1111 2356 dissimilitudinem
1139 2323 1182 2356 ad
1209 2323 1303 2369 ipsa;
1331 2333 1418 2369 ergo
1445 2333 1520 2357 non
1546 2321 1667 2357 solum
1694 2321 1816 2356 simili·

248 2373 348 2416 tudo,
371 2374 432 2408 sed
456 2374 710 2409 dissimilitudo
734 2383 787 2409 est
809 2387 916 2409 causa
939 2376 1085 2409 amoris.

321 2437 353 2469 4.
377 2427 615 2462 PRAETEREA.
636 2428 883 2474 Philosophus
906 2429 992 2463 dicit
1013 2429 1048 2462 in
1073 2439 1102 2462 2.
1127 2429 1232 2463 Rhet.
1256 2430 1346 2476 (cap.
1365 2434 1480 2476 4.post
1494 2430 1623 2476 princ.)
1643 2428 1740 2475 quod
1758 2428 1816 2462 be-

249 2480 386 2514 neficos
409 2481 445 2514 in
467 2481 651 2527 pecunias,
675 2490 708 2515 et
729 2481 883 2516 salutem
900 2494 1082 2517 amamus:
1106 2482 1270 2516 similiter
1285 2494 1360 2525 eos,
1379 2483 1440 2529 qui
1458 2482 1553 2517 circa
1568 2490 1734 2516 mortuos
1748 2493 1817 2516 ser-

250 2541 337 2567 vant
356 2534 566 2576 amicitiam,
590 2545 718 2569 omnes
742 2535 918 2581 diligunt:
942 2547 1015 2569 non
1040 2544 1160 2570 autem
1184 2547 1312 2571 omnes
1338 2543 1420 2571 sunt
1445 2535 1553 2578 tales;
1579 2546 1666 2582 ergo
1694 2534 1815 2570 simili-

250 2587 337 2621 tudo
360 2599 434 2621 non
457 2595 510 2621 est
532 2599 641 2622 causa
664 2589 810 2623 amoris.

324 2640 398 2674 SED
422 2651 577 2675 CONTRA
601 2648 664 2683 est,
688 2642 784 2687 quod
808 2641 936 2675 dicitur
959 2641 1055 2676 Eccl.
1084 2654 1146 2688 13.:
1173 2642 1278 2677 Omne
1299 2643 1428 2678 animal
1453 2642 1560 2688 diligit
1579 2642 1684 2677 simile
1704 2643 1778 2678 sibi.

323 2693 553 2728 Rispoxnto
566 2694 771 2736 dicendum,
782 2695 878 2740 quod
896 2695 1107 2737 similitudo,
1118 2696 1260 2741 proprie
1272 2695 1532 2742 loquendo,est
1543 2706 1651 2730 causa
1664 2695 1815 2730 amoris:

252 2747 313 2781 sed
337 2747 642 2781 considerandum
667 2757 730 2790 est,
755 2748 851 2794 quod
876 2748 1075 2783 similitudo
1098 2749 1189 2783 inter
1205 2748 1324 2795 aliqua
1342 2757 1461 2795 potest
1475 2749 1609 2783 attendi
1623 2748 1815 2795 dupliciter.-

253 2812 316 2834 imo
337 2800 431 2834 modo
452 2813 493 2834 ex
512 2801 596 2843 hoc,
619 2802 715 2847 quod
739 2809 932 2847 utrumque
956 2802 1062 2836 habet
1085 2802 1181 2836 idem
1204 2802 1239 2836 in
1263 2810 1362 2836 actu:
1386 2796 1478 2836 sicut
1492 2802 1564 2837 duo
1583 2802 1756 2837 habentes
1771 2801 1817 2835 al-

252 2853 420 2888 bedinem
444 2855 610 2889 dicuntur
632 2855 785 2889 similes:
814 2856 880 2889 tilii)
903 2855 997 2890 ιηοιῖο
1026 2869 1065 2890 ex
1088 2856 1172 2897 hoc,
1195 2856 1292 2901 quod
1315 2867 1426 2890 unum
1447 2856 1556 2890 habet
1583 2857 1617 2890 in
1644 2855 1816 2902 potentia,
