1907 3198
493 138 717 173 QUAESTIO
752 138 820 167 LV.
855 137 1106 167 ARTICULL'S
1140 138 1196 167 IV.
1554 124 1634 180 383

56 219 246 263 rectitudo,
268 230 361 266 quae
382 219 557 265 importat
579 220 747 255 ordinem
774 220 819 255 ad
846 220 957 255 finem
984 220 1160 262 debitum,
1182 228 1218 254 et
1245 219 1289 254 ad
1315 219 1437 266 legem
1465 219 1640 261 divinam,

55 286 148 323 quae
169 282 223 310 est
243 273 367 321 regula
390 273 587 309 voluntatis
609 274 806 317 humanae,
822 283 861 309 ut
880 285 989 322 supra
1010 274 1150 309 dictum
1173 282 1227 308 est
1249 273 1295 320 (q.
1310 286 1362 320 19.
1378 278 1443 308 art.
1458 273 1525 319 4.),
1542 285 1642 308 com-

55 340 176 364 mums
197 336 250 363 est
271 339 374 362 omni
394 336 528 362 virtuti.

126 383 188 418 AD
214 393 397 422 QUINTUM
423 382 632 425 dicendum,
659 383 757 429 quod
781 383 912 418 virtute
938 390 1059 430 potest
1086 381 1215 429 aliquis
1243 381 1340 416 male
1363 383 1426 424 uti,
1447 390 1638 428 tamquam

55 437 221 484 object03
241 444 328 484 puta
349 447 435 470 cum
457 435 553 471 male
575 437 682 472 sentit
704 437 748 472 de
770 437 922 480 virtute3
946 448 1031 471 curn
1050 436 1126 471 odit
1145 448 1240 479 eam,
1255 436 1314 470 vel
1333 436 1495 483 superbit
1513 436 1557 470 de
1577 448 1637 471 ea:

54 503 130 527 non
143 499 267 526 autem
279 499 471 537 tamquam
492 491 671 538 principio
695 503 797 534 usus;
819 491 869 526 ita
891 491 1032 526 scilicet
1053 491 1150 538 quod
1174 490 1293 525 malus
1311 491 1357 525 sit
1372 499 1472 525 actus
1486 490 1640 525 virtutis.

125 545 187 580 AD
208 555 363 580 SEXTUM
385 544 593 587 dicendum,
615 545 713 592 quod
735 546 848 580 virtus
870 544 988 580 infusa
1015 553 1185 580 causatur
1212 546 1248 580 in
1274 545 1380 580 nobis
1408 556 1428 578 a
1454 545 1536 579 Deo
1564 545 1642 580 sine

0 609 2 634 :
54 599 159 635 nobis
181 598 383 646 agentibus,
404 609 480 633 non
501 607 624 633 tamen
647 599 724 634 sine
747 600 852 634 nobis
876 599 1210 642 consentientibus;
1234 607 1270 634 et
1291 599 1341 634 sic
1365 607 1419 633 est
1440 598 1644 646 intelligen-

55 653 155 696 dum,
175 652 274 700 quod
297 652 444 687 dicitur:
475 653 589 698 Quam
617 654 710 689 Deus
737 655 771 688 in
799 655 892 689 nobis
916 655 985 689 sina
1012 655 1107 689 nobis
1133 659 1318 701 operatum·
1347 665 1441 700 quae
1463 664 1551 688 vero
1579 664 1643 700 per

53 718 122 743 nos
143 715 312 754 aguntur,
325 706 427 742 Deus
448 707 485 741 in
506 707 612 742 nobis
635 716 761 743 causat
781 719 856 744 non
878 708 956 743 sine
978 708 1083 743 nobis
1107 708 1318 755 agentibus;
1339 708 1417 754 ipse
1438 708 1537 742 enim
1559 719 1643 755 ope-

55 769 154 797 ratur
174 761 212 796 in
233 761 338 797 omni
357 760 560 805 voluntate,
583 770 618 796 et
639 770 780 797 natura.

585 1032 947 1094 QUAESTIO
987 1033 1117 1081 LVI.

210 1157 275 1190 DE
301 1157 535 1199 SUBJECTO
561 1157 797 1197 VIRTUTIS,
827 1158 880 1190 IN
906 1158 995 1191 SEX
1020 1158 1287 1191 ARTICULOS
1314 1158 1493 1191 DIVISA.

127 1299 272 1336 Deinde
294 1299 604 1335 considerandum
625 1307 680 1335 est
699 1299 744 1335 de
766 1300 930 1347 subjecto
952 1299 1108 1335 virtutis.

570 1390 616 1426 Et
636 1390 728 1425 circa
749 1390 809 1425 hoc
830 1395 1041 1437 quaeruntur
1061 1402 1126 1426 sex.

129 1461 268 1498 Primo.
289 1462 426 1498 Utrum
446 1462 560 1497 virtus
586 1462 631 1498 sit
651 1462 688 1497 in
710 1463 874 1510 potentia
897 1463 1041 1498 animae
1064 1463 1158 1498 sicut
1178 1462 1214 1497 in
1236 1463 1416 1510 subjecto.

131 1516 315 1553 Secundo.
337 1516 473 1552 Utrum
494 1527 567 1551 una
587 1517 700 1552 virtus
722 1517 838 1564 possit
859 1529 939 1552 esse
960 1517 998 1551 in
1019 1516 1182 1564 pluribus
1204 1513 1388 1564 potentiis.

133 1569 274 1606 Tertio.
296 1570 432 1606 Utrum
453 1570 659 1606 intellectus
681 1571 796 1618 possit
818 1583 896 1606 esse
918 1572 1124 1618 subjectum
1145 1571 1298 1607 virtutis.

132 1624 289 1667 Quarto.
311 1624 447 1660 Utrum
467 1624 671 1668 irascibilis,
693 1633 729 1660 et
750 1625 1058 1673 concupiscibilis.

134 1678 288 1722 Quinto.
310 1678 446 1714 Utrum
466 1679 561 1714 vires
585 1680 872 1727 apprehensivae
894 1680 1100 1716 sensitivae.

132 1733 256 1770 Sexto.
278 1733 414 1769 Utrum
433 1732 617 1769 voluntas.

639 1881 989 1927 ARTICULUS
1025 1883 1059 1926 Ι.
1575 1905 1641 1943 295

147 1991 305 2023 UTRUM
325 1991 486 2022 VIRTUS
508 1992 578 2022 SIT
600 1992 645 2023 IN
668 1992 895 2023 POTENTIA
915 1993 1082 2023 ANIMAE
1106 1992 1236 2023 SICUT
1260 1993 1305 2023 IN
1326 1993 1560 2035 SUBJECTO.

58 2079 179 2128 (Supr.
212 2092 244 2128 q.
272 2092 326 2128 50.
360 2085 427 2116 art.
460 2093 489 2117 ι.
523 2086 553 2116 et
581 2093 610 2128 3.
644 2093 675 2128 q.
710 2092 740 2128 7.
777 2086 842 2116 art.
876 2093 909 2118 2.
943 2088 1034 2128 corp.
1067 2086 1097 2116 et
1126 2093 1155 2129 3.
1190 2081 1279 2116 Dist.
1310 2093 1355 2129 33.
1390 2094 1420 2129 q.
1452 2093 1484 2117 2.
1515 2086 1580 2117 art.
1611 2093 1646 2127 4.

173 2139 204 2170 et
229 2135 317 2171 Veri.
338 2146 370 2182 q.
390 2146 444 2181 14.
464 2140 529 2171 art.
546 2146 576 2182 5.
599 2142 692 2183 corp.
714 2140 742 2170 et
770 2136 858 2170 Veri.
881 2147 909 2182 q.
932 2147 961 2171 1.
979 2141 1045 2170 art.
1063 2148 1093 2183 3.
1115 2141 1146 2171 et
1167 2142 1277 2183 opusc.
1298 2147 1349 2183 43.
1372 2142 1445 2184 cap.
1468 2136 1532 2182 8,).

89 2255 91 2258 ⁴
131 2223 193 2260 AD
213 2235 366 2261 numm
386 2224 438 2260 sic
460 2225 681 2273 proceditur.
696 2224 863 2268 Videtur,
878 2225 976 2273 quod
991 2225 1104 2261 virtus
1118 2237 1194 2261 non
1213 2226 1259 2261 sit
1272 2226 1309 2260 in
1323 2226 1487 2273 potentia
1501 2226 1646 2261 animae

60 2276 154 2314 sicut
173 2278 212 2313 in
231 2279 415 2326 subjecto:
443 2279 532 2314 dicit
558 2279 658 2314 enim
679 2280 836 2326 August.
865 2280 902 2314 in
929 2290 961 2314 2.
989 2279 1051 2315 lib.
1074 2280 1118 2315 de
1141 2280 1259 2315 Liber.
1287 2281 1423 2315 Arbitr.
1445 2283 1536 2328 (cap.
1558 2281 1644 2327 19.),

39 2352 49 2378 g.
60 2332 158 2380 quod
170 2332 284 2368 virtus
299 2341 364 2376 est,
379 2344 450 2381 qua
464 2342 563 2368 recte
577 2333 729 2368 vivitur:
752 2334 874 2368 vivere
891 2342 1014 2369 autem
1031 2346 1107 2369 non
1126 2343 1180 2369 est
1194 2347 1257 2382 per
1271 2335 1474 2382 potentiam
1490 2335 1646 2376 animae,

36 2386 124 2438 'maed
143 2397 208 2435 per
228 2388 305 2435 ejus
327 2388 543 2432 essentiam
565 2399 654 2435 ergo
675 2388 789 2423 virtus
811 2400 887 2424 non
909 2397 963 2424 est
984 2389 1021 2423 in
1043 2389 1208 2436 potentia
1235 2390 1391 2432 animae,
1414 2389 1478 2425 sed
1503 2389 1540 2424 in
1568 2390 1646 2436 ejus

39 2441 232 2490 2sessentia.

60 2529 71 2542 Ι,
133 2505 165 2530 2.
186 2493 425 2531 PRAETEREA.
447 2495 664 2544 Philosoph.
681 2496 769 2530 dicit
782 2496 818 2531 in
835 2507 866 2531 2.
885 2496 1003 2532 EthiC.
1020 2498 1112 2546 (cap.
1137 2498 1204 2543 6.):
1227 2498 1340 2533 Virtus
1354 2502 1410 2542 est,
1426 2510 1509 2545 quae
1523 2498 1645 2533 bonum

39 2547 145 2599 facit
163 2549 347 2592 habentem,
370 2555 401 2586 et
421 2556 503 2598 opus
524 2552 593 2597 ejus
615 2551 737 2585 bonum
763 2550 891 2586 reddit:
920 2552 982 2586 sed
1005 2552 1099 2586 sicut
1121 2563 1212 2599 opus
1235 2552 1468 2587 constituitur
1495 2564 1565 2612 per.
1585 2563 1646 2599 po-

54 2602 226 2661 femiam,
246 2603 296 2638 ita
317 2603 456 2639 habens
477 2604 650 2639 virtutem
673 2605 905 2640 constituitur
926 2617 990 2652 per
1011 2606 1209 2641 essentiam
1231 2606 1394 2649 animae3
1417 2617 1506 2653 ergo
1533 2606 1645 2640 xirtus

44 2664 138 2697 non
158 2657 276 2704 magis
297 2657 453 2705 pertinet
473 2658 518 2692 ad
539 2658 744 2719 potentiam
767 2659 923 2702 animae,
945 2671 1056 2721 quarn
1080 2660 1125 2694 ad
1147 2661 1224 2706 ejus
1248 2661 1456 2695 essentiam.

137 2721 167 2758 3.
188 2710 427 2747 PRAETEREA.
450 2711 620 2747 Potentia
642 2720 697 2747 est
718 2713 754 2747 in
776 2714 936 2748 secunda
958 2714 1079 2761 specie
1102 2714 1304 2761 qualitatis:
1325 2715 1437 2749 virtus
1452 2723 1574 2749 autem
1594 2722 1648 2748 est

52 2764 244 2800 uaedam
265 2765 433 2813 qualitas,
456 2774 495 2801 ut
515 2778 623 2814 supra
645 2767 785 2802 dictum
807 2775 862 2802 est
882 2768 931 2814 (q.
949 2774 1065 2816 praec.
1088 2773 1153 2803 art.
1176 2780 1210 2814 4.
1224 2774 1297 2815 atq.
1321 2781 1378 2816 49.
1394 2774 1461 2804 art.
1484 2769 1546 2813 1..)
1562 2779 1646 2828 qua-

55 2868 104 2925 h
128 2818 174 2854 tis
194 2827 319 2855 autem
340 2831 416 2856 non
437 2828 492 2856 est
512 2820 684 2867 qualitas;
708 2832 798 2868 ergo
818 2821 932 2857 virtus
953 2833 1028 2857 non
1056 2831 1110 2858 est
1136 2824 1171 2858 in
1199 2823 1362 2869 potentia
1387 2823 1531 2857 animae
1554 2822 1647 2857 sicut

126 2873 304 2921 subjecto.
