1907 3198
487 172 708 208 QUAEsrro
740 172 890 202 xtvnr.
923 171 1171 202 Aarrcuws
1205 172 1234 201 1.
1562 174 1645 216 337

67 255 165 302 quod
191 254 385 290 delectatio
412 254 505 290 irato
533 254 701 302 provenit
727 266 769 290 ex
796 254 1001 301 punitione:
1029 253 1169 301 punitio
1197 262 1321 288 autem
1348 253 1507 289 excludit
1533 254 1647 298 iram3

67 320 166 356 ergo,
187 309 402 344 adveniente
424 308 678 351 delectatione,
705 309 758 344 ira
779 308 935 351 tollitur;
958 319 1033 342 non
1056 316 1110 342 est
1131 319 1218 355 ergo
1242 307 1392 343 effectus
1414 308 1648 343 delectationi

67 363 284 409 conjunctus
306 363 368 409 [al.
390 375 456 398 non
479 368 522 398 est
548 375 622 409 ergo
643 364 770 409 effectus
797 363 964 399 delectatio
992 364 1188 408 conjunctus
1210 363 1294 405 irae,
1323 371 1359 397 et
1385 362 1429 396 al.
1452 362 1578 409 effectus
1599 362 1648 397 dc-

66 417 223 463 lectatio}

138 482 167 518 3.
190 471 428 507 PRAETEREA.
445 470 575 506 Nullus
593 470 742 506 effectus
757 471 910 518 impedit
931 481 1081 505 causam
1100 481 1216 513 suam,
1240 481 1325 504 cum
1347 470 1393 505 sit
1413 482 1500 505 suae
1516 482 1647 506 causae

66 524 284 563 conformis:
304 526 366 560 sed
388 524 649 560 delectationes
665 525 869 572 impediunt
882 525 986 567 iram,
1002 532 1039 559 ut
1053 524 1184 559 dicitur
1198 524 1235 558 in
1258 534 1291 559 2.
1306 524 1493 559 Rhetoric.
1516 524 1605 573 (cap.
1619 537 1646 572 3.

64 580 127 619 cir,
147 579 275 625 med.);
299 590 387 626 ergo
410 579 606 614 delectatio
628 591 703 614 non
726 588 780 614 est
802 579 952 614 effectus
973 579 1059 613 irae.

160 632 236 668 SED
258 644 416 669 CONTRA
430 641 495 676 est,
519 633 616 680 quod
639 633 854 680 Philosoph.
877 634 914 668 in
937 633 1069 668 eodem
1090 633 1151 667 lib.
1167 633 1256 680 (cap.
1279 644 1310 668 2.
1325 639 1456 680 parum
1477 645 1497 667 α
1513 634 1646 680 princ.)

64 685 203 727 inducit
222 687 470 734 proverbium,
492 687 591 734 quod
605 688 658 722 ira
674 687 790 722 multo
806 687 948 722 dulcior
970 687 1079 722 melle
1099 686 1296 722 distillante
1315 687 1352 721 in
1370 687 1578 734 pectoribus
1600 688 1648 722 vi-

65 751 188 783 rorum
212 742 353 777 crescit.

134 794 367 832 Rsssponnzo
394 796 603 839 dicendum,
625 796 735 843 quod,
757 796 851 831 sicut
872 795 966 831 Phil.
989 796 1076 830 dicit
1096 795 1133 830 in
1152 806 1183 842 7.
1202 795 1320 830 Ethic.
1341 796 1431 843 (cap.
1450 796 1534 841 14),
1554 795 1647 830 dele·

64 849 254 893 ctationes,
280 850 440 885 maxime
468 850 667 893 sensibiles,
691 859 726 885 et
748 850 970 897 corporales,
989 858 1072 885 sunt
1091 849 1296 885 medicinae
1318 850 1500 897 quaedam
1519 858 1646 884 contra

62 903 260 939 tristitiam:
289 913 324 940 et
348 904 432 940 ideo
455 913 592 952 quanto
614 916 678 952 per
698 904 982 939 delectationem
1007 912 1135 939 contra
1161 905 1344 951 majorem
1365 904 1560 947 tristitiam,
1588 904 1647 939 vel

63 958 283 994 anxietatem
298 959 502 994 remedium
518 967 731 1006 praestatur,
745 967 847 994 tanto
863 958 1057 994 delectatio
1070 958 1187 1005 magis
1198 958 1412 1005 percipitur:
1429 958 1522 993 sicut
1535 966 1645 1005 patet,

62 1012 160 1060 quod
182 1013 329 1060 quando
348 1012 478 1060 aliquis
497 1013 582 1056 sitit,
600 1012 852 1048 delectabilior
864 1013 903 1048 fit
921 1013 954 1047 ei
975 1021 1100 1060 potus:
1124 1012 1360 1047 manifestum
1383 1021 1436 1047 est
1459 1021 1582 1047 autem
1602 1024 1644 1048 ex

61 1067 254 1115 praedictis
277 1067 324 1114 (q.
345 1079 401 1114 47.
417 1072 480 1102 art.
496 1068 555 1113 L),
579 1067 676 1114 quod
696 1075 818 1102 motus
833 1068 907 1102 irae
921 1067 1076 1113 insurgit
1090 1078 1133 1102 ex
1147 1067 1268 1114 aliqua
1289 1066 1390 1102 illata
1411 1067 1543 1113 injuria
1563 1079 1647 1102 con-

59 1121 236 1164 tristante,
258 1121 317 1156 cui
337 1121 485 1168 quidem
501 1121 666 1156 tristitiae
682 1121 887 1156 remedium
909 1121 1101 1156 adhibetur
1118 1132 1182 1168 per
1203 1121 1421 1164 vindictam3
1444 1129 1481 1156 et
1498 1121 1580 1156 ideo
1601 1122 1646 1156 ad

60 1175 305 1223 praesentiam
325 1175 507 1210 vindictae
528 1175 723 1210 delectatio
751 1175 925 1222 sequitur,
948 1183 983 1210 et
1003 1183 1104 1210 tanto
1127 1176 1258 1221 major,
1281 1184 1418 1222 quanto
1441 1176 1560 1222 major
1578 1175 1646 1210 fuit

59 1229 214 1265 tristitia.
233 1229 274 1265 Si
292 1230 402 1277 igitur
422 1230 582 1264 vindicta
594 1229 703 1264 fuerit
715 1240 886 1276 praesens
909 1229 1065 1272 realiter,
1088 1229 1127 1264 fit
1148 1228 1308 1276 perfecta
1324 1229 1532 1273 delectatio,
1552 1242 1645 1277 quae

59 1284 220 1320 totaliter
245 1284 404 1320 excludit
429 1285 632 1327 tristitiam3
660 1292 695 1318 et
720 1295 784 1330 per
810 1284 882 1318 hoc
909 1284 1048 1330 quietat
1073 1292 1218 1318 motum
1244 1284 1338 1319 irae:
1361 1285 1425 1319 sed
1447 1293 1645 1331 antequam

59 1338 220 1374 vindicta
245 1339 291 1374 sit
316 1349 486 1386 praesens
507 1337 663 1381 realiter,
690 1337 730 1373 fit
754 1338 927 1372 irascenti
953 1349 1124 1385 praesens
1151 1337 1350 1385 dupliciter:
1374 1350 1438 1373 zano
1462 1339 1558 1374 modo
1581 1350 1645 1386 per

59 1403 182 1440 spem;
200 1393 285 1440 quia
305 1392 426 1428 nullus
443 1393 610 1428 irascitur
626 1392 696 1427 nisi
709 1403 858 1439 sperans
880 1392 1093 1433 vindictam,
1108 1400 1146 1427 ut
1160 1404 1268 1439 supra
1290 1392 1429 1426 dictum
1449 1401 1502 1427 est
1522 1393 1567 1439 (q.
1583 1393 1642 1438 46.

59 1452 126 1483 art.
146 1447 216 1493 1.):
237 1447 304 1482 alio
330 1446 427 1482 modo
449 1447 652 1482 secundum
674 1447 890 1481 continuam
912 1447 1195 1493 cogitationem:
1219 1447 1415 1493 unicuique
1438 1447 1537 1481 enim
1560 1458 1644 1482 con-

60 1501 260 1548 cupiscenti
280 1509 335 1536 est
360 1500 575 1536 delectabile
595 1501 788 1536 immorari
808 1501 845 1535 in
868 1501 1092 1548 cogitatione
1113 1512 1254 1543 eorum,
1277 1512 1370 1548 quae
1393 1501 1641 1548 concupiscit:

59 1563 207 1603 propter
223 1555 322 1603 quod
341 1555 452 1592 etiam
469 1555 753 1602 imaginationes
772 1555 1003 1590 somniorum
1022 1563 1106 1590 sunt
1122 1554 1374 1598 delectabiles;
1394 1563 1429 1590 et
1446 1555 1542 1598 ideo,
1560 1567 1644 1590 cum

58 1609 170 1645 iratus
196 1609 354 1644 multum
374 1610 412 1644 in
434 1610 558 1644 animo
580 1621 648 1645 suo
671 1609 808 1656 cogitet
834 1610 879 1644 de
906 1609 1077 1652 vindicta,
1105 1620 1148 1644 ex
1174 1609 1246 1643 hoc
1274 1609 1492 1644 delectatur:
1520 1618 1644 1645 tamen

58 1662 253 1699 delectatio
273 1675 349 1699 non
371 1671 426 1699 est
442 1663 612 1711 perfecta,
635 1675 727 1711 quae
750 1663 857 1699 tollat
877 1664 1074 1706 tristitiam,
1098 1671 1133 1698 et
1154 1675 1216 1711 per
1239 1675 1469 1711 consequens
1491 1664 1594 1699 iram.

128 1718 190 1753 AD
203 1729 355 1754 PRIMUM
372 1729 461 1765 ergo
480 1718 688 1761 dicendum,
708 1718 807 1765 quod
824 1729 899 1753 non
915 1719 958 1753 de
978 1718 1112 1753 eodem
1126 1718 1238 1753 iratus
1256 1718 1429 1761 tristatur,
1445 1727 1480 1753 et
1498 1719 1643 1765 gaudet,

58 1772 121 1808 sed
140 1772 301 1808 tristatur
321 1772 366 1808 de
387 1772 487 1808 illata
507 1772 654 1819 injuria:
683 1772 883 1808 delectatur
911 1781 1035 1808 autem
1063 1773 1107 1808 de
1129 1773 1291 1807 vindicta
1314 1773 1485 1819 cogitata,
1508 1782 1544 1809 et
1569 1786 1646 1821 spe-

57 1835 153 1871 rata,
180 1827 275 1862 unde
301 1827 444 1862 tristitia
470 1838 508 1862 se
534 1827 645 1862 habet
671 1827 715 1862 ad
742 1827 836 1862 iram
862 1827 956 1862 sicut
982 1827 1213 1874 principium,
1240 1827 1303 1862 sed
1330 1827 1524 1863 delectatio
1551 1828 1645 1863 sicut

58 1879 220 1924 effectus,
242 1881 300 1916 vel
321 1881 511 1916 terminus.

129 1935 190 1970 AD
208 1946 418 1971 SECUNDUM
435 1935 644 1978 dicendum,
663 1936 760 1983 quod
780 1935 938 1982 objectio
958 1934 1019 1970 illa
1038 1936 1204 1982 procedit
1218 1936 1262 1970 de
1280 1935 1536 1979 delectatione,
1551 1948 1644 1984 quae

59 1997 225 2025 causatur
247 2001 290 2024 ex
312 1990 401 2025 reali
422 1990 626 2037 praesentia
648 1990 842 2032 vindictae,
865 2001 957 2037 quae
979 1989 1139 2025 totaliter
1160 1990 1256 2025 tollit
1276 1991 1380 2025 iram.

129 2044 190 2080 AD
225 2054 400 2080 TERTlUM
429 2044 637 2087 dicendum,
668 2045 766 2091 quod
794 2044 1056 2079 delectationes
1084 2045 1342 2091 praecedentes
1369 2045 1572 2092 impediunt
1598 2057 1643 2080 ne

57 2106 227 2145 sequatur
247 2098 408 2142 tri‘stitia;
431 2106 467 2133 et
488 2109 550 2145 per
572 2110 801 2145 consequens
822 2099 1028 2146 impediunt
1052 2099 1164 2135 iram:
1192 2099 1255 2134 sed
1277 2099 1472 2135 delectatio
1499 2100 1543 2135 de
1571 2100 1644 2134 vin-

57 2151 154 2193 dicta
174 2153 410 2200 consequitur
430 2152 547 2200 ipsam
568 2153 672 2187 iram.

628 2294 979 2339 ARTICULUS
1009 2295 1065 2338 H.
1574 2306 1641 2352 264

248 2405 405 2436 UTRUM
436 2405 509 2436 IRA
541 2404 712 2434 MAXIME
741 2405 912 2435 CAUSET
946 2405 1174 2435 FERVOREM
1208 2405 1252 2436 IN
1283 2405 1445 2435 CORDE.

547 2493 657 2538 (Vari.
681 2505 710 2540 q.
733 2494 789 2530 26.
812 2499 877 2530 art.
899 2506 927 2530 1.
950 2501 1042 2542 corp.
1057 2495 1151 2541 fin.).

127 2584 187 2620 AD
208 2595 417 2620 SECUNDUM
439 2585 491 2619 sic
519 2584 738 2631 proceditur.
765 2584 928 2627 Videtur,
952 2585 1049 2631 quod
1071 2584 1192 2619 fervor
1214 2596 1289 2619 non
1311 2585 1356 2619 sit
1378 2584 1536 2619 maxime
1560 2583 1641 2619 effe-

57 2644 135 2674 ctus
166 2638 260 2674 irae:
287 2637 408 2674 fervor
443 2639 554 2680 enim,
588 2638 681 2673 sicut
710 2650 817 2685 supra
847 2639 986 2673 dictum
1021 2647 1075 2674 est
1106 2639 1151 2685 (q.
1171 2651 1221 2686 37.
1245 2644 1310 2674 art.
1334 2640 1395 2684 2.)‚
1420 2639 1575 2685 pertinet
1597 2639 1639 2673 ad

57 2701 243 2727 amorem2
271 2693 334 2727 sed
362 2704 478 2735 amor,
505 2693 598 2727 sicut
623 2704 730 2739 supra
758 2693 894 2727 dictum
923 2701 976 2727 est
1003 2693 1050 2739 (q.
1073 2705 1126 2740 27.
1150 2699 1214 2728 art.
1237 2694 1302 2738 4.),
1331 2693 1547 2740 principium
1576 2702 1640 2735 est,

56 2752 93 2784 et
112 2756 219 2781 causa
241 2746 409 2782 omnium
429 2746 657 2793 passionum:
682 2758 766 2780 cum
789 2758 875 2793 ergo
897 2758 1004 2782 causa
1023 2747 1067 2781 sit
1086 2747 1206 2793 potior
1225 2745 1368 2789 effectu,
1387 2746 1527 2780 videtur
1542 2747 1639 2794 quod

55 2797 108 2841 ita
127 2811 202 2836 non
222 2799 332 2836 faciat
353 2801 510 2835 maxime
532 2799 725 2835 fervorem.

127 2863 160 2888 2.
187 2853 426 2890 PRAETEREA.
454 2853 520 2889 Illa
547 2866 639 2901 quae
667 2854 710 2889 de
738 2866 775 2890 se
803 2855 960 2890 excitant
986 2854 1179 2897 servorem,
1207 2866 1269 2901 per
1295 2854 1470 2901 temporis
1493 2854 1639 2889 assidui-

56 2912 169 2947 tatem
194 2908 310 2956 magis
337 2916 533 2956 augentur:
556 2908 649 2943 sicut
675 2920 780 2944 amor
802 2909 1035 2944 diuturnitate
1059 2908 1300 2944 convalescit:
1323 2909 1385 2943 sed
1407 2908 1459 2943 ira
1483 2920 1546 2956 per
1567 2917 1637 2943 tra-
