1907 3182
236 222 320 276 386
659 232 879 268 QUAESTIO
915 232 999 261 LVI.
1035 230 1280 261 ARTICULUS
1314 231 1373 260 111.

234 322 470 361 temperatus:
500 321 534 348 et
561 312 687 347 eadem
713 313 804 347 ratio
828 320 880 346 est
906 312 949 346 de
969 311 1164 354 similibus3
1187 319 1221 345 et
1239 312 1321 357 quia
1339 312 1448 345 virtus
1469 319 1532 354 est,
1549 322 1642 358 quae
1659 311 1798 345 bonum

234 367 318 402 facit
339 368 544 408 habentem,
565 374 598 400 et
617 378 706 412 opus
726 367 800 411 ejus
820 366 955 399 bonurn
978 365 1104 407 reddit,
1126 365 1334 410 hujusmodi
1354 365 1496 398 habitus
1518 364 1727 410 simpliciter
1748 364 1800 398 di-

236 430 363 456 cuntur
375 422 526 462 virtutes,
543 420 625 466 quia
644 419 796 453 reddunt
808 419 945 452 bonurn
961 430 1050 464 opus
1066 419 1102 452 in
1122 426 1213 460 actu,
1233 426 1266 452 et
1284 417 1494 464 simpliciter
1510 417 1645 451 faciunt
1661 418 1798 451 bonum

236 475 442 509 habentem.
464 474 577 507 Primi
594 484 679 506 vero
694 472 835 506 habitus
853 483 926 506 non
949 471 1159 517 simpliciter
1180 471 1346 505 dicuntur
1358 473 1515 511 virtutem
1539 472 1620 517 quia
1638 482 1712 504 non
1726 470 1800 505 red-

236 528 324 562 dunt
344 528 481 561 bonum
509 538 609 573 opus,
632 527 699 559 nisi
724 526 760 559 in
788 525 943 571 quadam
970 524 1149 566 facultate,
1176 535 1242 558 nec
1269 524 1478 570 simpliciter
1503 523 1640 558 faciunt
1663 523 1800 557 bonum

236 582 448 623 habentem3
467 591 540 614 non
565 580 659 613 enim
683 579 810 612 dicitur
831 578 1040 624 simpliciter
1062 577 1189 623 aliquis
1210 578 1324 611 homo
1347 578 1448 612 bonus
1469 588 1511 611 ex
1532 577 1616 619 hoc,
1637 576 1734 623 quod
1748 584 1802 610 est

236 635 365 676 sciens,
380 633 437 667 vel
458 632 591 674 artifex,
607 632 669 666 sed
688 632 816 665 dicitur
830 633 931 666 bonus
949 631 1068 665 solum
1084 631 1282 665 secundum
1302 630 1405 676 quid:
1420 638 1504 677 puta
1518 631 1619 665 bonus
1635 629 1803 664 dramma-

237 689 328 729 ticus,
352 695 411 721 aut
430 688 530 721 bonus
539 686 651 732 faber,
668 693 702 719 et
715 693 860 731 propter
874 685 944 718 hoc
960 684 1170 730 plerumque
1184 685 1334 725 scientia,
1357 691 1391 717 et
1412 695 1467 718 ars
1488 691 1612 717 contra
1632 683 1801 716 virtutem

238 741 421 782 dividitur3
444 739 660 785 quandoque
683 746 804 772 autem
824 739 962 772 virtutes
984 738 1161 779 dicuntur,
1187 745 1226 772 ut
1251 744 1347 783 patet
1372 737 1408 770 in
1434 735 1466 771 6.
1493 736 1574 770 Eth.
1601 736 1693 783 (cap.
1714 747 1745 771 2.
1766 737 1802 769 in

228 795 293 841 fin.
315 806 353 828 ex
373 805 464 828 sensu
486 794 532 826 D.
560 792 706 837 Thom.).
725 791 935 837 Subjectum
958 791 1066 836 igitur
1086 791 1241 832 habitus,
1263 790 1323 836 qui
1344 790 1546 824 secundum
1568 790 1652 836 quid
1675 790 1803 823 dicitur

236 849 356 888 virtus,
391 854 509 892 potest
542 856 619 879 esse
654 844 855 878 intellectus
883 856 957 878 non
988 843 1108 878 solum
1141 844 1332 889 practicus,
1366 844 1427 878 sed
1457 843 1567 877 etiam
1598 842 1802 877 intellectus

238 899 478 947 speculativus
497 899 630 944 absque
650 899 750 931 omni
769 898 893 931 ordine
913 898 956 931 ad
974 897 1218 932 voluntatem:
1241 897 1291 930 sic
1311 897 1408 931 enirn
1426 896 1562 931 Philos.
1581 896 1617 930 in
1635 894 1667 930 6.
1685 895 1801 929 Ethic.

240 954 329 1000 (cap.
347 954 394 999 3.)
422 952 621 993 scientiam,
644 951 869 996 sapientiam,
892 958 926 985 et
947 950 1183 992 intellectum,
1206 957 1239 984 et
1266 950 1375 984 etiam
1398 958 1512 984 artem
1533 949 1636 996 ponit
1656 960 1733 983 esse
1754 948 1804 982 in-

238 1005 460 1041 tellectuales
489 1005 648 1039 virtutes.
678 1004 890 1050 Subiectum
919 1015 1005 1038 vero
1035 1004 1189 1045 habitus,
1219 1004 1279 1049 qui
1306 1002 1516 1050 simpliciter
1537 1003 1664 1037 dicitur
1683 1003 1803 1044 virtus,

239 1071 312 1094 non
340 1067 458 1106 potest
480 1070 556 1093 esse
583 1058 652 1092 nisi
672 1057 853 1099 voluntas,
875 1057 932 1091 vel
955 1057 1073 1103 aliqua
1096 1057 1267 1103 potentia,
1290 1057 1489 1091 secundum
1510 1056 1607 1102 quod
1629 1063 1681 1090 est
1703 1063 1804 1089 mota

240 1125 259 1147 a
281 1113 486 1154 voluntate3
510 1113 609 1157 cujus
632 1113 722 1146 ratio
742 1120 805 1153 est,
827 1111 910 1156 quia
927 1110 1096 1145 voluntas
1111 1118 1235 1144 movet
1252 1121 1380 1144 omnes
1402 1110 1489 1144 alias
1505 1109 1695 1156 potentias,
1713 1120 1805 1155 quae

240 1166 441 1213 aliqualiter
463 1173 544 1200 sunt
563 1164 769 1206 rationales,
789 1165 832 1198 ad
851 1176 936 1199 suos
959 1173 1070 1206 actus,
1092 1173 1131 1198 ut
1151 1175 1256 1210 supra
1277 1164 1441 1198 habitum
1463 1171 1516 1198 est
1539 1163 1583 1209 (q.
1606 1175 1638 1210 9.
1660 1168 1726 1198 art.
1745 1163 1804 1208 1.);

240 1228 275 1254 et
296 1220 376 1254 ideo
399 1219 496 1265 quod
519 1219 634 1252 homo
650 1227 731 1252 actu
749 1219 840 1252 bene
857 1226 950 1263 agat,
966 1218 1143 1263 contingit
1157 1229 1198 1251 ex
1212 1218 1295 1259 hoc,
1311 1217 1407 1263 quod
1421 1217 1536 1251 homo
1550 1217 1659 1251 habet
1670 1217 1806 1250 bonam

240 1273 485 1314 voluntatem3
508 1272 602 1305 unde
623 1272 747 1313 virtus,
770 1282 861 1317 quae
879 1272 969 1305 bene
996 1271 1080 1305 facit
1103 1282 1209 1317 agere
1231 1271 1266 1304 in
1289 1279 1382 1312 actu,
1404 1281 1479 1305 non
1501 1270 1621 1305 solum
1643 1271 1677 1304 in
1699 1269 1807 1304 facul-

239 1335 323 1368 tate,
346 1334 486 1372 oportet
508 1325 603 1371 quod
625 1325 683 1359 vel
704 1326 748 1359 sit
768 1325 804 1358 in
825 1325 901 1370 ipsa
922 1324 1120 1366 voluntate,
1137 1324 1196 1358 vel
1216 1324 1252 1358 in
1275 1323 1393 1370 aliqua
1414 1324 1587 1371 potentia,
1608 1323 1807 1358 secundum

241 1380 337 1426 quod
359 1387 412 1414 est
430 1391 449 1412 a
470 1379 655 1413 voluntate
678 1387 788 1413 mota.
813 1378 1001 1424 Contingit
1021 1386 1141 1412 autem
1162 1378 1386 1412 intellectum
1409 1390 1428 1412 a
1448 1377 1634 1412 voluntate
1655 1377 1807 1418 moveri,

242 1434 334 1468 sicut
355 1440 388 1467 et
410 1432 496 1466 alias
523 1432 714 1478 potentias,
745 1432 950 1466 considerat
977 1432 1073 1466 enim
1102 1431 1229 1478 aliquis
1257 1431 1391 1477 aliquid
1413 1439 1506 1473 actu,
1529 1442 1572 1465 eo
1594 1430 1691 1477 quod
1712 1430 1808 1472 vult3

243 1495 278 1521 et
310 1487 391 1520 ideo
414 1485 629 1527 intellectus,
659 1485 858 1519 secundum
893 1485 989 1531 quod
1023 1485 1130 1519 habet
1165 1485 1329 1519 ordinem
1359 1485 1401 1518 ad
1427 1484 1664 1527 voluntatem,
1691 1492 1809 1530 potest

244 1551 320 1574 esse
343 1540 543 1585 subjectum
563 1539 703 1572 virtutis
730 1538 940 1584 simpliciter
966 1538 1102 1579 dictae3
1130 1546 1164 1572 et
1189 1538 1260 1572 hoc
1288 1538 1400 1573 modo
1423 1537 1626 1572 intellectus
1652 1536 1810 1584 specula-

243 1594 348 1635 tivus,
369 1592 428 1626 vel
445 1594 535 1626 ratio
555 1600 608 1626 est
621 1592 820 1637 subjectum
839 1591 937 1625 fidei:
958 1599 1124 1625 movetur
1146 1591 1243 1625 enim
1261 1591 1463 1625 intellectus
1479 1591 1522 1625 ad
1542 1590 1808 1625 assentiendum

243 1647 296 1688 iis,
325 1657 416 1692 quae
450 1653 532 1680 sunt
559 1645 652 1687 fidei,
681 1656 722 1679 ex
749 1645 902 1690 irnperio
928 1644 1136 1686 voluntatis,
1165 1644 1284 1679 nullus
1315 1644 1411 1679 enim
1439 1644 1552 1679 credit
1576 1644 1645 1678 nisi
1665 1643 1808 1678 volens:

244 1700 445 1735 intellectus
469 1710 555 1733 vero
578 1699 756 1745 practicus
780 1706 832 1732 est
853 1698 1053 1743 subjectum
1080 1698 1308 1744 prudentiae:
1333 1709 1416 1732 cum
1439 1698 1536 1733 enim
1557 1698 1744 1745 prudentia
1765 1697 1810 1732 sit

244 1759 331 1788 recta
357 1755 442 1787 ratio
469 1753 654 1798 agibilimn,
682 1752 872 1798 requiritur
898 1751 941 1785 ad
968 1751 1207 1796 prudentiam,
1235 1751 1331 1797 quod
1357 1751 1471 1785 homo
1498 1762 1535 1785 se
1561 1751 1653 1785 bene
1680 1750 1811 1785 habeat

246 1808 288 1841 ad
311 1806 484 1853 principia
506 1806 611 1851 hujus
634 1806 781 1839 rationis
801 1805 1037 1851 agendorum,
1057 1815 1148 1850 quae
1167 1813 1249 1839 sunt
1263 1804 1363 1846 fines,
1379 1805 1422 1838 ad
1437 1815 1528 1851 quos
1542 1805 1633 1839 bene
1647 1815 1684 1839 se
1703 1804 1812 1838 habet

245 1862 358 1895 homo
381 1872 443 1906 per
464 1860 716 1894 rectitudinem
737 1858 945 1901 voluntatis,
967 1858 1058 1892 sicut
1077 1859 1120 1892 ad
1143 1858 1317 1905 principia
1339 1857 1613 1904 speculabilium
1630 1869 1693 1905 per
1713 1865 1811 1891 natu-

246 1914 318 1948 rale
348 1914 471 1948 lumen
498 1912 702 1947 intellectus
736 1912 893 1957 agentis,
917 1920 951 1946 et
972 1912 1053 1946 ideo
1088 1911 1181 1945 sicut
1213 1911 1415 1957 subjectum
1437 1911 1621 1954 scientiae,
1643 1922 1734 1957 quae
1757 1919 1810 1945 est

248 1969 332 2002 νιιίὶο
354 1972 443 2002 recta
463 1967 721 2013 speculabilium,
749 1974 802 1999 est
823 1964 1027 1999 intellectus
1050 1964 1292 2011 speculativus
1314 1964 1350 1998 in
1373 1964 1498 1999 ordine
1521 1965 1563 1998 ad
1585 1963 1811 1999 intellectum

249 2029 436 2067 agentem:
458 2021 506 2054 ita
528 2020 729 2065 subjectum
751 2018 961 2065 prudentiae
984 2026 1036 2052 est
1057 2018 1259 2052 intellectus
1280 2018 1458 2064 practicus
1479 2018 1515 2051 in
1542 2017 1666 2052 ordine
1689 2018 1731 2052 ad
1753 2028 1814 2051 vo-

248 2075 423 2109 luntatem
446 2081 593 2107 rectam.

320 2128 379 2161 AD
413 2137 562 2161 PRIMUM
590 2137 676 2172 ergo
705 2126 909 2167 dicendum,
937 2126 1031 2172 quod
1059 2125 1209 2159 verbum
1238 2125 1432 2170 Augustini
1458 2124 1732 2171 intelligendum
1759 2133 1814 2159 est

250 2182 293 2216 de
314 2181 444 2214 virtute
467 2179 678 2226 simpliciter
694 2179 800 2220 dicta,
818 2190 892 2213 non
912 2179 1007 2224 quod
1031 2178 1149 2212 omnis
1170 2178 1250 2212 talis
1272 2178 1383 2212 virtus
1405 2178 1449 2212 sit
1469 2178 1680 2225 simpliciter
1698 2189 1812 2220 amor;

250 2235 312 2269 sed
340 2234 421 2280 quia
450 2234 626 2279 dependet
654 2232 854 2278 aliqualiter
881 2232 922 2266 ab
951 2243 1086 2274 amore,
1114 2232 1326 2278 inquantum
1354 2232 1530 2278 dependet
1563 2243 1583 2265 a
1615 2231 1812 2273 voluntate,

252 2289 352 2333 cujus
374 2287 489 2333 prima
512 2285 655 2320 affectio
679 2294 731 2319 est
754 2297 867 2327 amor,
890 2293 928 2319 ut
946 2296 1051 2332 supra
1074 2285 1210 2319 dictum
1234 2293 1286 2319 est
1309 2284 1351 2331 (q.
1375 2296 1422 2331 25.
1445 2290 1510 2320 art.
1533 2286 1592 2330 2.).

322 2341 381 2375 AD
410 2350 614 2374 SECUNDUM
646 2339 851 2380 dicendum,
886 2339 981 2384 quod
1013 2339 1148 2372 bonum
1181 2338 1461 2384 uniuscujusque
1485 2346 1538 2372 est
1559 2337 1638 2372 finis
1660 2339 1752 2383 cjus;
1779 2346 1814 2372 et

252 2395 346 2437 idco,
369 2405 451 2427 cum
468 2405 585 2427 verum
607 2393 651 2427 sit
673 2392 750 2426 finis
773 2392 986 2434 intellectus,
1009 2403 1230 2438 cognoscere
1248 2403 1374 2426 verum
1394 2399 1447 2426 est
1464 2391 1579 2426 bonus
1595 2399 1694 2426 actus
1715 2390 1815 2426 intel-

253 2448 385 2489 lectus;
407 2447 500 2480 unde
522 2446 664 2480 habitus
686 2445 874 2491 perficiens
897 2445 1122 2480 intellectum
1145 2446 1187 2480 ad
1210 2456 1335 2479 verum
1358 2445 1667 2492 cognoscendum,
1694 2444 1751 2479 vel
1778 2445 1812 2478 in

254 2500 495 2548 speculativis,
516 2499 574 2533 vel
596 2501 630 2533 in
653 2499 830 2545 practicis,
853 2499 981 2532 dicitur
1001 2500 1116 2533 virtus.

326 2555 385 2589 AD
405 2563 575 2588 TERTIUM
591 2552 796 2594 dicendum,
811 2553 907 2598 quod
922 2552 1012 2586 ratio
1027 2551 1088 2586 illa
1104 2552 1266 2598 procedit
1279 2552 1321 2586 de
1334 2551 1464 2586 virtute
1479 2551 1690 2599 simpliciter
1707 2551 1812 2586 dicta.
