1907 3198
500 210 724 245 QUAESTIO
760 209 831 239 XX.
865 209 1112 239 ARTICULUS
1146 209 1206 238 ΙΙΙ.
1564 209 1639 251 175

627 344 976 390 ARTICULUS
1003 345 1083 388 ΙΙΙ.
1581 366 1645 402 127

359 442 516 472 UTRUM
548 443 752 482 BONITAS,
786 443 844 472 ET
878 443 1063 472 MALITIA
1096 442 1164 472 SIT
1197 442 1349 472 EADEM

444 508 722 549 EXTERIORIS,
749 509 804 538 ET
828 508 1079 539 INTERIORIS
1107 508 1266 538 ACTUS.

659 585 761 632 (Infr.
785 590 849 620 art.
868 597 902 630 4.
924 585 967 620 ad
990 585 1052 630 2.).

137 670 196 705 AD
211 680 384 705 TERTIUM
406 669 458 704 sic
480 670 698 717 proceditur.
721 670 885 712 Videtur,
908 670 1006 717 quod
1029 681 1104 704 non
1124 669 1252 704 eadem
1272 670 1316 704 sit
1330 669 1486 708 bonitas,
1500 667 1561 703 vel
1576 679 1649 702 ma-

65 723 141 760 litia
161 732 262 759 actus
282 724 463 758 interioris
485 723 694 767 voluntatis,
717 733 752 759 et
773 725 961 758 exterioris
984 732 1105 759 actus:
1126 732 1226 758 actus
1245 725 1342 758 enirn
1362 723 1542 757 interioris
1557 723 1649 769 prin-

67 779 201 826 cipium
215 786 270 814 est
290 780 344 814 vis
367 778 511 813 animae
526 779 675 813 interior
690 779 965 826 apprehensiva,
980 777 1038 812 vel
1054 778 1265 825 appetitiva:
1291 785 1390 812 actus
1415 785 1538 811 autem
1557 784 1650 810 exte-

39 849 50 858 *
65 833 170 868 rioris
191 833 409 880 principium
424 841 479 867 est
500 833 663 879 potentia
686 844 867 880 exequens
890 841 1054 867 motum:
1074 832 1133 867 ubi
1153 841 1275 866 autem
1299 839 1383 866 sunt
1401 831 1542 866 diversa
1557 831 1650 877 prin-

67 887 160 934 cipia
186 887 353 930 actionis,
379 887 429 922 ibi
454 895 538 921 sunt
563 887 696 922 diversi
725 895 842 922 actus:
872 895 973 921 actus
1000 895 1122 921 autem
1151 895 1204 921 est
1231 886 1436 932 subjectum
1463 884 1649 926 bonitatis,

65 940 124 976 vel
138 940 314 977 malitiae:
337 952 412 976 non
427 948 546 988 potest
562 949 684 976 autem
707 952 785 976 esse
806 941 905 976 idem
925 941 1093 975 accidens
1117 941 1154 974 in
1177 940 1327 975 diversis
1345 940 1537 986 subjectis,
1560 950 1648 985 ergo

64 1005 140 1030 non
161 1003 282 1043 potest
302 1007 380 1030 esse
403 996 532 1030 eadem
554 995 697 1031 bonitas
720 996 913 1039 interioris,
933 1004 968 1030 et
990 995 1178 1030 exterioris
1198 1003 1310 1030 actus.

132 1059 165 1084 2.
187 1049 426 1085 PRAETEREA.
441 1049 566 1085 Virtus
581 1058 644 1093 est,
667 1062 759 1097 quae
781 1051 920 1085 bonum
934 1049 1022 1084 facit
1035 1049 1244 1092 habentem,
1260 1057 1295 1083 et
1313 1060 1404 1096 opus
1420 1049 1496 1095 ejus
1509 1048 1649 1082 bonurn

64 1103 192 1147 reddit,
213 1112 253 1139 ut
265 1104 396 1139 dicitur
408 1105 446 1138 in
461 1115 493 1139 2.
512 1105 630 1140 Ethic.
645 1105 736 1153 (cap.
753 1105 785 1140 6.
802 1106 976 1152 inprinc.)
990 1118 1000 1140 .·
1024 1105 1087 1139 sed
1107 1104 1177 1138 alia
1191 1113 1246 1139 est
1267 1104 1380 1138 virtus
1394 1102 1650 1138 intellectualis

65 1159 102 1194 in
123 1159 285 1206 potentia
306 1158 520 1206 imperante,
543 1167 579 1194 et
600 1159 670 1193 alia
691 1159 803 1194 virtus
823 1159 974 1194 moralis
993 1159 1029 1193 in
1052 1159 1215 1205 potentia
1237 1159 1428 1205 imperata,
1449 1165 1488 1192 ut
1502 1164 1601 1204 patet
1613 1156 1651 1190 in

65 1214 182 1260 princ.
205 1222 236 1247 2.
259 1212 376 1248 Ethic.
400 1213 492 1261 (cap.
511 1214 579 1260 1.);
600 1224 688 1260 ergo
712 1212 782 1248 alia
804 1221 858 1248 est
879 1214 1022 1248 bonitas
1050 1221 1151 1247 actus
1178 1213 1373 1255 interioris,
1399 1223 1492 1259 quae
1516 1220 1569 1246 est
1591 1222 1654 1258 po-

63 1266 199 1302 tentiae
220 1267 452 1314 imperantis:
475 1275 511 1302 et
533 1267 603 1301 alia
617 1276 671 1302 est
692 1267 835 1302 bonitas
859 1276 960 1302 actus
976 1267 1175 1310 exterioris,
1197 1278 1289 1313 quae
1314 1275 1368 1301 est
1385 1267 1569 1313 potentiae
1587 1266 1653 1300 im-

65 1328 225 1368 peratae.

143 1386 172 1422 3.
194 1375 434 1411 PRAETEREA.
459 1375 593 1418 Causa,
615 1382 650 1410 et
671 1374 822 1411 effectus
844 1375 943 1410 idern
971 1386 1049 1410 esse
1071 1386 1147 1410 non
1168 1382 1336 1422 possunt:
1359 1374 1452 1410 nihil
1478 1374 1576 1409 enim
1599 1382 1653 1409 est

67 1440 178 1464 causa
197 1431 255 1465 sui
274 1429 406 1477 ipsius:
428 1429 492 1464 sed
513 1429 657 1465 bonitas
683 1437 785 1465 actus
806 1430 1011 1464 intentioris
1033 1439 1087 1464 est
1109 1441 1219 1464 causa
1239 1429 1413 1464 bonitatis
1436 1437 1537 1463 actus
1559 1437 1652 1463 exte-

64 1483 182 1526 rioris,
197 1491 259 1518 aut
273 1494 291 1518 e
306 1494 498 1527 converso,
520 1491 559 1518 ut
580 1484 718 1519 dictum
740 1492 794 1519 est
810 1484 890 1530 (art.
908 1497 936 1520 1.
955 1489 984 1519 et
1000 1496 1032 1520 2.
1055 1485 1124 1531 huj.
1145 1484 1192 1531 q.)
1201 1496 1214 1525 ;
1239 1495 1327 1530 ergo
1342 1495 1418 1518 non
1433 1491 1554 1530 potest
1572 1494 1650 1518 esse

67 1538 197 1573 eadem
217 1538 360 1573 bonitas
387 1538 584 1585 utriusque.

138 1591 214 1627 SED
237 1603 395 1628 CONTRA
409 1600 474 1635 est,
496 1592 596 1639 quod
617 1604 725 1640 supra
740 1600 930 1628 ostensum
951 1601 1006 1628 est
1027 1594 1072 1640 (q.
1092 1593 1143 1628 18.
1166 1598 1230 1628 art.
1254 1592 1318 1637 6.),
1341 1592 1439 1640 quod
1467 1601 1569 1627 actus
1590 1603 1653 1626 vo-

67 1646 216 1682 luntatis
229 1658 268 1682 se
282 1647 391 1682 habet
404 1655 444 1681 ut
462 1646 618 1682 formale
637 1647 682 1682 ad
701 1656 825 1682 actum
839 1647 1076 1682 exteriorem:
1101 1659 1142 1682 ex
1165 1646 1313 1682 form'ali
1334 1655 1468 1689 autem,
1489 1654 1524 1681 et
1541 1653 1654 1680 mate-

66 1701 147 1737 riali
167 1700 208 1736 fit
227 1713 360 1745 unun13
382 1713 470 1748 ergo
493 1710 547 1737 est
568 1714 640 1736 una
660 1702 805 1737 bonitas
828 1710 929 1737 actus
952 1702 1144 1744 interioris,
1167 1710 1202 1736 et
1228 1701 1426 1736 exterioris.

139 1755 374 1792 REsponnno
392 1755 601 1799 dicendum,
616 1757 835 1810 quodlsicut
850 1767 959 1803 supra
981 1755 1123 1791 dictum
1146 1764 1199 1791 est
1221 1758 1266 1802 (q.
1289 1767 1340 1802 17.
1361 1761 1425 1790 art.
1447 1766 1480 1801 4.
1503 1760 1533 1790 et
1550 1766 1580 1802 q.
1599 1755 1650 1790 18.

67 1814 132 1846 art.
155 1810 188 1846 6.
203 1810 246 1845 ad
255 1811 316 1858 3.),
331 1818 432 1845 actus
448 1810 600 1846 interior
613 1811 823 1853 voluntatis,
840 1819 875 1845 et
894 1818 995 1845 actus
1017 1811 1185 1853 exterior,
1200 1818 1307 1857 prout
1323 1810 1601 1844 considerantur
1616 1811 1652 1844 in

66 1875 200 1912 genere
222 1865 349 1908 moris,
371 1873 455 1900 sunt
475 1877 568 1900 unus
591 1874 711 1900 actus:
735 1865 916 1912 contingit
944 1873 1066 1900 autem
1089 1866 1321 1912 quandoque,
1350 1873 1486 1908 actum,
1514 1864 1575 1911 qui
1598 1872 1652 1898 est

66 1930 159 1955 unus
181 1920 359 1966 subjecto,
380 1919 516 1954 habere
539 1919 658 1966 plures
686 1920 847 1955 rationes
873 1920 1058 1962 bonitatis,
1085 1919 1144 1954 vel
1170 1919 1344 1962 malitiae,
1371 1927 1407 1954 et
1431 1919 1652 1966 quandoque

66 1985 182 2008 unum
201 1981 364 2017 tantum3
387 1973 438 2009 sic
461 1985 550 2021 ergo
577 1974 787 2017 dicendum,
815 1975 913 2021 quod
941 1974 1161 2021 quandoque
1185 1982 1238 2009 est
1260 1974 1391 2009 eadem
1413 1973 1569 2015 bonitas,
1591 1972 1651 2007 vel

67 2027 206 2063 malitia
227 2028 410 2064 interioris
432 2036 546 2071 actuS,
569 2037 605 2064 et
625 2029 826 2072 exterioris,
849 2029 1069 2076 quandoque
1093 2029 1175 2071 alia,
1195 2037 1229 2063 et
1252 2028 1332 2063 alia.
1358 2028 1461 2063 Sicut
1482 2028 1581 2062 enim
1601 2027 1653 2061 di-

68 2090 168 2118 ctum
190 2091 245 2118 est
265 2084 312 2130 (q.
334 2083 386 2119 18.
405 2087 470 2118 art.
494 2083 558 2130 6.)‚
584 2083 793 2130 praedictae
809 2084 901 2118 duae
916 2084 1109 2126 bonitates,
1131 2082 1191 2118 vel
1213 2083 1385 2126 malitiae,
1408 2082 1546 2117 scilicet
1566 2082 1653 2116 inte-

67 2137 186 2181 rioris,
201 2144 238 2172 et
251 2137 439 2172 exterioris
457 2145 570 2180 actus,
594 2138 638 2172 ad
652 2138 811 2173 invicem
827 2138 1058 2173 ordinantur:
1080 2138 1261 2185 contingit
1274 2146 1397 2172 autem
1417 2138 1455 2172 in
1476 2137 1544 2180 his,
1559 2148 1651 2184 quae

67 2191 113 2226 ad
134 2191 232 2226 aliud
253 2191 480 2234 ordinantur,
510 2192 608 2239 quod
639 2191 774 2239 aliquid
806 2200 859 2227 est
887 2192 1027 2227 bonum
1049 2204 1092 2227 ex
1113 2193 1185 2227 hoc
1208 2191 1330 2227 solum
1357 2192 1455 2239 quod
1483 2191 1527 2226 ad
1555 2191 1651 2226 aliud

68 2245 269 2282 ordinatur:
291 2246 386 2282 sicut
406 2246 508 2294 potio
529 2257 653 2281 amara
675 2258 718 2281 ex
743 2246 815 2281 hoc
838 2246 920 2282 solo
943 2254 996 2281 est
1021 2247 1130 2289 bona,
1153 2247 1249 2294 quod
1272 2254 1327 2281 est
1349 2246 1533 2289 sanativa;
1555 2245 1651 2280 unde

67 2310 143 2335 non
164 2308 218 2335 est
231 2299 301 2335 alia
321 2299 466 2335 bonitas
488 2301 663 2343 sanitatis,
679 2308 714 2335 et
735 2301 908 2347 potionis,
923 2301 985 2336 sed
1008 2312 1079 2335 una
1102 2309 1136 2336 et
1159 2301 1306 2343 eadem3
1329 2301 1548 2347 quandoque
1563 2311 1651 2334 vero

67 2353 168 2398 illud,
193 2354 292 2402 quod
315 2354 360 2389 ad
387 2354 484 2390 aliud
511 2355 711 2397 ordinatur,
737 2356 848 2390 habet
874 2356 911 2390 in
942 2367 979 2390 se
1007 2355 1169 2402 aliquam
1198 2356 1382 2390 rationem
1410 2356 1510 2399 boni,
1540 2355 1650 2390 etiarn

67 2415 208 2456 praeter
229 2408 396 2443 ordinem
419 2408 463 2443 ad
487 2409 584 2443 aliud
615 2409 770 2444 bonum:
794 2409 888 2444 sicut
919 2409 1102 2444 medicina
1133 2421 1308 2457 saporosa
1339 2410 1449 2445 habet
1470 2410 1651 2444 rationem

67 2461 156 2497 boni
175 2462 412 2505 delectabilis,
435 2471 577 2510 praeter
598 2463 670 2498 hoc
694 2463 791 2510 quod
814 2472 869 2498 est
889 2465 1064 2499 sanativa.

141 2516 201 2552 Sic
216 2528 304 2565 ergo
319 2517 528 2561 dicendum,
543 2517 641 2565 quod
655 2519 801 2565 quando
817 2526 918 2553 actus
934 2519 1090 2554 exterior
1105 2527 1158 2553 est
1179 2519 1309 2561 bonus,
1324 2518 1383 2553 vel
1398 2518 1516 2553 malus
1531 2517 1652 2553 solum

70 2581 114 2606 ex
134 2571 261 2607 ordine
283 2572 327 2606 ad
349 2570 472 2615 finem,
494 2580 580 2606 tunc
603 2581 656 2607 est
678 2573 831 2607 omnino
855 2573 985 2608 eadem
1005 2573 1163 2616 bonitas,
1184 2582 1219 2608 et
1241 2573 1380 2608 malitia
1405 2581 1505 2608 actus
1523 2572 1654 2607 volun-

69 2624 163 2668 tatis,
177 2637 270 2673 quae
283 2637 348 2674 per
362 2637 400 2661 se
413 2626 558 2674 respicit
571 2625 694 2670 finem,
710 2634 744 2662 et
761 2636 862 2662 actus
878 2628 1078 2670 exterioris,
1094 2628 1154 2675 qui
1177 2627 1324 2674 respicit
1338 2627 1449 2662 finem
1470 2627 1653 2661 mediante

71 2685 153 2714 actu
172 2679 390 2716 voluntatis:
414 2692 498 2715 curn
515 2689 639 2716 autem
663 2689 763 2716 actus
786 2682 943 2716 exterior
965 2682 1075 2717 habet
1090 2683 1304 2724 bonitatem,
1327 2681 1386 2717 vel
1408 2681 1586 2716 malitiam
1604 2692 1655 2716 se-

71 2733 230 2770 cundum
251 2745 302 2778 se,
323 2734 463 2770 scilicet
491 2735 694 2770 secundum
725 2737 930 2779 materiam,
956 2736 1015 2771 vel
1046 2737 1373 2779 circumstantiam,
1400 2745 1486 2771 tunc
1509 2736 1653 2771 bonitas

45 2788 256 2839 ,exterioris
278 2797 379 2824 actus
401 2797 453 2824 est
475 2801 560 2832 una,
583 2798 618 2825 et
643 2790 786 2826 bonitas
808 2790 1019 2833 voluntatis,
1047 2802 1139 2838 quae
1167 2800 1221 2826 est
1243 2803 1285 2826 ex
1308 2791 1391 2833 fine,
1415 2799 1468 2825 est
1491 2790 1579 2825 alia:
1603 2790 1652 2825 ita

36 2849 206 2910 *tamem
227 2843 325 2890 quod
341 2843 487 2879 bonitas
504 2843 585 2878 finis
607 2855 650 2879 ex
670 2843 859 2880 voluntate
878 2845 1058 2880 redundat
1075 2845 1111 2880 in
1135 2854 1258 2880 actum
1277 2845 1515 2888 exteriorem3
1537 2853 1572 2880 et
1592 2845 1653 2879 bo-

59 2894 165 2941 ¹nitas
181 2897 368 2940 materiae,
389 2905 425 2933 et
446 2897 803 2941 circumstantiarum
824 2899 1002 2935 redundat
1022 2899 1059 2934 in
1082 2908 1205 2935 actum
1227 2899 1438 2942 voluntatis,
1461 2899 1555 2935 sicut
1575 2901 1651 2946 jam

73 2946 212 2986 dictum
238 2959 292 2987 est
311 2952 392 2998 (art.
411 2962 438 2987 1.
461 2952 531 2999 huj.
553 2953 615 2999 q.).
