1907 3182
265 168 349 210 274
673 166 893 201 QUAESTIO
926 165 1073 195 XXXVI.
1108 165 1353 195 ARTICULUS
1386 165 1413 194 Ι.

722 351 1077 450 QUAESTIO
1118 389 1360 436 XXXVI.

403 515 479 546 DE
527 513 748 545 CAUsrs
785 513 1176 552 TRISTITIAE,
1224 512 1338 545 SEU
1385 513 1678 552 DOLORIS,

649 585 700 615 IN
727 584 954 624 QUATUOR
980 583 1243 616 ARTICULos
1269 584 1444 616 DIVISA.

333 726 474 761 Deinde
496 725 799 760 considerandum
821 733 874 760 est
895 725 937 760 de
960 725 1076 760 causis
1097 725 1271 760 tristitiae.

727 816 771 850 Et
792 816 881 850 circa
903 816 961 850 hoc
983 820 1189 862 quaeruntur
1205 821 1358 861 quatuor.

336 887 472 920 Primo.
497 886 629 920 Utrum
652 897 760 920 causa
782 885 919 920 doloris
940 886 985 920 sit
1005 886 1143 920 bonurn
1165 887 1350 928 amissum,
1369 885 1427 921 vel
1447 886 1564 933 magis
1585 885 1723 921 malum
1745 898 1828 921 con-

263 949 437 986 junctum.

336 992 517 1027 Secundo.
541 993 672 1027 Utrum
696 993 990 1039 concupiscentia
1012 993 1056 1027 sit
1077 1004 1185 1027 causa
1207 993 1354 1027 doloris.

339 1046 477 1080 Tertio.
501 1047 632 1080 Utrum
656 1047 832 1092 appetitus
851 1046 997 1080 unitatis
1019 1046 1063 1080 sit
1085 1057 1193 1080 causa
1215 1046 1362 1081 doloris.

338 1099 493 1140 Quarto.
517 1100 648 1134 Utrum
670 1108 842 1146 potestas,
865 1100 922 1134 cui
943 1100 1058 1134 resisti
1078 1111 1153 1134 non
1174 1108 1304 1145 potest,
1325 1100 1372 1134 sit
1391 1111 1501 1135 causa
1520 1099 1668 1135 doloris.

844 1216 1188 1261 ARTICULUS
1218 1217 1238 1259 I
1243 1250 1252 1259 .
1761 1227 1828 1263 206

514 1325 667 1355 UTRUM
699 1325 841 1355 CAUSA
874 1325 1066 1355 DOLORIS
1101 1325 1168 1354 SIT
1201 1325 1356 1355 BONUM
1381 1324 1587 1364 AMISSUM,

742 1391 824 1420 VEL
857 1390 1012 1420 MALUM
1046 1390 1353 1441 CONJtJNCTUM.

335 1473 394 1507 An
416 1483 566 1507 PRIMUM
581 1473 630 1506 sic
646 1473 861 1518 proceditur.
878 1472 1039 1514 Videtur,
1062 1473 1158 1519 quod
1176 1473 1314 1506 bonum
1333 1472 1506 1506 amissum
1524 1472 1570 1506 sit
1586 1472 1703 1518 magis
1721 1483 1830 1506 causa

267 1525 415 1567 doloris,
435 1537 545 1571 quam
566 1525 706 1559 malum
728 1527 982 1571 conjunctum:
1006 1526 1091 1559 dicit
1113 1526 1210 1559 enim
1232 1526 1327 1570 Aug.
1350 1525 1386 1558 in
1407 1525 1466 1559 lib.
1486 1525 1530 1559 de
1551 1533 1636 1559 octo
1655 1525 1831 1571 quaestio-

266 1579 371 1613 nibus
392 1578 543 1613 Dulcitii
567 1579 611 1624 (q.
633 1592 660 1614 Ι.
684 1591 702 1613 α
724 1579 838 1625 med),
867 1579 1034 1613 dolorem
1061 1590 1137 1613 esse
1164 1579 1207 1612 de
1234 1578 1431 1613 amissione
1452 1579 1633 1612 bonorum
1653 1586 1833 1624 tempora-

266 1633 375 1675 lium3
395 1632 523 1667 eadem
543 1643 629 1678 ergo
649 1633 788 1666 ratione
807 1632 956 1678 quilibet
974 1632 1080 1667 dolor
1102 1644 1143 1667 ex
1158 1632 1353 1666 amissione
1373 1631 1522 1677 alicujus
1539 1632 1627 1666 boni
1644 1632 1831 1678 contingit.

338 1696 369 1720 2.
392 1686 628 1720 PRAETEREA.
653 1686 769 1732 Supra
791 1686 928 1720 dictum
951 1694 1004 1720 est
1026 1686 1072 1732 (q.
1091 1693 1205 1733 praec.
1228 1691 1292 1720 art.
1313 1685 1378 1731 4.),
1402 1685 1498 1731 quod
1520 1685 1637 1728 dolor,
1659 1686 1720 1732 qui
1740 1685 1832 1720 dele-

266 1740 414 1774 ctationi
437 1740 688 1781 contrariatur,
711 1748 765 1774 est
786 1739 829 1773 de
852 1740 993 1782 eodem,
1016 1740 1059 1774 de
1081 1750 1153 1786 quo
1176 1748 1229 1774 est
1251 1739 1461 1774 delectatio:
1481 1739 1545 1774 sed
1566 1738 1757 1774 delectatio
1779 1747 1833 1774 est

266 1795 309 1829 de
330 1795 441 1836 bono,
463 1794 556 1828 sicut
576 1805 683 1840 supra
705 1794 842 1828 dictum
861 1802 914 1828 est
935 1793 1050 1839 (ibid.)
1060 1806 1072 1834 ,·
1098 1804 1184 1839 ergo
1207 1793 1312 1828 dolor
1329 1801 1384 1828 est
1403 1792 1647 1840 principaliter
1667 1792 1711 1827 de
1729 1792 1833 1827 amis-

263 1850 364 1882 sione
386 1848 482 1882 boni.

338 1913 366 1947 3.
389 1901 625 1936 PRAETEREA.
650 1900 860 1935 Secundum
882 1901 977 1947 Aug.
1010 1910 1061 1943 14.
1083 1900 1126 1934 de
1151 1900 1229 1935 Civ.
1251 1901 1322 1935 Dei
1345 1901 1435 1948 (cap.
1458 1911 1488 1947 7.
1510 1906 1540 1936 et
1561 1901 1623 1947 9.),
1652 1911 1756 1935 amor
1777 1909 1831 1935 est

265 1966 373 1989 causa
394 1955 569 1997 tristitiae,
596 1954 688 1988 sicut
710 1963 744 1989 et
766 1954 922 1988 aliorum
949 1954 1184 1989 affectionum
1212 1955 1374 1997 animae3
1401 1954 1464 1989 sed
1493 1954 1677 2000 objectum
1699 1954 1833 1988 amoris

265 2017 317 2043 est
338 2009 495 2051 bonum3
523 2019 609 2054 ergo
638 2007 755 2049 dolor,
782 2007 840 2042 vel
865 2008 1007 2042 tristitia
1033 2008 1150 2054 magis
1176 2008 1321 2054 respicit
1345 2008 1483 2042 bonum
1511 2008 1698 2050 amissum,
1723 2019 1833 2054 quam

267 2061 405 2095 malum
429 2063 674 2107 conjunctum.

337 2115 411 2150 SED
435 2125 590 2150 CONTRA
612 2123 675 2157 est,
694 2115 791 2160 quod
809 2115 1028 2149 Damascen.
1049 2115 1135 2150 dicit
1151 2115 1188 2149 in
1203 2125 1234 2149 2.
1249 2114 1308 2149 lib.
1322 2115 1436 2159 (Orth.
1450 2115 1525 2150 Fid.
1540 2121 1613 2162 cap.
1627 2116 1708 2161 12.),
1723 2114 1833 2161 quod,

267 2176 495 2215 expectatum
518 2167 656 2202 malum
678 2168 850 2202 timorem
873 2168 1068 2210 constituit,
1091 2180 1260 2215 praesens
1281 2179 1367 2203 vero
1388 2168 1580 2203 tristitiam.

337 2222 566 2256 Rnspoxmzo
589 2221 795 2263 dicendum,
818 2222 914 2268 quod
937 2222 966 2255 si
988 2222 1059 2256 hoc
1087 2222 1199 2256 modo
1221 2233 1258 2256 se
1279 2222 1455 2256 haberent
1480 2222 1698 2267 privationes
1719 2221 1756 2256 in
1777 2232 1835 2268 ap-

267 2275 509 2322 prehensione
533 2275 687 2316 animae,
710 2275 802 2309 sicut
823 2286 860 2309 se
882 2275 1017 2309 habent
1038 2275 1073 2309 in
1095 2276 1180 2322 ipsis
1202 2276 1318 2317 rebus,
1340 2276 1407 2310 ista
1429 2275 1592 2322 quaestio
1610 2274 1742 2310 nullius
1759 2285 1835 2309 rno-

266 2329 379 2362 menti
402 2340 479 2362 esse
498 2328 696 2362 videretur:
720 2328 858 2362 malum
882 2329 990 2370 enim,
1022 2337 1060 2363 ut
1081 2330 1116 2363 in
1143 2340 1170 2363 1.
1192 2329 1357 2363 habitum
1385 2337 1438 2363 est
1466 2330 1514 2375 (q.
1535 2330 1591 2374 48.
1621 2333 1686 2364 art.
1711 2330 1769 2374 1.),
1791 2333 1835 2363 est

259 2384 412 2429 privatio
436 2383 521 2416 boni.
546 2382 704 2415 Privatio
727 2390 849 2416 autem
871 2382 906 2415 in
928 2394 1050 2416 rerum
1077 2390 1204 2417 natura
1225 2382 1316 2416 nihil
1337 2390 1390 2417 est
1411 2382 1519 2425 aliud,
1541 2394 1650 2429 quarn
1677 2382 1835 2417 carentia

265 2435 422 2482 oppositi
443 2435 604 2469 habitus:
629 2435 828 2469 secundum
851 2435 922 2469 hoc
946 2446 1032 2481 ergo
1055 2436 1151 2470 idem
1174 2444 1267 2470 esset
1287 2436 1417 2471 tristari
1443 2435 1487 2470 de
1507 2436 1605 2470 bono
1627 2436 1774 2478 amisso,
1800 2444 1835 2470 et

265 2489 308 2523 de
331 2489 429 2523 malo
452 2488 595 2524 habito:
618 2489 679 2523 sed
702 2489 842 2523 tristitia
866 2497 918 2523 est
937 2497 1057 2523 motus
1085 2490 1263 2536 appetitus
1285 2489 1612 2536 apprehensionem
1633 2489 1834 2536 sequentis;

265 2543 300 2576 in
323 2542 650 2589 apprehensionem
669 2550 790 2576 autem
812 2544 886 2588 ipsa
906 2543 1058 2588 privatio
1077 2543 1186 2577 habet
1204 2543 1383 2577 rationem
1402 2543 1589 2589 cujusdam
1608 2543 1718 2585 entis3
1739 2543 1834 2578 unde

266 2596 394 2630 dicitur
416 2608 469 2630 ans
493 2597 642 2637 rationis,
667 2603 701 2629 et
722 2596 772 2629 sic
793 2595 943 2637 malum,
966 2607 1048 2630 cum
1068 2597 1113 2630 sit
1131 2597 1295 2642 privatio,
1315 2607 1352 2631 se
1371 2596 1479 2630 habet
1500 2607 1563 2643 per
1579 2596 1730 2631 modum
1753 2607 1836 2631 con-

264 2649 378 2691 trarii3
401 2657 435 2683 et
456 2649 538 2683 ideo
561 2657 734 2695 quantum
756 2649 798 2682 ad
823 2657 963 2683 motum
984 2650 1220 2695 appetitivum
1240 2649 1368 2692 differt,
1387 2658 1506 2684 utrum
1526 2650 1693 2696 respiciat
1709 2650 1834 2696 princi·
1888 2688 1890 2691 .

265 2702 381 2748 palius
404 2702 543 2736 malum
568 2703 816 2747 conjunctum,
838 2702 895 2736 vel
916 2703 1052 2736 bonum
1076 2703 1261 2737 amissum.

336 2756 379 2790 Et
400 2756 482 2802 quia
505 2764 624 2790 motus
648 2755 824 2801 appetitus
844 2755 1010 2789 animalis
1030 2756 1099 2790 hoc
1120 2756 1232 2791 modo
1251 2768 1288 2791 se
1307 2756 1416 2791 habet
1434 2757 1470 2791 in
1488 2757 1656 2803 operibus
1676 2757 1833 2799 animae,

265 2810 358 2844 sicut
380 2818 499 2844 motus
521 2808 693 2843 naturalis
716 2809 750 2842 in
770 2808 874 2842 rebus
898 2809 1130 2851 naturalibus,
1151 2822 1191 2844 ex
1211 2810 1501 2845 consideratione
1520 2810 1740 2845 naturalium
1760 2821 1835 2845 mo-

266 2871 368 2898 tuum
390 2863 520 2898 veritas
548 2862 662 2909 accipi
684 2870 819 2909 potest:
849 2862 878 2896 si
910 2862 1006 2896 enim
1038 2863 1258 2910 accipiamus
1288 2864 1323 2898 in
1352 2864 1510 2899 motibus
1531 2863 1753 2899 naturalibus
1779 2875 1834 2899 ac·
