1907 3182
253 182 338 212 210
661 183 882 218 QUAESTIO
915 184 1032 213 XXVI.
1066 184 1311 214 ARTICULUS
1344 185 1399 214 IV.

324 263 384 297 AD
404 273 575 298 TERTIUM
598 264 803 305 dicendum,
826 264 923 310 quod
944 265 980 298 in
1002 265 1161 299 amicitia
1183 264 1272 306 utili,
1295 273 1329 299 et
1343 264 1548 299 delectabili
1567 265 1645 300 vult
1668 265 1814 311 quidem

254 316 382 362 aliquis
405 316 551 362 aliquod
572 317 710 351 bonum
733 318 872 359 amico;
901 326 936 352 et
961 326 1137 363 quantum
1164 318 1207 351 ad
1228 318 1300 351 hoc
1322 317 1480 352 salvatur
1500 318 1550 352 ibi
1575 318 1666 352 ratio
1694 318 1816 352 amici-

252 369 342 403 tiae:
365 369 426 404 sed
449 370 532 415 quia
553 370 641 403 illud
662 370 800 404 bonum
822 370 928 404 refert
949 370 1096 404 ulterius
1118 371 1162 404 ad
1184 382 1288 405 suam
1309 370 1601 413 delectationem,
1627 379 1663 406 et
1687 371 1816 406 utilita-

251 430 338 464 tem,
360 423 442 456 inde
466 431 528 465 est,
551 423 647 469 quod
663 423 821 457 amicitia
843 423 950 464 utilis,
967 431 1001 457 et
1016 423 1248 465 delectabilis,
1262 424 1477 470 inquantum
1490 424 1643 459 trahitur
1658 425 1702 459 ad
1717 435 1815 459 amo-

252 486 330 510 rem
352 476 681 522 concupiscentiae,
703 476 823 510 deficit
845 488 865 510 a
890 477 1029 510 ratione
1050 488 1158 511 verae
1181 477 1373 511 amicitiae.

707 793 1062 854 QUAESTIO
1104 794 1315 841 XXVII.

348 917 412 948 DE
451 916 603 948 CAUSA
642 916 834 954 AMORIS,
877 916 928 947 IN
966 916 1195 956 QUATUOR
1234 917 1496 949 ARTICULOS
1534 917 1710 956 DIVISA.

321 1055 462 1090 Deinde
485 1055 789 1090 considerandum
812 1063 865 1089 est
887 1056 929 1090 de
952 1067 1061 1090 causa
1083 1056 1229 1091 amoris.

712 1145 758 1179 Et
778 1145 868 1179 circa
890 1145 948 1179 hoc
970 1149 1174 1190 quaeruntur
1200 1150 1355 1190 quatuor.

322 1215 459 1250 Primo.
482 1215 614 1250 Utrum
636 1215 775 1249 bonum
797 1215 841 1249 sit
861 1215 941 1249 sola
968 1226 1076 1249 causa
1099 1216 1244 1250 amoris.

323 1269 504 1303 Secundo.
528 1269 660 1303 Utrum
684 1269 844 1315 cognitio
867 1269 912 1303 sit
933 1281 1041 1303 causa
1064 1269 1210 1304 amoris.

323 1322 460 1357 Tertio.
483 1322 615 1356 Utrum
637 1322 847 1357 similitudo.

324 1375 478 1416 Quarto.
502 1376 634 1411 Utrum
657 1375 777 1421 aliqua
799 1375 868 1410 alia
891 1376 1033 1410 animae
1055 1376 1279 1422 passionum.

815 1515 1160 1560 ARTICULUS
1180 1516 1232 1570 ,L
1751 1538 1816 1573 154

562 1623 716 1653 UTRUM
742 1623 897 1652 BONUM
923 1623 991 1652 SIT
1019 1623 1132 1652 SOLA
1159 1623 1302 1652 CAUSA
1327 1623 1502 1653 AMORIS.

625 1712 735 1756 (Part.
755 1723 781 1746 ι.
797 1723 827 1757 t]-
842 1723 896 1747 20.
913 1716 976 1745 art.
992 1723 1018 1746 r.
1034 1716 1062 1746 et
1076 1712 1216 1757 Dionys.
1230 1723 1263 1756 4.
1279 1711 1346 1746 lect.
1362 1712 1440 1757 12.).

321 1798 382 1832 AD
408 1808 557 1832 PRIMUM
585 1798 635 1832 sic
663 1798 879 1844 proceditur.
907 1798 1070 1840 Videtur,
1097 1798 1194 1845 quod
1221 1809 1295 1833 non
1322 1797 1444 1833 solum
1468 1798 1609 1832 bonum
1635 1797 1680 1832 sit
1706 1808 1815 1832 causa

249 1852 404 1886 amoris:
421 1853 564 1886 'bonum
587 1852 684 1886 enim
706 1863 780 1886 non
804 1860 856 1886 est
878 1863 986 1886 causa
1009 1852 1156 1894 amoris,
1177 1852 1248 1886 nisi
1266 1852 1350 1898 quia
1371 1859 1531 1886 amatur:
1553 1851 1616 1886 sed
1638 1851 1816 1897 contingit

249 1906 359 1940 etiam
378 1905 516 1939 malum
531 1906 657 1947 amari,
673 1906 873 1940 secundum
887 1905 977 1940 illud
991 1906 1049 1942 Ps.
1065 1916 1133 1940 10.:
1147 1906 1218 1950 Qui
1231 1905 1340 1952 diligit
1352 1906 1573 1951 iniquitatem,
1586 1904 1653 1940 odit
1665 1906 1815 1940 animam

246 1971 353 2001 suam,
378 1959 539 2005 alioquin
561 1959 679 1994 omnis
703 1970 808 1993 arnor
834 1967 927 1994 esset
947 1959 1084 2001 bonus;
1110 1970 1197 2005 ergo
1225 1970 1299 1993 uon
1321 1958 1441 1994 solum
1466 1959 1606 1999 bonum
1627 1966 1682 1993 est
1707 1969 1815 1992 causa

249 2012 394 2047 amoris.

320 2076 351 2100 2.
372 2066 608 2100 PRAETEREA.
631 2065 768 2100 Philos.
793 2066 879 2100 dicit
899 2066 935 2099 in
958 2076 990 2100 2.
1011 2065 1118 2100 Rhet.
1135 2065 1223 2112 (cap.
1237 2077 1270 2110 4.
1286 2077 1306 2100 a
1321 2065 1420 2110 med.)
1441 2065 1539 2112 quod
1553 2076 1628 2108 eos,
1643 2065 1704 2111 qui
1719 2063 1815 2099 mala

248 2130 313 2154 sua
335 2119 469 2161 dicunt,
492 2130 677 2161 amamus3
700 2130 786 2165 ergo
809 2119 961 2161 videtur,
984 2119 1081 2165 quod
1104 2119 1243 2153 malum
1264 2119 1310 2153 sit
1331 2130 1440 2154 causa
1462 2119 1608 2154 amoris.

322 2184 351 2218 3.
364 2172 600 2207 PRAETEREA.
615 2172 768 2218 Dionys.
788 2172 873 2206 dicit
884 2182 917 2215 4.
934 2184 1010 2218 cap.
1027 2172 1070 2206 de
1084 2173 1166 2206 Div.
1182 2172 1293 2207 Nom.
1308 2172 1395 2218 (lect.
1411 2172 1474 2219 9.),
1491 2172 1588 2219 quod
1597 2183 1672 2206 non
1687 2171 1811 2206 solum

248 2226 381 2268 bonum,
405 2226 467 2260 sed
490 2226 599 2260 etiam
614 2226 793 2272 pulchrum
816 2234 869 2260 est
891 2226 1060 2259 omnibus
1082 2225 1249 2260 amabile.

321 2278 394 2313 SED
421 2289 576 2313 CONTRA
600 2286 663 2320 est,
685 2279 783 2325 quod
804 2279 957 2325 August.
981 2279 1065 2313 dicit
1087 2279 1118 2313 8.
1143 2280 1186 2314 de
1211 2279 1312 2314 Trin.
1336 2279 1423 2326 (cap.
1441 2291 1471 2326 3.
1499 2280 1534 2314 in
1556 2279 1711 2327 princ.):
1737 2289 1813 2313 non

247 2339 389 2366 amatur
411 2340 517 2374 certe,
539 2332 606 2366 nisi
627 2332 766 2366 bonum
788 2332 924 2374 solum3
948 2344 1034 2377 ergo
1057 2333 1196 2367 bonum
1218 2341 1271 2367 est
1289 2344 1397 2368 causa
1419 2333 1566 2368 amoris.

317 2385 547 2420 Rfispoxnno
570 2386 775 2427 dicendum,
797 2386 906 2431 quod,
925 2386 1017 2420 sicut
1037 2397 1143 2432 supra
1165 2386 1302 2420 dictum
1325 2393 1378 2421 est
1400 2386 1445 2432 (q.
1464 2386 1520 2422 26.
1542 2391 1607 2422 art.
1629 2386 1690 2431 1.),
1711 2396 1815 2420 amor

247 2439 291 2472 ad
314 2439 546 2485 appetitivam
569 2439 767 2485 potentiam
791 2439 955 2485 pertinet,
978 2451 1069 2485 quae
1093 2448 1146 2474 est
1167 2439 1220 2474 vis
1242 2440 1399 2486 passiva:
1423 2440 1517 2474 unde
1540 2439 1724 2485 objectum
1739 2440 1814 2485 ejus

247 2500 478 2538 comparatur
501 2492 543 2526 ad
566 2494 692 2538 ipsam,
715 2492 807 2526 sicut
829 2504 937 2526 causa
959 2501 1092 2535 motus,
1114 2493 1172 2527 vel
1193 2501 1294 2528 actus
1316 2493 1446 2539 ipsius:
1469 2501 1613 2540 oportet
1634 2493 1754 2539 igitur,
1777 2501 1814 2527 ut

247 2544 334 2578 illud
356 2545 400 2579 sit
422 2545 564 2591 proprie
587 2556 695 2579 causa
715 2547 861 2587 amoris,
882 2546 977 2591 quod
998 2554 1050 2580 cst
1070 2546 1204 2580 amoris
1219 2546 1422 2592 objectum3
1442 2546 1576 2582 amoris
1595 2554 1719 2581 autem
1736 2557 1815 2592 pro-

247 2598 364 2643 prium
387 2598 569 2643 objectum
593 2606 646 2632 est
668 2600 814 2633 honum:
843 2599 937 2644 quia,
965 2607 1003 2633 ut
1030 2599 1166 2633 dictum
1194 2608 1248 2634 est
1276 2599 1322 2646 (q.
1343 2600 1399 2636 26.
1422 2605 1487 2635 art.
1515 2612 1542 2635 ι.
1568 2605 1597 2635 εἰ
1621 2599 1682 2644 2.),
1710 2609 1814 2633 amor

247 2653 419 2697 importat
436 2652 633 2698 quamdam
649 2652 1003 2694 connaturalitatem,
1016 2652 1074 2686 vel
1089 2653 1395 2699 complacentiam
1408 2653 1563 2688 amantis
1573 2652 1618 2688 ad
1632 2660 1812 2688 amatum:

247 2705 439 2750 unicuique
462 2713 583 2739 autem
603 2713 655 2740 est
673 2705 811 2740 bonum
831 2705 877 2747 id,
897 2706 994 2751 quod
1013 2714 1066 2740 cst
1080 2706 1146 2740 sibi
1161 2706 1408 2748 connaturale,
1427 2714 1464 2741 et
1476 2705 1812 2753 proportionatum:

248 2758 341 2792 unde
363 2757 586 2804 relinquitur,
609 2759 705 2805 quod
727 2759 865 2792 bonum
888 2759 931 2792 sit
953 2759 1096 2805 propria
1120 2771 1227 2794 causa
1251 2760 1397 2795 amoris.

318 2811 378 2845 AD
400 2822 548 2846 mummi
571 2823 658 2857 crgo
681 2812 887 2853 dicendum,
911 2812 1007 2857 quod
1031 2812 1167 2846 malum
1191 2824 1392 2859 numquam
1415 2821 1567 2855 amatur,
1589 2812 1659 2848 nisi
1675 2812 1740 2847 sub
1762 2823 1814 2847 ra-

246 2865 343 2898 tione
366 2865 471 2907 boni;
494 2865 630 2900 scilicet
653 2866 865 2912 inquantum
888 2874 941 2900 cst
963 2865 1163 2900 secundum
1191 2866 1274 2912 quid
1301 2867 1451 2909 bonum,
1473 2874 1508 2901 et
1533 2865 1813 2913 apprehenditur
