1907 3198
513 176 738 214 QUAESTIO
770 175 890 207 Lxxn
924 175 1173 206 ARTICULUS
1206 174 1251 204 11.
1584 174 1670 218 497

670 367 1020 414 ARTICULUS
1050 367 1107 410 Π.
1608 389 1672 425 373

435 490 592 522 UTRUM
617 491 777 521 VITIUM
804 491 872 521 SIT
897 490 1078 521 CONTRA
1102 489 1331 520 NATURAM.

368 591 453 638 (2-2.
474 603 506 638 q.
527 603 596 638 154.
617 596 683 626 art.
704 603 755 627 12.
777 596 809 626 et
827 602 862 636 4.
884 591 974 626 Dist.
995 602 1048 635 41.
1070 595 1136 625 art.
1155 601 1184 637 3.
1203 601 1234 636 q.
1256 602 1285 625 ι.
1311 588 1355 624 ad
1374 601 1404 624 ι.

229 650 259 682 ot
278 645 364 682 Mal.
386 657 417 693 q.
438 657 491 691 14.
511 650 577 681 art.
597 657 631 681 2.
652 645 696 681 ad
715 646 748 681 8.
770 650 799 680 et
819 657 850 692 q.
866 657 912 692 15.
933 650 998 679 art.
1020 656 1048 680 ι.
1067 644 1110 678 ad
1132 655 1163 691 7.
1184 649 1215 679 et
1236 645 1332 680 Rom.
1351 643 1385 679 6.
1407 642 1478 678 lect.
1499 643 1532 678 8.

706 705 735 735 et
759 699 837 735 Gal.
855 711 885 746 5.
908 699 978 734 lect.
1001 698 1063 744 6.).

167 796 230 833 AD
251 807 461 833 SECUNDUM
481 797 533 832 sic
554 796 774 845 proceditur.
802 796 967 840 Videtur,
993 795 1093 844 quod
1119 795 1249 830 vitium
1274 806 1350 830 non
1386 794 1432 830 sit
1462 802 1591 830 contra
1618 805 1679 828 na-

96 859 235 889 turam:
256 851 388 887 vitium
409 851 508 887 enim
529 851 771 886 contrariatur
791 851 927 895 virtuti,
949 859 989 886 ut
1009 850 1147 886 dictum
1174 858 1229 885 est
1251 849 1331 895 (art.
1349 850 1498 898 pragc.):
1524 849 1587 884 sed
1608 848 1676 883 vir-

96 913 191 942 tutes
214 917 292 942 non
311 914 396 942 sunt
414 905 453 941 in
472 905 578 941 nobis
601 917 621 940 a
640 914 781 948 natura,
802 905 866 941 sed
888 913 1084 940 causantur
1104 905 1142 939 in
1159 904 1266 939 nobis
1280 915 1344 951 per
1361 903 1599 946 infusionem,
1617 911 1680 937 aut

98 959 142 996 ab
164 959 408 1003 assuetudine,
429 968 469 995 ut
488 959 627 995 dictum
649 968 703 995 est
725 959 771 1007 (q.
787 960 836 1007 63.
858 965 925 995 art.
947 971 979 996 2.
1000 965 1031 995 et
1048 960 1092 1006 3.)
1102 971 1116 1001 ;
1135 970 1224 1006 ergo
1244 959 1332 993 vitia
1347 969 1424 993 non
1445 967 1530 993 sunt
1548 966 1676 993 contra

98 1024 279 1052 naturam.

170 1080 204 1106 2.
217 1069 457 1106 Pium-enm.
470 1069 524 1104 Ea
541 1080 634 1117 quae
652 1077 735 1104 sunt
753 1076 883 1104 contra
901 1077 1083 1111 naturam,
1097 1079 1174 1103 non
1191 1076 1345 1115 possunt
1362 1067 1565 1110 assuefieri3
1585 1066 1679 1102 sicut

98 1123 192 1172 lapis
205 1134 408 1172 numquam
423 1124 597 1159 assuescit
610 1123 694 1158 ferri
707 1135 864 1167 sursum,
882 1131 922 1158 ut
935 1123 1066 1158 dicitur
1079 1123 1116 1157 in
1131 1133 1163 1157 2.
1186 1122 1305 1158 Ethic.
1326 1122 1414 1169 (cap.
1430 1134 1457 1158 1.
1476 1123 1511 1156 in
1523 1122 1654 1168 princ.)
1669 1134 1679 1156 .-

101 1178 166 1214 sed
186 1177 300 1226 aliqui
317 1177 516 1213 assuefiunt
537 1178 581 1212 ad
602 1178 709 1220 vitia3
731 1189 820 1224 ergo
842 1177 929 1212 vitia
950 1188 1026 1212 non
1047 1186 1131 1212 sunt
1152 1186 1280 1212 contra
1304 1184 1485 1211 naturam.

178 1244 208 1280 3.
222 1232 460 1268 PRAETEREA.
476 1231 578 1266 Nihil
591 1232 691 1279 quod
702 1240 756 1266 est
766 1240 893 1266 contra
903 1240 1084 1273 naturam,
1099 1231 1282 1266 invenitur
1295 1233 1331 1266 in
1346 1230 1562 1265 habentibus
1576 1229 1679 1264 illam

101 1294 284 1330 naturam,
304 1293 344 1321 ut
361 1285 400 1320 in
421 1284 599 1333 pluribus:
621 1286 685 1320 sed
707 1285 795 1320 vitia
815 1285 1051 1320 inveniuntur
1071 1286 1108 1319 in
1130 1285 1354 1327 hominibus,
1376 1293 1416 1319 ut
1436 1285 1473 1319 in
1491 1284 1678 1331 pluribus;

102 1340 200 1388 quia,
220 1340 314 1376 sicut
333 1339 464 1375 dicitur
483 1339 614 1374 Matth.
638 1351 690 1386 7.:
711 1340 801 1375 Lata
822 1345 868 1374 est
884 1341 957 1383 via,
980 1351 1062 1386 quae
1088 1339 1178 1374 ducit
1203 1339 1247 1374 ad
1265 1339 1503 1387 perditionem,
1525 1344 1557 1374 et
1583 1338 1680 1373 multi

101 1394 231 1430 vadunt
245 1400 310 1442 per
329 1405 401 1429 eam
412 1406 426 1435 ;
449 1405 538 1440 ergo
560 1393 690 1428 vitium
711 1405 786 1428 non
809 1401 863 1428 est
884 1401 1011 1428 contra
1033 1402 1214 1428 naturam.

171 1457 206 1492 4.
227 1447 466 1483 PRAETEREA.
489 1447 689 1483 Peccatum
711 1456 947 1495 comparatur
969 1447 1013 1482 ad
1034 1447 1176 1490 vitium,
1198 1447 1293 1482 sicut
1311 1456 1413 1482 actus
1436 1447 1481 1481 ad
1503 1446 1682 1489 habitum,

101 1509 141 1537 ut
161 1513 205 1537 ex
224 1513 334 1550 supra
354 1502 459 1537 dictis
480 1510 580 1549 patet
596 1502 683 1548 (art.
698 1503 853 1549 praec.).·
881 1502 944 1536 sed
965 1510 1159 1549 peccatum
1182 1501 1351 1537 definitur
1372 1512 1450 1537 esse
1468 1501 1606 1543 dictum,
1630 1501 1683 1535 vel

92 1556 242 1604 factum,
262 1556 316 1592 vel
336 1557 548 1604 concupitum
571 1561 688 1591 contra
703 1556 803 1603 legem
816 1557 896 1600 Dei,
916 1564 956 1591 ut
969 1564 1069 1603 patet
1085 1567 1149 1604 per
1163 1556 1319 1603 August.
1339 1566 1395 1591 22.
1411 1563 1540 1590 contra
1558 1555 1678 1590 faust.

101 1610 192 1659 (cap.
210 1621 265 1658 27.
286 1611 322 1645 in
333 1611 486 1658 princ.):
508 1609 566 1645 lex
585 1618 709 1645 autem
730 1610 802 1645 Dei
823 1618 876 1646 est
898 1621 1005 1658 supra
1026 1619 1212 1645 naturam:
1237 1611 1355 1657 magis
1374 1622 1463 1657 ergo
1485 1610 1681 1645 dicendum

101 1672 167 1708 est,
187 1663 286 1712 quod
305 1664 437 1699 vitium
457 1664 504 1699 sit
527 1672 656 1699 contra
677 1664 810 1712 legem,
833 1676 944 1712 quam
972 1665 1070 1712 quod
1092 1665 1138 1700 sit
1159 1673 1287 1700 contra
1309 1673 1490 1700 naturam.

174 1718 250 1754 SED
272 1729 430 1755 CONTRA
447 1727 512 1761 est,
534 1719 633 1766 quod
655 1719 810 1766 August.
834 1719 922 1754 dicit
941 1719 978 1753 in
1004 1731 1033 1766 3.
1057 1719 1101 1754 de
1123 1719 1202 1754 Lib.
1222 1719 1310 1754 Arb.
1328 1719 1417 1767 (cap.
1436 1731 1480 1767 13.
1497 1719 1678 1766 circ.fin.),

102 1783 213 1809 omne
233 1772 364 1808 vitium
385 1783 430 1808 eo
451 1773 532 1820 ipso
554 1772 652 1820 quod
674 1773 804 1808 vitium
827 1781 891 1815 est,
911 1781 1039 1808 contra
1061 1782 1231 1808 naturam
1254 1781 1318 1808 est.

0 1872 3 1874 .
173 1827 406 1863 RESPONDEO
427 1827 638 1870 dicendum,
662 1827 772 1874 quod,
794 1827 889 1862 sicut
910 1828 1049 1863 dictum
1071 1836 1125 1863 est
1144 1828 1225 1872 (art.
1240 1829 1388 1876 praec),
1408 1828 1540 1863 vitium
1560 1827 1684 1862 virtuti

2 1874 17 1944 ς
101 1881 361 1918 contrariatur:
383 1881 497 1916 virtus
518 1890 642 1916 autem
663 1882 947 1929 uniuscujusque
969 1882 1020 1917 rei
1040 1883 1207 1918 consistit
1227 1883 1264 1917 in
1290 1883 1376 1925 hoc,
1398 1883 1497 1930 quod
1519 1882 1564 1918 sit
1589 1883 1683 1917 bene

5 1962 16 1984 ,
103 1935 279 1984 disposita
299 1935 503 1971 secundum
526 1936 824 1971 convenientiam
847 1947 934 1971 suae
952 1945 1116 1980 naturae,
1138 1945 1177 1972 ut
1194 1949 1303 1984 supra
1321 1937 1459 1972 dictum
1475 1945 1528 1972 est
1548 1936 1684 1982 (ilvid.):

0 1996 18 2046 ζ
104 1990 200 2026 unde
220 1998 376 2038 oportet,
398 1990 498 2038 quod
517 1990 555 2025 in
575 1990 737 2038 qualibet
757 2002 794 2025 re
818 1991 948 2026 vitium
970 1992 1111 2026 dicatur
1132 2003 1176 2027 ex
1196 1992 1283 2035 hoc,
1301 1993 1399 2039 quod
1427 2001 1482 2027 est
1507 1992 1683 2039 disposita

104 2053 232 2081 contra
251 2044 301 2088 id,
321 2045 420 2092 quod
442 2045 615 2080 convenit
635 2057 722 2080 suae
749 2054 916 2081 naturae:
940 2046 1035 2081 unde
1062 2055 1098 2081 et
1124 2046 1168 2081 de
1194 2047 1266 2082 hoc
1294 2058 1534 2094 unaquaeque
1557 2058 1613 2081 res
1634 2046 1683 2080 vi-

2 2101 27 2168 <
102 2106 308 2148 tuperatur:
332 2110 353 2134 a
378 2099 468 2134 vitio
494 2107 617 2134 autem
643 2111 782 2135 nomen
803 2100 1080 2146 vituperationis
1102 2100 1307 2136 detractum
1330 2101 1394 2148 [al.
1417 2101 1590 2147 tractum],
1613 2112 1688 2135 crc-

105 2153 213 2198 ditur,
234 2162 274 2189 ut
293 2153 524 2201 Augustinus
545 2154 632 2189 dicit
657 2154 695 2188 in
721 2166 750 2201 3.
773 2154 817 2189 de
840 2154 918 2189 Lib.
942 2154 1029 2190 Arb.
1054 2154 1143 2202 (cap.
1170 2167 1222 2200 14.
1245 2155 1288 2190 ad
1304 2156 1397 2202 fin.).
1425 2155 1499 2190 Sed
1521 2155 1685 2190 conside-

0 2169 29 2265 t
63 2238 65 2241 .
104 2208 259 2244 randum
280 2203 345 2251 e'st,
367 2207 465 2256 quod
490 2216 621 2243 natura
647 2210 932 2256 uniuscujusque
959 2209 1011 2243 rei
1037 2209 1227 2255 potissime
1250 2218 1305 2244 est
1324 2209 1457 2252 forma,
1479 2209 1683 2244 secundum

8 2268 28 2291 3
106 2273 219 2310 quam
239 2273 296 2298 res
320 2262 484 2309 speciem
505 2262 670 2298 sortitur:
693 2263 809 2298 homo
832 2271 954 2298 autern
977 2264 1013 2298 in
1034 2263 1156 2310 specie
1180 2264 1411 2299 constituitur
1431 2275 1494 2311 per
1521 2264 1683 2298 animam

12 2317 34 2360 Ἀ
105 2315 340 2360 rationalem3
361 2324 397 2352 et
417 2316 501 2352 ideo
522 2316 570 2359 id,
592 2316 691 2364 quod
713 2325 768 2352 est
789 2325 917 2352 contra
938 2317 1106 2352 ordinem
1127 2318 1292 2360 rationis,
1313 2318 1459 2365 proprie
1481 2326 1535 2353 est
1556 2326 1685 2352 contra

7 2379 31 2427 q
104 2377 273 2406 naturam
285 2370 460 2413 hominis,
473 2370 691 2418 inquantum
713 2379 767 2406 est
783 2370 919 2406 homo:
939 2371 1037 2418 quod
1057 2380 1180 2406 autem
1200 2380 1254 2407 est
1268 2372 1472 2407 secundum
1490 2372 1684 2413 rationem,

106 2424 376 2460 estsecundum
388 2433 557 2460 naturam
571 2425 746 2468 hominis,
762 2425 979 2472 inquantum
995 2434 1049 2461 est
1063 2426 1202 2461 homo:
1224 2426 1363 2461 bonum
1382 2435 1505 2461 autem
1523 2426 1686 2461 hominis

106 2485 163 2514 est
179 2479 382 2514 secundum
403 2479 585 2514 rationem
611 2490 703 2521 esse,
730 2487 765 2514 et
792 2478 933 2514 malum
958 2479 1122 2515 hominis
1148 2488 1202 2515 est
1227 2489 1369 2527 praeter
1391 2481 1572 2515 rationem
1595 2490 1686 2522 esse,

106 2539 147 2568 nt
164 2531 320 2580 Dionys.
342 2533 430 2568 dicit
443 2543 477 2577 4.
496 2545 576 2580 cap.
596 2533 640 2568 de
654 2533 738 2568 Div.
753 2533 865 2568 Nom.
885 2534 990 2582 (part.
1006 2546 1039 2580 4.
1059 2535 1129 2569 lact.
1152 2535 1246 2581 22.);
1270 2536 1366 2570 unde
1384 2535 1497 2570 virtus
1511 2535 1686 2576 humana,

107 2597 201 2634 quae
221 2586 414 2622 hominem
435 2587 523 2623 facit
543 2588 695 2629 bonum,
718 2596 753 2622 et
775 2599 866 2635 opus
888 2588 1000 2635 ipsius
1028 2589 1167 2623 bonum
1195 2589 1323 2632 reddit,
1349 2590 1532 2624 intantum
1559 2597 1613 2623 est
1635 2600 1688 2623 se-

46 2666 59 2693 ·.
108 2640 269 2676 cundum
277 2649 447 2676 naturam
457 2641 631 2684 hominis,
646 2642 862 2688 inquantum
877 2643 1049 2678 convenit
1064 2643 1207 2678 rationi:
1223 2643 1352 2678 vitium
1368 2652 1489 2678 autem
1505 2644 1685 2678 intantum

63 2727 66 2732 ,
107 2701 162 2730 est
178 2703 306 2730 contra
325 2703 495 2731 naturam
516 2696 690 2738 hominis,
709 2705 887 2743 quantum
909 2705 963 2731 est
985 2705 1113 2732 contra
1135 2697 1303 2732 ordinem
1326 2698 1488 2732 rationis.

178 2748 241 2785 AD
258 2759 409 2786 PRIMUM
427 2761 516 2797 ergo
540 2750 749 2793 dicendum,
771 2751 868 2797 quod
891 2751 1041 2786 virtutes
1061 2751 1127 2786 etsi
1141 2763 1215 2786 non
1237 2761 1431 2786 causentur
1447 2763 1465 2786 a
1486 2760 1615 2786 natura
1637 2762 1688 2785 se-

110 2802 272 2838 cundum
297 2815 404 2840 suum
431 2816 510 2840 esse
537 2803 752 2852 perfectum,
779 2814 902 2840 tamen
929 2806 1107 2840 inclinant
1133 2807 1178 2841 ad
1206 2807 1252 2848 id,
1279 2807 1376 2853 quod
1405 2815 1458 2841 est
1484 2807 1685 2841 secundum

108 2864 290 2901 namnam,
308 2858 403 2894 idest
421 2859 622 2894 secundum
641 2859 809 2894 ordinem
827 2859 993 2895 rationis:
1016 2861 1104 2896 dicit
1117 2861 1216 2896 enim
1237 2860 1380 2896 Tullius
1400 2861 1435 2895 in
1452 2861 1602 2895 Rhetor.
1620 2872 1685 2895 sua

108 2909 187 2958 (lib.
207 2922 241 2948 2.
260 2911 299 2947 de
318 2911 449 2949 Inveni.
471 2913 634 2960 aliquant.
655 2918 730 2948 aule
742 2914 838 2960 βω),
869 2914 968 2961 quod
998 2914 1111 2950 virtus
1138 2923 1193 2950 est
1218 2915 1362 2951 habitus
1388 2915 1425 2950 in
1453 2915 1605 2950 modum
1627 2927 1687 2950 na-
