1907 3198
551 172 776 210 Quansno
808 173 852 203 v.
883 172 1132 204 autentus
1163 173 1226 204 111.
1622 164 1674 218 63

679 323 1027 369 ARTICULUS
1055 324 1136 367 111.
1637 348 1675 383 35

292 432 449 463 UTRUM
473 431 651 468 ALIQUIS
678 432 725 463 IN
750 431 840 463 HAG
865 431 972 462 VITA
998 432 1150 462 POSSIT
1177 432 1278 462 ESSE
1304 432 1486 462 BEATUS.

165 527 271 574 (Insr.
291 532 357 562 art.
374 539 404 574 5.
426 533 519 574 corp.
539 532 570 562 et
589 538 620 573 q.
643 526 698 562 62.
720 532 788 562 art.
814 538 842 562 ι.
868 533 962 574 corp.
981 531 1011 561 et
1033 538 1062 573 3.
1088 527 1176 561 Dist.
1199 537 1253 572 27.
1275 537 1307 573 q.
1329 537 1360 562 a.
1381 531 1449 561 art.
1470 537 1502 562 2.
1523 533 1614 573 corp.

527 585 556 615 el
575 591 608 625 4.
630 581 719 615 Dist.
740 592 797 624 42.
817 592 847 626 q.
870 592 897 616 1.
919 585 982 615 art.
1005 592 1036 615 2.
1059 592 1089 626 q.
1112 592 1143 615 2.
1165 580 1208 614 ad
1225 592 1252 626 5.

377 639 406 669 et
431 634 521 669 Veri.
542 646 572 680 q.
594 645 646 679 14.
667 639 731 669 art.
754 645 787 669 2.
809 640 903 681 corp.
923 639 952 668 et
972 645 999 669 ι.
1023 634 1134 669 Ethic.
1155 633 1226 668 lect.
1248 633 1301 669 16.
1315 634 1409 680 fin).

172 734 235 771 AD
256 744 431 770 TERTmu
459 734 510 769 sic
540 734 759 781 proceditur.
786 733 950 776 Videtur,
971 733 1069 780 quod
1096 733 1282 768 beatitudo
1309 733 1422 780 possit
1447 733 1484 767 in
1510 733 1580 768 hac
1607 733 1681 768 vita

100 788 244 824 haberi:
266 788 397 823 dicitur
414 788 513 823 enim
531 788 567 822 in
582 788 640 822 Ps.
667 787 762 823 118.:
785 788 881 822 Beati
903 787 1113 823 immaculati
1134 789 1167 821 in
1189 789 1260 829 via,
1288 789 1346 834 qui
1367 787 1540 822 ambulant
1558 788 1593 821 in
1615 787 1679 833 lege

100 843 270 879 Domini:
298 842 372 877 hoc
399 850 522 877 autem
547 842 584 876 in
609 841 680 876 hac
706 842 779 876 vita
807 841 1004 889 contingit3
1031 851 1120 888 ergo
1147 840 1276 887 aliquis
1302 841 1338 875 in
1365 841 1434 875 hac
1461 841 1535 875 vita
1561 848 1681 887 potest

103 906 184 931 esse
203 895 344 931 beatus.

173 958 207 984 2.
228 947 702 996 Pmrmm.1mperfecta
723 947 951 996 participatio
974 947 1217 982 summiboni
1243 959 1317 982 non
1346 947 1474 982 adimit
1499 947 1682 982 rationem

100 1001 353 1045 beatitudinis;
373 1001 537 1049 alioquin
559 1012 650 1036 unus
672 1012 747 1036 non
774 1009 868 1036 esset
893 1001 1034 1036 beatior
1060 1001 1149 1036 alio:
1177 1001 1240 1036 sed
1262 1001 1298 1035 in
1318 1001 1389 1035 hac
1411 1001 1485 1035 vita
1512 1000 1682 1035 homines

101 1063 256 1104 possunt
279 1055 496 1103 participare
523 1066 710 1090 summurn
736 1055 876 1090 bonum
903 1055 1178 1101 cognoscendo,
1199 1062 1234 1089 et
1256 1054 1415 1089 amando
1442 1054 1577 1096 Deum,
1598 1053 1683 1088 licet

100 1107 332 1157 imperfecte;
351 1120 441 1156 ergo
462 1108 579 1144 homo
599 1108 637 1143 in
657 1108 727 1143 hac
750 1109 823 1143 vita
845 1117 965 1156 potest
985 1119 1064 1143 esse
1085 1108 1224 1143 beatus.

177 1173 208 1210 3.
228 1162 468 1198 Pueri-:nm
488 1161 601 1203 Quod
620 1162 663 1196 ab
683 1162 853 1196 omnibus
871 1162 1014 1204 dicitur,
1028 1173 1103 1197 non
1118 1170 1238 1209 potest
1254 1161 1415 1196 totaliter
1433 1161 1567 1196 falsum
1585 1172 1681 1196 esse:

101 1215 245 1252 videtur
269 1215 369 1251 enim
387 1214 565 1258 naturale,
591 1215 689 1262 quod
711 1215 747 1249 in
770 1214 930 1262 pluribus
958 1223 1028 1250 est:
1053 1223 1181 1249 natura
1204 1223 1327 1250 autem
1348 1226 1423 1249 non
1444 1215 1605 1250 totaliter
1627 1214 1685 1249 de-

102 1268 195 1306 ficit:
215 1269 279 1305 sed
299 1268 422 1316 plures
441 1276 584 1316 ponunt
602 1268 866 1303 beatitudinem
886 1269 923 1302 in
943 1268 1013 1302 hac
1035 1268 1120 1310 vita,
1139 1277 1178 1302 ut
1191 1277 1290 1315 patet
1310 1279 1374 1315 per
1394 1267 1483 1302 illud
1505 1268 1564 1303 Ps.
1589 1278 1681 1314 143.:

104 1324 246 1360 &auam
263 1322 420 1358 dixerunt
439 1322 615 1370 populum,
641 1323 696 1357 cui
721 1321 800 1356 haec
823 1326 910 1364 sunt,
937 1321 1079 1356 scilicet
1103 1321 1304 1368 praesentis
1327 1321 1425 1356 vitae
1450 1322 1568 1364 bona;
1594 1332 1684 1367 ergo

105 1375 236 1424 aliquis
254 1376 294 1411 in
311 1375 384 1411 hac
403 1375 479 1411 vita
498 1383 619 1422 potest
638 1386 718 1410 esse
737 1375 876 1410 beatus.

179 1429 257 1466 SED
277 1439 436 1466 coum
457 1437 522 1471 est,
543 1429 643 1475 quod
663 1428 795 1463 dicitur
806 1428 874 1474 Job
894 1438 967 1471 14:
987 1428 1099 1463 Homo
1117 1433 1215 1463 natus
1230 1427 1267 1463 de
1283 1428 1435 1471 muliere,
1455 1429 1549 1464 brevi
1564 1429 1685 1463 vivens

103 1488 262 1532 tempore,
283 1483 428 1530 repletur
447 1482 558 1518 multis
579 1483 740 1517 miseriis.-
762 1481 826 1516 sed
846 1482 1032 1517 beatitudo
1054 1481 1214 1516 excludit
1234 1482 1441 1524 miseriam3
1459 1493 1549 1529 ergo
1567 1481 1683 1517 homo

102 1537 143 1574 in
161 1537 234 1572 hac
253 1537 328 1572 vita
346 1547 425 1572 non
444 1544 565 1584 potest
584 1546 663 1570 esse
683 1535 821 1570 beatus.

174 1590 408 1627 Rnsx’oumzo
429 1589 637 1632 dicendum,
657 1588 757 1636 quod
778 1588 944 1635 aliqualis
960 1588 1193 1623 beatitudinis
1211 1588 1441 1636 participatio
1463 1589 1500 1623 in
1521 1589 1591 1623 hac
1609 1589 1684 1623 vita

104 1644 235 1680 haberi
258 1651 398 1692 potest:
422 1642 584 1690 persecut
608 1651 743 1685 autem,
769 1650 807 1678 et
830 1653 915 1677 vera
941 1642 1127 1677 beatitudo
1153 1653 1229 1677 non
1255 1650 1376 1689 potest
1399 1642 1527 1677 haberi
1552 1643 1589 1677 in
1615 1643 1685 1677 hac

103 1698 191 1734 vita.
212 1697 260 1733 Et
276 1697 351 1733 hoc
367 1696 517 1744 quidem
537 1695 761 1731 considerari
781 1704 902 1743 potest
917 1695 1106 1743 dupliciter.
1126 1695 1244 1731 Primo
1261 1696 1411 1742 quidem
1429 1707 1472 1731 ex
1490 1696 1568 1743 ipsa
1587 1707 1687 1730 com·

103 1750 460 1787 munibeatimdinis
487 1750 647 1785 ratione·
674 1760 761 1784 nam
787 1749 985 1791 beatitudo,
1012 1760 1097 1783 cum
1123 1749 1169 1784 sit
1195 1748 1410 1796 perfectum,
1439 1757 1476 1784 et
1502 1748 1686 1784 sufficiens

103 1805 256 1847 bonum,
281 1815 394 1839 omne
419 1803 560 1838 malum
586 1802 756 1845 excludit,
783 1811 818 1837 et
843 1814 954 1837 omne
986 1802 1207 1837 desiderium
1237 1802 1384 1849 implet:
1406 1803 1443 1836 in
1466 1803 1535 1837 hac
1564 1810 1686 1837 autem

104 1858 180 1895 vita
197 1868 276 1894 non
290 1865 413 1905 potest
431 1867 544 1892 omne
565 1856 706 1891 malum
731 1855 893 1890 excludi:
920 1855 1045 1891 multis
1071 1856 1169 1891 enirn
1196 1856 1303 1891 malis
1320 1867 1493 1903 praesens
1513 1856 1587 1890 vita
1608 1856 1688 1891 sub-

103 1912 214 1959 jacet,
238 1921 334 1958 quae
358 1910 465 1946 vitari
488 1921 565 1945 non
591 1918 754 1957 possunt,
781 1917 817 1944 et
841 1909 1069 1956 ignorantiae
1097 1920 1140 1944 ex
1170 1918 1271 1956 parte
1298 1909 1517 1952 intellectus,
1538 1918 1575 1944 et
1595 1909 1688 1944 inor-

105 1964 251 2000 dinatae
271 1962 458 1999 affectioni
477 1974 522 1999 ex
541 1971 643 2010 parte
664 1963 855 2010 appetitus,
877 1971 914 1997 et
935 1962 1196 2009 multiplicibus
1223 1962 1504 2009 poenalitatibus
1525 1974 1568 1997 ex
1586 1971 1687 2009 parte

105 2017 284 2065 corporis,
302 2024 344 2053 ut
362 2017 590 2064 Augustinus
608 2015 801 2063 diligenter
821 2016 1052 2063 prosequitur
1074 2027 1125 2076 19.
1148 2016 1193 2051 de
1215 2016 1325 2051 Civit.
1347 2016 1420 2051 Dei
1439 2017 1531 2063 (cap.
1547 2027 1577 2062 5.
1599 2016 1633 2052 6.
1656 2028 1689 2062 7.

105 2077 136 2108 el
153 2072 215 2116 8).
236 2069 414 2106 Similiter
433 2070 546 2106 etiam
565 2070 654 2106 boni
678 2069 900 2105 desiderium
926 2069 964 2104 in
990 2069 1058 2104 hac
1087 2069 1159 2104 vita
1185 2069 1309 2104 satiari
1329 2080 1405 2104 non
1427 2078 1566 2116 potest:
1587 2078 1688 2104 natu-

38 2166 49 2174 ,
105 2124 229 2162 taliter
240 2124 340 2160 enim
351 2123 471 2160 homo
483 2123 666 2158 deciderat
679 2123 971 2170 permanentiam
986 2124 1062 2168 ejus
1076 2123 1175 2165 boni,
1189 2122 1288 2170 quod
1301 2123 1429 2157 habet:
1449 2123 1547 2157 bona
1564 2131 1687 2157 autem

105 2177 305 2227 praesentis
329 2177 427 2214 vitae
444 2177 655 2212 nansitoria
674 2184 777 2219 sunt;
799 2187 885 2212 cum
906 2185 942 2211 et
962 2176 1041 2223 ipsa
1060 2176 1134 2211 vita
1155 2184 1327 2219 transeat,
1347 2187 1458 2223 quam
1477 2175 1688 2211 naturaliter

106 2231 368 2272 desideramus,
387 2238 424 2266 et
443 2241 528 2267 eam
555 2238 732 2277 perpetuo
758 2241 973 2276 permanere
998 2229 1198 2272 vellemus;
1223 2230 1308 2276 quia
1333 2229 1546 2264 naturaliter
1570 2230 1687 2264 homo

105 2284 238 2332 refugit
257 2293 433 2321 mortem:
456 2283 553 2319 unde
573 2283 798 2330 impossibile
820 2291 886 2326 est,
907 2283 1005 2330 quod
1037 2283 1075 2318 in
1101 2283 1170 2318 hac
1200 2283 1274 2318 vita
1299 2294 1387 2318 vera
1411 2283 1598 2318 beatitudo
1627 2283 1689 2318 ha—

105 2338 245 2376 beamr.
268 2337 432 2381 Secundo,
449 2337 482 2373 si
497 2337 748 2372 consideretur
768 2336 816 2379 id,
837 2337 873 2371 in
895 2347 969 2383 quo
990 2336 1197 2383 specialiter
1217 2336 1404 2372 beatitudo
1426 2337 1602 2378 consistit,
1624 2337 1687 2371 sci-

105 2391 194 2429 licet
211 2391 306 2428 visio
323 2391 471 2428 divinae
490 2390 682 2434 essentiae,
703 2401 796 2438 quae
816 2402 891 2426 non
913 2399 1035 2437 potest
1059 2391 1204 2426 homini
1228 2391 1422 2438 provenire
1447 2391 1484 2425 in
1511 2391 1580 2426 hac
1601 2391 1687 2433 vita,

106 2453 146 2483 ut
164 2445 204 2481 in
226 2455 256 2483 ι.
277 2453 468 2482 ostensum
488 2454 544 2480 est
562 2445 609 2491 (q.
630 2456 682 2481 12.
702 2449 768 2479 art.
790 2445 865 2488 ιι.).
885 2443 937 2479 Ex
955 2444 1085 2491 quibus
1103 2443 1296 2479 manifeste
1316 2452 1476 2491 apparet,
1495 2444 1593 2491 quod
1611 2455 1687 2479 non

106 2507 230 2548 potest
247 2498 378 2546 aliquis
396 2498 437 2534 in
455 2498 527 2534 hac
547 2498 621 2533 vita
640 2509 779 2540 veram,
800 2506 836 2533 et
856 2497 1057 2544 perfectam
1078 2497 1341 2533 beatitudinem
1364 2498 1527 2544 adipisci.

177 2552 241 2589 An
260 2561 412 2589 rmuu
436 2561 528 2598 ergo
548 2551 756 2593 dicendum,
777 2551 876 2598 quod
898 2551 994 2586 beati
1015 2551 1184 2586 dicuntur
1211 2550 1323 2598 aliqui
1351 2551 1387 2586 in
1417 2551 1487 2586 hac
1518 2551 1604 2593 vita,
1628 2551 1688 2586 vel

106 2613 256 2654 propter
271 2615 376 2652 spem
392 2604 624 2640 beatitudinis
642 2604 898 2651 adipiscendae
911 2604 948 2639 in
962 2603 1082 2639 sutura
1094 2605 1180 2647 vita,
1195 2604 1395 2640 secundum
1409 2604 1497 2639 illud
1512 2604 1622 2639 Rom.
1636 2605 1686 2639 8.:

106 2658 275 2707 Spesalvi
300 2658 385 2703 sacti
411 2669 545 2699 mmusf
575 2657 634 2693 vel
662 2666 811 2704 propter
844 2657 1006 2704 aliquam
1035 2658 1353 2705 participationem
1381 2658 1612 2694 beatitudinis
1636 2670 1689 2694 se-

107 2711 270 2750 cundum
290 2710 488 2759 aliqualem
507 2711 644 2747 summi
664 2711 752 2746 boni
772 2709 998 2746 fruitionem.

178 2766 241 2802 An
260 2774 470 2803 secuuntur
490 2763 700 2806 dicendum,
725 2763 823 2811 quod
851 2764 1079 2811 participatio
1109 2764 1341 2800 beatitudinis
1369 2773 1489 2811 potest
1518 2776 1598 2800 esse
1624 2765 1689 2800 im·

108 2817 268 2867 μήπω
279 2817 466 2866 dupliciter.
490 2817 564 2854 Uno
582 2817 677 2852 modo
695 2828 738 2852 ex
756 2825 857 2864 parte
875 2817 985 2864 ipsius
1004 2818 1139 2864 objecti
1155 2818 1406 2860 beatitudinis;
1425 2818 1522 2865 quod
1540 2818 1687 2865 quidem

108 2870 311 2910 secundum
329 2871 388 2909 sui
403 2870 601 2907 essentiam
612 2881 688 2906 non
702 2870 862 2906 videtur:
877 2879 914 2906 et
926 2870 1008 2906 talis
1026 2870 1255 2918 imperfectio
1269 2870 1366 2906 tollit
1383 2871 1564 2907 rationem
1580 2883 1688 2907 verae
