1907 3198
465 203 688 240 QUAESTIO
718 203 809 233 XIX.
842 202 1092 234 ARTICULUS
1125 202 1216 232 vm.
1554 192 1634 247 169

53 295 108 324 est
125 287 266 322 intense
286 285 475 321 intendere
496 287 702 329 sanitatem,
723 286 902 321 redundat
921 285 1126 321 formaliter
1146 285 1184 320 in
1205 285 1278 320 hoc
1301 286 1399 332 quod
1422 294 1476 320 est
1495 286 1637 321 intense

51 341 145 377 velle
165 341 358 375 medicari:
381 341 443 375 sed
465 349 590 375 tamen
611 341 683 375 hoc
706 349 760 375 est
781 340 1102 382 considerandum,
1124 339 1222 386 quod
1245 340 1402 374 intensio
1426 348 1527 374 actus
1549 341 1638 374 inte-

50 395 167 438 rioris,
187 394 247 429 vel
271 395 460 430 exterioris
486 403 608 442 potest
632 394 757 429 referri
784 395 829 429 ad
855 395 1110 436 intentionem,
1133 403 1172 428 ut
1198 394 1407 440 objectum:
1436 403 1522 440 puta
1550 406 1634 428 cum

50 449 178 496 aliquis
198 448 353 483 intendit
373 449 514 484 intense
535 448 642 491 velle,
663 448 723 483 vel
744 448 881 495 aliquid
901 449 1042 483 intense
1065 449 1229 494 operari;
1252 456 1288 482 et
1308 457 1433 482 tamen
1459 459 1535 482 non
1557 459 1639 495 pro-

49 512 128 552 pter
149 503 224 538 hoc
250 504 391 538 intense
412 502 500 546 vult,
527 503 586 538 vel
612 511 802 550 operatur:
830 503 915 550 quia
942 503 1185 549 quantitatem
1211 502 1342 537 intenti
1367 503 1457 537 boni
1481 513 1558 537 non
1585 514 1637 537 se-

48 559 168 607 quitur
192 558 336 593 bonitas
362 566 464 593 actus
489 558 684 600 interioris,
706 557 766 592 vel
792 558 992 600 exterioris,
1020 566 1059 592 ut
1084 557 1224 592 dictum
1251 566 1306 592 est
1334 557 1404 601 (hic
1430 558 1547 604 supra)
1559 569 1571 598 ‚·
1601 565 1636 592 et

1 651 6 660 .
47 612 131 648 inde
152 621 218 655 est,
238 612 338 660 quod
359 623 434 647 non
456 621 635 659 quantum
654 612 782 659 aliquis
800 611 956 647 intendit
976 611 1121 653 mereri,
1143 620 1323 646 meretur:
1346 611 1431 657 quia
1453 611 1636 658 quantitas

4 687 5 690 =
47 667 169 703 meriti
189 667 356 702 consistit
375 667 412 701 in
433 666 640 702 intensione
663 674 777 709 actus,
796 674 836 700 ut
855 665 948 700 infra
970 666 1111 700 dicetur
1133 667 1179 711 (q.
1202 677 1272 710 114.
1295 671 1363 700 art.
1383 667 1448 711 4.).

116 721 179 756 AD
204 731 358 757 PRmtJM
378 732 468 767 ergo
491 720 699 763 dicendum,
721 720 820 768 quod
844 719 979 755 Glossa
1000 719 1062 754 issa
1083 719 1245 766 loquitur
1266 728 1444 766 quantum
1468 719 1512 754 ad
1534 731 1636 767 repu-

44 775 224 812 tationem
243 775 327 818 Dei,
352 777 416 822 qui
440 775 636 822 praecipue
664 775 872 810 considerat
896 774 1142 808 intentionem
1168 773 1261 816 finis,
1284 774 1381 808 unde
1404 772 1474 807 alia
1498 773 1634 808 Glossa

45 829 133 876 (ord.
145 841 187 865 ex
204 830 362 874 Rabano)
376 829 464 864 dicit
483 829 632 872 ibidem,
647 829 747 876 quod
768 829 961 864 thesaurus
983 828 1104 863 cordis
1125 828 1280 863 intentio
1303 836 1368 871 est,
1387 839 1430 862 ex
1445 839 1517 875 qua
1530 827 1632 863 Deus

0 906 3 914 ·
43 883 181 932 judicat
213 895 336 931 opera.
364 884 515 919 Bonitas
542 883 641 918 enim
666 883 893 925 intentionis,
919 890 958 917 ut
993 882 1133 916 dictum
1169 890 1223 917 est
1255 883 1307 927 (in
1333 889 1423 929 corp.
1451 884 1548 928 art),
1584 894 1636 917 re-

44 938 182 973 dundat
206 938 486 986 quodammodo
511 938 550 972 in
575 938 779 973 bonitatem
805 936 1017 979 voluntatis,
1044 948 1138 984 quae
1164 936 1252 971 facit
1278 937 1389 972 etiam
1416 937 1634 972 exteriorem

0 1011 2 1025 .
44 1000 168 1028 actum
189 992 286 1039 apud
306 992 430 1027 Deum
457 992 698 1027 meritorium.

114 1047 176 1082 AD
194 1057 406 1083 SECUNDUM
424 1047 633 1089 dicendum,
648 1046 747 1093 quod
766 1045 845 1081 sola
863 1045 1007 1080 bonitas
1025 1045 1239 1080 intentionis
1257 1056 1333 1080 non
1352 1054 1407 1081 est
1423 1054 1501 1081 tota
1520 1057 1630 1080 causa

41 1101 161 1136 bon'ae
181 1100 394 1145 voluntatis,
416 1101 512 1136 unde
534 1101 627 1136 ratio
649 1112 726 1135 non
747 1100 920 1147 sequitur.

111 1156 174 1191 AD
196 1165 372 1192 TERTRJM
393 1155 600 1199 dicendum,
621 1155 720 1202 quod
739 1154 818 1190 sola
837 1154 977 1188 malitia
996 1154 1210 1189 intentionis
1228 1153 1362 1189 sufficit
1380 1154 1425 1189 ad
1448 1155 1628 1189 malitiam

41 1209 261 1253 voluntatis3
282 1218 319 1246 et
338 1209 423 1245 ideo
445 1210 557 1245 etiam
579 1217 758 1257 quantum
780 1208 879 1243 mala
902 1217 956 1243 est
976 1208 1143 1251 intentio,
1162 1217 1306 1243 tantum
1325 1209 1437 1244 etiam
1460 1209 1558 1244 mala
1580 1218 1634 1244 est

40 1263 231 1300 voluntas:
253 1264 317 1300 sed
337 1275 414 1300 non
436 1273 491 1300 est
508 1264 638 1300 eadem
660 1264 754 1299 ratio
777 1263 821 1298 de
842 1263 1018 1306 bonitate,
1037 1271 1076 1298 ut
1097 1263 1236 1298 dictum
1256 1271 1311 1298 est
1327 1265 1376 1308 (in
1401 1271 1484 1311 resp.
1507 1263 1550 1299 ad
1570 1266 1632 1310 2.).

612 1394 964 1441 ARTICULUS
994 1395 1073 1439 IX.
1565 1416 1628 1453 123

98 1506 255 1538 UTRUM
286 1506 477 1538 BONITAS
509 1505 797 1536 VOLUNTATIS
825 1505 1093 1536 DEPENDEAT
1118 1505 1177 1535 EX
1211 1504 1564 1535 CONFORMITATE

518 1573 579 1603 AD
611 1572 923 1603 VOLUNTATEM
954 1572 1158 1602 DIVINAM.

361 1663 405 1709 (r.
426 1663 517 1700 Dist.
538 1664 596 1708 48.
618 1668 682 1698 art.
705 1675 733 1699 Ι.
755 1668 786 1698 et
813 1663 902 1697 Veri.
925 1675 955 1709 q.
975 1674 1024 1709 23.
1047 1667 1111 1696 art.
1135 1673 1165 1708 7.
1189 1662 1310 1708 corp).

110 1753 172 1789 AD
189 1763 334 1789 NONUM
351 1753 404 1788 sic
423 1753 643 1801 proceditur.
662 1753 827 1796 Videtur,
847 1753 947 1800 quod
965 1753 1111 1787 bonitas
1128 1751 1328 1786 voluntatis
1346 1751 1533 1786 humanae
1553 1762 1630 1786 non

38 1806 242 1855 dependeat
254 1819 298 1843 ex
312 1807 570 1843 conformitate
584 1807 784 1842 voluntatis
799 1808 961 1842 divinae:
977 1806 1204 1854 impossibile
1220 1814 1275 1841 est
1290 1806 1389 1840 enim
1398 1805 1629 1841 voluntatem

37 1861 200 1897 hominis
222 1861 447 1897 conformari
468 1862 650 1897 voluntati
671 1863 827 1904 divinae,
849 1870 888 1897 ut
908 1870 1008 1909 patet
1032 1873 1096 1909 per
1122 1861 1158 1895 id
1185 1861 1284 1908 quod
1311 1861 1441 1895 dicitur
1463 1861 1530 1895 Isa.
1556 1872 1628 1906 55.:

37 1916 131 1952 Sicut
149 1917 345 1953 exaltantur
365 1917 447 1953 coeli
467 1929 489 1952 α
510 1922 613 1960 terra,
636 1919 683 1952 ita
703 1917 870 1952 exaltatae
890 1922 964 1952 sunt
985 1918 1062 1950 viae
1082 1928 1172 1951 meae
1185 1928 1205 1950 α
1227 1917 1292 1950 viis
1312 1917 1441 1958 vestris,
1460 1920 1488 1950 et
1510 1917 1631 1962 cogita-

38 1972 139 2006 tiones
158 1983 249 2007 meae
262 1983 284 2006 a
296 1972 552 2018 cogitationibus
564 1973 681 2007 vestris
687 1984 700 2013 ,·
721 1973 751 2006 si
772 1982 860 2018 ergo
877 1971 922 2006 ad
935 1971 1138 2005 bonitatem
1156 1969 1367 2012 voluntatis,
1387 1970 1631 2016 requireretur

38 2024 277 2061 conformitas
303 2026 349 2060 ad
374 2025 538 2061 divinam
563 2025 804 2068 voluntatem,
833 2034 1055 2072 sequeretur,
1083 2024 1181 2071 quod
1203 2023 1429 2071 impossibile
1451 2032 1547 2058 esset
1566 2024 1630 2059 ho-

37 2079 148 2116 minis
166 2079 398 2115 voluntatem
418 2091 499 2116 esse
519 2080 668 2124 bonam,
687 2081 787 2127 quod
809 2088 863 2114 est
884 2080 1159 2114 inconveniens.

107 2144 141 2169 2.
168 2134 408 2170 PRAETEREA.
440 2134 543 2170 Sicut
574 2134 746 2170 voluntas
774 2144 900 2169 nostra
932 2135 1115 2169 derivatur
1143 2145 1162 2167 a
1191 2132 1381 2168 voluntate
1409 2133 1543 2175 divina,
1578 2133 1627 2168 ita

38 2189 190 2224 scientia
222 2197 347 2224 nostra
377 2189 561 2224 derivatur
583 2202 603 2224 a
625 2190 778 2225 scientia
808 2189 945 2223 divina:
972 2190 1035 2224 sed
1057 2200 1132 2224 non
1154 2189 1349 2235 requiritur
1370 2188 1414 2222 ad
1437 2189 1629 2223 scientiam

37 2251 213 2286 nostram,
234 2244 333 2291 quod
362 2243 407 2279 sit
429 2243 631 2279 conformis
652 2244 827 2279 scientiae
854 2244 1022 2286 divinae;
1050 2243 1165 2278 multa
1187 2243 1287 2278 enim
1308 2243 1409 2277 Deus
1432 2243 1511 2285 scit,
1533 2255 1626 2290 quae

37 2308 106 2333 nos
125 2299 360 2345 ignoramus;
381 2309 470 2345 ergo
492 2310 569 2333 non
590 2299 795 2346 requiritur,
817 2298 916 2345 quod
937 2298 1108 2333 voluntas
1129 2306 1254 2332 nostra
1276 2298 1322 2332 sit
1343 2296 1545 2332 conformis
1567 2309 1628 2332 vo-

37 2350 168 2387 tuntati
187 2352 344 2387 divinae.

111 2417 141 2453 3.
167 2404 409 2442 Pmmm'zm.
435 2406 617 2442 Voluntas
645 2415 700 2442 est
725 2407 880 2442 actionis
906 2407 1146 2455 principium:
1183 2407 1246 2442 sed
1275 2407 1371 2442 actio
1399 2415 1525 2441 nostra
1550 2419 1626 2442 non

35 2467 157 2508 potest
175 2460 401 2496 conformari
422 2461 560 2496 actioni
581 2462 745 2505 divinae;
769 2473 857 2508 ergo
875 2473 951 2496 non
970 2462 1174 2509 requiritur,
1194 2463 1292 2509 quod
1311 2461 1482 2496 voluntas
1500 2470 1625 2496 nostra

36 2513 83 2549 sit
102 2513 304 2550 conformis
323 2514 506 2550 voluntati
527 2515 683 2551 divinae.

108 2567 186 2604 SED
206 2579 365 2605 CONTRA
387 2577 453 2612 est,
475 2569 574 2616 quod
595 2569 727 2605 dicitur
747 2570 878 2605 Matth.
901 2569 978 2605 26.:
1001 2570 1080 2606 Non
1100 2572 1183 2606 sicut
1213 2582 1268 2617 ego
1292 2571 1381 2612 volo,
1412 2570 1465 2605 sed
1485 2572 1568 2605 sicut
1590 2576 1624 2605 tu

34 2622 106 2658 vis:
133 2623 231 2670 quod
250 2623 348 2667 dicit,
362 2624 447 2670 quia
462 2632 603 2658 rectum
616 2624 692 2659 vult
707 2635 786 2660 esse
805 2625 1010 2667 hominem,
1030 2633 1065 2659 et
1079 2625 1124 2658 ad
1139 2625 1262 2659 Deum
1277 2625 1395 2671 dirigi,
1411 2632 1449 2658 ut
1463 2625 1622 2671 August.

36 2675 124 2712 dicit
141 2677 180 2712 in
198 2676 347 2712 Enchir.
370 2677 511 2725 (implic.
533 2690 573 2713 ex
593 2685 668 2726 cap.
687 2680 765 2714 106.
786 2679 839 2714 sed
859 2687 984 2726 expres.
1005 2681 1038 2713 in
1058 2679 1146 2714 Psal.
1165 2691 1216 2726 32.
1236 2691 1329 2715 conc.
1352 2692 1380 2714 ι.
1402 2686 1498 2726 super
1519 2678 1623 2714 illud:

36 2729 151 2767 Raetos
173 2731 261 2768 decet
285 2732 527 2777 collaudatio).·
554 2733 735 2768 rectitudo
762 2742 886 2769 autem
912 2734 1111 2768 voluntatis
1139 2743 1192 2768 est
1225 2734 1369 2768 bonitas
1401 2735 1499 2779 ejus;
1534 2744 1623 2780 ergo

35 2782 180 2821 bonitas
198 2785 398 2821 voluntatis
420 2787 601 2834 dependet
621 2798 664 2822 ex
686 2787 944 2822 conformitate
967 2789 1010 2822 ad
1033 2787 1262 2822 voluntatem
1286 2789 1458 2822 divinam.

106 2837 338 2876 RESPONDI-:o
360 2841 568 2883 dicendum,
591 2842 702 2888 quod,
723 2842 816 2877 sicut
838 2843 976 2877 dictum
999 2851 1052 2877 est
1073 2844 1154 2887 (art.
1174 2854 1204 2889 7.
1224 2842 1294 2887 huj.
1317 2843 1378 2888 q),
1401 2842 1544 2876 bonitas
1563 2854 1625 2877 vo-

35 2889 185 2929 luntatis
196 2894 379 2942 dependet
395 2906 439 2930 ex
453 2895 655 2930 intentione
673 2895 771 2931 finis:
794 2896 875 2931 finis
894 2906 1017 2932 autem
1045 2897 1192 2931 ultimus
1216 2896 1415 2931 voluntatis
1438 2896 1623 2932 humanae

39 2954 96 2982 est
112 2958 301 2984 summum
326 2949 478 2993 bonum,
505 2950 603 2997 quod
625 2959 680 2986 est
699 2950 812 2993 Deus,
835 2959 873 2986 ut
894 2963 1002 2998 supra
1023 2951 1162 2986 dictum
1185 2959 1238 2986 est
1262 2952 1307 2998 (q.
1330 2964 1358 2987 1.
1381 2956 1444 2986 art.
1467 2952 1516 2998 8.)
1534 2965 1545 2987 .-
1572 2963 1623 2986 re-
