1875 3198
205 158 291 214 846
627 172 847 207 QUAESTIO
887 172 956 201 cx.
992 172 1236 201 ARTICULUS
1270 172 1326 201 IV.

203 253 355 297 gnostic.
379 253 452 297 (lib.
473 253 530 299 3.),
559 253 655 299 quod
679 254 793 299 gratia
817 261 1048 299 comparatur
1071 254 1112 287 ad
1136 253 1374 296 voluntatem,
1389 254 1463 288 sive
1479 254 1523 288 ad
1544 254 1697 289 liberum
1717 266 1768 288 ar-

202 306 359 348 bitrium,
383 307 475 341 sicut
496 318 614 341 sessor
637 308 681 340 ad
704 319 859 352 equum:
883 307 945 341 sed
968 307 1148 348 voluntas,
1171 308 1246 342 sive
1268 308 1421 341 liberum
1437 308 1622 342 arbitrium
1642 316 1694 343 est
1708 320 1768 353 po-

202 359 313 393 tentia
335 360 526 406 quaedam,
549 368 587 394 ut
608 360 643 393 in
663 372 690 394 1.
707 361 844 394 dictum
867 368 920 394 est
940 360 984 406 (q.
1000 362 1046 406 83.
1063 361 1203 405 art.2.);
1228 373 1316 407 ergo
1339 361 1452 407 gratia
1475 369 1528 395 est
1548 362 1585 395 in
1606 362 1766 408 potentia

203 413 345 447 animae
368 414 459 448 sicut
480 415 515 448 in
538 414 711 459 subj'ecto.

273 477 304 500 2.
327 467 564 502 PRAETEREA.
589 467 639 501 Ex
663 467 777 512 gratia
800 467 976 513 incipiunt
997 468 1125 502 merita
1146 468 1319 510 hominis,
1347 476 1385 502 ut
1410 468 1635 514 Augustinus
1662 468 1765 503 dicit:

200 520 272 564 (lib.
292 521 327 555 da
345 522 442 556 Grat.
462 527 489 556 εἰ
512 522 586 556 Ᾱῐῖκ
607 523 691 555 Arlv.
707 528 779 567 cap.
795 522 860 566 6.):
883 521 944 555 sed
968 522 1138 556 meritum
1163 523 1326 557 consistit
1347 523 1383 556 in
1398 530 1492 564 actu,
1512 523 1629 568 quiex
1647 522 1766 569 aliqua

201 575 362 620 potentia
383 575 565 621 procedit3
589 586 675 620 ergo
698 575 848 617 videtur,
873 575 969 621 quod
1000 576 1114 621 gratia
1137 576 1182 610 sit
1204 575 1378 622 perfectio
1407 575 1558 622 alicujus
1583 577 1766 622 potentiae

202 627 355 662 animae.

275 693 303 727 3.
326 682 563 716 PRAETERm.
588 682 626 715 Si
641 682 794 717 essentia
811 682 954 716 animae
970 683 1015 717 sit
1028 683 1213 729 proprium
1236 684 1438 729 subjectum
1455 684 1602 730 gratiae,
1625 692 1768 730 oportet

201 736 297 781 quod
320 736 452 778 anima,
471 736 686 782 inquantum
709 736 818 770 habet
840 736 1047 779 essentiam,
1071 737 1115 771 sit
1138 748 1251 782 capax
1273 737 1433 783 gratiae:
1456 738 1517 772 sed
1539 738 1611 772 hoc
1634 745 1687 772 est
1707 736 1767 771 fal-

200 800 292 831 sum,
315 790 398 835 quia
420 789 469 824 sic
493 797 713 835 sequeretur,
734 790 831 836 quod
855 792 974 824 omnis
998 790 1118 824 anima
1141 799 1236 824 esset
1258 791 1394 837 gratiae
1417 802 1550 838 capax3
1577 802 1651 825 non
1678 802 1766 837 ergo

201 843 355 877 essentia
376 843 529 885 animae,
553 851 606 877 est
628 844 814 889 proprium
837 844 1041 889 subjectum
1063 844 1211 890 gratiae.

270 907 301 939 4.
326 897 562 931 PRAETEREA.
579 897 740 931 Essentia
758 897 900 931 animae
920 906 973 931 est
988 898 1085 944 prior
1104 898 1274 944 potentiis
1289 899 1381 944 ejus:
1397 899 1494 945 prius
1510 906 1630 933 autern
1648 906 1767 945 potest

199 950 352 995 intelligi
374 951 450 984 sine
473 951 683 996 posteriori3
707 962 793 996 ergo
816 951 987 997 sequitur,
1010 952 1106 997 quod
1129 952 1245 997 gratia
1265 952 1381 998 possit
1401 952 1554 998 intelligi
1574 952 1611 986 in
1633 953 1766 993 anima,

198 1004 298 1037 nulla
319 1012 430 1049 parte,
452 1004 510 1038 vel
531 1005 693 1050 potentia
717 1005 859 1039 animae
882 1004 1077 1047 intellecta,
1100 1005 1239 1039 scilicet
1268 1017 1386 1052 neque
1416 1005 1614 1048 voluntate,
1648 1016 1766 1051 neque

200 1057 395 1099 intellectu,
418 1069 535 1104 neque
558 1058 678 1104 aliquo
702 1059 924 1104 hujusmodi,
948 1059 1044 1104 quod
1067 1067 1120 1093 est
1141 1059 1414 1094 inconveniens.

271 1111 344 1145 SED
369 1122 523 1146 CONTRA
534 1120 597 1154 est,
607 1113 703 1158 quod
719 1124 781 1158 per
796 1113 949 1157 gratiam
962 1124 1220 1158 regeneramur
1233 1113 1269 1146 in
1284 1113 1378 1148 filios
1392 1113 1463 1148 Dei
1478 1125 1485 1147 :
1502 1113 1563 1147 sed
1581 1113 1766 1159 generatio

199 1176 261 1211 per
283 1165 379 1211 prius
400 1167 615 1200 terminatur
637 1166 680 1200 ad
704 1166 911 1208 essentiam,
935 1178 1044 1212 quam
1068 1167 1111 1200 ad
1134 1167 1334 1213 potentia83
1354 1178 1441 1214 ergo
1461 1167 1574 1214 gratia
1588 1178 1651 1214 per
1669 1167 1765 1213 prius

199 1226 252 1253 est
273 1219 309 1252 in
332 1220 485 1253 essentia
509 1219 663 1262 animae,
687 1231 796 1265 quarn
818 1220 854 1253 in
877 1220 1058 1266 potentiis.

270 1272 501 1308 RESPONDEO
525 1273 730 1316 dicendum,
763 1274 859 1320 quod
888 1274 955 1307 ista
989 1274 1152 1320 quaestio
1180 1286 1222 1308 ex
1255 1274 1487 1321 praecedenti
1513 1274 1710 1321 dependet:
1737 1274 1767 1308 si

201 1326 298 1360 enim
317 1327 431 1373 gratia
453 1328 498 1362 sit
518 1327 615 1361 idem
638 1328 734 1374 quod
756 1328 880 1369 virtus,
902 1339 1051 1362 necesse
1074 1336 1126 1363 est
1148 1328 1246 1374 quod
1280 1329 1324 1363 sit
1351 1329 1387 1362 in
1419 1329 1581 1375 potentia
1611 1328 1765 1370 animae,

199 1381 290 1414 sicut
311 1381 347 1414 in
369 1381 552 1427 subjecto:
576 1393 662 1415 nam
685 1382 847 1427 potentia
870 1382 1013 1415 animae
1037 1391 1089 1416 est
1111 1383 1297 1428 proprium
1321 1383 1524 1428 subjectum
1549 1382 1701 1424 virtutis,
1728 1390 1767 1416 ut

199 1446 305 1480 supra
328 1435 465 1469 dictum
484 1442 537 1469 est
558 1435 605 1481 (q.
625 1436 678 1481 55.
701 1440 765 1470 art.
787 1435 845 1480 L).
870 1435 908 1469 Si
931 1443 1053 1469 autem
1076 1436 1190 1481 gratia
1212 1435 1330 1470 differt
1352 1448 1371 1470 a
1392 1437 1533 1478 virtute,
1554 1447 1629 1470 non
1647 1444 1767 1482 potest

200 1488 282 1530 dici,
305 1489 401 1535 quod
423 1489 583 1535 potentia
607 1489 749 1523 animae
773 1489 818 1523 sit
839 1489 974 1535 gratiae
996 1489 1216 1535 subjectum:
1240 1489 1323 1535 quia
1351 1490 1470 1524 omnis
1503 1489 1678 1535 perfectio
1705 1501 1766 1536 po-

198 1543 332 1577 tentiae
356 1543 498 1577 animae
516 1543 625 1577 habet
639 1543 816 1577 rationem
836 1543 987 1585 virtutis,
1006 1551 1044 1576 ut
1059 1554 1164 1588 supra
1180 1543 1316 1577 dictum
1331 1552 1384 1578 est
1399 1546 1477 1587 (art.
1496 1556 1524 1578 Ι.
1539 1555 1624 1590 q.55.
1640 1543 1764 1590 et56.);

198 1597 293 1631 unde
314 1596 535 1643 relinquitur,
559 1598 655 1642 quod
679 1597 804 1642 gratia,
827 1597 921 1630 sicut
948 1604 999 1630 est
1026 1597 1123 1643 prius
1151 1597 1295 1639 virtute,
1324 1597 1371 1631 ita
1400 1597 1532 1631 habeat
1563 1598 1766 1643 subjectum

197 1650 294 1696 prius
316 1651 485 1697 potentiis
508 1651 668 1693 animae3
695 1651 744 1684 ita
766 1650 905 1684 scilicet
927 1650 1024 1696 quod
1047 1650 1092 1684 sit
1112 1651 1148 1684 in
1176 1651 1330 1684 essentia
1358 1651 1522 1694 animae3
1548 1651 1642 1685 sicut
1667 1652 1765 1685 enim

197 1716 260 1750 per
281 1704 480 1750 potentiam
504 1704 763 1738 intellectivam
786 1704 900 1737 homo
924 1704 1115 1750 participat
1137 1704 1388 1749 cognitionem
1411 1705 1571 1739 divinam
1585 1716 1648 1751 per
1660 1704 1767 1738 virtu-

196 1766 270 1792 tem
292 1758 386 1800 fidei,
410 1766 444 1792 et
466 1758 667 1792 secundum
689 1758 888 1804 potentiam
911 1757 1109 1792 voluntatis
1133 1769 1299 1792 amorem
1322 1758 1486 1793 divinum
1507 1769 1570 1805 per
1594 1759 1765 1796 virtutem

197 1812 396 1846 charitatis:
421 1813 468 1846 ita
491 1812 601 1846 etiam
620 1823 683 1858 per
704 1820 871 1846 naturam
895 1811 1038 1845 animae
1060 1812 1251 1858 participat
1272 1812 1473 1846 secundum
1500 1813 1697 1859 quamdam
1723 1812 1767 1846 si-

196 1865 439 1915 militudinem
465 1874 631 1900 naturam
655 1866 814 1899 divinam
849 1877 912 1912 per
940 1866 1138 1911 quamdam
1166 1866 1496 1911 regenerationem,
1529 1867 1603 1901 sive
1629 1877 1766 1900 recrea-

196 1920 346 1954 tionem.

267 1974 327 2008 AD
349 1984 499 2008 PRtMUM
522 1985 609 2019 ergo
633 1974 838 2015 dicendum,
862 1973 958 2019 quod
982 1973 1074 2007 sicut
1096 1973 1137 2007 ab
1163 1973 1317 2008 essentia
1340 1974 1484 2008 animae
1511 1973 1660 2008 effluunt
1687 1974 1764 2019 ejus

197 2028 391 2074 potentiae,
415 2039 506 2073 quae
530 2035 612 2062 sunt
634 2039 785 2073 operum
807 2027 1006 2073 principia3
1030 2027 1078 2061 ita
1100 2027 1210 2061 etiam
1233 2027 1275 2061 ab
1297 2027 1376 2074 ipsa
1398 2027 1513 2073 gratia
1534 2027 1682 2061 effluunt
1699 2027 1765 2061 vir-

195 2089 288 2115 tutes
310 2081 345 2115 in
368 2081 547 2127 potentias
569 2081 724 2123 animae,
748 2092 810 2127 per
833 2093 920 2127 quas
943 2081 1126 2127 potentiae
1149 2089 1343 2115 moventur
1365 2082 1407 2115 ad
1435 2089 1552 2116 actus:
1580 2088 1614 2115 et
1640 2092 1765 2115 secun-

197 2135 282 2168 dum
304 2135 375 2169 hoc
400 2135 513 2180 gratia
536 2143 769 2181 comparatur
791 2135 834 2168 ad
861 2134 1100 2177 voluntatem,
1124 2142 1161 2169 ut
1183 2146 1336 2169 movens
1359 2135 1401 2169 ad
1425 2143 1579 2177 motum,
1593 2146 1693 2181 *quae
1711 2143 1764 2169 est

198 2189 422 2234 comparatio
443 2189 592 2223 sessoris
615 2189 659 2222 ad
682 2200 827 2234 equum,
850 2200 923 2222 non
946 2196 1067 2222 autem
1089 2189 1181 2223 sicut
1204 2189 1371 2223 accidens
1395 2189 1437 2223 ad
1460 2189 1672 2234 subjectum.

268 2242 311 2276 Et
332 2254 395 2289 per
416 2243 487 2277 hoc
511 2244 620 2276 etiam
644 2250 741 2288 patet
763 2242 896 2276 solutio
912 2253 962 2276 AD
978 2253 1205 2277 SECUNDUM:
1229 2250 1282 2276 est
1304 2243 1401 2276 enim
1417 2243 1530 2288 gratia
1545 2241 1762 2289 principium

197 2297 372 2330 meritorii
394 2296 512 2342 operis
535 2296 776 2330 mediantibus
802 2296 1008 2338 virtutibus;
1032 2298 1123 2330 sicut
1146 2296 1299 2330 essentia
1323 2297 1465 2331 animae
1481 2304 1533 2331 est
1546 2296 1762 2343 principium

197 2362 349 2397 operum
371 2352 465 2384 vitae
488 2351 729 2384 mediantibus
752 2351 932 2396 potentiis.

268 2405 327 2439 AD
348 2415 519 2439 'rERTiUM
536 2405 741 2445 dicendum,
758 2405 854 2449 quod
871 2404 990 2438 anima
1008 2412 1061 2438 est
1077 2404 1279 2449 subjectum
1294 2403 1649 2450 gratiae-,secundum
1665 2403 1761 2449 quod

197 2467 248 2493 est
269 2459 305 2492 in
332 2459 451 2504 specie
480 2457 744 2499 intellectualis,
774 2458 831 2491 vel
861 2458 1046 2492 rationalis
1078 2466 1244 2492 naturae:
1274 2469 1347 2492 non
1379 2466 1499 2492 autem
1535 2457 1762 2492 constituitur

197 2512 317 2546 anima
340 2512 375 2545 in
398 2512 517 2558 specie
540 2523 603 2558 per
625 2511 783 2557 aliquam
808 2514 1020 2557 potentiam,
1044 2523 1126 2546 cum
1149 2512 1331 2557 potentiae
1354 2513 1424 2546 sint
1441 2511 1678 2558 proprietates
1704 2522 1762 2544 na-

196 2565 326 2600 turales
351 2566 494 2600 animae
517 2565 676 2611 speciem
699 2573 975 2611 consequentes,
999 2574 1032 2599 et
1055 2566 1136 2599 ideo
1160 2565 1280 2599 anima
1302 2566 1504 2600 secundum
1523 2576 1626 2599 suam
1645 2575 1762 2599 essen-

196 2620 283 2653 tiam
307 2619 424 2654 differt
446 2621 566 2665 specie
589 2619 630 2652 ab
655 2618 734 2653 aliis
754 2619 955 2661 animabus,
983 2619 1120 2652 scilicet
1146 2619 1334 2653 brutorum
1359 2618 1583 2660 animalium,
1611 2626 1645 2652 et
1666 2618 1759 2664 plan-

196 2682 335 2716 tarum,
359 2681 393 2707 et
419 2682 565 2719 propter
588 2674 657 2707 hoc
683 2684 756 2706 non
780 2673 951 2718 sequitur,
975 2673 1003 2706 si
1026 2673 1179 2707 essentia
1203 2673 1386 2707 humanae
1409 2673 1552 2706 animae
1580 2672 1624 2706 sit
1650 2672 1763 2717 subje-

198 2736 295 2762 ctum
319 2727 467 2773 gratiae,
489 2727 584 2772 quod
608 2726 787 2773 quaelibet
810 2727 930 2760 anima
955 2727 1066 2772 possit
1086 2738 1163 2760 esse
1179 2727 1314 2771 gratiae
1330 2727 1550 2772 subjectum:
1574 2726 1645 2760 hoc
1663 2726 1760 2760 enim

198 2781 367 2816 convenit
393 2781 569 2815 essentiae
593 2781 747 2822 animae,
770 2780 983 2826 inquantum
1009 2788 1059 2813 est
1079 2779 1158 2814 talis
1181 2780 1324 2826 speciei.

268 2835 328 2869 AD
351 2845 539 2873 QUARTUM
563 2835 768 2875 dicendum,
791 2834 886 2880 quod
911 2845 993 2867 cum
1016 2834 1198 2879 potentiae
1221 2834 1364 2868 animae
1382 2834 1453 2868 sint
1474 2833 1655 2868 naturales
1683 2845 1762 2880 pro-

199 2888 366 2934 prietates
389 2888 547 2934 speciem
572 2896 847 2934 consequentes,
872 2887 991 2921 anima
1007 2899 1080 2921 non
1103 2896 1221 2933 potest
1236 2888 1311 2922 sine
1326 2887 1380 2922 his
1396 2898 1495 2922 esse:
1519 2887 1603 2922 dato
1626 2895 1759 2930 autem,
