1907 3182
273 170 357 213 334
679 171 897 206 QUAESTIO
932 171 1064 200 XLVII.
1098 171 1341 201 ARTICULUS
1375 171 1418 201 ΙΙ.

271 259 323 285 est
344 251 472 297 injuste
494 251 652 295 factum;
676 261 710 286 et
731 253 812 286 ideo
834 253 1111 298 provocativum
1134 253 1177 286 ad
1199 253 1290 287 iram
1312 264 1455 299 semper
1469 259 1522 286 est
1535 251 1668 298 aliquid
1690 252 1753 286 sub
1775 264 1828 287 ra-

269 304 367 338 tione
390 306 527 350 injusti3
551 306 644 340 unde
666 306 752 340 dicit
773 306 908 339 Philos.
931 307 967 339 in
990 316 1020 339 2.
1043 306 1148 340 Rhet.
1174 306 1410 353 (cap.3.pr0pe
1423 307 1502 352 fin.)
1519 306 1616 352 quod
1636 307 1664 340 si
1684 306 1828 341 homines

262 360 460 404 putaverint
482 360 522 393 ab
544 361 597 401 eis,
611 361 667 404 qui
688 360 848 393 laeserunt
864 359 924 403 [al.
940 371 990 393 eos
1011 361 1066 404 qui
1088 360 1263 404 laeserunt]
1281 371 1339 394 essa
1354 361 1436 404 juste
1452 365 1575 405 passos,
1598 370 1663 392 non
1685 360 1828 393 irascun-

270 417 324 446 tur
339 425 348 446 :
367 424 431 446 non
453 414 537 446 enim
558 413 593 455 fit
611 414 664 446 ira
685 413 727 446 ad
743 415 879 458 justum.
898 412 1088 458 Contingit
1110 421 1229 446 autem
1245 413 1419 459 tripliciter
1436 420 1699 447 nocumentum
1721 411 1829 446 alicui

268 465 406 499 inferri:
430 465 568 500 scilicet
590 478 631 500 ex
654 467 854 510 ignorantia,
887 477 928 499 ex
956 468 1121 512 passione,
1145 474 1179 500 et
1206 478 1247 500 ex
1269 466 1429 500 electione.
1453 465 1558 500 Tunc
1582 466 1678 500 enim
1701 465 1828 511 aliquis

268 520 413 553 maxime
439 521 596 564 injustum
615 519 715 564 facit,
744 519 873 564 qnando
901 531 939 553 ex
969 519 1131 561 electione,
1159 519 1211 553 vel
1236 519 1411 561 industria,
1438 520 1490 553 vel
1514 531 1553 554 ex
1579 524 1669 553 certa
1693 519 1826 553 malitia

267 577 499 606 nocumentum
525 573 635 613 infert,
652 579 691 606 ut
712 572 840 606 dicitur
861 572 896 605 in
924 583 951 616 5.
974 572 1089 606 Ethic.
1115 574 1283 619 (sap.8.),·
1307 581 1340 607 et
1361 573 1442 607 ideo
1470 573 1627 606 maxime
1640 572 1830 606 irascimur

268 634 393 659 contra
404 625 497 667 illos,
507 636 596 671 quos
608 634 775 671 putamus
785 636 825 659 ex
835 626 1007 659 industria
1021 626 1124 660 nobis
1139 626 1317 659 nocuisse.
1329 626 1367 659 Si
1382 626 1479 659 enim
1493 634 1672 672 putemus,
1688 625 1828 671 aliquos
1879 666 1882 668 v

268 678 326 712 vel
347 690 409 724 per
430 679 686 724 ignorant-iam,
714 678 771 712 vel
804 690 845 712 ex
872 679 1039 725 passione
1067 679 1170 713 nobis
1197 679 1358 713 intulisse
1384 679 1564 725 injuriam,
1590 679 1649 713 vel
1669 690 1743 713 non
1765 679 1830 712 ira-

269 732 403 766 scimur
418 740 542 766 contra
562 732 703 773 eos‚vel
726 731 841 766 multo
865 733 1001 766 minus:
1022 744 1128 778 agere
1150 733 1247 766 enim
1270 732 1403 778 aliquid
1426 744 1467 766 ex
1488 732 1772 778 ignorantia,vel
1787 743 1829 766 ex

268 786 435 831 passione
457 785 623 819 diminuit
644 785 823 819 rationem
842 786 1015 831 injuriae;
1038 794 1072 820 et
1094 794 1146 820 est
1168 786 1441 832 quodammodo
1469 786 1745 832 provocativum
1766 785 1830 819 mi-

268 839 497 880 sericordiae,
520 847 554 873 et
574 839 723 874 veniae:
743 839 794 873 1111
817 847 949 881 autem,
972 840 1032 885 qui
1054 851 1095 873 ex
1117 840 1290 873 industria
1311 847 1576 873 nocumentum
1597 838 1764 880 inferunt,
1787 850 1828 872 ex

270 900 478 938 contemptu
500 903 650 938 peccare
677 893 853 934 videntur,
889 901 922 926 et
949 893 1031 926 ideo
1060 901 1184 926 contra
1218 904 1280 927 eos
1319 893 1476 926 maxime
1502 893 1711 934 irascimur3
1733 892 1828 926 unde

268 946 404 980 Philos.
428 946 513 980 dicit
538 946 574 979 in
597 957 627 980 2.
655 946 760 980 Rhet.
784 947 874 993 (cap.
894 959 921 993 3.
949 948 1027 981 circ.
1050 946 1164 991 med),
1188 946 1285 992 quod
1306 946 1374 988 his,
1401 946 1462 992 qui
1487 954 1632 992 propter
1657 946 1748 980 iram
1771 945 1830 979 ali-

267 999 351 1045 quid
373 999 545 1041 fecerunt,
569 1007 628 1033 aut
653 1011 727 1034 non
753 1001 953 1042 irascimur,
993 1009 1052 1034 aut
1082 1001 1201 1034 minus
1231 1001 1438 1035 irascimur:
1465 1011 1539 1034 non
1567 1001 1663 1034 enim
1685 1008 1830 1046 propter

267 1053 582 1098 parvipensionem
604 1053 769 1087 videntur
791 1054 917 1099 egisse.
939 1054 1087 1088 Seczmda
1108 1054 1199 1088 ratio
1219 1062 1282 1096 est,
1305 1056 1387 1100 quia
1405 1054 1633 1100 parvipensio
1656 1053 1831 1087 excellen-

266 1107 336 1140 tiae
357 1107 516 1140 hominis
539 1107 750 1153 opponitur:
774 1118 864 1153 quae
887 1108 983 1141 enim
1010 1108 1178 1142 homines
1199 1107 1300 1142 nullo
1328 1107 1440 1141 modo
1462 1115 1588 1153 putant
1609 1107 1717 1153 digna
1740 1118 1828 1148 esse,

266 1160 539 1206 parvipendunt,
562 1169 600 1194 ut
631 1161 758 1194 dicitur
780 1161 815 1194 in
843 1171 873 1194 2.
902 1161 1007 1195 Rhet.
1039 1161 1130 1208 (cap.
1153 1173 1183 1196 2.
1206 1167 1332 1208 purum
1368 1172 1388 1195 α
1416 1161 1548 1208 princ.)
1560 1174 1570 1195 .·
1593 1172 1635 1194 ex
1662 1160 1829 1194 omnibus

267 1221 387 1247 autem
420 1214 524 1247 bonis
558 1216 688 1248 nostris
713 1214 871 1260 aliquam
894 1214 1144 1249 excellentiam
1170 1215 1393 1261 quaerimus:
1417 1222 1452 1248 et
1468 1214 1551 1248 ideo
1573 1214 1829 1260 quodcumque

266 1275 527 1301 nocumentum
550 1268 655 1302 nobis
670 1267 851 1310 inferatur,
874 1268 1089 1314 inquantum
1111 1268 1344 1302 excellentiae
1364 1268 1526 1313 derogat,
1541 1267 1682 1301 videtur
1696 1267 1740 1301 ad
1755 1278 1832 1313 par-

265 1321 516 1367 vipensionem
539 1322 726 1367 pertinere.

338 1375 398 1409 AD
421 1386 569 1409 PRIMUM
592 1387 678 1420 ergo
701 1375 906 1417 dicendum,
934 1375 1030 1421 quod
1053 1386 1094 1409 ex
1117 1385 1344 1421 quacumque
1371 1374 1440 1408 alia
1463 1385 1571 1409 causa
1593 1373 1721 1420 aliquis
1742 1373 1830 1419 inju-

267 1428 358 1462 riam
377 1429 541 1475 patiatur,
565 1440 673 1474 quam
697 1441 738 1463 ex
761 1437 983 1475 contemptu,
1005 1428 1071 1462 illa
1089 1439 1197 1463 causa
1219 1428 1348 1462 minuit
1374 1428 1553 1462 rationem
1574 1428 1743 1473 injuriae:
1767 1428 1828 1461 sed

267 1482 365 1516 solus
396 1490 636 1528 contemptus,
669 1482 728 1517 vel
761 1482 989 1529 parvipensio
1016 1482 1195 1516 rationem
1222 1482 1294 1516 irae
1321 1489 1447 1527 auget3
1475 1488 1509 1515 et
1529 1481 1612 1515 ideo
1634 1488 1687 1515 est
1708 1492 1770 1527 per
1791 1491 1828 1515 se

268 1547 375 1570 causa
397 1536 584 1570 irascendi.

338 1590 396 1623 AD
420 1600 625 1624 SECUNDUM
648 1589 853 1631 dicendum,
886 1589 982 1635 quod
1010 1588 1094 1623 licet
1128 1587 1262 1622 animal
1288 1588 1432 1622 brutum
1454 1599 1528 1622 non
1551 1595 1695 1634 appetat
1715 1587 1830 1622 hono-

266 1654 343 1677 rem
372 1643 436 1677 sub
467 1643 606 1676 ratione
628 1642 789 1684 honoris,
813 1643 947 1688 appetit
971 1650 1093 1676 tamen
1115 1641 1325 1676 naturaliter
1346 1641 1543 1688 quamdam
1565 1640 1827 1683 excellentiam,

266 1705 300 1731 et
318 1697 482 1730 irascitur
504 1704 627 1730 contra
651 1707 703 1738 ea,
727 1708 817 1742 quae
840 1696 891 1729 illi
914 1695 1146 1730 excellentiae
1165 1695 1352 1741 derogant.

337 1751 396 1784 AD
419 1760 589 1784 TERTIUM
616 1750 821 1791 dicendum,
837 1750 932 1795 quod
956 1761 1082 1783 omnes
1105 1749 1187 1783 illae
1211 1760 1340 1783 causae
1360 1749 1403 1783 ad
1427 1749 1623 1795 quamdam
1644 1749 1829 1796 parvipen-

265 1804 404 1838 sionem
424 1803 660 1837 reducuntur:
677 1803 810 1837 oblivio
831 1803 927 1837 enim
947 1803 1232 1849 parvipensionis
1251 1811 1303 1837 est
1321 1802 1467 1837 evidens
1478 1803 1639 1849 signum3
1655 1814 1696 1837 ea
1718 1803 1827 1845 enim,

265 1869 356 1903 quae
378 1868 511 1903 magna
533 1857 778 1899 aestimamus,
801 1857 916 1902 magis
947 1857 1147 1891 memoriae
1185 1856 1367 1902 infigimus
1387 1869 1394 1890 z
1422 1856 1586 1890 similiter
1606 1868 1649 1891 ex
1671 1857 1827 1902 quadam

264 1911 539 1956 parvipensione
573 1919 636 1952 est,
674 1911 771 1956 quod
807 1910 933 1956 aliquis
959 1921 1033 1944 non
1060 1918 1225 1944 vereatur
1252 1910 1464 1944 contristare
1499 1910 1669 1956 aliquem,
1696 1910 1828 1944 denun-

263 1964 386 1998 tiando
415 1964 481 1998 sibi
503 1963 621 2010 aliqua
641 1964 776 1998 tristia:
810 1964 870 2010 qui
905 1964 1013 1997 etiam
1039 1964 1075 1997 in
1105 1963 1309 1997 infortuniis
1337 1963 1488 2009 alicujus
1514 1963 1703 1998 hilaritatis
1725 1964 1826 2009 signa

265 2018 430 2059 ostendit,
449 2018 588 2052 videtur
609 2029 736 2064 parum
759 2029 882 2051 curare
905 2018 947 2051 de
969 2018 1078 2059 bono,
1100 2017 1158 2051 vel
1179 2017 1277 2051 malo
1309 2018 1402 2062 ejus:
1430 2016 1595 2051 similiter
1623 2017 1732 2051 etiam
1767 2017 1827 2063 qui

264 2071 413 2117 impedit
436 2071 593 2117 aliquem
616 2083 635 2105 a
656 2071 710 2105 sui
735 2071 911 2118 propositi
933 2071 1170 2113 assecutione,
1192 2082 1266 2105 non
1288 2078 1434 2117 propter
1455 2070 1613 2116 aliquam
1635 2070 1826 2104 utilitatem

265 2124 329 2158 sibi
352 2124 432 2158 inde
455 2125 740 2170 provenientem,
762 2136 836 2158 non
858 2124 998 2158 videtur
1020 2124 1175 2158 multum
1196 2135 1320 2158 curare
1335 2124 1378 2158 de
1401 2124 1560 2158 amicitia
1574 2125 1674 2170 ejus;
1697 2132 1731 2158 et
1744 2124 1825 2158 ideo

265 2178 387 2212 omnia
406 2178 502 2221 talia,
524 2178 737 2224 inquantum
760 2186 841 2213 sunt
862 2178 965 2224 signa
987 2185 1227 2224 contemptus,
1249 2186 1331 2212 sunt
1352 2178 1587 2223 provocativa
1608 2178 1692 2212 irae.

813 2301 1156 2347 ARTICULUS
1192 2302 1270 2345 ΠΙ.
1758 2311 1820 2348 261

461 2411 611 2441 UTRUM
640 2411 941 2442 EXCELLENTIA
971 2411 1223 2441 umsceurts
1253 2410 1320 2440 SIT
1350 2410 1489 2440 CAUSA
1517 2410 1628 2440 nou-2.

335 2499 394 2534 AD
422 2510 593 2534 TERTtUM
624 2499 672 2533 sic
702 2500 916 2545 proceditur.
944 2499 1106 2541 Videtur,
1134 2500 1230 2545 quod
1258 2498 1471 2533 excellentia
1505 2498 1654 2543 alicujus
1681 2510 1754 2533 non
1781 2499 1824 2534 sit

265 2565 384 2596 causa,
407 2554 502 2599 quod
526 2553 664 2587 facilius
684 2554 873 2587 irascatur:
891 2554 976 2587 dicit
999 2553 1095 2587 enim
1112 2552 1248 2587 Philos.
1264 2553 1300 2586 in
1321 2562 1350 2586 2.
1371 2552 1476 2586 Rhet.
1493 2552 1581 2599 (sap.
1604 2564 1634 2588 2.
1651 2554 1710 2587 cir.
1727 2553 1823 2596 med.)
1876 2550 1878 2555 '

264 2608 359 2653 quod
384 2608 540 2642 maxime
563 2607 671 2653 aliqui
694 2607 907 2649 irascuntur,
930 2619 1012 2640 cum
1035 2607 1237 2647 tristantur3
1261 2614 1298 2640 ut
1319 2606 1462 2648 infirmi,
1485 2614 1519 2640 et
1540 2614 1687 2652 egentes
1709 2615 1743 2641 et
1764 2606 1823 2653 qui
1875 2637 1879 2642 .

264 2673 336 2695 non
359 2662 493 2696 habent
515 2662 560 2703 id,
582 2661 677 2707 quod
694 2661 973 2706 concupiscunt:
997 2661 1058 2694 sed
1081 2661 1204 2694 omnia
1226 2661 1293 2694 ista
1315 2660 1358 2693 ad
1381 2659 1562 2694 defectum
1583 2660 1759 2706 pertinere
1777 2660 1824 2694 vi·
1872 2699 1875 2705 ⁷

264 2716 410 2757 dentur3
434 2727 520 2761 crgo
544 2716 658 2759 magis
682 2714 764 2748 facit
786 2726 939 2760 pronum
963 2715 1004 2748 ad
1028 2715 1118 2748 iram
1141 2714 1312 2755 defectus,
1335 2725 1443 2759 quam
1466 2713 1689 2748 excellentia.

336 2779 365 2803 2.
391 2770 623 2804 I'RALTEIUJA.
648 2767 782 2801 Philos.
810 2768 895 2801 dicit
922 2768 1065 2810 ibidem,
1088 2768 1183 2814 quod
1206 2775 1289 2802 tunc
1314 2766 1423 2813 aliqui
1445 2767 1602 2801 maxime
1624 2767 1823 2802 irascuntur

264 2824 408 2869 quando
429 2823 463 2856 in
486 2823 536 2857 eis
558 2822 751 2868 despicitur
778 2822 823 2863 id,
851 2822 894 2855 de
917 2833 988 2867 quo
1011 2829 1128 2867 potest
1151 2833 1228 2856 csse
1251 2821 1421 2866 suspicio,
1449 2820 1544 2867 quod
1567 2820 1624 2855 vel
1645 2832 1720 2855 non
1742 2820 1822 2855 insit

264 2877 325 2917 eis,
348 2876 405 2911 vel
427 2877 521 2922 quod
545 2878 587 2910 sit
609 2876 642 2909 111
663 2875 713 2910 eis
733 2875 908 2910 debiliter:
933 2876 993 2909 sed
1014 2886 1095 2908 cum
1116 2882 1240 2920 putant
1262 2885 1298 2908 se
1321 2874 1473 2909 multum
1493 2873 1670 2909 excellere
1688 2874 1724 2909 in
1742 2873 1822 2914 illis,
