1907 3182
277 230 356 260 110
717 229 937 265 QUAESTIO
969 229 1043 258 XII.
1077 229 1319 259 ARTICULUS
1353 229 1380 258 1.

270 311 349 345 Alio
370 310 465 345 modo
492 310 737 345 consideratur
758 310 850 352 finis,
868 310 1067 345 secundum
1090 310 1186 356 quod
1207 310 1242 344 in
1265 321 1308 344 eo
1327 309 1537 355 quiescitur:
1562 317 1595 344 et
1615 309 1686 344 hoc
1709 309 1820 343 modo

262 364 388 409 fruitio
411 364 554 410 respicit
574 364 694 398 finem.
724 364 834 399 Tertio
855 364 949 398 modo
969 363 1215 398 consideratur
1236 363 1326 405 finis,
1349 362 1547 397 secundum
1568 364 1664 409 quod
1685 372 1738 397 est
1756 371 1822 396 ter-

270 417 388 451 minus
415 417 577 463 alicujus,
605 417 700 463 quod
722 417 758 450 in
785 417 904 463 ipsum
931 417 1134 451 ordinatur:
1152 425 1186 451 et
1207 417 1255 450 sic
1280 417 1415 451 intentio
1434 416 1578 461 respicit
1597 415 1725 452 finem:
1747 427 1821 449 non

271 471 367 504 enim
388 470 507 504 solum
526 482 568 504 ex
589 471 660 504 hoc
679 471 863 504 intendere
883 470 1035 504 dicimur
1053 470 1254 512 sanitatem,
1269 470 1351 516 quia
1371 468 1541 503 volumus
1555 480 1648 511 eam,
1663 468 1725 503 sed
1739 469 1822 515 quia

268 523 437 558 volumus
456 523 499 558 ad
519 535 600 558 eam
615 535 677 570 per
692 523 826 570 aliquid
849 523 944 557 aliud
966 524 1162 570 pervenire.

825 665 1168 710 ARTICULus
1206 665 1260 708 Π.
1776 685 1816 720 71

535 773 688 803 UTRUM
713 774 925 805 INTENTIO
954 774 1022 803 SIT
1049 774 1233 804 TANTUM
1256 772 1410 802 ULTIMI
1433 772 1557 802 FINIS.

316 859 396 904 (2-2.
418 871 448 906 q.
473 861 547 896 180.
569 866 633 895 art.
656 873 683 896 Ι.
702 867 791 907 corp.
813 866 841 896 et
861 873 891 895 2.
910 861 996 895 Dist.
1015 861 1068 906 38.
1089 865 1153 894 art.
1173 872 1200 906 3.
1223 865 1253 894 et
1280 860 1365 894 Veri.
1387 871 1417 904 q.
1439 870 1492 894 22.
1512 864 1578 894 art.
1592 870 1636 904 13.
1657 858 1774 904 corp).

338 949 397 983 AD
412 959 616 983 SECUNDUM
638 949 688 983 sic
711 950 925 995 proceditur.
941 948 1102 990 Videtur,
1121 959 1192 994 quo
1207 948 1359 982 intentio
1375 947 1419 981 sit
1433 954 1573 982 tantum
1593 946 1712 981 ultimi
1723 945 1823 988 finis;

270 1002 398 1036 dicitur
425 1002 521 1037 enim
543 1003 580 1035 in
602 1002 660 1036 lib.
684 1002 781 1036 Sent.
809 1003 977 1048 Prosperi
1011 1002 1114 1047 (Sunt.
1136 1014 1210 1037 100.
1235 1003 1322 1036 inter
1342 1008 1443 1048 opera
1464 1000 1596 1047 Aug.):
1626 1000 1762 1035 Clamor
1782 1000 1825 1035 ad

267 1055 377 1089 Deum
396 1060 440 1090 est
455 1056 589 1091 intentio
611 1055 716 1090 cordis
732 1055 814 1090 :sed
829 1055 928 1089 Deus
944 1063 996 1089 est
1017 1054 1164 1089 ultimus
1186 1054 1266 1089 finis
1279 1054 1431 1088 humani
1450 1054 1586 1096 cordis;
1605 1065 1693 1100 ergo
1714 1055 1825 1088 inten-

265 1108 316 1142 tio
335 1119 478 1154 semper
499 1108 643 1154 respicit
663 1108 832 1142 ultimum
854 1108 974 1142 finem.

342 1171 372 1195 2.
396 1161 631 1196 PRAETEREA.
658 1161 813 1196 Intentio
833 1162 977 1208 respicit
987 1161 1317 1203 finem,secundum
1336 1161 1431 1207 quod
1447 1163 1500 1195 es't
1519 1160 1706 1203 terminus,
1715 1168 1754 1195 ut
1771 1160 1822 1195 di-

265 1223 363 1249 ctum
385 1223 437 1249 est
464 1215 543 1258 (art.
559 1221 672 1261 praec.
696 1215 738 1250 ad
758 1217 830 1261 4.);
865 1215 926 1250 sed
952 1216 1128 1250 terminus
1150 1215 1259 1249 habet
1278 1215 1457 1249 rationem
1475 1214 1594 1248 ultimi
1615 1214 1716 1257 finis3
1735 1226 1822 1260 ergo

267 1268 418 1303 intentio
440 1280 583 1314 semper
604 1268 747 1314 respicit
768 1268 936 1303 ultimum
952 1269 1071 1303 finem.

339 1333 367 1368 3.
395 1321 631 1356 PRAETEREA.
651 1322 752 1356 Sicut
773 1323 923 1356 intentio
940 1322 1083 1368 respicit
1101 1321 1222 1364 finem,
1244 1321 1292 1356 ita
1314 1329 1349 1356 et
1368 1321 1506 1356 fruitio:
1523 1322 1584 1356 sed
1601 1320 1720 1356 fruitio
1735 1331 1825 1355 sem-

265 1386 327 1421 per
345 1383 398 1409 est
418 1374 536 1409 ultimi
554 1375 651 1417 finis3
675 1387 761 1422 ergo
785 1384 819 1410 et
840 1376 1002 1410 intentio.

337 1428 411 1462 SED
439 1439 604 1464 CONTRA.
632 1428 790 1463 Ultimus
824 1429 903 1463 finis
932 1429 1175 1463 humanarum
1207 1428 1437 1463 voluntatum
1471 1436 1523 1463 est
1556 1439 1659 1470 unus,
1686 1427 1824 1462 scilicet

263 1481 458 1524 beatitudo,
480 1490 518 1516 ut
539 1494 644 1528 supra
678 1482 814 1516 dictum
836 1491 888 1516 est
911 1483 955 1528 (q.
978 1495 1004 1517 1.
1028 1487 1090 1516 art.
1114 1484 1182 1528 7.);
1206 1482 1235 1515 si
1268 1482 1375 1527 igitur
1396 1482 1547 1516 intentio
1569 1488 1663 1516 esset
1681 1488 1823 1515 tantum

263 1535 380 1570 ultimi
400 1535 491 1577 finis,
502 1547 576 1570 non
591 1544 710 1570 essent
731 1536 890 1570 diversae
905 1536 1098 1570 hominum
1114 1535 1343 1577 intentiones,
1359 1536 1455 1581 quod
1471 1543 1567 1581 patet
1581 1546 1659 1570 esse
1679 1534 1822 1569 falsum.

334 1588 562 1623 RESPONDEO
590 1589 794 1631 dicendum,
807 1589 914 1635 quod,
930 1590 1021 1623 sicut
1035 1589 1170 1623 dictum
1187 1597 1239 1623 est
1256 1589 1336 1633 (art.
1349 1589 1492 1635 praga),
1511 1589 1662 1623 intentio
1680 1588 1824 1634 respicit

264 1641 385 1685 finem,
407 1643 605 1677 secundum
634 1643 730 1689 quod
757 1650 809 1677 est
829 1643 1003 1677 terminus
1031 1651 1151 1676 motus
1172 1642 1384 1676 voluntatis:
1399 1642 1436 1676 in
1451 1650 1552 1676 motu
1568 1650 1688 1676 autem
1706 1649 1825 1688 potest

264 1696 379 1742 accipi
399 1696 573 1730 terminus
595 1696 777 1742 dupliciter.
807 1697 879 1731 Uno
901 1697 995 1731 *modo
1023 1697 1098 1743 ipse
1131 1696 1305 1730 terminus
1335 1695 1494 1739 ultimus,
1520 1696 1557 1730 in
1583 1707 1655 1743 quo
1677 1696 1825 1742 quiesci-

263 1757 330 1791 tur,
370 1750 430 1795 qui
464 1757 516 1784 est
552 1750 726 1784 terminus
752 1750 861 1784 totius
891 1759 1022 1784 motus.
1045 1751 1124 1785 Alio
1152 1750 1245 1784 modo
1273 1749 1418 1797 aliquod
1445 1750 1616 1792 medium,
1650 1750 1747 1796 quod
1773 1757 1824 1784 est

263 1802 478 1848 principium
501 1803 604 1837 unius
626 1803 734 1849 partis
758 1811 889 1845 motus,
913 1812 948 1838 et
968 1803 1059 1845 finis,
1081 1803 1139 1837 vel
1157 1805 1330 1838 terminus
1353 1803 1513 1838 alterius:
1535 1804 1627 1838 sicut
1652 1804 1687 1838 in
1709 1811 1823 1845 mom,

265 1868 336 1902 quo
367 1856 436 1890 itur
457 1857 500 1890 de
522 1857 554 1890 A
585 1857 621 1890 in
644 1857 672 1891 C
696 1869 760 1903 per
781 1857 820 1899 B,
844 1857 872 1891 C
894 1865 946 1891 est
971 1857 1146 1891 terminus
1173 1857 1332 1899 ultimus,
1359 1857 1384 1891 B
1409 1865 1530 1891 autern
1551 1857 1737 1899 terminus,
1760 1857 1821 1891 sed

262 1920 335 1943 non
359 1909 517 1944 ultimus.
539 1911 581 1944 Et
603 1912 769 1956 utriusque
784 1916 885 1957 potest
905 1922 965 1945 esse
986 1912 1120 1945 intentio
1129 1923 1141 1952 ;
1157 1911 1251 1945 unde
1267 1911 1333 1945 etsi
1354 1922 1496 1957 semper
1509 1911 1553 1945 sit
1573 1910 1665 1953 finis,
1678 1922 1753 1945 non
1775 1918 1824 1945 ta-

261 1973 345 1997 men
367 1971 519 2009 oportet,
539 1963 635 2009 quod
657 1974 799 2009 semper
826 1965 870 1998 sit
892 1963 1008 1998 ultimi
1029 1964 1120 1998 finis.

333 2017 392 2051 AD
414 2027 563 2051 PRIMUM
586 2028 673 2062 ergo
696 2017 902 2059 dicendum,
922 2017 1018 2063 quod
1040 2017 1191 2052 intentio
1211 2017 1467 2051 cordisdicitur
1481 2017 1621 2052 clamor
1636 2017 1679 2052 ad
1690 2017 1822 2059 Deum,

261 2081 334 2103 non
357 2070 452 2116 quod
471 2071 571 2104 Deus
594 2071 638 2105 sit
660 2071 842 2117 objectum
864 2071 1072 2106 intentionis
1094 2083 1248 2118 semper,
1267 2072 1327 2106 sed
1355 2071 1438 2118 quia
1465 2080 1518 2107 est
1536 2072 1745 2107 intentionis
1768 2082 1824 2107 co-

262 2125 400 2169 gnitor3
422 2123 479 2157 vel
498 2126 591 2169 quia,
615 2135 698 2158 cum
717 2136 864 2158 oramus
885 2125 1125 2159 intentionem
1139 2134 1302 2160 nostram
1325 2125 1368 2159 ad
1385 2125 1507 2160 Deum
1522 2125 1721 2172 dirigimus,
1731 2137 1822 2172 quae

262 2177 407 2223 quidem
426 2176 576 2211 intentio
595 2177 669 2211 vim
693 2177 863 2212 clamoris
885 2178 1003 2212 habet.

332 2230 392 2264 AD
419 2241 624 2265 SECUNDUM
647 2231 852 2273 dicendum,
875 2232 971 2277 quod
993 2232 1167 2267 terminus
1188 2232 1297 2267 habet
1318 2232 1496 2267 rationem
1517 2231 1635 2267 ultimi
1655 2231 1746 2275 finis,
1760 2232 1821 2267 sed

262 2294 334 2318 non
357 2294 497 2329 semper
516 2283 632 2318 ultimi
651 2292 814 2330 respectu
833 2285 954 2327 totius,
977 2285 1037 2319 sed
1065 2286 1282 2332 quandoque
1303 2294 1466 2332 respectu
1489 2285 1638 2332 alicujus
1659 2286 1778 2333 partis.

333 2337 391 2371 AD
415 2347 584 2371 TERTIUM
612 2337 817 2379 dicendum,
840 2339 935 2384 quod
958 2338 1078 2373 fruitio
1106 2339 1277 2385 importat
1298 2339 1444 2386 quidem
1467 2340 1636 2386 quietem,
1657 2351 1748 2386 quae
1770 2347 1823 2374 est

260 2390 296 2424 in
318 2391 399 2433 fine,
422 2391 517 2437 quod
541 2391 694 2437 pertinet
721 2391 840 2425 solum
876 2392 918 2425 ad
950 2392 1116 2426 ultimum
1140 2393 1266 2435 fine1n3
1289 2393 1350 2427 sed
1377 2393 1528 2428 intentio
1554 2393 1727 2440 importat
1748 2404 1822 2428 mo-

260 2452 337 2478 tum
358 2444 394 2478 in
416 2444 536 2487 finem,
555 2456 629 2479 non
656 2452 776 2479 autem
799 2445 834 2479 in
857 2446 1036 2491 quietem,
1056 2446 1149 2480 unde
1171 2458 1244 2481 non
1265 2454 1317 2482 est
1337 2446 1464 2481 similis
1482 2446 1585 2481 ratio.

806 2586 1152 2631 ARTICULUS
1186 2588 1264 2630 ΠΙ.
1772 2609 1812 2645 72

494 2694 646 2725 UTRUM
673 2695 847 2730 ALIQUIS
875 2695 1026 2724 POSSIT
1044 2695 1174 2724 SIMUL
1202 2696 1291 2726 DUO
1319 2695 1583 2726 INTENDERE.

783 2783 891 2826 (l'cri.
916 2795 944 2829 q.
968 2795 1010 2829 13.
1033 2789 1154 2830 url.13.
1178 2785 1298 2831 corp).

339 2871 398 2905 AD
421 2881 590 2906 TERTIUM
613 2872 663 2905 sic
694 2872 908 2918 proceditur.
931 2871 1092 2911 Videtur,
1115 2873 1210 2919 quod
1246 2884 1318 2907 non
1346 2873 1458 2919 possit
1487 2872 1613 2919 aliquis
1644 2872 1751 2907 simul
1771 2873 1822 2907 in·

269 2924 414 2976 tendere
433 2925 552 2971 plura3
575 2925 660 2960 dicit
682 2926 777 2960 enim
794 2926 886 2972 Aug.
911 2926 944 2959 in
967 2925 1025 2960 lib.
1043 2936 1071 2960 2.
1087 2926 1130 2960 de
1150 2926 1265 2961 Serui.
1282 2927 1390 2961 Dom.
1406 2927 1442 2960 in
1457 2934 1581 2961 monte
1597 2926 1685 2973 (cup.
1702 2926 1817 2971 1416.
