1907 3198
0 861 10 914 ‚¹

0 926 5 953 ῗ

0 972 7 987 v

519 199 744 237 ouans-rto
777 199 899 230 xc111.
932 198 1179 230 inu-munus
1210 198 1269 229 vl.
1592 188 1676 243 667

102 283 267 320 cundum
288 291 482 329 utrumque
496 282 649 316 modum
671 281 744 328 legi
766 290 933 317 aeternae
955 281 1134 316 subditur·
1156 281 1240 327 quia
1255 288 1290 315 et
1303 281 1493 314 notionem
1515 278 1606 326 legis
1625 291 1679 314 ae-

101 345 227 374 ternae
249 336 372 383 aliquo
394 335 508 370 modo
526 329 647 378 habet,
666 343 704 370 ut
718 346 824 382 supra
839 335 976 369 dictum
990 343 1043 369 est
1063 334 1118 378 (ar
1135 361 1143 368 .
1165 345 1196 370 2.
1215 334 1285 379 huj.
1307 335 1375 380 q.),·
1398 342 1434 368 et
1454 333 1585 368 iterum
1605 333 1679 367 uni-

101 390 234 438 cuique
255 389 423 425 rationali
445 398 631 424 creaturae
653 389 747 423 inest
767 387 920 422 naturali
941 388 1128 422 inclinatio
1151 388 1194 422 ad
1218 387 1264 429 id,
1286 387 1384 434 quod
1403 394 1456 421 est
1471 397 1678 421 consonum

102 443 178 491 legi
198 451 386 478 aeternae:
409 453 534 477 sumus
556 442 654 476 enim
676 441 789 476 innati
811 440 873 486 [al.
893 441 981 487 natu]
1006 442 1049 475 ad
1076 441 1284 476 habendum
1307 441 1468 482 virtutes,
1490 449 1528 474 ut
1549 439 1679 475 dicitur

102 497 140 532 in
168 506 200 532 2.
222 496 383 531 Ethicor.
411 495 508 539 (circ.
525 497 637 543 princ.
660 495 758 540 lib.).·
786 503 934 541 uterque
961 503 1084 530 tamen
1113 494 1244 529 modus
1271 493 1503 541 imperfectus
1529 494 1678 540 quidem

101 559 169 594 est,
189 559 226 586 et
246 550 524 598 quodammodo
551 557 742 595 corruptus
764 549 800 583 in
823 548 941 590 malis,
963 549 998 583 in
1021 549 1150 595 quibus
1171 556 1208 583 et
1228 547 1417 582 inclinatio
1438 546 1614 582 naturalis
1633 547 1677 581 ad

100 604 273 649 virtutem
292 604 507 650 depravatur
534 615 596 650 per
617 603 781 637 habitum
807 602 992 643 vitiosum,
1015 612 1050 636 et
1073 602 1200 636 iterum
1225 602 1301 649 ipsa
1322 600 1497 635 naturalis
1515 600 1678 646 cognitio

100 657 190 694 boni
208 657 245 692 in
266 656 318 692 eis
331 657 587 692 obtenebratur
604 668 668 703 per
681 656 880 703 passiones,
895 664 930 690 et
950 655 1094 690 habitus
1109 663 1364 702 peccatorum:
1380 655 1416 689 in
1430 654 1536 689 bonis
1555 662 1678 689 autem

101 719 252 767 uterque
273 710 407 746 modus
434 710 617 744 invenitur
645 708 857 757 perfectior:
880 709 964 756 quia
993 718 1029 744 et
1058 720 1166 756 supra
1196 708 1448 755 cognitionem
1474 707 1678 742 naturalem

101 765 189 802 boni
207 763 460 812 superadditur
480 763 531 798 eis
553 763 717 810 cognitio
744 762 839 805 fidei,
866 771 901 797 et
922 762 1136 810 sapientiae:
1160 771 1195 797 et
1216 774 1323 809 supra
1349 760 1554 796 naturalem
1581 760 1679 795 incli-

100 819 290 856 nationem
311 818 356 854 ad
377 818 516 853 bonum
529 817 782 864 superadditur
798 817 850 852 eis
863 817 1013 852 interius
1031 817 1211 851 motivum
1227 816 1375 863 gratiae,
1394 824 1429 851 et
1449 815 1601 850 virtutis.
1617 814 1677 850 Sic

100 873 211 922 igitur
230 872 318 908 boni
338 871 499 919 perfecte
517 871 669 906 subsunt
690 871 762 917 legi
789 879 969 912 aeternae,
990 879 1180 917 tamquam
1202 881 1347 916 semper
1368 869 1567 904 secundum
1596 879 1678 903 eam

101 935 267 975 agentes:
290 925 378 961 mali
395 933 519 961 autem
539 924 692 960 subsunt
713 924 861 972 quidem
877 923 948 970 legi
964 932 1146 966 aeternae,
1168 922 1379 970 imperfecte
1400 922 1548 970 quidem
1571 933 1681 969 quan-

100 988 180 1017 tum
201 979 247 1015 ad
273 979 436 1014 actiones
458 979 634 1026 ipsorum,
656 986 764 1025 prout
784 977 996 1025 imperfecte
1024 985 1264 1024 cognoscunt,
1291 985 1326 1012 et
1347 975 1559 1024 imperfecte
1581 976 1680 1011 incli-

100 1041 233 1070 nantur
253 1033 297 1068 ad
318 1033 476 1068 bonum:
498 1032 560 1067 sed
579 1039 756 1079 quantum
783 1031 905 1066 deficit
931 1043 974 1066 ex
1000 1039 1101 1078 parte
1123 1031 1288 1073 actionis,
1310 1030 1497 1078 suppletur
1517 1042 1560 1065 ex
1578 1037 1679 1077 parte

100 1087 294 1136 passionis,
318 1094 427 1134 prout
447 1085 586 1121 scilicet
607 1086 786 1120 intantum
814 1086 1009 1132 patiuntur,
1036 1084 1134 1132 quod
1157 1084 1213 1120 lex
1240 1092 1386 1119 aeterna
1412 1084 1524 1118 dictat
1544 1083 1589 1118 de
1616 1082 1679 1125 eis,

101 1141 318 1188 inquantum
339 1139 514 1175 deficiunt
539 1138 668 1181 facere,
695 1139 792 1186 quod
819 1138 892 1185 legi
919 1147 1087 1174 aeternae
1115 1138 1304 1180 convenit;
1331 1138 1426 1173 unde
1453 1137 1679 1184 Augustinus

101 1194 190 1230 dicit
210 1194 247 1229 in
272 1204 301 1229 1.
322 1193 368 1229 de
390 1193 468 1228 Lib.
483 1193 571 1228 Arb.
585 1193 679 1240 (cap.
694 1205 738 1239 15.
754 1193 918 1239 aliquant.
937 1205 956 1227 a
974 1194 1102 1240 princ.)
1115 1193 1244 1237 :justos
1264 1193 1321 1226 sub
1343 1197 1477 1227 aeterna
1499 1191 1564 1237 lege
1584 1203 1679 1236 agere

100 1249 276 1284 existimo:
301 1255 338 1283 et
356 1247 395 1282 in
414 1245 508 1281 libro
529 1246 574 1281 de
596 1245 877 1281 catechizandis
899 1247 1047 1281 rudibus
1070 1249 1158 1293 (cap.
1181 1247 1229 1281 13.
1246 1253 1370 1292 purum
1388 1251 1464 1280 ante
1476 1245 1557 1291 fin.)
1581 1244 1679 1286 dicit,

101 1302 199 1350 quod
224 1301 325 1337 Deus
350 1312 394 1336 ex
415 1301 507 1345 justa
529 1300 675 1334 miseria
695 1300 902 1335 animarum
929 1311 966 1335 se
994 1299 1237 1334 deserentium
1260 1298 1614 1333 convenientissimis
1633 1297 1680 1333 le-

103 1355 209 1403 gibus
229 1353 418 1390 inferiores
438 1362 558 1401 partes
579 1363 765 1389 creaturae
787 1366 874 1389 suae
896 1354 999 1388 novit
1020 1354 1198 1388 ordinare.

172 1409 235 1444 AD
259 1417 410 1444 tamnu
435 1417 525 1453 ergo
551 1407 758 1449 dicendum,
785 1407 883 1454 quod
911 1406 999 1442 illud
1021 1407 1171 1442 verbum
1195 1406 1365 1453 Apostoli
1387 1415 1506 1453 potest
1526 1406 1678 1453 intelligi

101 1462 289 1511 dupliciter.
317 1462 391 1500 Uno
404 1461 514 1504 modo,
527 1469 567 1496 ut
580 1472 658 1496 esse
673 1461 737 1496 sub
753 1461 834 1507 lege
852 1461 1075 1508 intelligatur
1093 1460 1166 1503 ine,
1187 1462 1248 1508 qui
1265 1460 1396 1496 nolens
1414 1460 1677 1507 obligationem

100 1515 205 1563 legis,
225 1514 389 1550 subditur
407 1514 442 1553 ei
462 1514 565 1562 quasi
587 1514 731 1549 cuidam
754 1515 925 1562 ponderi;
947 1514 1043 1549 unde
1071 1514 1174 1550 Glos.
1203 1515 1371 1559 (ordinar.
1401 1515 1541 1560 August.
1563 1514 1620 1548 lib.
1643 1514 1679 1549 dc

101 1569 184 1606 Nae.
203 1573 234 1605 et
251 1568 352 1605 Grat.
373 1574 448 1616 cap·
471 1570 540 1616 57.)
567 1568 702 1603 ibidem
729 1568 828 1610 dicit,
853 1568 951 1615 quod
977 1568 1042 1603 sub
1069 1567 1150 1615 lege
1172 1576 1236 1610 est,
1259 1568 1319 1615 qui
1346 1568 1478 1603 timore
1500 1567 1679 1614 supplicii,

100 1622 199 1672 quod
220 1621 280 1658 lex
299 1622 470 1665 minatur,
491 1633 567 1657 non
589 1632 716 1656 amore
737 1622 893 1668 justitiae
917 1633 936 1656 a
958 1621 1058 1656 malo
1081 1633 1191 1669 opere
1214 1622 1387 1657 abstinet:
1415 1630 1450 1656 et
1469 1622 1542 1656 hoc
1565 1621 1679 1656 modo

99 1675 303 1724 spirituales
322 1675 390 1710 viri
403 1686 479 1711 non
500 1683 585 1711 sunt
597 1675 662 1710 sub
677 1675 777 1721 lege;
800 1675 884 1722 quia
899 1687 963 1722 per
981 1675 1209 1718 charitatem,
1224 1687 1335 1723 quam
1351 1675 1506 1722 Spiritus
1523 1675 1679 1710 Sanctus

100 1729 271 1766 cordibus
284 1740 413 1765 eorum
435 1728 602 1771 infundit,
615 1728 820 1764 voluntarie
843 1729 877 1763 id
899 1729 997 1776 quod
1020 1729 1109 1775 legis
1133 1738 1197 1771 est,
1219 1729 1382 1776 implent.
1406 1729 1485 1764 Alio
1509 1729 1604 1763 modo
1619 1739 1680 1775 po-

34 1791 41 1795 “
96 1782 293 1819 testetiam
307 1781 472 1829 intelligi,
487 1782 703 1829 inquantum
722 1782 882 1817 hominis
897 1793 1020 1829 opera,
1034 1782 1246 1830 qui-Spiritu
1262 1783 1399 1817 Sancto
1414 1783 1543 1827 agitur,
1563 1782 1680 1828 magis

99 1835 271 1872 dicuntur
289 1846 369 1871 esse
391 1846 502 1884 opera
522 1835 676 1883 Spiritus
691 1835 827 1878 Sancti,
842 1847 952 1882 quam
967 1836 1077 1883 ipsius
1099 1836 1280 1878 hominis;
1303 1836 1410 1878 unde,
1425 1847 1507 1870 cum
1525 1835 1680 1882 Spiritus

102 1888 262 1925 Sanctus
281 1900 358 1925 non
379 1889 425 1924 sit
445 1889 510 1924 sub
532 1888 626 1936 lege,
647 1889 740 1924 sicut
761 1900 827 1924 nec
851 1888 972 1931 Filius,
995 1898 1033 1924 ut
1054 1901 1160 1936 supra
1182 1890 1320 1924 dictum
1336 1897 1389 1924 est
1404 1889 1485 1933 (art.
1505 1901 1537 1934 4.
1557 1889 1626 1935 huj.
1648 1901 1679 1936 q.

100 1942 146 1979 ad
163 1943 227 1989 2.),
241 1942 404 1990 sequitur
420 1943 520 1990 quod
537 1943 746 1988 hujusmodi
766 1954 889 1990 opera,
908 1943 1123 1990 inquantum
1150 1951 1233 1978 sunt
1259 1943 1413 1990 Spiritus
1440 1943 1577 1985 Sancti,
1604 1953 1678 1978 non

100 1996 174 2033 sint
197 1996 262 2032 sub
292 1996 393 2044 lege:
420 2004 457 2031 et
482 1996 565 2031 huic
594 2004 793 2038 attestatur,
820 1997 916 2043 quod
945 1996 1145 2043 Apostolus
1172 1997 1258 2032 dicit
1285 2007 1315 2031 2.
1344 1998 1387 2031 ad
1415 1996 1502 2031 Cor.
1534 2008 1580 2043 3.:
1614 1997 1681 2032 Ubi

99 2050 244 2100 spir-itm
264 2050 420 2093 Domini,
443 2051 492 2086 ibi
512 2050 658 2085 libertas.

172 2106 236 2142 At>
255 2115 464 2142 summum(
490 2105 699 2147 dicendum,
725 2105 823 2152 quod
850 2106 1039 2153 prudentia
1066 2107 1184 2140 carnis
1206 2117 1279 2141 non
1307 2114 1427 2153 potest
1452 2105 1580 2151 subjici
1606 2105 1679 2151 legi

51 2182 53 2187 ¹
100 2158 173 2196 Dei
193 2169 237 2195 ex
256 2167 359 2207 parte
381 2158 556 2194 actionis:
577 2159 661 2206 quia
686 2158 834 2194 inclinat
850 2159 893 2194 ad
910 2159 1073 2195 actiones
1088 2160 1288 2195 contrarias
1302 2159 1373 2206 legi
1389 2160 1551 2194 divinae:
1575 2159 1680 2205 subji-

101 2212 196 2249 citur
217 2220 343 2248 tamen
363 2211 437 2260 legi
461 2212 533 2248 Dei
560 2223 602 2247 ex
631 2220 732 2259 parte
764 2213 942 2259 passionis
971 2213 1056 2260 quia
1086 2221 1245 2248 meretur
1266 2214 1339 2260 pati
1367 2224 1525 2260 poenam
1555 2224 1679 2248 secun·

101 2265 191 2303 dum
207 2265 330 2314 legem
344 2266 488 2301 divinae
501 2266 677 2313 justitiae:
700 2265 940 2301 nihilominus
953 2274 1077 2301 tamen
1092 2267 1127 2301 in
1142 2266 1244 2301 nullo
1258 2266 1410 2302 homine
1425 2267 1473 2301 ita
1488 2266 1678 2314 prudentia

101 2319 222 2356 camis
241 2319 464 2363 dominatur,
477 2319 576 2367 quod
591 2327 709 2355 toturn
733 2320 870 2354 bonum
892 2328 1042 2355 naturae
1057 2329 1336 2368 corrumpatur;
1359 2329 1394 2355 et
1412 2321 1495 2355 ideo
1514 2328 1678 2355 remanet

102 2373 140 2409 in
159 2372 312 2409 homine
334 2372 523 2408 inclinatio
545 2373 589 2408 ad
613 2372 794 2420 agendum
817 2384 872 2415 ea,
893 2385 987 2420 quae
1008 2382 1091 2409 sunt
1117 2373 1207 2420 legis
1226 2383 1414 2409 aeternae:
1437 2373 1601 2408 habitum
1624 2382 1678 2408 est

102 2426 202 2463 mim
222 2437 331 2474 supra
350 2427 400 2474 (q.
421 2427 470 2474 85.
491 2432 556 2462 art.
578 2428 640 2472 2.),
663 2427 760 2474 quod
783 2435 974 2474 peccatum
997 2439 1071 2463 non
1098 2427 1193 2463 tollit
1214 2436 1332 2463 totum
1355 2428 1492 2462 bonum
1515 2436 1679 2462 naturae.

172 2480 237 2516 An
255 2490 429 2516 τειτῐωι
450 2480 658 2522 dicendum,
680 2480 777 2527 quod
800 2480 896 2515 idem
924 2489 989 2523 est,
1011 2492 1075 2528 per
1095 2481 1192 2528 quod
1216 2481 1349 2528 aliquid
1378 2489 1616 2516 conservatur
1641 2481 1677 2515 in

100 2531 186 2577 fine,
206 2541 244 2570 et
262 2544 329 2581 per
348 2534 446 2582 quod
468 2542 637 2570 movetur
658 2534 702 2568 ad
725 2533 855 2569 finem:
878 2535 970 2570 sicut
992 2546 1123 2581 corpus
1145 2547 1255 2581 grave
1275 2535 1450 2581 gravitate
1470 2535 1624 2581 quiescit
1642 2534 1677 2569 in

100 2585 191 2624 loeo
214 2585 390 2631 inferiori,
414 2598 480 2636 per
506 2599 617 2635 quam
644 2587 755 2622 etiam
783 2587 826 2622 ad
848 2587 974 2623 locum
1002 2589 1121 2635 ipsum
1144 2599 1328 2624 movetur:
1352 2597 1387 2623 ct
1409 2591 1459 2623 sic
1482 2588 1676 2623 dicendum

102 2643 169 2684 en,
188 2640 288 2688 quod
308 2640 402 2677 sicut
421 2641 624 2677 secundum
646 2641 767 2688 legem
792 2650 976 2677 aeternam
999 2641 1109 2689 aliqui
1129 2650 1315 2677 merentur
1332 2642 1606 2683 beatitudinem,
1619 2641 1678 2677 vel

53 2722 60 2734 .
102 2693 310 2738 anserinum
331 2695 380 2730 ita
401 2706 467 2743 per
487 2694 657 2730 eamdem
679 2695 799 2742 legem
822 2695 858 2729 in
879 2695 1114 2738 beatitudine,
1136 2695 1193 2730 vel
1221 2695 1366 2730 miseria
1394 2703 1677 2731 conservantur:

102 2753 141 2783 et
158 2747 363 2784 secundum
380 2747 453 2784 hoc
474 2748 583 2791 beati,
605 2758 639 2784 et
660 2748 822 2784 damnati
845 2749 996 2784 subsunt
1018 2749 1089 2796 legi
1113 2758 1293 2784 aeternae.

725 2883 771 2886 -ὴ
840 2883 865 2887 -—
872 2884 886 2885 Π
903 2884 906 2886 -
953 2882 1053 2890 -——
