1907 3198
481 209 706 246 Quin-:sno
740 208 886 238 Lxxw.
921 207 1168 239 AR’rrcutus
1202 208 1262 238 111.
1572 208 1595 251 5
1603 209 1624 250 5
1633 209 1653 251 3

152 292 213 328 AD
235 301 408 328 TERTluM
422 290 630 333 dicendum,
643 290 741 338 quod
759 291 788 325 si
810 298 905 325 esset
921 289 1002 325 talis
1023 289 1242 336 ignorantia,
1257 300 1349 336 quae
1370 288 1530 324 totaliter
1550 301 1655 324 usum

80 346 231 382 rationis
260 345 478 387 excluderet,
509 345 662 379 omnino
684 356 704 379 a
726 352 878 391 peccato
901 352 1106 386 excusaret;
1138 344 1230 378 sicut
1256 351 1353 390 patet
1380 343 1415 377 in
1445 342 1602 385 furiosis,
1623 352 1658 378 et

80 399 307 436 amentibus:
331 410 406 434 non
417 407 540 434 autem
554 410 698 446 semper
711 399 917 445 ignorantia
940 409 1094 433 causans
1113 405 1306 444 peccatum
1329 405 1382 432 est
1394 396 1476 432 talis
1495 409 1503 440 ;
1526 406 1560 432 et
1575 397 1656 432 ideo

78 465 154 490 non
175 464 319 502 semper
338 452 499 489 totaliter
519 460 666 487 excusat
684 463 703 486 a
726 460 888 499 peccato.

633 594 980 641 ARTICULUS
1014 595 1090 639 1V.
1585 618 1654 650 4¹4

366 703 522 735 UTRUM
555 703 832 734 IGNORANTIA
865 703 1085 733 DIMINUAT
1119 703 1372 734 PECCATUM.

506 791 623 839 (Supr.
646 797 712 827 art.
736 803 764 838 3.
787 797 816 826 et
836 792 896 827 loc.
921 792 999 828 ibid.
1025 794 1221 838 annotatis).

151 881 214 918 AD
232 891 423 922 QUARTUM
449 881 500 916 sic
515 881 734 928 proceditur.
748 879 912 923 Videtur,
934 881 1031 928 quod
1050 881 1257 928 ignorantia
1282 891 1357 915 non
1379 880 1558 916 diminuat
1578 892 1658 927 pec-

77 942 220 971 catum:
242 934 332 970 illud
349 935 461 977 enim,
483 934 581 981 quod
604 942 658 969 est
679 945 878 969 commune
911 935 948 969 in
971 935 1074 969 omni
1094 943 1261 982 peccato,
1288 946 1363 970 non
1389 934 1558 969 diminuit
1579 945 1658 982 pec-

78 997 221 1025 catum:
243 988 306 1024 sed
327 988 535 1036 ignorantia
553 996 608 1023 est
629 988 838 1023 communis
865 989 901 1023 in
919 989 1022 1023 omni
1044 997 1217 1035 peccato:
1240 989 1328 1024 dicit
1348 990 1445 1023 enim
1461 988 1598 1023 Philos.
1620 988 1656 1023 in

0 1070 1 1074 ,
82 1054 112 1090 3.
127 1042 245 1079 Ethic.
264 1043 356 1090 (cap.
376 1055 405 1078 1.
427 1054 448 1077 a
463 1042 577 1088 med),
601 1042 699 1089 quod
720 1043 827 1078 omnis
848 1042 955 1077 malus
974 1047 1018 1078 est
1039 1044 1217 1089 ignorans,·
1240 1053 1329 1089 ergo
1354 1042 1562 1089 ignorantia
1582 1053 1656 1077 non

0 1094 3 1102 '
75 1096 248 1132 diminuit
267 1104 474 1143 peccatum.

0 1123 9 1184 i
151 1160 183 1186 2.
213 1150 451 1186 Pmmnm.
486 1149 685 1184 Peccatum
713 1149 874 1184 additum
902 1158 1054 1196 peccato
1086 1149 1172 1184 facit
1199 1151 1316 1196 majus
1357 1158 1572 1197 peccatum:
1594 1150 1656 1185 sed

0 1211 7 1227 “
76 1204 155 1252 ipsa
175 1204 384 1250 ignorantia
404 1211 459 1238 est
478 1211 683 1250 peccatum,
706 1210 744 1238 ut
765 1203 903 1238 dictum
926 1211 980 1238 est
993 1204 1074 1248 (art.
1102 1215 1134 1239 2.
1155 1204 1225 1250 huj.
1248 1204 1322 1251 q.),·
1349 1215 1437 1251 ergo
1459 1215 1534 1239 non
1556 1204 1659 1239 dimi-

0 1260 2 1266 *
77 1258 158 1294 nuit
173 1265 379 1306 peccatum.

153 1323 184 1359 3.
209 1311 449 1348 PRAETEREA.
471 1310 557 1346 Non
576 1318 630 1346 est
651 1311 814 1356 ejusdem
837 1321 1049 1357 aggravare,
1077 1319 1112 1346 et
1137 1311 1339 1347 diminuere
1362 1321 1572 1359 peccatum:
1595 1313 1656 1347 sed

78 1365 286 1413 ignorantia
304 1373 480 1412 aggravat
496 1372 712 1412 peccatum:
735 1364 910 1411 quoniam
929 1375 1038 1411 super
1055 1364 1144 1399 illud
1159 1365 1288 1412 Apost.
1312 1365 1420 1401 Rom.
1433 1376 1484 1400 2.:
1506 1367 1656 1413 Ignoras,

77 1419 167 1467 quod
187 1419 370 1466 benignitas
387 1419 467 1461 Dei,
489 1426 558 1453 etc.
580 1417 668 1453 dicit
688 1417 860 1452 Ambros.
883 1418 1026 1465 (imph'c.
1053 1423 1083 1454 et
1111 1418 1202 1454 Glos.
1225 1419 1313 1466 ord.)
1331 1433 1341 1454 :
1364 1420 1570 1456 Gravissima
1585 1427 1658 1467 pec-

77 1484 146 1517 cas,
167 1474 196 1508 si
215 1474 353 1519 ignoras
360 1484 374 1514 ,·
396 1483 486 1519 ergo
507 1472 713 1518 ignorantia
734 1483 809 1506 non
831 1472 999 1507 diminuit
1021 1481 1226 1519 peccatum.

149 1536 184 1571 4.
205 1526 446 1562 PRAETEREA.
474 1525 513 1562 Si
535 1525 657 1572 aliqua
686 1525 892 1572 ignorantia
914 1526 1083 1561 diminuit
1104 1535 1308 1573 peccatum,
1329 1527 1402 1562 hoc
1429 1528 1588 1564 maxime
1610 1529 1658 1562 vi-

0 1466 13 1560 ἰ

79 1580 184 1617 detur
205 1580 250 1616 de
275 1580 350 1623 illa,
375 1591 469 1627 quae
493 1579 654 1615 totaliter
674 1579 770 1614 tollit
799 1591 905 1614 usum
931 1580 1097 1615 rationis:
1125 1581 1187 1615 sed
1213 1581 1426 1626 hujusmodi
1452 1582 1656 1629 ignorantia

76 1645 152 1670 non
165 1634 343 1669 diminuit
359 1642 564 1681 peccatum,
575 1633 637 1668 sed
652 1633 769 1680 magis
793 1641 917 1680 auget:
935 1633 1022 1668 dicit
1035 1634 1132 1669 enim
1149 1634 1286 1670 Philos.
1302 1635 1338 1669 in
1352 1647 1380 1682 3.
1396 1635 1512 1670 Ethic.
1529 1637 1656 1684 (cap.5.

76 1693 155 1724 ante
175 1687 291 1734 med),
313 1687 411 1735 quod
433 1689 542 1723 ebrius
559 1692 703 1722 meretur
723 1687 867 1734 duplices
887 1687 1138 1728 multactioncs;
1161 1699 1250 1735 ergo
1273 1689 1479 1735 ignorantia
1500 1701 1575 1725 non
1594 1691 1658 1724 mi-

78 1742 159 1778 nuit
185 1749 389 1789 peccatum.

150 1795 227 1831 SED
245 1805 413 1831 CONTRA.
438 1793 626 1842 Quidquid
656 1802 710 1829 est
726 1794 819 1829 ratio
840 1794 1066 1830 remissionis
1088 1796 1240 1843 peccati,
1269 1795 1417 1831 alleviat
1445 1807 1656 1844 peccatum:

78 1849 143 1886 sed
163 1849 371 1897 ignorantia
393 1857 447 1884 est
467 1848 692 1895 hujusmodi,
718 1856 756 1883 ut
778 1857 876 1895 patet
898 1859 925 1883 1.
950 1849 993 1883 ad
1022 1849 1160 1884 Timot.
1189 1861 1237 1884 1.:
1262 1851 1531 1886 Misericordicnn
1553 1865 1658 1888 conse—

79 1909 173 1940 cutus
188 1915 273 1946 sum,
295 1905 376 1950 quia
396 1904 556 1949 ignorans
566 1903 636 1950 jeci
645 1915 657 1944 ;
678 1913 767 1949 ergo
789 1903 995 1949 ignorantia
1017 1903 1197 1946 diminuit,
1208 1904 1266 1938 vel
1289 1904 1434 1940 alleviat
1452 1915 1655 1953 peccatum.

149 1957 381 1993 Respouneo
403 1956 611 2000 dicendum,
633 1956 731 2003 quod
765 1957 849 2003 quia
884 1967 995 1991 omne
1017 1965 1208 2003 peccatum
1240 1966 1294 1993 est
1315 1959 1577 2003 voluntarium,
1608 1961 1658 1995 in-

75 2019 220 2047 tantum
242 2011 448 2059 ignorantia
462 2018 582 2058 potest
603 2010 805 2044 diminuere
827 2018 1032 2057 peccatum,
1054 2011 1269 2058 inquantum
1297 2013 1465 2048 diminuit
1494 2013 1659 2049 volunta-

79 2065 174 2100 rium
191 2078 200 2101 ε
218 2065 248 2100 si
270 2073 394 2100 autem
414 2063 664 2099 voluntarium
682 2074 758 2098 non
778 2063 968 2106 diminuat,
989 2064 1092 2099 nullo
1115 2065 1228 2100 modo
1250 2066 1428 2102 diminuet
1444 2077 1657 2114 peccatum:

78 2117 315 2155 manifestum
335 2126 391 2154 est
420 2125 555 2161 autem,
582 2118 680 2165 quod
715 2118 932 2164 ignorantia,
962 2129 1054 2165 quae
1075 2119 1235 2154 totaliter
1265 2132 1284 2154 a
1318 2130 1471 2167 peccato
1499 2131 1657 2165 excusat,

76 2172 162 2220 quia
193 2171 354 2208 totaliter
372 2171 621 2207 voluntarium
647 2171 753 2213 tollit,
773 2180 965 2218 peccatum
991 2183 1066 2207 non
1101 2173 1242 2216 minuit,
1265 2175 1326 2208 sed
1350 2176 1502 2210 omnino
1531 2176 1655 2211 aufert.

77 2226 287 2273 Ignorantia
307 2236 409 2269 vero,
427 2236 519 2273 quae
540 2237 615 2260 non
638 2233 693 2260 est
715 2236 823 2259 causa
845 2226 998 2272 peccati,
1020 2226 1082 2261 sed
1102 2227 1396 2263 concomitanter
1422 2240 1460 2264 se
1481 2229 1591 2265 habet
1613 2230 1655 2264 ad

78 2287 282 2328 peccatum,
303 2290 371 2315 nec
392 2279 525 2314 minuit
546 2287 749 2326 peccatum,
765 2290 831 2313 nec
855 2287 973 2326 auget.
998 2279 1062 2314 llla
1084 2280 1193 2326 igitur
1210 2281 1288 2315 sola
1311 2282 1517 2328 ignorantia
1539 2292 1658 2331 potest

77 2341 271 2382 peccatum
291 2333 470 2376 minuere,
491 2344 584 2380 quae
607 2340 661 2367 est
679 2344 788 2367 causa
809 2333 968 2379 peccati3
984 2342 1020 2368 et
1040 2342 1164 2368 tamen
1185 2335 1347 2370 totaliter
1368 2347 1387 2370 a
1410 2345 1562 2383 peccato
1582 2349 1655 2372 non

77 2395 244 2423 excusat:
267 2387 447 2434 contingit
469 2395 591 2422 autern
610 2387 842 2434 quandoque,
863 2387 961 2433 quod
976 2387 1058 2422 talis
1080 2388 1286 2434 ignorantia
1308 2389 1455 2432 directe,
1479 2399 1514 2426 et
1535 2403 1598 2438 per
1619 2403 1656 2426 se

78 2448 133 2477 est
152 2440 377 2476 voluntaria:
399 2442 493 2476 sicut
507 2451 592 2475 cum
614 2439 744 2487 aliquis
762 2451 826 2475 sua
841 2449 969 2487 sponte
984 2442 1099 2476 nescit
1121 2442 1268 2489 aliquid,
1291 2452 1328 2478 ut
1346 2443 1492 2479 liberius
1511 2454 1655 2491 peccet:

77 2502 115 2530 et
132 2494 215 2530 talis
235 2494 441 2542 ignorantia
474 2494 616 2529 videtur
647 2504 779 2540 augere
806 2494 1066 2538 voluntarium,
1093 2503 1128 2530 ct
1155 2505 1363 2542 peccatum:
1387 2509 1428 2532 ex
1452 2499 1656 2534 intensione

77 2547 179 2584 enim
197 2547 396 2584 voluntatis
418 2547 462 2582 ad
483 2547 712 2594 peccandum
734 2548 911 2594 provenit,
930 2549 1028 2595 quod
1051 2549 1180 2596 aliquis
1198 2550 1273 2585 vult
1291 2551 1409 2586 subire
1429 2552 1656 2598 ignorantiae

50 2599 53 2602 ’
78 2601 254 2638 damnum
277 2609 424 2649 propter
444 2601 648 2636 libertatem
672 2601 871 2648 peccandi:
895 2603 1113 2649 quandoque
1140 2615 1228 2638 vero
1250 2605 1467 2651 ignorantia,
1489 2618 1582 2653 quae
1604 2615 1657 2642 est

79 2665 190 2691 causa
215 2655 369 2703 peccati,
394 2665 469 2690 non
503 2662 558 2690 est
584 2654 719 2689 directe
745 2654 963 2698 voluntaria,
990 2657 1052 2691 sed
1081 2657 1267 2700 indirecte,
1289 2658 1346 2692 vel
1374 2670 1437 2706 per
1463 2660 1655 2695 accidens:

58 2717 166 2758 „pun
183 2720 270 2745 cum
291 2708 422 2757 aliquis
441 2719 518 2744 non
539 2707 616 2743 vult
637 2707 804 2743 laborare
825 2710 860 2744 in
875 2709 1008 2752 studio,
1018 2722 1059 2744 ex
1077 2722 1151 2757 quo
1173 2712 1334 2758 sequitur
1352 2724 1436 2747 eum
1456 2724 1535 2748 esse
1558 2714 1657 2760 igno·

78 2770 236 2800 tantem:
250 2762 309 2798 vel
327 2775 412 2798 cum
426 2762 556 2810 aliquis
578 2762 654 2797 vult
672 2762 794 2798 bibere
810 2763 936 2798 vinum
959 2765 1214 2808 immoderate,
1229 2778 1270 2800 ex
1293 2778 1365 2813 quo
1389 2767 1550 2814 sequitur
1571 2779 1654 2803 eum

77 2815 261 2860 inebriari,
281 2824 318 2852 et
337 2816 556 2852 discretione
578 2827 723 2851 carere:
747 2824 782 2851 et
801 2816 883 2852 talis
914 2818 1121 2863 ignorantia
1148 2819 1317 2855 diminuit
1338 2820 1598 2865 voluntarium,
1621 2831 1656 2858 et

22 2883 23 2887 ¹
71 2879 144 2918 per
174 2881 403 2918 consequens
439 2877 652 2917 peccatum:
680 2881 765 2904 cum
786 2870 884 2905 enim
907 2871 1042 2918 aliquid
1070 2883 1143 2907 non
1166 2873 1403 2919 cognoscitur
1429 2886 1508 2910 esse
1532 2887 1657 2923 pecca-

79 2930 172 2968 tum,
190 2935 267 2960 non
285 2931 405 2972 potest
430 2923 501 2959 dici
522 2923 621 2971 quod
643 2923 812 2959 voluntas
833 2924 980 2967 directe,
1010 2934 1045 2961 et
1074 2938 1138 2973 per
1167 2937 1205 2961 se
1232 2926 1366 2962 seratur
1392 2928 1427 2962 in
1450 2938 1655 2976 peccatum,
