1907 3198
479 172 705 209 QUAESTIO
739 171 844 202 XVII.
878 171 1128 202 ARTICULUS
1161 172 1220 201 IX.
1563 173 1641 217 145

128 258 189 293 AD
212 266 385 292 TERT1UM
408 255 616 298 dicendum,
639 255 750 302 quod,
772 255 866 289 sicut
887 254 1044 300 August.
1068 254 1156 289 dicit
1177 254 1212 288 in
1240 264 1291 298 14.
1316 254 1359 289 de
1384 254 1464 289 Civ.
1481 255 1643 300 Demos.

57 315 103 350 cit
122 314 158 348 in
179 313 285 359 arg),
308 311 381 346 hoc
404 310 503 357 quod
525 318 648 344 motus
672 308 889 356 genitalium
911 309 1165 343 membrorum
1186 308 1320 343 rationi
1340 320 1415 343 non
1439 309 1573 352 obedit,
1593 318 1647 344 est

57 380 100 404 ex
120 377 240 414 poena
262 365 416 412 peccati,
439 373 477 399 ut
499 364 639 399 scilicet
661 364 784 398 anima
805 375 892 399 suae
914 363 1186 398 inobedientiae
1203 363 1246 397 ad
1262 363 1385 397 Deum
1399 363 1436 397 in
1458 363 1523 398 illo
1546 375 1647 410 prae-

57 423 160 469 cipue
181 420 349 455 membro
378 431 539 466 poenam
566 419 733 466 patiatur,
761 430 824 465 per
852 418 949 464 quod
977 426 1171 465 peccatum
1199 417 1378 463 originale
1407 418 1450 452 ad
1478 426 1646 464 posteros

55 476 268 512 traducitur:
293 475 356 509 sed
371 475 455 521 quia
469 485 532 521 per
547 481 741 520 peccatum
760 473 869 520 primi
890 472 1061 519 parentis,
1084 480 1123 506 ut
1144 471 1236 506 infra
1251 472 1391 507 dicetur
1414 480 1458 519 (q.
1474 474 1522 519 85.
1539 478 1602 507 arf.
1618 486 1645 508 I.

55 537 85 567 et
101 531 161 578 3.),
183 538 313 564 natura
335 537 389 564 est
410 529 478 563 sibi
499 528 637 570 relicta,
665 528 850 562 subtracto
879 525 1145 574 supernaturali
1167 527 1278 568 donO,
1307 527 1406 573 quod
1432 527 1578 561 homini
1599 527 1647 561 di-

53 586 186 621 vinitus
221 592 298 620 erat
325 583 514 626 collatum,
541 583 624 617 ideo
656 582 923 617 consideranda
958 589 1012 616 est
1045 581 1138 616 ratio
1166 581 1353 623 naturalis,
1382 593 1493 627 quare
1522 589 1646 616 motus

52 639 265 686 hujusmodi
287 638 540 673 membrorum
556 636 762 684 specialiter
776 636 910 671 rationi
927 647 1003 670 non
1023 635 1156 670 obedit.
1174 635 1289 681 Cujus
1313 647 1463 669 causam
1486 636 1648 682 assignat

53 693 271 738 Aristoteles
298 693 335 727 in
362 692 422 726 lib.
451 692 495 726 de
519 691 651 726 Causis
679 699 802 725 motus
830 690 1046 725 animalium
1076 690 1157 734 (seu,
1185 689 1272 736 quod
1299 689 1383 724 idam
1410 695 1463 732 est,
1493 690 1529 724 cle
1550 690 1648 725 Com-

53 749 149 784 muni
170 747 311 782 animal.
334 748 476 781 motione
498 752 568 793 cap.
591 758 637 781 H.
658 757 678 780 α
700 745 799 789 mad.)
823 745 959 787 dicens,
979 743 1246 779 involuntarios
1267 756 1344 778 esse
1368 752 1490 779 motus
1513 744 1646 786 cordis,

54 810 89 838 et
110 801 268 836 membri
289 800 469 848 pudendi;
493 799 634 835 scilicet
656 800 741 847 quia
764 811 807 834 ex
835 798 956 846 aliqua
985 798 1275 845 apprehensione
1297 799 1511 844 hujusmodi
1532 811 1647 833 mem-

51 856 116 891 bra
137 863 431 897 commoventur,
454 855 671 901 inquantum
698 853 840 889 scilicet
866 852 1084 896 intellectus,
1101 861 1135 888 et
1153 853 1345 900 phantasia
1372 861 1647 900 repraesentant

54 910 186 958 aliqua,
202 922 245 945 ex
260 909 395 956 quibus
413 917 687 955 consequuntur
708 909 896 955 passiones
921 908 1077 950 animae,
1094 908 1137 942 ad
1152 919 1240 954 quas
1264 908 1500 954 consequitur
1521 916 1644 943 motus

51 965 187 1000 horum
214 964 488 999 membrorum:
516 974 592 998 non
619 971 745 997 tamen
772 970 968 997 moventur
995 962 1199 997 secundum
1225 963 1365 1008 jussum
1393 962 1556 1006 rationis,
1584 971 1646 997 aut

51 1019 279 1062 intellectus;
303 1018 388 1065 quia
409 1017 551 1052 scilicet
573 1017 616 1051 ad
639 1026 784 1052 motum
806 1017 940 1051 horum
964 1017 1218 1051 membrorum
1241 1017 1433 1064 requiritur
1455 1017 1577 1064 aliqua
1599 1017 1647 1052 al-

51 1074 182 1110 teratio
204 1072 392 1115 naturalis,
414 1072 555 1107 scilicet
576 1071 781 1114 caliditatis,
797 1080 832 1106 et
850 1071 1075 1117 frigiditatis3
1098 1083 1191 1118 quae
1207 1071 1356 1118 quidem
1380 1071 1546 1106 alteratio
1568 1083 1645 1106 non

51 1128 215 1175 subiacet
236 1127 392 1174 imperio
414 1126 577 1161 rationis.
602 1126 819 1173 Specialiter
843 1135 965 1160 autem
984 1126 1056 1160 1106
1078 1126 1210 1160 accidit
1230 1126 1266 1160 in
1289 1126 1345 1160 his
1368 1126 1510 1161 duobus
1532 1138 1647 1161 mem-

50 1183 134 1226 bris,
157 1183 241 1229 quia
260 1190 455 1228 utrumque
478 1181 632 1215 istorum
656 1181 910 1215 membrorum
933 1188 987 1215 est
1009 1180 1113 1227 quasi
1135 1180 1323 1227 quoddam
1346 1180 1483 1215 animal
1505 1192 1646 1228 separa-

49 1246 141 1281 tum,
161 1237 381 1284 inquantum
409 1244 462 1271 est
489 1235 709 1282 principium
731 1235 845 1270 vitae:
869 1235 1090 1282 principium
1119 1244 1242 1270 autem
1271 1244 1325 1270 est
1350 1235 1481 1270 virtute
1504 1244 1644 1270 totum:

50 1304 115 1328 cor
135 1292 235 1327 enim
256 1291 477 1338 principium
492 1298 546 1325 est
559 1301 754 1332 sensuun13
770 1298 805 1324 et
820 1301 863 1324 ex
879 1290 1048 1324 membro
1064 1290 1214 1336 genitali
1231 1290 1343 1325 virtus
1360 1290 1430 1325 exit
1445 1290 1644 1333 seminalis,

50 1358 144 1395 quae
158 1356 212 1382 est
225 1346 355 1381 virtute
375 1353 495 1380 totum
515 1343 662 1379 animal:
678 1353 712 1379 et
730 1344 813 1378 ideo
829 1344 967 1379 habent
985 1344 1153 1391 proprios
1170 1353 1292 1379 motus
1307 1344 1539 1389 naturaliter3
1559 1345 1644 1392 quia

49 1401 228 1448 principia
255 1408 402 1448 oportet
423 1411 501 1435 esse
523 1398 715 1442 naturalia,
739 1406 777 1433 ut
798 1399 937 1433 dictum
961 1407 1014 1434 est
1034 1400 1085 1444 (in
1106 1399 1201 1434 solut.
1225 1399 1268 1434 αιῐ
1290 1399 1350 1445 2.).

547 1673 909 1735 QUAESTIO
951 1673 1133 1722 XVIII.

48 1801 114 1832 DE
134 1800 391 1840 BONITATE,
421 1799 482 1832 ET
498 1800 703 1831 MALITIA
723 1799 1045 1832 HUMANORUM
1067 1800 1269 1832 ACTUUM
1296 1801 1348 1832 IN
1376 1801 1636 1841 GENERALI,

416 1872 468 1904 IN
505 1872 729 1904 UNDECIM
769 1872 1037 1904 ARTICULOS
1077 1873 1255 1905 DIVISA.

119 1996 209 2032 Post
229 1996 301 2031 hoc
325 1997 635 2032 considerandum
658 2006 712 2033 est
734 1998 777 2033 de
799 1998 975 2041 bonitate,
992 2006 1027 2033 et
1041 1997 1182 2032 malitia
1204 1998 1455 2033 humanorum
1479 2007 1640 2033 actuum.

47 2050 92 2086 Et
105 2052 234 2098 primo,
257 2051 448 2098 quomodo
477 2052 572 2087 actio
600 2052 764 2087 humana
791 2053 837 2087 sit
862 2053 972 2095 bona,
993 2052 1053 2088 vel
1076 2052 1193 2088 mala:
1215 2053 1353 2088 secundo
1382 2053 1426 2088 de
1449 2054 1517 2096 his,
1545 2066 1639 2100 quae

47 2113 323 2153 consequuntur
338 2106 382 2140 ad
396 2106 612 2150 bonitatem,
626 2107 684 2142 vel
700 2106 881 2142 malitiam
899 2107 1150 2142 humanorum
1171 2116 1338 2151 actuu1n3
1353 2116 1439 2155 puta
1454 2109 1639 2151 meritum,

46 2159 107 2194 vel
128 2160 360 2203 demeritum,
382 2169 588 2207 peccatum,
612 2169 647 2196 et
669 2161 785 2208 culpa.

120 2213 230 2249 Circa
246 2215 403 2262 primum
425 2216 585 2250 occurrit
607 2216 726 2262 triplex
749 2215 1007 2251 consideratio.
1022 2216 1143 2251 Prima
1157 2225 1210 2251 est
1232 2216 1276 2251 de
1294 2216 1469 2260 bonitate,
1488 2216 1548 2252 vel
1566 2229 1642 2251 ma-

46 2266 123 2302 litia
143 2268 394 2303 humanorum
417 2277 565 2304 actuum
587 2270 623 2304 in
647 2270 828 2317 generali:
850 2270 992 2305 secanda
1015 2271 1059 2306 de
1081 2271 1256 2314 bonitate,
1276 2280 1311 2306 et
1333 2271 1473 2307 malitia
1495 2272 1639 2307 interio-

46 2333 128 2357 rum
150 2331 318 2358 actuum:
346 2325 445 2359 tertia
466 2325 509 2358 de
530 2324 706 2367 bonitate,
729 2333 764 2359 et
783 2324 923 2360 malitia
945 2325 1167 2360 exteriorum
1187 2335 1347 2361 actuum.

500 2414 604 2451 Circa
619 2417 773 2463 primum
795 2422 1004 2463 quaeruntur
1022 2417 1186 2453 undecim.

118 2484 256 2520 Primo.
280 2485 413 2521 Utrum
436 2487 558 2522 omnis
581 2487 676 2522 actio
699 2488 745 2523 sit
765 2488 874 2532 bona,
896 2488 956 2523 vel
979 2488 1099 2536 aliqua
1122 2490 1167 2525 sit
1189 2489 1298 2525 mala.

119 2538 304 2575 Secundo.
340 2541 475 2576 Utrum
511 2542 606 2577 actio
640 2542 803 2578 hominis
837 2543 984 2587 habeat,
1019 2544 1117 2591 quod
1151 2544 1197 2580 sit
1229 2544 1339 2588 bona,
1373 2544 1433 2580 vel
1470 2544 1567 2580 mala
1595 2558 1638 2581 ex

47 2592 204 2641 objecto.

121 2646 260 2683 Tertio.
284 2649 418 2684 Utrum
440 2649 512 2684 1106
535 2650 670 2686 habeat
691 2663 733 2686 ex
756 2651 1042 2687 circumstantia.

121 2701 276 2744 Quarto.
301 2703 437 2738 Utrum
457 2704 530 2739 hoc
553 2705 686 2741 habeat
710 2718 753 2741 ex
775 2706 858 2741 fine.

121 2755 273 2797 Quinto.
296 2757 431 2793 Utrum
454 2759 575 2806 aliqua
605 2761 700 2796 actio
723 2761 886 2796 hominis
908 2762 953 2797 sit
973 2762 1082 2805 bona,
1105 2762 1165 2798 vel
1187 2762 1285 2798 mala
1306 2763 1343 2798 in
1365 2774 1429 2798 sua
1452 2763 1586 2810 specie.

120 2809 242 2846 Sexto.
266 2811 400 2847 Utrum
423 2821 524 2848 actus
545 2814 680 2850 habeat
700 2816 862 2862 speciem
884 2816 983 2859 boni,
1005 2816 1064 2852 vel
1086 2817 1175 2852 mali
1197 2830 1239 2853 ex
1262 2817 1344 2853 fine.

120 2864 297 2913 Septimo.
320 2867 455 2902 Utrum
477 2869 629 2915 species,
651 2881 744 2917 quae
767 2878 820 2905 est
847 2882 890 2905 ex
918 2871 1000 2914 fine,
1029 2872 1260 2907 contineatur
1287 2873 1350 2907 sub
1379 2873 1513 2921 specie,
1541 2885 1634 2922 quac

48 2926 104 2972 est
124 2930 166 2955 ex
187 2920 345 2968 objecto,
367 2922 460 2958 sicut
481 2923 545 2959 sub
569 2936 715 2971 genere,
738 2933 799 2961 aut
821 2937 839 2960 e
863 2937 1054 2962 converso.
