1907 3182
243 202 331 243 474
636 200 855 235 QUAESTIO
889 199 1035 229 LXVIII.
1070 199 1314 229 ARTICULUS
1347 198 1406 228 111.

242 280 365 322 tivam,
399 279 598 314 secundum
625 280 720 325 quod
748 280 935 326 participat
962 279 1163 325 aliqualiter
1189 278 1387 320 rationem3
1414 278 1630 324 inquantum
1656 277 1793 312 scilicet

242 341 325 367 nata
347 341 400 367 est
421 334 556 367 moveri
576 344 638 378 per
656 333 848 378 imperium
865 333 1028 366 rationis:
1049 333 1119 366 hoc
1136 332 1243 377 igitur
1261 332 1372 366 modo
1392 332 1486 365 dona
1502 331 1654 377 Spiritus
1673 330 1796 366 Sancti

240 398 276 420 se
298 387 431 420 habent
453 386 495 419 ad
517 386 684 420 homines
706 387 742 419 in
766 386 1036 431 comparatione
1060 386 1102 419 ad
1127 385 1299 431 Spiritum
1323 385 1508 426 Sanctum,
1532 385 1624 419 sicut
1645 384 1795 419 virtutes

243 439 400 474 morales
423 451 458 473 se
480 440 614 473 habent
633 440 675 473 ad
691 440 765 473 vim
781 439 1013 485 appetitivam
1028 439 1063 472 in
1079 439 1352 484 comparatione
1371 439 1414 472 ad
1433 438 1630 472 rationem:
1649 438 1795 472 virtutes

243 500 361 526 autem
384 493 540 526 morales
562 492 703 526 habitus
726 493 873 538 quidam
896 500 987 533 sunt,
1008 492 1135 537 quibus
1150 492 1242 525 vires
1266 491 1480 537 appetitivae
1500 491 1736 537 disponuntur
1753 491 1796 525 ad

240 554 406 592 prompte
429 546 669 580 obediendum
692 546 840 588 rationi;
862 545 956 579 unde
980 553 1014 579 et
1036 545 1130 578 dona
1154 544 1305 590 Spiritus
1325 544 1449 578 Sancti
1470 552 1552 578 sunt
1573 544 1721 590 quidam
1736 544 1797 578 ha-

240 599 345 641 bitus,
366 599 492 645 quibus
515 599 628 632 homo
651 598 832 644 perficitur
854 599 897 632 ad
919 606 1086 644 prompte
1109 598 1351 632 obediendum
1375 597 1522 644 Spiritui
1545 597 1692 631 Sancto.

312 653 371 686 AD
393 663 541 686 PRIMUM
564 663 650 697 ergo
674 652 878 693 dicendum,
902 652 997 697 quod
1022 651 1221 697 Gregorius
1243 651 1377 685 ibidem
1395 652 1467 695 (lib.
1490 663 1521 686 2.
1537 651 1626 685 Mor.
1649 657 1719 697 cap.
1741 651 1796 685 28.

242 706 419 752 aprina),
442 705 548 739 solvit
570 705 704 746 dicens,
728 706 823 751 quod
850 705 885 738 in
913 704 982 739 illis
1009 705 1125 747 donis,
1153 705 1229 739 sine
1256 705 1383 750 quibus
1411 705 1455 739 ad
1480 705 1593 738 vitam
1619 704 1797 751 perveniri

242 771 316 793 non
338 767 466 805 potest,
491 759 641 805 Spiritus
670 759 823 793 Sanctus
850 759 885 792 in
912 758 1035 793 electis
1062 759 1230 793 omnibus
1256 770 1397 805 semper
1423 766 1556 800 manet,
1579 758 1641 792 sed
1663 758 1699 792 in
1721 757 1798 792 aliis

242 824 315 846 non
331 824 473 858 semper
488 820 628 846 manet:
648 820 785 858 septem
806 820 926 846 autem
946 813 1041 846 dona
1055 820 1137 846 sunt
1153 812 1356 846 necessaria
1377 812 1419 846 ad
1434 811 1599 854 salutern,
1614 819 1652 846 ut
1661 811 1798 846 dictum

243 873 295 900 est
318 865 396 909 (art.
419 877 449 900 2.
471 865 540 911 huj.
564 868 632 911 q.);
656 865 749 899 unde
773 873 947 911 quantum
970 866 1013 899 ad
1035 877 1077 900 ea
1100 865 1252 912 Spiritus
1276 865 1429 900 Sanctus
1451 876 1593 911 semper
1615 873 1738 900 manet
1762 865 1798 898 in

242 919 385 953 sanctis.

247 1008 260 1018 ,
312 972 371 1006 AD
399 982 606 1006 SECUNDUM
626 972 832 1014 dicendum,
855 972 950 1018 quod
973 972 1064 1007 ratio
1086 972 1147 1006 illa
1169 972 1332 1019 procedit
1353 971 1396 1006 de
1418 973 1670 1014 instrumento,
1697 972 1798 1017 cujus

240 1037 313 1060 non
334 1034 386 1059 est
409 1037 526 1071 agere,
549 1026 611 1060 sed
633 1026 751 1060 solum
775 1026 850 1072 agi:
873 1025 944 1060 tale
967 1034 1088 1060 autem
1109 1026 1388 1060 instrumentum
1410 1036 1484 1060 non
1507 1033 1560 1060 est
1580 1025 1716 1068 homo;
1736 1025 1798 1060 sed

240 1080 289 1114 sic
317 1079 433 1125 agitur
460 1090 479 1112 a
503 1079 637 1125 Spiritu
662 1079 809 1121 Sancto,
832 1079 929 1126 quod
951 1079 1060 1114 etiam
1083 1079 1167 1125 agit,
1194 1079 1410 1125 inquantum
1436 1086 1490 1113 est
1515 1078 1618 1113 liberi
1644 1054 1796 1113 arbitrii:

242 1131 334 1166 unde
340 1107 494 1177 Oindiget
514 1132 537 1165 h
543 1132 649 1166 ibitu.

312 1185 370 1218 AD
394 1195 565 1219 TERTIUM
588 1185 793 1227 dicendum,
816 1185 912 1232 quod
935 1185 1123 1232 prophetia
1147 1193 1199 1220 est
1220 1185 1263 1219 de
1286 1185 1402 1227 donis,
1417 1195 1508 1231 quae
1520 1192 1603 1219 sunt
1624 1184 1667 1218 ad
1688 1183 1800 1218 mani-

239 1237 467 1273 festationem
490 1239 644 1284 spiritus,
666 1250 740 1273 non
763 1247 884 1273 autem
907 1239 950 1273 ad
965 1239 1220 1274 necessitatem
1235 1238 1371 1282 saluti33
1393 1238 1487 1273 unde
1505 1249 1580 1273 non
1599 1246 1651 1272 est
1669 1237 1797 1273 simile.

792 1380 1136 1425 ARTICULUS
1170 1381 1244 1423 IV.
1730 1401 1794 1437 359

242 1487 395 1517 UTRUM
410 1487 747 1518 CONVENIENTER
760 1488 928 1517 SEPTEM
942 1489 1064 1519 DONA
1082 1489 1273 1519 SPIRITUS
1290 1488 1446 1519 SANCTI
1460 1487 1796 1518 ENUMERENTUR.

318 1574 398 1619 (2-2.
422 1586 451 1620 q.
474 1574 506 1609 3.
526 1578 588 1608 art.
612 1573 644 1608 6.
667 1578 694 1608 et
711 1586 739 1620 3.
762 1575 849 1608 Dist.
869 1585 919 1620 34.
940 1586 969 1620 q.
992 1587 1018 1609 Ι.
1041 1580 1105 1609 art.
1125 1586 1156 1610 2.
1179 1579 1207 1609 et
1228 1575 1316 1610 Dist.
1335 1586 1379 1621 35.
1399 1587 1428 1621 q.
1456 1586 1486 1610 2.
1509 1579 1574 1609 art.
1596 1586 1627 1610 2.
1650 1586 1680 1620 q.
1698 1586 1726 1621 3.

844 1633 871 1662 et
896 1628 959 1663 Jsa.
982 1640 1027 1663 11.
1050 1629 1120 1663 lect.
1139 1629 1195 1674 3.).

312 1715 370 1749 AD
394 1726 580 1754 QUARTUM
603 1716 652 1750 sic
675 1717 891 1762 proceditur.
914 1716 1076 1759 Videtur,
1099 1718 1196 1764 quod
1219 1717 1516 1752 inconvenienter
1536 1725 1675 1764 septem
1701 1717 1796 1752 dona

241 1768 392 1814 Spiritus
415 1769 539 1802 Sancti
566 1777 839 1804 enumerentur:
868 1771 904 1804 in
931 1769 991 1804 illa
1020 1771 1117 1804 enim
1145 1771 1419 1805 enumeratione
1446 1779 1628 1817 ponuntur
1653 1777 1796 1817 quatuor

240 1822 451 1868 pertinentia
478 1823 521 1856 ad
543 1823 690 1857 virtutes
717 1823 990 1866 intellectuales,
1010 1824 1168 1858 scilicet:
1187 1826 1359 1870 sapientia,
1380 1824 1568 1866 intellectus,
1590 1826 1739 1868 scientia,
1763 1833 1797 1860 et

240 1876 424 1917 ιἰυιςῐῖἱιιιη,
446 1876 542 1922 quod
564 1877 716 1922 pertinet
744 1877 785 1910 ad
810 1877 1058 1923 prudentiam:
1081 1877 1172 1911 nihil
1200 1886 1320 1912 autem
1347 1878 1394 1911 ibi
1420 1878 1576 1924 ponitur,
1599 1879 1695 1924 quod
1722 1889 1797 1925 per-

240 1929 351 1963 tineat
374 1929 416 1962 ad
440 1938 565 1971 artem,
589 1941 679 1975 quae
703 1938 754 1964 est
776 1931 898 1976 quinta
917 1931 1027 1964 virtus
1046 1930 1317 1965 intellectualis:
1341 1931 1506 1965 similiter
1525 1931 1634 1966 etiam
1653 1932 1797 1978 ponitur

241 1983 372 2029 aliquid
396 1984 575 2030 pertinens
599 1984 641 2018 ad
664 1985 847 2029 justitiam,
869 1984 1024 2019 scilicet:
1043 1986 1168 2031 pietaezs‚·
1192 1993 1226 2019 et
1248 1984 1380 2031 aliquid
1399 1985 1578 2031 pertinens
1597 1983 1640 2019 ad
1665 1984 1801 2020 fortitu-

244 2037 378 2079 dinem,
403 2037 781 2083 scilicet:fortitudinis
803 2038 943 2072 donum:
966 2038 1055 2072 nihil
1077 2046 1197 2073 autem
1219 2039 1362 2084 ponitur
1379 2039 1427 2073 ibi
1448 2039 1627 2085 pertinens
1649 2040 1692 2074 ad
1714 2047 1801 2074 tem-

241 2091 461 2135 perantimn3
485 2102 571 2135 ergo
600 2090 856 2125 insufficienter
878 2100 1133 2126 enumerantur
1155 2092 1260 2126 dona.

314 2154 343 2177 2.
367 2144 600 2178 PRAm-Enffl.
623 2145 741 2178 Pietas
764 2153 817 2179 est
831 2157 910 2191 pars
925 2146 1098 2190 justitiae:
1123 2146 1182 2179 sed
1200 2146 1294 2179 circa
1310 2145 1555 2180 fortitudinem
1570 2157 1644 2180 non
1657 2146 1803 2193 ponitur

242 2196 359 2242 aliqua
382 2209 461 2242 pars
489 2199 575 2243 ejus,
602 2197 663 2232 sed
691 2198 765 2243 ipsa
793 2197 986 2241 fortitud03
1014 2210 1100 2245 ergo
1127 2210 1200 2233 non
1229 2199 1349 2233 debuit
1374 2199 1460 2246 poni
1486 2200 1611 2246 pictas,
1637 2200 1699 2235 sed
1726 2201 1801 2247 ipsa

240 2258 384 2295 justitia.

316 2315 342 2349 3.
366 2304 599 2338 PRAETEREA.
623 2303 781 2338 'Virtutes
803 2304 1033 2351 theologicae
1052 2305 1209 2339 maxime
1228 2306 1395 2340 ordinant
1412 2317 1479 2340 nos
1498 2306 1541 2340 ad
1558 2307 1695 2340 Deum:
1716 2318 1799 2341 cum

241 2368 327 2401 ergo
350 2357 444 2390 dona
464 2357 649 2403 perficiant
670 2358 869 2399 hominem,
886 2358 1084 2392 secundum
1100 2359 1196 2405 quod
1212 2367 1378 2393 movetur
1393 2371 1412 2393 a
1427 2359 1520 2402 Deo,
1538 2360 1689 2402 videtur,
1703 2360 1801 2407 quod

241 2409 445 2443 debuissent
467 2411 551 2455 poni
574 2410 691 2456 aliqua
714 2411 807 2444 dona
832 2412 1043 2457 pertinentia
1067 2413 1108 2445 ad
1132 2411 1359 2457 theologicas
1380 2413 1539 2447 virtutes.

312 2473 343 2505 4.
369 2463 604 2497 PRA15·1·12⁴RLA.
626 2464 726 2497 Sicut
749 2464 846 2498 Deus
869 2465 1024 2506 timetur,
1048 2465 1095 2498 ita
1119 2465 1227 2499 etiam
1251 2474 1402 2507 amatur,
1425 2474 1459 2500 et
1480 2466 1515 2499 in
1538 2465 1655 2511 ipsum
1674 2466 1800 2512 aliquis

240 2524 369 2561 sperat,
393 2526 427 2550 et
450 2528 489 2550 ex
510 2528 552 2550 eo
576 2517 791 2550 delectatur:
816 2529 918 2551 unior
942 2527 1072 2559 autem,
1096 2531 1187 2564 spes,
1219 2527 1252 2552 et
1282 2519 1474 2554 delectatio
1504 2527 1586 2553 sunt
1617 2520 1800 2565 passiones

240 2570 446 2604 condivisae
467 2570 608 2612 timori3
631 2581 716 2615 ergo
745 2570 835 2604 sicut
861 2571 969 2605 timor
996 2572 1140 2617 ponitur
1167 2573 1316 2614 donum,
1344 2573 1391 2606 ita
1419 2582 1453 2607 et
1481 2572 1550 2607 alia
1578 2573 1644 2607 tria
1671 2573 1801 2608 debent

240 2622 325 2668 poni
347 2623 452 2656 dona.

314 2686 341 2720 ς.
358 2676 590 2711 Ι)Ιι,·κι·;ἰἸ-;ῐὶ]ῐ,»κ.
616 2676 814 2710 Intellectui
832 2677 1036 2721 adjungitur
1050 2680 1220 2724 sapientia,
1238 2690 1329 2725 quae
1345 2679 1434 2725 regit
1450 2679 1586 2726 ipsu1n;
1603 2678 1799 2714 fortitudini

241 2737 359 2763 autem
388 2730 581 2770 masiliam,-
611 2730 731 2775 pietati
759 2742 843 2764 vero
870 2733 1023 2770 scientim·
1052 2743 1139 2775 ergo
1168 2741 1201 2766 ct
1228 2732 1349 2766 timori
1385 2733 1507 2767 debuit
1541 2733 1622 2767 addi
1655 2732 1799 2779 aliquod

240 2782 375 2816 donum
411 2783 643 2824 diret-rivium
672 2783 966 2818 inconvenienter
995 2796 1080 2829 ergo
1109 2794 1245 2831 septem
1274 2786 1368 2820 dona
1396 2785 1547 2832 Spiritus
1575 2786 1697 2821 Sancti
1719 2797 1802 2820 enu-

241 2845 432 2870 merantur.

312 2890 385 2924 5121)
410 2901 446 2924 it<
471 2901 723 2925 (ION'FRARIL'M
747 2899 797 2924 est
821 2891 1014 2925 auctoritas
1038 2892 1254 2938 Scripturac,
1278 2892 1390 2927 Isaiae
1417 2904 1467 2927 11.
