1907 3198
0 1190 20 1281 ,αν
0 1061 24 1162 Τις-η

507 152 729 190 QUAEsTxo
763 151 852 184 cm.
885 150 1131 182 AnTrcutus
1164 150 1224 180 111.
1559 150 1643 193 779

76 236 207 274 sificari
227 236 383 273 exterior
404 235 539 271 cultus:
562 243 681 283 potest
701 243 822 270 autem
844 234 964 281 triplex
983 241 1098 269 status
1119 231 1290 277 distingui
1316 231 1496 266 interioris
1517 231 1647 267 cultus·

82 291 175 328 Unus
193 290 354 338 quidem,
374 289 575 324 secundum
596 300 706 336 quem
723 288 875 323 habetur
892 287 992 329 fides,
1010 295 1046 322 et
1066 297 1147 333 spes
1167 285 1211 320 de
1233 285 1338 320 bonis
1360 285 1588 327 coelestibus,
1611 292 1645 319 et

75 344 120 380 de
145 344 214 387 his,
239 354 303 391 per
328 354 420 390 quae
449 343 484 377 in
512 342 683 378 coelestia
710 341 992 383 introducimur;
1019 341 1062 376 de
1098 340 1257 386 utrisque
1283 339 1443 385 quidem,
1476 339 1569 373 sicut
1595 339 1638 373 de

76 397 291 446 quibusdam
313 396 462 439 futuris;
485 405 519 431 et
539 396 621 431 talis
639 395 703 430 fuit
721 403 834 431 status
856 395 950 437 iidei;
967 403 1002 430 et
1022 394 1098 441 spei
1120 393 1156 428 in
1174 394 1286 428 veteri
1301 393 1394 438 lege.
1414 392 1512 428 Alius
1525 400 1646 426 autem

77 458 132 487 est
150 458 263 486 status
284 449 464 485 interioris
487 449 616 491 cultus,
639 450 673 484 in
695 460 768 496 quo
786 449 939 483 habetur
959 448 1060 490 fides,
1079 454 1112 482 et
1130 458 1213 493 spes
1232 447 1274 481 de
1294 445 1512 480 coelestibus
1530 445 1647 486 bonis,

76 505 169 540 sicut
192 503 238 539 de
263 503 477 550 quibusdam
506 503 643 545 suturis,
670 502 808 538 scilicet
836 501 897 548 [al.
922 500 994 548 sed]
1021 501 1065 536 de
1087 501 1155 542 his,
1182 512 1244 547 per
1271 510 1363 547 quae
1385 499 1649 534 introducimur

77 559 113 594 in
140 556 326 599 coelestia,
351 557 445 592 sicut
471 557 515 591 de
542 556 800 603 praesentibus,
827 555 883 590 vel
910 554 1129 602 praeteritis:
1157 563 1190 589 et
1212 554 1277 588 iste
1305 561 1358 588 est
1391 561 1503 588 status
1531 562 1648 586 novae

76 610 178 658 legis.
206 610 336 646 Tertius
357 618 478 645 autem
494 618 605 644 status
621 618 685 652 est,
707 609 742 644 in
764 620 836 656 quo
857 617 1006 656 utraque
1027 608 1206 642 habentur
1220 615 1258 642 ut
1272 606 1487 653 praesentia,
1505 614 1541 641 et
1558 605 1649 639 nihil

77 664 235 701 creditur
254 671 293 700 ut
314 663 455 705 absens,
478 674 594 710 neque
616 671 777 710 speratur
803 671 840 697 ut
866 662 1044 697 futurum:
1073 669 1108 696 et
1133 661 1199 696 iste
1227 668 1280 696 est
1305 668 1419 695 status
1445 660 1648 695 beatorum.

77 717 119 754 In
142 717 208 753 illo
229 728 317 765 ergo
335 725 428 752 statu
451 717 640 752 beatorum
663 717 751 752 nihil
775 717 841 752 erit
862 716 1011 763 figurale
1035 715 1078 750 ad
1101 715 1263 750 divinum
1290 714 1427 749 cultum
1455 714 1649 761 pertinenS‚

77 770 140 808 sed
157 770 280 807 solum
299 772 490 818 gratiarum
514 772 612 812 actio,
634 776 664 806 et
681 782 748 805 vox
769 770 875 805 laudis
886 782 898 810 ;
922 777 957 804 et
977 769 1060 804 ideo
1079 769 1209 804 dicitur
1230 767 1384 815 Apocal.
1407 777 1462 803 21.
1485 767 1530 802 de
1553 767 1649 802 Civi-

43 856 49 860 ,
77 832 151 861 tate
165 824 376 860 Beatorum:
402 823 572 871 Templum
588 836 652 858 non
667 823 740 858 vidi
755 824 788 858 in
802 835 838 858 ea
853 835 865 864 ,·
885 824 1052 858 Dominus
1065 824 1150 857 enim
1166 823 1256 857 Deus
1271 823 1475 869 omnipotens
1489 821 1648 868 templum

77 878 169 915 illius
188 883 246 921 est,
265 882 298 914 et
316 878 433 924 Agnus
439 889 452 919 ,·
474 877 552 924 pari
573 877 682 922 igitur
703 877 843 912 ratione
865 876 1119 912 caeremoniae
1141 875 1248 922 primi
1270 883 1394 917 status,
1415 886 1479 922 per
1499 886 1588 921 quas
1609 873 1649 908 fi-

78 932 274 979 gurabatur
294 939 330 967 et
349 930 540 973 secundus,
562 939 597 966 et
618 930 754 972 tertius,
780 930 947 965 veniente
968 929 1129 964 secundo
1151 937 1257 970 statu,
1273 940 1413 964 cessare
1435 928 1647 972 debuerunt,

79 992 116 1022 et
135 984 228 1021 aliae
249 984 505 1020 caeremoniae
531 984 664 1027 induci,
691 995 784 1031 quae
811 983 1049 1019 convenirent
1074 983 1180 1018 statui
1203 982 1319 1017 cultus
1341 982 1453 1017 divini
1475 993 1540 1029 pro
1561 990 1650 1017 tem-

78 1049 169 1087 pore
188 1038 266 1082 illo,
286 1038 324 1074 in
344 1049 418 1086 quo
439 1038 536 1073 bona
558 1037 729 1073 coelestia
751 1045 835 1073 sunt
855 1036 992 1072 futura:
1019 1036 1194 1072 beneficia
1221 1044 1342 1071 autem
1369 1035 1452 1078 Dei,
1473 1046 1537 1083 per
1557 1046 1650 1083 quae

79 1092 124 1128 ad
146 1091 319 1128 coelestia
339 1091 615 1134 introducimur,
636 1099 720 1126 sunt
740 1091 953 1138 praesentia.

150 1146 212 1182 An
237 1155 387 1182 numu
408 1156 497 1193 ergo
523 1144 731 1187 dicendum,
751 1144 849 1191 quod
871 1143 928 1179 lex
950 1151 1053 1179 vetus
1076 1143 1204 1178 dicitur
1226 1154 1304 1178 esse
1326 1143 1362 1177 in
1385 1150 1584 1185 aeternum,
1599 1154 1651 1178 se-

80 1199 242 1236 cundum
274 1198 430 1235 moralia
456 1198 604 1246 quidem
631 1197 854 1245 simpliciter,
880 1205 916 1232 et
941 1196 1118 1238 absolute,
1143 1196 1344 1232 secundum
1366 1195 1650 1232 caeremonialia

78 1264 167 1289 vero
188 1260 366 1301 quantum
386 1252 432 1288 ad
452 1252 643 1287 veritatem
664 1263 728 1298 per
749 1262 830 1286 eam
853 1250 1056 1297 figuratam.

152 1307 214 1342 AD
226 1316 436 1342 stcunnuu
452 1305 660 1347 dicendum,
681 1304 779 1352 quod
802 1304 1015 1351 mysterium
1035 1303 1295 1350 redemptionis
1313 1303 1483 1338 humanis
1505 1303 1648 1350 generis

79 1358 307 1407 completum
323 1358 439 1395 fuitin
456 1359 626 1407 passione
645 1358 803 1401 Christi;
822 1358 916 1393 unde
935 1366 1019 1392 tunc
1039 1358 1222 1393 Dominus
1239 1357 1348 1393 dixit:
1373 1357 1649 1393 Consummatum

77 1418 135 1457 m,
161 1421 201 1449 ut
224 1413 378 1449 habetur
397 1412 500 1460 Joan.
532 1423 601 1460 19.:
632 1420 667 1448 et
696 1412 778 1447 ideo
800 1420 886 1447 tunc
916 1411 1075 1447 totaliter
1104 1411 1304 1446 debuerunt
1334 1422 1475 1447 cessare
1506 1411 1650 1456 legalia,

78 1466 183 1515 quasi
199 1467 276 1514 jam
295 1467 445 1502 veritate
466 1477 595 1502 eorum
616 1474 884 1502 consummata.
906 1465 946 1500 In
968 1465 1071 1511 cujus
1092 1465 1237 1511 signum
1258 1465 1295 1499 in
1321 1465 1490 1512 passione
1513 1465 1648 1500 Christi

77 1519 201 1556 velum
219 1520 348 1568 templi
364 1519 496 1567 legitur
513 1531 592 1556 esse
609 1520 776 1562 scissum,
790 1519 918 1554 Matth.
934 1528 1009 1564 27.;
1028 1527 1063 1553 et
1076 1519 1160 1553 ideo
1179 1527 1260 1554 ante
1279 1520 1486 1565 passionem
1502 1518 1651 1560 Christi,

79 1573 230 1610 Christo
254 1573 496 1622 praedicante,
523 1581 558 1609 et
583 1572 759 1608 miracula
786 1572 953 1614 faciente,
981 1572 1173 1607 currebant
1192 1572 1302 1607 simul
1325 1572 1411 1614 Lex,
1433 1580 1468 1608 et
1489 1572 1650 1618 Evange-

77 1626 187 1671 lium3
207 1628 291 1675 quia
311 1628 386 1674 jam
406 1627 620 1675 mysterium
644 1626 781 1662 Christi
803 1636 880 1662 erat
900 1626 1128 1670 inchoatum,
1150 1626 1213 1661 sed
1235 1627 1398 1662 nondum
1422 1638 1653 1662 consumma-

64 1689 175 1725 -tum3
199 1689 237 1717 et
260 1689 407 1729 propter
432 1681 504 1717 hoc
531 1681 717 1716 mandavit
744 1680 912 1715 Christus
938 1680 1121 1715 Dominus
1149 1688 1232 1715 ante
1259 1680 1467 1727 passionem
1494 1680 1651 1727 leproso,

79 1743 118 1771 ut
137 1734 274 1782 legales
295 1734 546 1770 caeremonias
567 1735 786 1770 observaret.

150 1788 212 1824 AD
232 1798 404 1825 mnuu
428 1788 635 1830 dicendum,
657 1788 754 1835 quod
778 1787 936 1822 rationes
958 1787 1114 1823 literales
1137 1787 1450 1822 caeremoniarum
1473 1798 1579 1834 supra
1601 1798 1653 1822 as·

78 1843 241 1889 signatae
266 1841 469 1878 referuntur
495 1842 539 1877 ad
565 1842 729 1877 divinum
755 1841 906 1883 cultum,
929 1841 989 1888 qui
1016 1841 1164 1888 quidem
1187 1840 1304 1876 cultus
1325 1849 1402 1876 erat
1421 1841 1458 1875 in
1479 1840 1549 1876 fide
1570 1851 1653 1876 ven-

76 1896 160 1939 turi,
184 1903 220 1932 et
244 1895 329 1932 ideo
355 1896 428 1942 jam
455 1896 623 1931 veniente
650 1906 707 1937 eo,
733 1895 794 1942 qui
820 1903 992 1930 venturus
1020 1903 1108 1937 erat,
1135 1903 1170 1930 et
1196 1894 1313 1930 cultus
1339 1894 1399 1930 ille
1425 1895 1589 1937 cessavit,
1617 1903 1651 1930 ct

78 1960 208 1985 omnes
227 1950 388 1985 rationes
409 1950 453 1985 ad
475 1950 571 1985 hunc
594 1949 732 1984 cultum
754 1949 951 1984 ordinatae.

149 2003 211 2039 AD
236 2013 426 2044 QUARTUM
452 2003 658 2044 dicendum,
685 2002 782 2049 quod
809 2002 898 2038 fides
924 2003 1094 2038 Abrahae
1121 2002 1186 2038 suit
1211 2003 1469 2038 commendata
1499 2003 1535 2037 in
1565 2002 1650 2043 hoc,

79 2057 177 2106 quod
198 2057 349 2093 credidit
374 2056 516 2092 divinae
542 2055 776 2104 promissioni
803 2056 846 2090 de
873 2055 992 2091 futuro
1015 2056 1165 2098 semine,
1193 2056 1227 2091 in
1254 2067 1326 2103 quo
1354 2057 1651 2092 benedicerentur

79 2122 210 2147 omnes
224 2119 374 2158 gentes3
395 2119 431 2147 et
447 2110 542 2154 ideo,
559 2110 732 2158 quamdiu
751 2110 822 2144 hoc
837 2118 913 2145 crat
930 2109 1102 2152 futurum,
1121 2111 1322 2157 oportebat,
1338 2111 1526 2157 protestari
1541 2109 1648 2144 fidem

79 2164 252 2202 Abrahae
275 2165 313 2200 in
340 2164 636 2200 circumcisione:
664 2163 725 2199 sed
756 2171 949 2210 postquam
979 2165 1053 2210 jam
1084 2164 1155 2199 hoc
1183 2172 1236 2199 est
1269 2163 1482 2211 perfectum,
1509 2171 1651 2210 oportet

79 2218 177 2255 idem
204 2218 277 2254 alio
303 2218 409 2266 signo
434 2218 622 2260 declarari,
648 2217 787 2252 scilicet
812 2217 1006 2265 baptismo,
1032 2218 1093 2264 qui
1119 2218 1154 2252 in
1182 2217 1252 2252 hoc
1281 2217 1551 2252 circumcisioni
1573 2228 1651 2252 suc-

79 2272 188 2316 cedit,
208 2272 409 2308 secundum
429 2271 519 2307 illud
541 2272 668 2319 Apost.
692 2270 735 2305 ad
759 2270 903 2306 coloss.
928 2281 975 2306 2.:
1001 2272 1201 2307 circumcisi
1221 2273 1294 2307 estis
1314 2273 1567 2307 circumcisione
1586 2283 1651 2306 non

79 2326 277 2374 mamtsacta
295 2327 333 2362 in
350 2326 569 2374 expoliatione
589 2326 737 2372 corporis
757 2325 879 2367 carnis,
900 2324 954 2360 sed
975 2326 1008 2360 in
1029 2326 1278 2361 circumcisione
1297 2326 1440 2360 Domini
1454 2326 1559 2360 nostri
1573 2325 1648 2370 Jcsn

81 2379 211 2417 Christi
229 2380 408 2429 consepulti
427 2381 459 2416 ei
479 2382 513 2415 in
534 2380 727 2427 Baptismus
751 2378 948 2413 Sabbatum
972 2387 1106 2421 autem,
1127 2380 1223 2426 quod
1246 2379 1473 2425 significabat
1494 2379 1648 2426 primam

79 2433 315 2477 creationem,
336 2442 496 2469 mutatur
516 2433 551 2468 in
573 2432 670 2468 diem
693 2431 944 2475 Dominicum,
963 2432 998 2467 in
1016 2444 1088 2479 quo
1108 2441 1420 2468 commemoratur
1435 2444 1530 2467 nova
1554 2443 1651 2467 crea-

79 2494 160 2523 tura
177 2486 350 2523 inchoata
366 2487 402 2522 in
421 2486 684 2522 resurrectione
703 2485 850 2520 Christi.
871 2485 915 2521 Et
932 2486 1098 2521 similiter
1116 2486 1194 2521 aliis
1209 2486 1498 2521 solemnitatibus
1518 2487 1649 2521 veteris

79 2539 171 2588 legis
192 2551 311 2576 novae
325 2540 574 2576 solemnitates
597 2539 817 2575 succedunt:
840 2539 924 2585 quia
941 2539 1117 2575 beneficia
1139 2540 1189 2574 illi
1212 2539 1348 2587 populo
1371 2539 1528 2575 exhibita
1543 2540 1650 2585 signi·

79 2592 191 2630 fleant
210 2593 387 2630 beneficia
408 2593 513 2629 nobis
534 2603 708 2628 concessa
730 2603 793 2639 per
819 2592 1032 2636 Christum;
1060 2595 1155 2629 unde
1178 2593 1268 2629 sesto
1293 2594 1395 2628 I’lmsc
1421 2593 1581 2628 succedit
1604 2593 1651 2628 se—

79 2653 176 2684 stum
202 2646 388 2683 Passionis
413 2647 562 2689 Christi,
589 2655 624 2682 et
651 2646 957 2683 Resurrectionis:
980 2647 1072 2683 festo
1095 2648 1302 2689 Ponit-costes,
1327 2647 1361 2681 in
1385 2658 1457 2693 quo
1480 2646 1545 2682 suit
1566 2646 1649 2681 data

80 2698 139 2737 lu
163 2708 278 2743 vetus,
304 2700 466 2737 succedit
491 2699 622 2736 festum
649 2700 894 2741 Pentecostes,
920 2701 955 2736 in
982 2712 1056 2748 quo
1083 2701 1148 2736 fuit
1169 2702 1250 2735 data
1278 2700 1333 2735 lex
1361 2701 1514 2747 Spiritus
1535 2700 1650 2742 vitam

80 2751 174 2790 festo
195 2754 394 2790 Neomenias
413 2754 574 2791 succedit
595 2753 726 2789 festum
750 2752 882 2788 Beatae
905 2753 1076 2800 Virginis,
1098 2755 1132 2789 in
1156 2766 1226 2801 qua
1249 2754 1367 2801 primo
1390 2754 1552 2801 apparuit
1574 2753 1650 2788 illu·

81 2806 236 2844 millaio
261 2806 370 2850 SORS,
390 2806 483 2843 ide&
504 2807 642 2843 Christi
663 2818 726 2855 per
747 2805 893 2853 copiam
916 2809 1071 2855 gratiae:
1095 2807 1226 2844 festum
1257 2809 1428 2843 'l'uburwn
1452 2807 1651 2842 succedunt

81 2858 173 2897 fem
189 2859 471 2909 Apostolorum:
494 2860 586 2897 festo
609 2862 821 2909 Expiationis
841 2862 1043 2898 succedunt
1061 2862 1150 2898 festa
1169 2862 1385 2908 Martyrum,
1407 2870 1441 2897 et
1456 2860 1652 2897 Conscsso·
