1907 3198
545 192 769 230 Quansrro
803 191 877 223 c11.
912 191 1159 223 Ακτιευιυε
1193 191 1219 222 1.
1582 192 1666 235 739

675 362 1023 409 ARTICULUS
1059 363 1092 406 Ι.
1605 373 1670 419 546

245 472 402 504 UTRUM
429 471 787 503 CAEREMONIALIA
812 471 1068 502 PRAECEPTA
1096 470 1300 500 HABEANT
1331 469 1520 500 CAUSAM.

707 560 820 606 (Rom.
845 571 881 606 4.
903 560 973 595 lect.
1002 560 1058 605 1.).

170 651 231 687 AD
256 659 407 687 PRIMUM
435 650 486 686 sic
515 651 732 698 proceditur.
760 650 923 692 Videtur,
952 649 1049 696 quod
1077 647 1361 684 caeremonialia
1383 656 1575 695 praecepta
1597 658 1671 682 non

98 705 258 741 habeant
278 715 446 740 causam:
470 704 553 751 quia
575 716 682 751 super
703 703 791 739 illud
813 703 904 750 Eph.
929 704 1074 749 2.:Lege
1089 702 1326 738 mandatorum
1341 701 1476 737 decretis
1490 713 1667 743 evacuans,

99 759 187 795 dicit
208 758 343 795 Glossa
363 759 523 804 (interl),
546 758 625 794 idest
650 769 817 793 evacuans
838 757 937 804 legem
962 762 1104 792 ‘luterem
1131 761 1292 803 quantum
1320 755 1362 790 αιὶ
1388 756 1540 790 carnales
1565 756 1674 790 obscr-

97 814 232 849 vantt'as
244 812 389 854 decretis,
402 812 478 848 idest
484 813 666 859 praeceptis
679 811 890 858 evangelicis,
906 822 988 858 quac
1002 822 1040 846 ax
1052 811 1180 845 ratione
1193 815 1288 845 sunt:
1300 809 1362 844 sed
1378 809 1407 843 si
1421 808 1673 844 observantiae

99 866 231 902 veteris
250 865 342 913 legis
363 877 407 901 ex
429 865 568 901 ratione
596 873 708 908 erant,
735 863 863 900 frustra
891 872 1154 899 evacuarentur
1179 875 1242 910 per
1270 862 1499 898 rationabilia
1527 863 1671 897 decreta

99 930 218 956 novae
248 918 357 966 legis3
385 930 460 954 non
491 930 579 966 ergo
609 918 896 954 caeremoniales
927 917 1179 953 observantiae
1209 917 1340 952 veteris
1371 916 1462 963 legis
1492 917 1675 951 habebant

100 973 262 1021 aliquam
287 972 479 1008 rationem.

173 1036 205 1062 2.
226 1026 465 1062 PRAETEREA.
487 1025 601 1061 Vetus
627 1025 684 1061 lex
703 1026 878 1061 successit
899 1024 971 1071 legi
993 1033 1159 1060 naturae:
1184 1024 1245 1060 sed
1272 1024 1308 1058 in
1331 1023 1412 1071 lege
1434 1032 1584 1058 naturae
1611 1022 1676 1058 fuit

100 1079 249 1128 aliquod
263 1089 509 1127 praeceptum,
524 1080 620 1127 quod
636 1079 775 1114 nullam
790 1079 969 1114 rationem
982 1079 1150 1121 habebat,
1161 1078 1228 1113 nisi
1244 1086 1282 1113 ut
1296 1078 1456 1113 hominis
1469 1077 1674 1112 obedientia

100 1134 325 1182 probaretur,
346 1135 439 1169 sicut
459 1134 614 1180 August.
637 1133 724 1168 dicit
744 1134 776 1168 8.
799 1145 906 1180 super
928 1132 1062 1168 Genes.
1085 1132 1129 1167 ad
1151 1132 1295 1167 literam
1317 1132 1408 1179 (cap.
1432 1132 1465 1167 6.
1492 1137 1522 1167 ct
1543 1132 1604 1178 13.)
1631 1131 1676 1166 de

101 1187 346 1236 prohibitione
368 1187 456 1234 ligni
477 1187 592 1230 vitae;
627 1198 716 1233 ergo
744 1187 855 1222 etiam
885 1187 922 1221 in
949 1186 1062 1221 veteri
1091 1185 1172 1232 lege
1196 1185 1315 1232 aliqua
1338 1193 1530 1232 praecepta
1558 1184 1676 1219 danda

101 1249 216 1284 erant,
236 1241 273 1277 in
295 1241 424 1288 quibus
445 1241 607 1276 hominis
626 1240 833 1276 obedientia
856 1240 1080 1287 probaretur,
1102 1251 1194 1286 quae
1216 1239 1260 1274 de
1282 1250 1319 1274 se
1338 1238 1477 1274 nullam
1496 1239 1676 1273 rationem

101 1295 288 1331 baberent.

177 1359 207 1396 3.
227 1347 467 1384 PRAETEREA.
491 1347 616 1394 Opera
638 1347 798 1382 hominis
821 1347 989 1382 dicuntur
1011 1346 1178 1389 moralia,
1200 1346 1401 1382 secundum
1424 1346 1520 1392 quod
1549 1353 1631 1380 sunt
1658 1356 1677 1380 a

103 1402 264 1445 ratione;
285 1401 316 1437 si
329 1401 438 1448 igitur
451 1401 777 1436 caeremonialium
790 1409 1069 1448 praeceptorum
1084 1401 1130 1436 sit
1144 1401 1264 1448 aliqua
1280 1401 1382 1443 ratio,
1401 1411 1476 1435 non
1495 1400 1677 1435 differrent

104 1467 124 1490 a
154 1453 355 1491 moralibus
384 1454 606 1502 praeceptis;
640 1454 782 1490 videtur
811 1465 912 1501 ergo,
941 1455 1038 1501 quod
1067 1454 1349 1490 caeremonialia
1377 1462 1569 1501 praecepta
1603 1465 1676 1489 non

106 1508 264 1544 habeant
284 1507 446 1555 aliquam
467 1519 634 1550 causam;
657 1508 749 1543 ratio
777 1508 876 1544 enim
903 1509 1087 1555 praecepti
1109 1520 1151 1543 ex
1173 1508 1293 1555 aliqua
1316 1519 1424 1543 causa
1446 1508 1610 1543 sumitur.

177 1561 254 1598 SED
277 1571 435 1598 CONTRA
458 1569 523 1604 est,
553 1562 651 1609 quod
683 1562 815 1596 dicitur
835 1562 872 1596 in
894 1561 989 1597 Psal.
1017 1562 1086 1597 18.:
1110 1563 1325 1609 Praeceptum
1350 1563 1495 1597 Domini
1520 1561 1678 1604 lucidum,

102 1615 297 1652 illuminans
311 1615 436 1651 oculos:
451 1615 513 1650 sed
529 1615 812 1650 caeremonialia
827 1624 910 1650 sunt
924 1616 1211 1663 praeceptaDei3
1229 1627 1317 1662 ergo
1332 1624 1416 1650 sunt
1429 1615 1561 1658 lucida,
1581 1615 1677 1662 quod

103 1680 178 1706 non
200 1677 306 1712 esset,
327 1669 397 1704 nisi
416 1669 591 1704 haberent
613 1669 866 1704 rationabilem
895 1681 1056 1705 causam.

174 1722 407 1759 Responnno
428 1722 638 1766 dicendum,
660 1724 757 1770 quod
781 1735 864 1758 cum
880 1724 1052 1770 sapientis
1067 1724 1112 1758 sit
1128 1723 1308 1766 ordinare,
1323 1723 1525 1758 secundum
1539 1723 1677 1758 Philos.

102 1777 140 1812 in
165 1787 194 1812 1.
216 1775 378 1823 Metaph.
402 1775 492 1824 (cap.
507 1788 539 1812 2.
562 1787 582 1811 α
598 1778 740 1824 princ),
756 1787 799 1811 ea
814 1788 907 1823 quae
922 1790 965 1812 ex
978 1777 1099 1812 divina
1115 1777 1292 1824 sapientia
1307 1777 1519 1824 procedunt,
1535 1785 1679 1824 oportet

103 1841 182 1867 esse
204 1830 383 1873 ordinata,
404 1838 444 1866 ut
465 1831 592 1877 Apost.
615 1831 702 1865 dicit
735 1831 779 1865 ad
801 1830 909 1865 Rom.
937 1842 1008 1877 13.:
1033 1831 1075 1865 ad
1098 1831 1170 1866 hoc
1194 1839 1315 1865 autem
1343 1831 1440 1877 quod
1463 1830 1583 1877 aliqua
1610 1831 1680 1866 sint

105 1884 285 1926 ordinata,
306 1883 371 1920 duo
389 1884 638 1931 requiruntur:
657 1885 772 1931 primo
788 1884 947 1930 quidem,
970 1884 1067 1930 quod
1091 1884 1211 1931 aliqua
1233 1884 1447 1918 ordinentur
1461 1884 1504 1918 ad
1518 1884 1679 1919 debitum

105 1937 228 1981 finem,
242 1937 302 1985 qui
318 1947 372 1973 est
386 1937 605 1985 principium
623 1937 735 1972 totius
757 1937 894 1972 ordinis
915 1938 950 1972 in
974 1938 1079 1973 rebus
1094 1938 1261 1983 agendis:
1285 1949 1327 1972 ca
1349 1939 1459 1979 enirn,
1482 1949 1574 1984 quae
1593 1949 1678 1973 casu

103 1991 288 2034 eveniunt,
313 1998 456 2039 praeter
480 1991 721 2026 intentionem
745 1990 836 2033 finis,
858 1990 916 2026 vel
938 2003 1031 2038 quae
1052 2003 1126 2026 non
1148 1991 1244 2026 serio
1264 1991 1363 2034 fiunt,
1386 1991 1447 2026 sed
1471 1991 1570 2035 ludo,
1597 1992 1681 2026 dici-

106 2056 189 2081 mus
210 2055 289 2081 esse
310 2044 536 2080 inordinata:
557 2044 695 2080 secundo
718 2053 862 2091 oportet
883 2045 980 2091 quod
999 2045 1034 2079 id
1056 2045 1153 2091 quod
1173 2053 1226 2080 est
1248 2045 1292 2079 ad
1315 2044 1438 2088 finem,
1464 2047 1508 2079 sit
1534 2057 1682 2092 propor-

105 2098 288 2136 tionatum
308 2098 383 2143 fini,
405 2106 441 2134 et
461 2111 504 2134 ex
525 2099 597 2134 hoc
619 2099 792 2146 sequitur,
814 2099 911 2145 quod
934 2099 1026 2133 ratio
1048 2110 1176 2134 eorum
1200 2110 1293 2146 quae
1315 2107 1397 2134 sunt
1419 2099 1463 2133 ad
1482 2099 1605 2141 finem,
1627 2111 1682 2134 su·

107 2152 218 2188 mitur
239 2164 284 2188 ex
305 2152 389 2196 fine,
410 2153 503 2188 sicut
523 2153 616 2188 ratio
638 2152 886 2199 dispositionis
909 2163 1029 2187 serrae
1056 2153 1210 2187 sumitur
1236 2164 1280 2188 ex
1307 2152 1481 2195 sectione,
1508 2164 1600 2200 quae
1628 2161 1682 2188 est

105 2204 186 2242 finis
207 2206 299 2252 ejus,
319 2213 360 2242 ut
384 2205 515 2241 dicitur
535 2206 572 2241 in
595 2216 626 2241 2.
650 2206 759 2252 Phys.
782 2207 860 2250 (tex.
875 2207 958 2249 88).
978 2205 1212 2241 Manifestum
1235 2214 1288 2241 est
1311 2214 1445 2248 autem,
1465 2206 1560 2252 quod
1584 2218 1682 2254 prae-

104 2266 210 2307 cepta
231 2259 526 2302 caeremonialia,
548 2260 641 2294 sicut
663 2267 697 2294 et
719 2259 843 2293 omnia
866 2258 935 2294 alia
963 2268 1155 2307 praecepta
1182 2259 1285 2305 legis,
1312 2267 1394 2294 sunt
1417 2273 1460 2295 ex
1482 2260 1603 2294 divina
1630 2271 1683 2295 sa·

106 2312 255 2360 pientia,
274 2312 455 2357 instituta;
477 2313 573 2348 unde
595 2313 724 2348 dicitur
745 2313 852 2348 Deut.
875 2323 928 2356 4.:
950 2314 1046 2349 Haec
1063 2320 1108 2349 est
1124 2315 1286 2361 sapientia
1307 2319 1430 2355 vestra,
1454 2319 1482 2349 ct
1504 2314 1683 2349 intellectus

104 2377 221 2403 coram
240 2366 395 2414 populis,·
418 2366 514 2402 unde
541 2378 689 2402 necesse
713 2375 767 2402 est
793 2367 926 2409 dicere,
952 2367 1050 2414 quod
1077 2376 1270 2414 praecepta
1299 2367 1581 2402 caeremonialia
1609 2368 1679 2402 sint

107 2418 274 2455 ordinata
307 2419 352 2455 ad
386 2419 545 2468 aliquem
581 2420 702 2462 finem,
736 2432 779 2455 ex
814 2431 887 2467 quo
921 2431 1048 2456 eorum
1077 2420 1310 2456 rationabiles
1338 2432 1469 2456 causac
1505 2421 1679 2468 assignari

106 2473 258 2521 possint.

176 2526 240 2563 AD
255 2536 406 2563 PRnssm
429 2538 517 2574 ergo
536 2527 744 2569 dicendum,
767 2527 865 2574 quod
889 2528 1140 2564 observantiae
1162 2529 1292 2564 veteris
1316 2528 1406 2575 legis
1433 2537 1585 2575 possunt
1609 2529 1681 2564 dici

105 2578 184 2616 sine
209 2579 349 2616 ratione
371 2589 548 2628 quantum
571 2581 615 2616 ad
646 2581 729 2623 hoc,
752 2581 849 2627 quod
878 2581 955 2628 ipsa
981 2581 1076 2617 facta
1107 2582 1143 2616 in
1165 2582 1220 2617 sui
1245 2591 1371 2617 natura
1399 2582 1579 2617 rationem
1606 2594 1679 2617 non

104 2631 306 2676 habebant3
327 2641 413 2680 puta
434 2634 532 2681 quod
554 2634 664 2670 vestis
685 2644 758 2669 non
781 2634 1022 2670 conficeretur
1043 2648 1086 2671 ex
1100 2635 1195 2678 lana,
1211 2644 1245 2671 et
1259 2635 1351 2671 lino:
1374 2644 1540 2682 poterant
1558 2644 1681 2671 tamen

106 2685 240 2722 habere
262 2686 443 2722 rationem
464 2699 507 2723 ex
529 2688 656 2723 ordine
679 2687 722 2722 ad
747 2687 856 2731 aliud,
877 2689 1093 2736 inquantum
1121 2689 1261 2724 scilicet
1283 2689 1340 2724 vel
1365 2689 1498 2735 aliquid
1522 2701 1583 2736 per
1609 2689 1680 2725 hoc

107 2737 341 2786 figurabatur,
354 2739 414 2776 vel
428 2739 562 2788 aliquid
581 2740 858 2776 excludebatur:
881 2742 943 2777 sed
959 2742 1103 2778 decreta
1118 2754 1236 2778 novae
1253 2742 1354 2788 legis,
1377 2754 1469 2789 quae
1489 2743 1680 2790 praecipue

106 2792 311 2829 consistunt
329 2793 368 2828 in
388 2792 471 2837 fide,
489 2802 526 2830 et
547 2793 744 2830 dilectione
767 2795 847 2838 Dei,
877 2808 919 2830 ex
943 2796 1018 2843 ipsa
1041 2805 1169 2831 natura
1192 2804 1291 2831 actus
1315 2796 1540 2831 rationabilia
1563 2805 1656 2831 sunt.

178 2846 240 2882 An
261 2856 470 2883 summouit
491 2847 700 2890 dicendum,
727 2848 824 2895 quod
852 2849 1164 2896 prohibitio-*ligni
1192 2850 1366 2885 scientiae
1393 2850 1490 2893 boni,
1522 2859 1557 2885 et
1594 2850 1680 2885 mali

106 2909 182 2935 non
202 2898 271 2935 fuit
289 2908 436 2948 propter
456 2900 541 2943 hoc,
563 2901 661 2948 quod
679 2900 768 2937 illud
789 2901 929 2949 lignum
949 2912 1043 2939 esset
1061 2904 1275 2939 naturaliter
1294 2903 1452 2946 malum;
1475 2904 1538 2939 sed
1557 2912 1680 2939 tamen
