1907 3198
487 174 713 212 QUAESTIO
748 173 870 204 xvm.
903 172 1153 204 ARTICULUS
1187 172 1215 202 1.
1573 174 1654 217 147

61 272 153 310 quae
166 260 316 295 debetur
330 258 467 293 actioni
480 258 678 300 humanae,
692 257 875 292 intantum
890 256 1013 291 deficit
1031 268 1052 290 a
1072 255 1249 298 bonitate,
1265 264 1300 291 et
1317 256 1369 291 sic
1384 256 1516 292 dicitur
1537 257 1653 292 mala:

60 324 156 364 puta,
178 314 208 350 si
229 313 374 349 deficiat
393 313 426 348 ei
443 312 503 347 vel
521 311 764 347 determinata
786 311 969 358 quantitas
992 310 1196 345 secundum
1213 312 1409 354 rationem,
1431 311 1492 346 vel
1513 311 1655 347 debitus

58 370 173 411 locus,
195 368 254 403 vel
276 367 412 414 aliquid
434 366 660 413 hujusmodi.

128 423 190 458 AD
215 433 368 458 PRIMUM
390 433 478 468 ergo
502 420 711 462 dicendum,
734 420 832 467 quod
856 419 998 454 malum
1021 419 1096 466 agit
1113 419 1150 453 in
1168 419 1301 454 virtute
1323 420 1411 454 boni
1430 419 1653 455 deficientis:

58 478 90 515 si
109 477 208 513 enim
228 476 321 511 nihil
342 485 438 511 esset
455 476 505 510 ibi
526 475 571 510 de
593 475 704 517 bono,
720 486 840 522 neque
855 483 950 509 esset
965 485 1040 516 em,
1059 485 1179 521 neque
1195 485 1303 521 agere
1326 483 1468 521 posset:
1485 475 1514 509 si
1530 483 1654 510 autem

57 543 132 568 non
159 540 256 567 esset
283 530 468 573 deficiens,
495 541 571 565 non
599 538 694 564 esset
720 529 880 564 malum:
903 529 1000 563 unde
1028 537 1062 563 et
1090 529 1186 563 actio
1210 537 1360 563 causata
1388 537 1441 564 est
1468 530 1655 576 quoddam

57 587 197 623 bonum
219 585 416 628 deficiens;
439 585 523 632 quia
546 584 749 619 secundum
772 584 858 630 quid
878 592 931 618 est
949 583 1101 626 bonum,
1121 583 1336 630 simpliciter
1355 592 1478 618 autem
1501 583 1654 618 malum.

129 640 191 676 AD
213 650 424 676 SECUNDUM
446 639 655 681 dicendum,
671 638 770 685 quod
784 637 878 672 nihil
895 638 1076 685 prohibet,
1099 637 1234 684 aliquid
1255 649 1333 672 esse
1349 638 1553 673 secundum
1569 638 1656 685 quid

58 695 95 731 in
117 703 212 738 acm,
234 695 330 730 unde
358 705 466 741 agere
493 694 619 741 possit,
643 702 678 728 et
699 693 904 728 secundum
932 692 1031 727 aliud
1057 693 1189 739 privari
1214 700 1309 735 actu,
1332 693 1428 727 unde
1451 701 1578 728 causet
1599 692 1658 728 de-

58 749 243 785 ficientem
265 749 470 784 actionem:
494 749 588 782 sicut
609 748 728 782 homo
756 758 888 782 caecus
911 755 995 781 actu
1016 747 1128 781 habet
1154 747 1327 781 virtutem
1350 747 1566 793 gressivam,
1592 759 1656 794 per

57 815 169 851 quam
191 803 379 838 ambulare
401 811 541 850 potest;
564 803 626 837 sed
649 802 869 849 inquantum
892 809 993 836 caret
1013 802 1106 844 visu,
1129 801 1191 848 qui
1213 802 1336 848 dirigit
1356 802 1394 836 in
1417 801 1655 845 ambulando,

0 883 1 888 η
57 858 192 906 patitur
213 857 398 893 defectum
419 857 457 892 in
480 856 718 899 ambulando,
740 856 829 890 dum
852 855 1017 890 ambulat
1039 856 1264 903 cespitando.

4 942 6 947 .
129 913 192 948 AD
211 923 386 948 TERTIUM
409 912 619 954 dicendum,
642 911 741 958 quod
764 911 860 946 actio
880 910 978 945 mala
1000 918 1122 957 potest
1141 911 1277 946 habere
1301 910 1462 958 aliquem
1481 910 1654 947 effectum

0 990 6 996 -
56 979 121 1016 per
141 979 192 1011 se,
214 967 419 1002 secundum
440 966 476 1001 id
499 967 598 1014 quod
617 966 728 1001 habet
745 966 790 1000 de
804 966 980 1009 bonitate,
1000 974 1035 1001 et
1054 966 1224 1009 entitate;
1247 966 1342 1001 sicut
1361 966 1582 1002 adulterium
1601 976 1655 1002 est

2 1051 10 1058 .
58 1033 170 1058 causa
191 1022 438 1069 generationis
459 1022 658 1064 humanae,
681 1021 900 1068 inquantum
918 1021 1030 1056 habet
1049 1021 1356 1056 commixtionem
1378 1022 1502 1065 maris,
1525 1030 1561 1057 et
1581 1021 1656 1057 foe-

3 1070 6 1077 *
57 1076 200 1120 minae3
222 1087 299 1111 non
321 1084 446 1111 autem
466 1076 686 1123 inquantum
705 1084 805 1110 caret
826 1075 954 1110 ordine
976 1076 1140 1110 rationis.

630 1208 981 1254 ARTICULUS
1011 1209 1069 1252 II.
1587 1232 1650 1269 105

146 1319 303 1350 UTRUM
324 1319 463 1350 ACTIO
491 1318 678 1350 HOMINJS
706 1319 883 1349 HABEAT
912 1319 1190 1360 BONITATEM,
1223 1320 1307 1350 VEL
1331 1320 1554 1350 MALITIAM

707 1386 766 1416 Ex
790 1386 1002 1429 OBJECTo.

57 1475 161 1524 (Insr.
182 1488 213 1523 q.
234 1488 287 1524 19.
309 1480 374 1511 art.
395 1488 424 1512 1.
445 1481 477 1511 et
495 1487 528 1512 2.
551 1483 642 1523 corp.
664 1481 692 1511 et
714 1487 744 1522 q.
767 1487 817 1511 21.
841 1480 904 1510 art.
928 1488 955 1511 l.
978 1482 1071 1523 corp.
1094 1481 1123 1510 et
1144 1487 1175 1511 2.
1199 1476 1288 1511 Dist.
1308 1476 1361 1522 36.
1386 1481 1451 1512 art.
1471 1487 1500 1523 5.
1525 1479 1650 1525 corp).

129 1566 191 1602 AD
206 1577 416 1602 SECUNDUM
438 1566 490 1602 sic
511 1566 732 1614 proceditur.
751 1566 915 1610 Videtur,
939 1566 1038 1613 quod
1061 1566 1157 1601 actio
1179 1578 1256 1601 non
1277 1566 1413 1601 habeat
1434 1567 1652 1611 bonitatem,

57 1621 116 1657 vel
134 1621 314 1657 malitiam
337 1632 381 1656 ex
402 1621 568 1668 objecto:
587 1621 775 1667 objectum
798 1623 897 1656 enim
912 1621 1067 1656 actionis
1083 1629 1137 1656 est
1154 1633 1229 1656 res:
1252 1621 1290 1656 in
1311 1621 1419 1657 rebus
1437 1630 1561 1657 autem
1576 1634 1653 1658 non

57 1683 112 1711 est
132 1674 284 1719 malum,
299 1675 362 1710 sed
380 1677 417 1710 in
440 1687 508 1710 usu
526 1676 773 1723 peccantium,
788 1685 827 1710 ut
842 1676 997 1722 August.
1014 1676 1101 1710 dicit
1122 1676 1160 1710 in
1181 1676 1242 1710 lib.
1263 1688 1291 1722 3.
1311 1675 1355 1710 de
1371 1676 1498 1711 Doctr.
1516 1677 1652 1712 Christ.

56 1731 147 1778 (cap.
168 1743 220 1767 12.
235 1737 364 1778 parum
386 1732 550 1778 aprina.)
561 1743 575 1773 ,·
599 1741 688 1777 ergo
712 1731 807 1765 actio
830 1731 994 1765 humana
1007 1742 1084 1765 non
1098 1730 1209 1766 habet
1230 1731 1446 1774 bonitatem,
1468 1731 1528 1766 vel
1551 1731 1653 1766 mali·

10 1792 13 1813 ἑ
57 1786 148 1821 tiam
171 1796 214 1820 ex
235 1785 394 1832 objecto.

130 1850 162 1874 2.
184 1840 425 1876 PRAETEREA.
456 1839 658 1886 Objectum
685 1847 921 1887 comparatur
943 1840 989 1874 ad
1019 1841 1217 1882 actionem,
1240 1847 1278 1874 ut
1305 1842 1479 1884 materia3
1505 1840 1653 1877 bonitas

9 1893 26 1910 ²
58 1901 182 1930 autem
196 1895 250 1930 rei
266 1906 343 1930 non
357 1901 411 1930 est
425 1906 468 1930 ex
483 1897 648 1938 materia,
665 1895 728 1930 sed
743 1895 862 1941 magis
878 1906 921 1929 ex
934 1893 1067 1937 forma,
1083 1906 1175 1942 quae
1191 1903 1245 1929 est
1260 1902 1359 1930 actus
1373 1908 1381 1939 ;
1397 1907 1486 1942 ergo
1498 1896 1650 1940 bonum,

8 1991 9 1995 Ἰ
57 1955 93 1984 et
113 1948 254 1984 malum
274 1961 351 1984 non
373 1957 429 1984 est
449 1951 486 1985 in
509 1949 648 1984 actibus
671 1961 714 1984 ex
736 1950 894 1995 objecto.

131 2015 161 2050 3.
176 2003 417 2040 PRAETEREA.
448 2004 647 2050 Objectum
662 2006 847 2051 potentiae
865 2004 1006 2038 activae
1023 2012 1259 2051 comparatur
1281 2004 1325 2038 ad
1342 2004 1541 2048 actionem,
1557 2005 1654 2040 sicut

57 2056 209 2093 effectus
235 2057 281 2092 ad
303 2069 471 2093 causam:
499 2058 563 2093 sed
585 2059 728 2094 bonitas
753 2070 885 2093 causae
908 2070 984 2093 non
1006 2058 1188 2105 dependet
1210 2070 1253 2092 ex
1276 2057 1419 2101 effectu,
1443 2059 1507 2094 sed
1535 2060 1653 2107 magis

57 2123 77 2147 e
91 2123 293 2155 converso;
309 2123 398 2159 ergo
413 2113 510 2148 actio
525 2113 688 2148 humana
703 2124 779 2148 non
794 2112 904 2147 habet
918 2113 1133 2155 bonitatem,
1149 2112 1208 2147 vel
1223 2112 1403 2147 malitiam
1427 2125 1471 2148 ex
1494 2114 1652 2160 objecto.

130 2165 207 2202 SED
229 2177 388 2202 CONTRA
415 2175 480 2210 est,
508 2168 607 2214 quod
631 2167 762 2202 dicitur
790 2167 913 2202 Oseae
927 2179 980 2214 9.:
1000 2168 1101 2202 Facti
1121 2172 1199 2202 sunt
1219 2168 1472 2211 abominabiles,
1495 2170 1580 2204 sicut
1601 2182 1650 2212 ea,

0 2241 1 2250 κ
56 2232 140 2268 quae
159 2221 369 2257 dilexerunt:
392 2221 432 2256 fit
449 2230 573 2257 autem
588 2223 706 2256 homo
720 2222 804 2256 Deo
820 2221 1077 2256 abominabilis
1096 2230 1245 2269 propter
1264 2222 1445 2256 malitiam
1465 2235 1551 2258 suae
1571 2235 1654 2271 ope-

55 2275 329 2323 rationis;ergo
350 2275 490 2311 malitia
512 2277 736 2324 operationis
759 2284 812 2311 est
834 2276 1038 2311 secundum
1057 2276 1200 2323 objecta
1217 2276 1326 2319 mala,
1349 2288 1444 2324 quae
1462 2277 1579 2313 homo
1603 2278 1652 2312 di-

57 2334 156 2383 ligit:
180 2344 217 2372 et
237 2336 369 2372 eadem
390 2338 483 2372 ratio
506 2345 562 2372 est
582 2337 626 2372 de
648 2337 812 2372 bonitate
841 2337 1007 2372 actionis.

127 2390 361 2428 RESPONDEO
389 2391 600 2434 dicendum,
630 2392 741 2438 quod,
772 2393 865 2426 sicut
894 2391 1033 2426 dictum
1063 2399 1117 2426 est
1147 2392 1228 2437 (art.
1252 2393 1401 2439 praec),
1433 2393 1586 2436 bonum,
1618 2402 1654 2428 et

57 2444 197 2480 malum
219 2445 386 2489 actionis,
400 2446 494 2481 sicut
516 2454 551 2480 et
573 2455 800 2481 caeterarum
821 2457 956 2488 rerum,
976 2446 1173 2481 attenditur
1191 2458 1235 2481 ex
1249 2446 1475 2493 plenitudine
1495 2448 1651 2491 essendi,

57 2499 117 2535 vel
137 2499 281 2535 defectu
302 2500 426 2548 ipsius.
453 2501 622 2535 Primum
649 2508 785 2543 autem,
807 2501 906 2548 quod
934 2501 979 2535 ad
1005 2501 1270 2548 plenitudinem
1299 2503 1444 2536 essendi
1469 2504 1651 2550 pertinere

57 2554 210 2598 videtur,
231 2563 287 2590 est
303 2555 340 2590 id
361 2555 460 2602 quod
475 2554 538 2590 dat
557 2557 609 2590 rei
631 2555 805 2602 speciem.
823 2555 927 2590 Sicut
948 2564 1071 2591 autem
1093 2567 1149 2591 res
1169 2556 1344 2591 naturalis
1359 2557 1471 2592 habet
1489 2558 1652 2605 speciem

58 2619 102 2643 ex
120 2619 187 2644 sua
207 2608 346 2652 forma;
363 2609 414 2644 ita
429 2609 525 2644 actio
547 2609 659 2644 habet
680 2610 842 2656 speciem
861 2621 904 2644 ex
925 2611 1090 2656 object03
1110 2612 1204 2645 sicut
1219 2619 1254 2645 et
1272 2620 1396 2647 motus
1412 2624 1455 2647 ex
1469 2613 1651 2655 termino;

58 2670 95 2698 et
118 2663 202 2699 ideo
223 2663 318 2699 sicut
343 2664 461 2711 prima
482 2664 626 2699 bonitas
655 2666 706 2699 rei
727 2664 902 2700 naturalis
934 2665 1130 2700 attenditur
1157 2677 1200 2700 ex
1226 2678 1291 2701 sua
1318 2666 1450 2709 forma,
1474 2678 1567 2713 quae
1591 2668 1652 2702 dat

58 2717 220 2764 speciem
241 2718 292 2762 ei;
313 2718 364 2753 ita
385 2726 422 2753 et
440 2718 559 2766 prima
585 2718 729 2754 bonitas
752 2727 854 2754 actus
877 2719 1028 2754 moralis
1057 2719 1254 2754 attenditur
1282 2731 1324 2755 ex
1347 2721 1493 2767 objecto
1517 2733 1651 2757 conve-

58 2770 183 2815 nienti,
203 2772 300 2807 unde
314 2781 350 2807 et
371 2784 391 2807 a
413 2772 631 2820 quibusdam
652 2781 806 2808 vocatur
828 2775 949 2808 bonum
963 2787 1003 2809 ex
1016 2786 1143 2821 genere,
1160 2783 1246 2822 puta
1265 2775 1317 2810 uti
1339 2787 1377 2810 re
1399 2787 1480 2810 sua:
1505 2785 1540 2811 et
1558 2777 1652 2811 sicut

58 2825 98 2861 in
123 2827 230 2862 rebus
258 2827 484 2863 naturalibus
510 2829 669 2874 primum
700 2827 840 2862 malum
868 2837 932 2871 est,
959 2829 991 2863 si
1021 2840 1078 2864 res
1108 2838 1282 2876 generata
1309 2842 1384 2864 non
1415 2832 1652 2878 consequitur

61 2878 221 2916 formam
242 2881 473 2929 specificam3
494 2889 582 2929 puta
602 2881 725 2916 sinon
748 2890 942 2929 generetur
963 2883 1092 2926 homo,
1115 2883 1177 2918 sed
1201 2883 1336 2930 aliquid
1358 2883 1444 2919 loco
1467 2885 1648 2921 hominis:

61 2935 112 2971 ita
137 2935 298 2983 primum
322 2935 464 2972 malum
485 2936 522 2971 in
544 2937 748 2972 actionibus
775 2936 978 2972 moralibus
1006 2946 1071 2980 est,
1098 2938 1198 2986 quod
1220 2946 1274 2974 est
1299 2950 1343 2974 ex
1371 2939 1529 2986 objecto,
1556 2940 1652 2976 sicut
