1907 3198
509 165 730 201 QUAESTIO
764 165 830 194 LV.
865 164 1113 194 ARTICULUS
1147 163 1175 193 Ι.
1553 163 1635 206 379

61 251 153 286 sicut
183 250 226 285 ad
257 249 444 296 proprium
472 256 612 284 actum:
641 247 733 282 nihil
755 256 810 283 est
836 247 935 282 enim
957 245 1054 281 aliud
1078 253 1178 280 actus
1200 245 1354 286 virtutis,
1382 255 1493 291 quam
1520 244 1638 279 bonus

60 315 145 340 usus
166 303 270 338 liberi
291 303 436 338 arbitrii.

130 359 191 394 An
211 368 383 393 TERTmM
405 356 612 398 dicendum,
636 356 733 403 quod
757 355 879 402 aliquo
903 354 1059 389 dicimur
1080 353 1213 388 mereri
1235 353 1411 399 dupliriler
1425 366 1434 387 :
1459 364 1522 387 uno
1542 352 1638 386 modo

59 412 151 447 sicut
164 413 243 459 ipso
258 411 402 453 merito,
425 422 469 445 eo
486 411 598 445 modo
614 422 686 457 quo
702 410 858 444 dicimur
873 419 1015 444 currere
1038 419 1164 442 cursu:
1189 416 1224 442 et
1238 407 1309 441 hoc
1326 407 1439 441 modo
1455 418 1639 441 meremur

59 466 217 502 actibus:
245 466 311 500 alio
338 465 433 500 modo
456 464 612 499 dicimur
646 465 777 498 mereri
810 463 931 509 aliquo
954 464 1048 497 sicut
1066 461 1245 508 principio
1269 460 1444 502 merendi,
1468 460 1561 494 sicut
1587 461 1639 494 di-

61 519 178 554 cimur
200 531 343 555 currere
365 519 527 566 potentia
551 519 707 553 motiva:
731 526 766 552 et
788 518 838 552 sic
861 517 1016 551 dicimur
1031 516 1162 550 mereri
1176 515 1380 557 virtutibus,
1396 522 1431 549 et
1444 514 1637 548 habitibus.

129 574 191 610 AD
217 584 409 614 QUARTUM
436 573 644 614 dicendum,
671 573 768 618 quod
795 572 908 606 virtus
935 571 1066 605 dicitur
1091 570 1182 611 ordo,
1214 570 1272 604 vel
1300 569 1466 604 ordinatio
1494 571 1633 611 amoris,

57 628 151 664 sicut
171 628 218 670 id,
240 628 284 663 ad
311 628 408 674 quod
431 636 484 662 est
504 627 633 661 virtus:
658 638 720 673 per
742 626 911 660 virtutem
935 625 1033 660 enim
1057 625 1244 659 ordinatur
1265 635 1371 658 amor
1391 623 1427 657 in
1449 623 1564 657 nobis.

129 683 190 718 AD
205 692 388 722 QUINTUM
411 682 619 724 dicendum,
634 682 730 727 quod
746 681 930 727 potentiae
945 678 1128 713 naturales
1143 686 1226 712 sunt
1247 678 1291 712 de
1313 689 1351 712 se
1375 677 1637 711 determinatae

58 737 102 772 ad
125 748 252 780 unum,
272 748 347 771 non
370 744 493 771 autem
515 736 700 783 potentiae
722 733 936 777 rationales;
959 741 995 769 et
1015 733 1099 767 ideo
1121 744 1196 767 non
1219 740 1273 767 est
1294 731 1427 774 simile,
1441 739 1480 765 ut
1498 731 1637 765 dictum

57 799 111 826 est
131 791 185 837 (in
203 797 295 839 corp.
315 792 410 837 art).

625 931 976 978 ARTICULUS
1009 931 1065 974 ΙΙ.
1568 950 1636 988 292

247 1041 404 1072 UTRUM
429 1041 589 1072 VIRTUS
618 1041 806 1072 HUMANA
833 1041 901 1071 SIT
930 1040 1121 1071 HABITUS
1149 1038 1438 1070 OPERATIVUS.

151 1123 254 1172 (Insr.
273 1135 304 1171 q.
324 1124 375 1160 61.
396 1129 460 1160 art.
479 1137 507 1161 ι.
527 1131 618 1172 corp.
638 1131 668 1161 et
685 1137 715 1172 q.
735 1136 783 1172 71.
807 1129 871 1160 art.
886 1137 913 1160 ι.
936 1124 979 1158 ad
996 1135 1027 1159 2.
1047 1128 1076 1158 et
1096 1134 1166 1158 2-2.
1189 1134 1219 1169 q.
1239 1123 1290 1169 58.
1307 1126 1371 1156 art.
1398 1133 1426 1156 1.
1446 1126 1538 1168 corp.

513 1184 544 1215 et
558 1191 586 1226 3.
609 1180 698 1214 Dist.
722 1179 778 1215 26.
801 1191 832 1226 q.
854 1191 885 1214 2.
908 1183 972 1213 art.
997 1190 1022 1213 r.
1042 1177 1165 1224 corp).

125 1268 185 1304 AD
206 1278 416 1304 SECUNDUM
437 1269 489 1304 sic
515 1269 735 1315 proceditur.
765 1267 929 1311 Videtur,
957 1267 1054 1315 quod
1081 1278 1157 1301 non
1184 1266 1229 1301 sit
1255 1265 1298 1300 de
1326 1264 1467 1299 ratione
1493 1264 1634 1299 virtutis

55 1322 249 1365 humanae,
271 1322 369 1369 quod
391 1322 437 1358 sit
457 1323 602 1358 habitus
624 1323 850 1370 operativus:
879 1322 967 1357 dicit
996 1321 1094 1356 enim
1118 1320 1261 1355 Tullius
1289 1320 1326 1354 in
1352 1329 1386 1362 4.
1415 1319 1458 1353 de
1482 1317 1633 1354 Tuscul.

56 1375 145 1418 QQ.
168 1376 259 1421 (ante
278 1376 395 1422 med),
410 1377 508 1424 quod
530 1377 624 1412 sicut
645 1385 699 1412 est
725 1377 870 1419 sanitas,
893 1384 929 1411 et
941 1375 1174 1423 pulchritudo
1191 1373 1367 1420 corporis,
1382 1373 1432 1407 ita
1451 1381 1504 1407 est
1521 1373 1634 1407 virtus

55 1430 216 1466 animae:
240 1430 302 1466 sed
325 1431 471 1474 sanitas,
495 1438 529 1466 et
550 1431 782 1478 pulchritudo
804 1442 879 1466 non
901 1437 986 1465 sunt
1010 1429 1154 1465 habitus
1182 1427 1378 1475 operativi3
1401 1438 1488 1474 ergo
1515 1438 1634 1474 neque

53 1484 164 1520 etiam
185 1485 310 1521 virtus.

125 1549 156 1574 2.
178 1538 417 1575 PRAETEREA.
439 1539 481 1574 In
503 1539 609 1575 rebus
630 1539 854 1575 naturalibus
876 1539 1059 1574 invenitur
1072 1538 1186 1573 virtus
1208 1548 1282 1572 non
1301 1535 1423 1571 solum
1447 1536 1490 1570 ad
1514 1546 1634 1582 agere,

52 1593 114 1628 sed
137 1593 247 1628 etiam
270 1594 314 1628 ad
337 1605 434 1637 esse3
455 1602 495 1628 ut
515 1601 613 1641 patet
634 1605 698 1641 per
719 1593 858 1628 Philos.
880 1594 917 1628 in
943 1604 971 1628 1.
995 1594 1038 1628 de
1073 1592 1193 1627 Coelo
1225 1592 1385 1639 (sparsim
1415 1591 1472 1625 ubi
1501 1591 1634 1636 quaerit

50 1646 88 1682 de
107 1647 226 1682 mundi
244 1648 423 1695 generat),
446 1648 544 1695 quod
564 1648 746 1694 quaedam
768 1648 904 1682 habent
924 1647 1096 1682 virtutem
1113 1654 1152 1681 ut
1169 1647 1240 1681 sint
1261 1656 1423 1692 semper;
1446 1644 1630 1690 quaedam

50 1712 139 1736 vero
161 1712 236 1737 non
257 1702 300 1737 ad
321 1702 394 1737 hoc
417 1703 514 1748 quod
530 1703 601 1737 sint
615 1713 772 1748 semper,
787 1702 849 1737 sed
865 1701 987 1748 aliquo
1002 1709 1168 1748 ternpore
1185 1699 1445 1734 determinato:
1463 1699 1525 1733 sed
1541 1699 1635 1732 sicut

50 1766 88 1790 se
109 1755 219 1790 habet
238 1755 352 1791 virtus
373 1755 547 1791 naturalis
569 1756 605 1790 in
627 1756 734 1791 rebus
751 1755 988 1797 naturalibus,
1010 1755 1059 1790 ita
1081 1766 1119 1790 se
1141 1754 1252 1789 habet
1272 1754 1385 1788 virtus
1407 1753 1570 1787 humana
1596 1754 1632 1786 in

49 1809 307 1853 rationalibus;
329 1821 418 1857 ergo
441 1810 552 1845 etiarn
573 1810 686 1845 virtus
709 1810 871 1844 humana
893 1820 967 1844 non
991 1809 1112 1844 solum
1135 1817 1189 1844 est
1215 1809 1259 1843 ad
1283 1819 1402 1854 agere,
1431 1807 1493 1842 sed
1521 1806 1632 1841 etiam

49 1864 94 1899 ad
115 1875 205 1900 esse.

124 1929 153 1964 3.
175 1918 415 1954 PRAETEREA.
437 1917 576 1953 Philos.
600 1918 687 1953 dicit
707 1918 744 1952 in
767 1929 798 1964 7.
822 1918 968 1965 Physic.
991 1918 1069 1962 (tex.
1091 1929 1141 1964 17.
1142 1917 1174 1962 ),
1191 1916 1289 1963 quod
1311 1915 1424 1950 virtus
1444 1924 1497 1950 est
1515 1915 1632 1961 dispo-

48 1971 132 2007 sitio
147 1971 297 2019 perfecti
311 1973 354 2007 ad
370 1974 568 2018 optimum:
586 1973 768 2019 optimum
791 1980 926 2014 autem,
942 1972 985 2006 ad
1001 1972 1098 2018 quod
1112 1971 1305 2006 hominem
1321 1978 1466 2016 oportet
1487 1970 1631 2016 disponi

48 2036 112 2073 per
130 2026 314 2069 virtutem,
336 2034 391 2062 est
410 2026 486 2073 ipse
508 2026 620 2068 Deus,
643 2035 681 2061 ut
703 2027 832 2073 probat
859 2026 1014 2072 August.
1037 2026 1073 2059 in
1096 2025 1156 2060 lib.
1180 2026 1224 2059 de
1251 2024 1414 2059 Moribus
1441 2023 1629 2058 Ecclesiae

49 2078 139 2127 (cap.
154 2092 183 2127 3.
203 2080 236 2116 6.
260 2080 390 2126 3114),
420 2081 463 2114 ad
495 2091 605 2127 quem
633 2081 835 2128 disponitur
862 2080 985 2114 anima
1012 2091 1075 2126 per
1102 2078 1406 2114 assimilationem
1429 2078 1473 2112 ad
1491 2078 1631 2124 ipsum;

48 2144 136 2180 ergo
151 2134 304 2176 videtur,
319 2135 418 2181 quod
427 2135 542 2170 virtus
557 2135 695 2169 dicatur
711 2134 866 2181 qualitas
881 2134 1061 2181 quaedam
1078 2134 1221 2168 animae
1237 2134 1273 2168 in
1290 2133 1417 2168 ordine
1434 2133 1477 2166 ad
1493 2133 1628 2175 Deum,

46 2195 236 2235 tamquam
258 2188 494 2223 assimilativa
517 2189 560 2223 ad
583 2189 715 2236 ipsum,
738 2200 812 2223 non
835 2197 958 2223 autem
984 2188 1020 2222 in
1047 2188 1175 2223 ordine
1203 2188 1247 2222 ad
1262 2187 1536 2234 operationem;
1554 2198 1630 2221 non

47 2240 156 2288 igitur
177 2250 231 2277 est
249 2242 393 2278 habitus
408 2243 627 2289 operativus.

119 2295 195 2332 SED
217 2307 374 2332 CONTRA
389 2305 454 2339 est,
469 2297 566 2344 quod
582 2296 720 2332 Philos.
744 2297 830 2332 dicit
850 2296 886 2331 in
911 2307 942 2331 2.
965 2296 1126 2331 Ethicor.
1149 2297 1241 2343 (cap.
1265 2296 1297 2332 6.
1317 2296 1512 2343 inprime),
1529 2295 1626 2342 quod

46 2349 159 2386 virtus
180 2351 464 2398 uniuscujusque
486 2351 538 2385 rei
561 2359 624 2393 est,
647 2362 740 2398 quae
763 2362 854 2397 opus
876 2351 952 2396 ejus
974 2351 1113 2385 bonum
1135 2351 1262 2385 reddit.

117 2403 350 2440 RESPONDEO
381 2405 590 2447 dicendum,
625 2405 722 2451 quod
752 2405 864 2440 virtus
900 2416 942 2439 ex
980 2405 1058 2451 ipsa
1088 2405 1229 2439 ratione
1263 2404 1424 2439 nominis
1454 2404 1630 2451 importat

46 2459 244 2505 quamdam
264 2458 527 2506 perfectionem
543 2459 727 2506 potentiae
746 2467 785 2494 ut
798 2470 904 2506 supra
920 2459 1057 2494 dictum
1073 2467 1126 2494 est
1140 2460 1223 2504 (art.
1238 2459 1373 2507 praec.)
1384 2471 1396 2499 ,·
1420 2459 1526 2500 unde,
1543 2470 1627 2493 cum

45 2511 162 2560 duplex
181 2513 228 2548 sit
256 2513 429 2560 potentia,
452 2513 592 2548 scilicet
622 2514 784 2560 potentia
815 2513 859 2548 ad
881 2525 955 2556 esse,
985 2522 1020 2548 et
1046 2514 1208 2560 potentia
1236 2513 1279 2547 ad
1303 2525 1410 2559 agere,
1439 2513 1626 2558 utriusque

46 2567 230 2613 potentiae
252 2566 427 2614 perfectio
448 2569 558 2602 virtus
578 2575 750 2602 vocatur:
774 2568 834 2602 sed
858 2568 1021 2614 potentia
1045 2567 1087 2602 ad
1103 2580 1163 2602 essa
1185 2579 1222 2602 se
1245 2575 1344 2602 tenet
1367 2578 1408 2601 ex
1431 2575 1531 2613 parte
1554 2577 1628 2600 ma-

45 2620 168 2664 ter-iae,
189 2632 282 2668 quae
303 2630 357 2656 est
378 2633 442 2656 ens
464 2621 500 2656 in
523 2622 708 2668 potentia:
732 2622 894 2668 potentia
925 2630 1049 2656 autem
1078 2622 1121 2656 ad
1150 2634 1244 2668 agere
1266 2633 1303 2656 se
1331 2629 1430 2655 tenet
1457 2632 1498 2654 ex
1526 2628 1626 2667 parte

44 2672 197 2718 formae,
219 2687 312 2723 quae
334 2683 388 2711 est
409 2676 629 2723 principium
651 2676 802 2722 agendi3
825 2687 869 2711 eo
885 2676 981 2723 quod
998 2676 1286 2722 unumquodque
1310 2675 1394 2721 agit,
1409 2675 1624 2720 inquantum

46 2736 102 2765 est
121 2737 220 2765 actu:
243 2730 280 2764 in
303 2730 563 2765 constitutione
579 2738 701 2764 autern
723 2730 885 2765 hominis
901 2741 1031 2777 corpus
1048 2741 1085 2765 se
1101 2738 1199 2765 tenet
1218 2732 1311 2765 sicut
1324 2729 1487 2770 materia,
1504 2728 1625 2762 anima

45 2792 134 2818 vero
154 2783 247 2819 sicut
267 2783 406 2820 forma:
429 2792 465 2819 et
486 2792 663 2831 quantum
686 2784 833 2830 quidem
856 2784 900 2819 ad
923 2795 1055 2831 corpus
1077 2784 1192 2818 homo
1209 2783 1420 2818 comunicat
1441 2794 1526 2817 cum
1546 2782 1625 2816 aliis

43 2836 275 2880 animalibus,
290 2846 326 2874 et
346 2838 512 2874 similiter
527 2846 702 2885 quantum
727 2839 770 2872 ad
785 2839 890 2881 vires,
912 2850 1005 2885 quae
1021 2847 1104 2874 sunt
1118 2840 1275 2880 animae,
1297 2846 1332 2872 et
1358 2837 1504 2883 corpori
1527 2848 1625 2871 com-

42 2898 187 2927 munes.
202 2891 312 2928 Solae
327 2900 450 2928 autem
471 2891 555 2927 illae
577 2892 686 2935 vires,
703 2903 796 2939 quae
810 2901 894 2928 sunt
908 2893 1075 2940 propriae
1091 2893 1248 2935 animae,
1263 2892 1402 2927 scilicet
1416 2891 1624 2934 rationales,
