1907 3182
242 163 323 205 322
651 161 873 197 QUAESTIO
907 162 1006 191 XLV.
1040 161 1287 192 ARTICULUS
1321 162 1377 192 IV.
1422 170 1431 172 ‘

238 243 476 278 contrariatur
498 242 681 285 audaciae,
704 250 741 277 ut
762 254 804 277 ex
826 243 929 277 dictis
955 250 1052 288 patet
1080 242 1158 286 (art.
1182 255 1208 277 r.
1231 243 1300 288 huj.
1323 242 1394 288 q.):
1422 242 1485 277 sed
1513 243 1666 277 audaces
1693 255 1802 289 quan-

238 298 357 344 doque
378 297 415 331 in
436 297 612 343 principio
627 305 797 338 tremunt,
814 305 853 330 ut
871 296 1007 330 Philos.
1030 296 1116 329 dicit
1136 296 1173 329 in
1194 295 1253 329 lib.
1269 296 1312 330 de
1331 296 1619 330 Problematibus
1640 296 1726 340 (sect.
1746 309 1801 344 27.

231 352 341 397 probl.
356 364 384 398 3.
406 353 441 385 in
454 352 549 397 fin.):
570 362 656 396 ergo
678 362 752 384 non
774 360 856 384 sunt
876 349 1119 396 promptiores
1141 349 1177 383 in
1199 349 1388 395 principio,
1411 361 1521 396 quarn
1543 350 1578 383 in
1599 349 1685 395 ipsis
1711 350 1801 396 peri-

238 404 327 439 culis
349 405 550 439 existentes.

309 469 340 492 2.
362 458 598 493 PRAETEREA.
613 457 682 490 Per
697 463 935 502 augmentum
957 455 1089 501 obJecti
1107 463 1258 501 augetur
1271 455 1411 502 passio,
1433 455 1525 490 sicut
1546 455 1576 489 si
1595 456 1734 490 bonum
1749 464 1802 491 est

237 511 402 553 amabile,
425 519 460 545 et
480 511 596 555 magis
618 510 755 543 bonum
774 517 827 543 est
844 509 960 554 magis
979 508 1153 543 amabile:
1176 509 1237 542 sed
1260 509 1411 542 arduum
1431 517 1483 543 est
1498 509 1680 554 objectum
1696 509 1804 544 auda-

237 566 330 607 ciae3
354 572 587 609 augmentato
610 574 696 609 ergo
713 562 837 604 arduo,
857 570 1148 607 augmentat-atur
1167 561 1335 595 audacia:
1359 562 1420 596 sed
1443 563 1558 607 magis
1579 562 1617 596 fit
1635 562 1801 605 arduum,

236 626 271 652 et
292 618 436 652 difficile
462 616 675 664 periculum,
697 615 842 662 quando
865 624 917 649 est
938 626 1126 661 praesens:
1151 626 1237 660 ergo
1261 614 1366 649 debet
1386 623 1471 649 tunc
1494 615 1610 661 magis
1638 626 1800 650 crescere

236 672 397 705 audacia.

310 738 338 772 3.
361 726 596 759 PRAETEREA.
623 723 674 756 Ex
692 721 899 756 vulneribus
922 722 1065 756 inflictis
1092 730 1312 768 provocatur
1337 723 1404 756 ira:
1428 722 1489 756 sed
1515 722 1568 756 ira
1595 731 1719 758 causat
1740 734 1799 757 au—

235 780 396 813 daciam:
420 778 505 811 dicit
527 778 624 811 enim
646 775 782 810 Philos.
809 776 844 808 in
868 786 898 809 2.
922 775 1027 809 Rhet.
1055 776 1146 822 (cap.
1165 788 1194 821 5.
1217 777 1250 809 in
1262 776 1342 821 fin.)
1372 776 1469 822 quod
1487 777 1541 810 ira
1559 781 1602 811 est
1623 778 1797 819 ausimum

235 844 322 878 ergo
341 832 484 878 quando
504 832 577 876 jam
598 837 680 864 sunt
700 829 736 863 in
758 829 843 875 ipsis
865 829 1044 875 periculis,
1067 837 1102 863 et
1122 829 1381 875 percutiuntur,
1403 829 1543 864 videtur
1561 830 1659 876 quod
1680 831 1798 877 magis

235 887 388 921 audaces
411 884 615 919 reddantur.

306 940 380 973 SED
403 948 558 973 CONTRA
580 944 643 978 est,
663 936 759 982 quod
779 935 908 969 dicitur
927 935 963 969 in
987 946 1015 981 3.
1035 935 1151 969 Ethic.
1169 935 1255 982 (cap.
1271 947 1301 982 7.
1318 940 1392 982 post
1413 935 1510 982 med.)
1527 928 1625 982 quod
1644 937 1799 971 audaces

232 992 483 1040 praevolantes
506 998 598 1032 sunt,
622 998 655 1024 et
676 989 840 1023 volantes
863 997 945 1023 ante
967 988 1146 1035 pericula,
1169 991 1204 1023 in
1226 989 1312 1035 ipsis
1334 998 1456 1023 autem
1479 989 1677 1024 discedunt.

303 1047 534 1080 RESPONDEO
550 1043 754 1085 dicendum,
775 1043 871 1088 quod
887 1042 1048 1084 audacia,
1066 1054 1149 1076 cum
1164 1043 1208 1077 sit
1222 1043 1369 1089 quidam
1388 1051 1509 1077 motus
1525 1043 1702 1089 appetitus
1724 1055 1799 1078 sen-

231 1100 336 1142 sitivi,
352 1099 510 1145 sequitur
525 1097 852 1144 apprehensionem
867 1097 1057 1130 sensitivae
1074 1096 1134 1141 [al.
1151 1097 1362 1143 appetitivam]
1378 1097 1536 1132 virtutis:
1551 1097 1662 1131 virtus
1678 1105 1799 1131 autem

231 1154 400 1189 sensitiva
414 1164 489 1186 non
504 1160 557 1185 est
572 1150 753 1192 collativa,
775 1162 841 1184 nec
863 1150 1068 1196 inquisitiva
1084 1150 1322 1195 singulorum,
1342 1161 1433 1196 quae
1456 1150 1691 1185 circumstant
1709 1162 1798 1192 rem,

231 1208 292 1242 sed
315 1207 473 1241 subitum
500 1205 609 1239 habet
635 1204 820 1250 judicium.
850 1203 1041 1249 Contingit
1068 1212 1190 1238 autem
1216 1203 1445 1250 quandoque,
1473 1203 1570 1250 quod
1596 1204 1797 1238 secundum

230 1261 385 1295 subitam
401 1258 728 1306 apprehensionem
743 1252 817 1291 non
832 1265 983 1303 possunt
1009 1257 1185 1303 cognosci
1211 1257 1346 1299 omnia,
1373 1268 1464 1303 quae
1491 1256 1741 1292 difficultatem
1761 1257 1798 1291 in

231 1315 353 1361 aliquo
375 1313 523 1359 negotio
547 1311 716 1353 afferunt;
739 1311 833 1344 unde
855 1311 969 1356 surgit
991 1311 1164 1345 audaciae
1191 1319 1313 1345 motus
1336 1311 1380 1344 ad
1401 1310 1689 1356 aggrediendum
1710 1311 1798 1357 peri-

232 1368 373 1402 culum:
388 1366 495 1408 unde,
511 1365 655 1412 quando
669 1366 743 1410 jam
761 1364 990 1410 experiuntur
1004 1364 1123 1410 ipsum
1138 1363 1352 1410 periculum,
1368 1364 1525 1399 sentiunt
1543 1365 1721 1410 majorem
1736 1363 1798 1398 dis-

230 1421 440 1462 ficultatem,
463 1431 571 1466 quam
599 1418 898 1453 aestimaverunt:
921 1425 956 1451 et
980 1417 1063 1451 ideo
1091 1417 1273 1452 deficiunt.
1302 1417 1373 1452 Sed
1399 1417 1491 1451 ratio
1519 1425 1572 1452 est
1598 1417 1796 1452 discursiva

231 1476 409 1517 omnium,
431 1485 523 1520 quae
538 1472 691 1506 afferunt
709 1470 958 1505 difficultatem
976 1471 1142 1517 negotio:
1166 1479 1201 1505 et
1214 1471 1295 1505 ideo
1307 1471 1424 1518 fortes,
1444 1471 1505 1517 qui
1527 1482 1570 1505 ex
1590 1471 1726 1516 judicio
1745 1482 1797 1505 ra-

229 1529 337 1564 tionis
360 1527 618 1574 aggrediuntur
633 1524 804 1572 pericula,
820 1525 856 1558 in
871 1525 1048 1571 principio
1067 1525 1233 1559 videntur
1247 1525 1398 1567 remissi,
1418 1525 1501 1570 quia
1522 1535 1597 1558 non
1618 1524 1713 1570 passi
1734 1524 1795 1570 [al.

222 1583 414 1630 passione];
437 1581 498 1616 sed
521 1592 605 1614 cum
624 1579 882 1613 deliberatione
905 1578 1023 1612 debita
1042 1578 1315 1624 aggrediuntur:
1340 1577 1485 1624 quando
1513 1586 1635 1612 autem
1656 1586 1739 1612 sunt
1759 1578 1795 1612 in

228 1637 313 1682 ipsis
335 1634 514 1682 periculis,
536 1645 611 1668 non
633 1633 861 1679 experiuntur
888 1631 1022 1677 aliquid
1049 1632 1301 1678 improvisum,
1322 1631 1384 1665 sed
1407 1631 1625 1677 quandoque
1652 1631 1795 1665 minora

228 1690 310 1732 illis,
329 1701 421 1736 quae
440 1687 798 1735 praecogitaverunt:
818 1694 851 1719 et
865 1685 947 1719 ideo
966 1686 1082 1731 magis
1101 1686 1303 1731 persistunt.
1322 1684 1392 1719 Vel
1414 1685 1524 1719 etiam
1545 1685 1628 1731 quia
1650 1693 1796 1732 propter

226 1744 365 1777 bonum
383 1742 522 1777 virtutis
544 1739 703 1786 pericula
727 1739 1003 1785 aggrediuntur:
1028 1739 1126 1784 cujus
1148 1738 1235 1772 boni
1255 1737 1424 1772 voluntas
1447 1739 1482 1772 in
1505 1738 1555 1772 eis
1576 1746 1794 1784 perseverat,

228 1805 520 1842 quantacumque
549 1795 619 1829 sint
648 1792 824 1840 pericula:
854 1792 1009 1826 audaces
1031 1800 1153 1826 autem
1180 1800 1326 1838 propter
1353 1791 1473 1826 solam
1500 1791 1793 1826 aestimationem

226 1850 420 1885 facientem
442 1860 555 1895 spem,
579 1856 613 1882 et
634 1846 885 1881 excludentem
907 1846 1091 1887 timorem,
1114 1846 1206 1879 sicut
1227 1845 1365 1880 dictum
1387 1853 1441 1880 est
1458 1846 1539 1890 (art.
1554 1846 1698 1892 praec).

296 1904 356 1938 AD
368 1913 517 1938 PRIMUM
532 1913 619 1947 ergo
635 1900 841 1941 dicendum,
857 1899 953 1945 quod
969 1899 1079 1933 etiam
1090 1899 1126 1932 in
1141 1899 1338 1933 audacibus
1353 1899 1485 1934 accidit
1499 1907 1636 1934 tremor
1646 1907 1793 1946 propter

227 1958 499 1992 revocationem
522 1955 653 1989 caloris
676 1954 717 1988 ab
741 1953 976 1988 exterioribus
996 1953 1038 1986 ad
1061 1952 1244 1994 interiora,
1267 1953 1359 1987 sicut
1381 1952 1490 1986 etiam
1509 1952 1544 1986 in
1564 1952 1791 1987 timentibus:

227 2011 289 2046 sed
310 2012 347 2045 in
370 2010 565 2044 audacibus
593 2016 783 2042 revocatur
810 2006 910 2041 calor
931 2006 974 2040 ad
998 2017 1082 2049 cor3
1103 2007 1140 2040 in
1161 2006 1370 2040 timentibus
1398 2014 1520 2040 autern
1547 2006 1590 2041 ad
1612 2005 1793 2040 inferiora.

298 2065 358 2099 AD
381 2073 588 2099 SECUNDUM
610 2061 816 2103 dicendum,
838 2059 935 2106 quod
958 2060 1141 2105 objectum
1169 2060 1303 2094 amoris
1330 2068 1383 2094 est
1403 2059 1614 2106 simpliciter
1634 2060 1792 2102 bonum3

227 2118 321 2153 unde
336 2125 574 2163 augmentum
589 2115 800 2161 simpliciter
822 2121 1032 2159 augmentat
1054 2124 1238 2148 amorem:
1261 2113 1323 2148 sed
1346 2113 1530 2159 obJecturn
1549 2113 1722 2148 audaciae
1740 2121 1793 2148 est

227 2172 473 2218 compositum
495 2182 536 2204 ex
563 2170 673 2210 bono,
701 2177 734 2202 et
755 2167 872 2202 malo:
901 2175 935 2202 et
961 2175 1082 2201 motus
1109 2167 1282 2201 audaciae
1307 2167 1344 2200 in
1370 2166 1509 2201 malum
1536 2167 1794 2214 praesupponit

227 2234 369 2260 motum
388 2225 464 2271 spei
485 2224 521 2258 in
542 2224 699 2264 bonum3
723 2230 756 2256 ct
778 2222 859 2256 ideo
881 2221 909 2256 si
931 2229 1072 2255 tantum
1095 2221 1246 2255 addatur
1267 2221 1310 2255 de
1333 2221 1507 2255 arduitate
1528 2221 1570 2255 ad
1589 2220 1790 2268 periculum

226 2280 323 2325 quod
346 2278 495 2313 excedat
515 2288 628 2323 spem,
647 2287 720 2310 non
743 2283 911 2321 sequetur
933 2282 1054 2308 motus
1073 2274 1257 2316 audaciae,
1280 2274 1342 2309 sed
1364 2274 1601 2309 diminuetur:
1621 2275 1650 2309 si
1668 2283 1790 2309 tamen

226 2333 270 2367 sit
292 2340 412 2366 motus
436 2331 619 2372 audaciae,
642 2337 776 2376 quanto
805 2330 921 2374 majus
940 2336 993 2363 est
1012 2327 1226 2374 periculum,
1252 2336 1352 2363 tanto
1375 2329 1493 2374 major
1520 2328 1670 2362 audacia
1691 2339 1792 2376 repu-

225 2394 330 2421 tatur.

297 2439 357 2474 AD
377 2448 547 2473 TERTIUM
571 2436 776 2478 dicendum,
792 2435 887 2482 quod
912 2447 953 2469 ex
976 2435 1136 2469 laesione
1155 2446 1229 2469 non
1252 2443 1419 2470 causatur
1440 2435 1502 2477 ira,
1517 2435 1586 2470 nisi
1604 2435 1789 2482 supposita

226 2493 345 2539 aliqua
367 2504 440 2538 spe,
464 2499 501 2525 ut
522 2490 611 2524 infra
627 2490 764 2524 dicetur
788 2490 832 2535 (q.
848 2502 908 2535 seq.
925 2494 987 2523 art.
1011 2490 1075 2532 1.);
1093 2497 1127 2523 et
1145 2489 1239 2532 ideo,
1258 2489 1287 2523 si
1302 2489 1406 2523 fuerit
1420 2497 1560 2524 tantum
1575 2489 1788 2536 periculum,

225 2547 321 2593 quod
345 2545 494 2580 excedat
515 2556 616 2591 spem
643 2543 828 2585 victoriae,
856 2554 929 2577 non
957 2550 1124 2589 sequetur
1151 2542 1219 2576 ira:
1243 2543 1305 2577 sed
1327 2554 1454 2577 verum
1477 2551 1540 2586 est,
1568 2543 1664 2590 quod
1687 2543 1715 2578 si
1737 2543 1788 2578 ira

225 2608 405 2646 sequatur,
428 2598 578 2633 audacia
602 2597 799 2644 augebitur.
