1907 3198
498 188 722 226 QUAESTIO
756 188 906 219 Lxxm.
939 188 1187 220 ARTICULUS
1220 188 1279 219 IX.
1562 189 1644 232 529

73 273 220 317 tudinis,
239 277 283 308 cst
301 273 452 320 gravius,
475 282 574 318 quam
591 276 775 318 peccatum.
792 270 878 318 quod
899 271 1120 306 committitur
1132 275 1249 305 contra
1270 282 1372 305 unam
1384 277 1562 318 personam
1577 272 1649 318 pri-

72 332 191 365 vatam
203 339 218 370 ;
239 326 335 362 unde
356 324 562 373 specialiter
582 325 713 360 dicitur
731 324 846 359 Exodi
867 334 943 359 22.:
967 324 1123 372 Principi
1131 324 1251 372 populi
1265 326 1314 359 tui
1326 336 1391 359 non
1406 324 1587 360 maledices.
1604 324 1648 359 Et

73 380 241 419 similiter
261 379 403 427 injuria,
424 390 517 426 quae
539 378 578 413 fit
595 378 703 413 alicui
718 377 882 413 famosae
896 389 1084 425 personae,
1099 378 1241 413 videtur
1255 389 1332 413 esse
1351 378 1497 424 gravior
1507 389 1549 413 ex
1563 378 1648 420 hoc,

74 434 173 485 quod
193 434 231 470 in
251 434 478 477 scandalum,
499 442 535 469 et
555 433 591 468 in
616 433 862 468 turbationem
889 432 954 480 [al.
976 434 1010 467 in
1039 432 1308 478 tribulationem]
1330 432 1573 479 plurimorum
1599 443 1651 467 re·

75 486 222 526 dundat.

145 541 207 578 An
219 551 368 578 numm
383 552 470 588 ergo
484 540 692 582 dicendum,
703 541 801 587 quod
816 539 888 583 ille,
903 540 963 587 qui
978 539 1084 575 infert
1098 541 1265 586 injuriam
1282 540 1457 582 virtuoso,
1472 548 1648 587 quantum

75 601 130 632 est
148 595 186 631 in
206 606 258 639 se,
277 595 396 631 turbat
416 606 502 630 eum
523 604 558 629 et
579 595 742 637 interius,
764 602 798 629 et
819 594 993 629 exterius:
1016 594 1078 629 sed
1101 595 1199 641 quod
1221 594 1287 629 iste
1309 594 1458 629 interius
1481 605 1556 628 non
1575 602 1649 629 tur-

75 649 190 694 betur,
211 649 391 697 contingit
411 660 454 683 ex
475 649 552 693 ejus
572 649 746 690 bonitate,
768 659 860 694 quae
882 659 956 682 non
979 648 1147 683 diminuit
1173 657 1365 695 peccatum
1388 649 1600 693 injuriantis.

147 702 209 740 AD
230 712 439 739 SECUNDUM
460 701 669 744 dicendum,
690 702 788 749 quod
810 709 1088 745 nocumentum,
1103 702 1200 749 quod
1223 702 1302 749 quis
1324 702 1390 736 sibi
1412 702 1478 749 ipsi
1493 701 1598 737 insert
1613 702 1648 736 in

76 755 146 801 his,
164 767 259 805 quae
278 757 430 792 subsunt
450 755 616 790 dominio
637 756 805 803 propriae
827 755 1035 798 voluntatis,
1058 755 1150 790 sicut
1171 755 1206 790 in
1223 756 1327 790 rebus
1341 756 1527 803 possessis,
1541 756 1650 791 habet

76 811 198 846 minus
217 809 263 845 de
282 817 447 858 peccato,
468 821 577 856 quam
600 809 629 844 si
653 809 754 844 alteri
776 807 968 852 inferatur;
991 809 1075 856 quia
1097 810 1244 856 propria
1258 809 1446 844 voluntate
1465 810 1536 844 hoc
1555 810 1648 856 agit:

77 863 140 900 sed
161 863 197 899 in
214 863 286 907 his,
306 874 399 911 quae
424 874 499 898 non
525 863 726 898 subduntur
752 862 916 898 dominio
942 862 1152 906 voluntatis,
1179 864 1272 898 sicut
1292 872 1375 898 sunt
1399 863 1588 907 naturalia,
1615 872 1651 898 et

78 916 277 966 spiritualia
297 916 407 959 bona,
427 924 482 951 est
502 917 647 962 gravius
669 925 860 964 peccatum
883 925 1147 951 nocumentum
1171 917 1237 952 sibi
1256 917 1322 964 ipsi
1337 916 1485 959 inferre3
1505 917 1650 963 gravius

78 971 177 1009 enim
198 979 337 1019 peccat,
358 971 420 1018 qui
445 971 580 1006 occidit
605 971 776 1018 seipsum,
804 982 914 1018 quam
940 971 1002 1018 qui
1029 972 1164 1006 occidit
1191 971 1367 1006 alterum:
1395 971 1456 1006 sed
1484 972 1567 1018 quia
1594 983 1650 1006 res

78 1025 367 1074 propinquorum
387 1033 598 1060 nostrorum
613 1036 688 1060 non
702 1025 902 1060 subduntur
915 1025 1112 1060 voluntatis
1133 1034 1278 1061 nostrae
1293 1026 1470 1069 dominio,
1485 1038 1558 1061 non
1573 1038 1652 1074 pro-

78 1079 175 1116 cedit
193 1079 286 1115 ratio
307 1087 484 1126 quantum
507 1078 552 1113 ad
572 1087 794 1114 nocumenta
817 1079 922 1114 rebus
943 1078 1091 1114 illorum
1110 1079 1221 1122 illata,
1240 1080 1337 1127 quod
1357 1080 1450 1114 circa
1469 1092 1511 1115 ea
1530 1081 1650 1115 minus

78 1139 259 1182 peccetur,
276 1132 346 1168 nisi
364 1131 457 1168 forte
478 1132 602 1175 velint,
623 1132 681 1168 vel
704 1141 821 1167 ratum
843 1133 1012 1168 habeant.

150 1187 212 1223 AD
232 1196 406 1222 TERTIUM
427 1185 634 1228 dicendum,
656 1187 752 1233 quod
775 1197 849 1221 non
872 1195 926 1220 est
948 1187 1111 1233 acceptio
1131 1199 1384 1234 personarum,
1406 1188 1434 1223 si
1454 1188 1555 1223 Deus
1575 1200 1651 1235 gra-

79 1241 160 1277 vius
179 1240 282 1289 punit
300 1248 513 1288 peccantem
541 1249 668 1275 contra
695 1239 970 1275 excellentiores
998 1252 1194 1288 personas:
1221 1242 1293 1276 hoc
1321 1243 1418 1277 enim
1441 1241 1479 1277 fit
1505 1250 1652 1289 propter

80 1294 168 1337 hoc,
187 1293 286 1342 quod
306 1293 379 1329 hoc
400 1293 578 1329 redundat
597 1294 634 1329 in
656 1293 814 1341 plurium
835 1303 1111 1329 nocumentum.

650 1433 998 1478 ARTICULUS
1026 1435 1081 1478 x.
1584 1449 1649 1496 39⁶

109 1542 264 1575 UTRUH
289 1541 558 1574 MAGNITUDO
586 1543 810 1574 PERSONAE
837 1544 1080 1575 PECCANTIS
1108 1545 1342 1576 AGGRAVET
1370 1547 1623 1577 PECCATUM.

343 1631 450 1680 (Insr.
470 1644 501 1679 q.
520 1632 578 1679 89.
599 1637 663 1667 art.
681 1644 710 1680 3.
731 1637 760 1668 et
774 1644 802 1679 5.
824 1640 914 1680 corp.
935 1639 966 1669 et
986 1645 1017 1680 q.
1039 1645 1113 1670 ιο).
1135 1639 1199 1669 art.
1220 1647 1248 1681 3.
1271 1634 1314 1669 ad
1333 1647 1389 1671 20.

234 1690 265 1722 et
283 1697 349 1722 2·a.
367 1697 398 1733 q.
420 1698 496 1722 roo.
514 1691 579 1721 art.
600 1698 628 1722 1.
650 1686 694 1721 ad
715 1698 744 1733 7.
767 1691 795 1721 ct
817 1687 900 1722 Mal.
923 1699 953 1734 q.
970 1699 1000 1734 7.
1023 1693 1086 1722 art.
1106 1700 1158 1724 10.
1179 1688 1222 1722 ad
1239 1701 1267 1735 5.
1287 1694 1316 1724 et
1333 1689 1386 1724 Ps.
1408 1691 1494 1736 24.).

152 1774 214 1812 AD
235 1785 414 1811 maenum
435 1775 486 1811 sic
504 1775 722 1823 proceditur.
741 1775 903 1819 Videtur,
918 1777 1016 1824 quod
1031 1778 1245 1824 magnitudo
1267 1790 1444 1826 personae
1466 1782 1651 1827 peccantis

67 1839 156 1866 vnon
176 1837 351 1877 aggravet
370 1837 574 1877 peccatum.
594 1829 718 1864 Homo
737 1830 835 1865 enirn
854 1831 1011 1866 maxime
1033 1832 1192 1866 redditur
1213 1844 1368 1880 magnus
1390 1845 1432 1869 ex
1454 1835 1538 1877 hoc,
1553 1837 1650 1883 quod

78 1882 164 1920 Deo
183 1882 366 1926 adhaeret,
379 1883 581 1918 secundum
604 1883 691 1918 illud
710 1883 822 1919 Eccli.
845 1894 918 1930 25.:
943 1886 1057 1930 Quam
1077 1898 1214 1932 magnus
1234 1893 1289 1930 est,
1308 1889 1366 1934 qui
1384 1889 1511 1924 invenit
1527 1891 1654 1937 sapien-

80 1937 177 1981 fi‘m,
192 1940 223 1972 et
240 1937 428 1972 scientiam!
440 1937 492 1972 sed
503 1949 569 1972 non
584 1942 734 1985 estsuper
747 1939 912 1974 timentem
929 1939 1130 1975 Dominum:
1146 1940 1208 1975 sed
1227 1950 1364 1987 quanto
1384 1941 1512 1989 aliquis
1535 1944 1652 1990 magis

71 1989 165 2027 Deo
183 1989 368 2034 adhaeret,
388 1998 490 2026 tanto
512 1990 632 2026 minus
653 1991 852 2038 imputatur
880 1993 913 2028 ei
935 1992 1069 2040 aliquid
1092 1993 1135 2028 ad
1159 2003 1367 2040 peccatum:
1398 1996 1529 2031 dicitur
1551 1998 1650 2032 enim

80 2051 117 2080 2.
127 2043 284 2092 Paralip.
302 2054 368 2091 30.:
382 2044 551 2080 Dominus
564 2046 666 2081 bonus
673 2047 917 2093 propitiabitur
931 2048 1066 2090 cunctis,
1082 2049 1140 2094 qui
1154 2049 1187 2083 in
1202 2054 1265 2084 toto
1280 2049 1377 2085 corde
1394 2053 1569 2097 requirunt
1583 2053 1653 2087 Do-

116 2098 131 2123 -‘
151 2117 155 2122 ·
177 2109 211 2133 m
235 2098 348 2133 Deum
368 2103 505 2146 patrum
531 2110 691 2140 suormm
719 2103 748 2134 ct
785 2111 850 2134 non
878 2101 1099 2148 imputabitur
1123 2103 1178 2145 cis,
1205 2102 1292 2149 quod
1319 2105 1427 2139 minus
1451 2106 1653 2152 sanctificati

143 2168 146 2177 =
165 2163 180 2194 ,·
205 2162 296 2199 ergo
313 2159 506 2199 peccatum
517 2163 597 2187 non
620 2161 837 2200 aggravatur
857 2165 900 2188 ex
922 2154 1172 2201 magnitudine
1194 2168 1372 2203 personae
1394 2159 1590 2205 peccantis.

154 2214 188 2241 2.
207 2204 446 2258 Puerum.
464 2205 542 2242 Non
560 2211 605 2242 est
620 2213 840 2254 personarum
859 2209 1004 2256 acceptio
1018 2209 1107 2256 apud
1120 2209 1240 2251 Deum,
1265 2220 1303 2246 ut
1320 2211 1451 2247 dicitur
1470 2212 1578 2248 Rom.
1598 2223 1651 2256 2.;

97 2282 107 2287 -·
132 2269 173 2301 ;ο
191 2269 268 2295 non
289 2260 407 2307 magis
430 2259 534 2307 punit
554 2270 620 2307 pro
642 2271 727 2302 un0‚
754 2268 790 2295 et
809 2261 941 2296 eodem
963 2271 1116 2309 peccato
1143 2275 1268 2307 unum,
1290 2276 1399 2312 quarn
1424 2265 1555 2309 alium3
1576 2279 1650 2303 non

78 2320 175 2365 *ergo
191 2320 411 2362 aggravatur
428 2322 620 2361 peccatum
643 2325 685 2349 ex
703 2314 952 2361 magnitudine
974 2327 1151 2363 personae
1177 2319 1373 2364 peccantis.

73 2403 74 2406 ,
158 2377 189 2415 3.
207 2365 446 2403 Fumea.
463 2366 596 2402 Nullus
614 2366 720 2402 debet
740 2378 782 2402 ex
804 2367 919 2403 homo
937 2368 1215 2406 incommodum
1232 2381 1434 2419 reportare:
1453 2383 1652 2421 reportaret

12 2416 15 2462 Ῐ
75 2420 222 2477 ‚Q
240 2420 271 2457 εἰ
290 2419 328 2456 id
347 2420 447 2469 quod
472 2421 558 2467 agit,
581 2421 698 2468 magis
722 2420 784 2467 [al.
806 2423 960 2469 magnus]
990 2423 1022 2458 ei
1047 2424 1286 2471 imputaretur
1307 2427 1351 2461 ad
1373 2427 1537 2474 culpam;
1563 2440 1652 2476 ergo

137 2492 144 2503 ·
164 2494 167 2503 ι
187 2493 217 2505 ‹..
250 2473 541 2522 magnitudinem
559 2486 737 2522 personae
757 2477 941 2522 peccantis
959 2488 1033 2512 non
1056 2487 1273 2524 aggravatur
1294 2490 1495 2527 peccatum.

157 2526 236 2566 Sto
260 2537 418 2566 coum
438 2536 505 2572 est,
523 2529 622 2576 quod
648 2528 805 2564 Isidorus
827 2529 915 2566 dicit
934 2530 971 2565 in
994 2541 1025 2566 2.
1047 2531 1092 2566 de
1115 2532 1270 2568 Summo
1293 2534 1399 2570 Bono
1422 2535 1512 2584 (cap.
1539 2537 1590 2573 ιδ.
1619 2538 1651 2571 in

79 2600 89 2624 ,¹
140 2580 177 2630 j:
202 2580 312 2620 Tmo
330 2583 443 2629 maius
459 2583 668 2629 cognoscitur
683 2587 855 2630 peccatam
877 2595 950 2626 esse,
972 2590 1096 2632 quanto
1119 2589 1231 2632 major
1251 2588 1309 2634 qui
1324 2594 1443 2635 peccat
1464 2589 1612 2625 habetur.

104 2668 122 2691 ι
157 2633 390 2674 Rmounzo
415 2635 623 2678 dicendum,
649 2635 746 2683 quod
771 2636 892 2684 duplex
925 2646 979 2673 est
1007 2647 1218 2686 peccatum:
1244 2641 1407 2687 quoddam
1437 2651 1490 2678 est
1519 2655 1561 2678 ex
1596 2655 1652 2678 su-

84 2698 89 2724 ‘2
139 2713 147 2716 -
162 2709 166 2716 ·
186 2688 505 2738 ·oneproveniens
522 2697 668 2737 propter
682 2688 926 2726 infirmitatem
941 2691 1123 2728 humanae
1144 2702 1312 2729 naturae:
1328 2704 1362 2730 et
1376 2695 1447 2730 tale
1462 2705 1652 2743 peccatum

140 2761 156 2773 «ι
177 2760 200 2771 ·-
227 2741 426 2792 inputatur
444 2742 490 2786 ei,
510 2744 571 2790 qui
592 2751 647 2778 est
667 2744 784 2789 major
804 2744 839 2778 in
860 2745 1014 2788 virtute3
1035 2757 1080 2781 eo
1102 2747 1198 2793 quod
1221 2749 1339 2783 minus
1362 2749 1513 2795 negligit
1534 2750 1655 2796 hujus-

103 2817 118 2825 ιι
140 2814 146 2824 ·
164 2814 181 2826 Ει
206 2803 356 2845 peccam
371 2797 580 2845 reprimere,
602 2808 694 2844 quae
711 2805 832 2833 tamen
851 2799 1004 2834 omnino
1023 2799 1268 2847 subterfugere
1283 2801 1470 2838 infirmitas
1492 2803 1652 2839 humana

185 2849 280 2887 sinit.
301 2850 384 2887 Atia
402 2860 492 2887 vero
517 2859 666 2898 peccata
692 2859 775 2886 sunt
798 2863 840 2887 ex
866 2852 1125 2900 deliberatione
1148 2856 1397 2901 procedentia:
1425 2865 1460 2892 et
1482 2858 1548 2892 ista
1575 2869 1654 2905 pcc-

147 2922 152 2929 ·
207 2904 312 2941 “ab
335 2904 454 2952 mag'u
480 2903 588 2940 alicui
613 2905 845 2952 imputantur,
870 2916 1006 2954 quanto
1033 2909 1150 2954 major
1177 2917 1246 2944 cst:
1274 2919 1309 2945 ct
1335 2910 1406 2946 hoc
1433 2920 1552 2959 potest
1572 2924 1652 2949 esse
