1875 3198
242 156 327 211 580
634 167 855 204 QUAESTIO
889 168 1018 198 LXXX.
1053 167 1298 198 ART1cuLus
1331 167 1392 198 111.

779 313 1124 359 ARTICULUS
1160 314 1239 357 111.
1727 337 1793 374 43,

237 410 392 441 UTRUM
420 410 638 439 DIABOLUS
671 409 822 439 POSSIT
854 410 1188 441 NECESSITATEM
1220 410 1400 440 INFERRE
1426 410 1484 439 AD
1513 411 1795 442 PECCANDUM.

427 486 526 530 (Mal.
546 497 614 532 q.3.
639 490 704 520 art.
719 497 748 531 3.
769 485 811 520 ad
829 497 860 531 9.
883 490 910 519 et
928 490 991 520 art.
1013 496 1046 530 4.
1070 491 1157 532 corp.
1180 491 1209 520 et
1231 498 1260 532 q.
1284 486 1335 521 16.
1359 490 1421 520 art.
1440 497 1471 521 2.
1494 485 1536 521 ad
1556 498 1607 522 10.

855 544 885 573 et
898 543 961 573 art.
977 550 1026 574 12.
1042 539 1083 573 ad
1097 539 1178 584 10.).

331 621 391 656 AD
414 631 585 655 TERTmM
607 621 657 655 sic
680 621 897 667 proceditur.
919 621 1082 663 Videtur,
1105 622 1201 667 quod
1224 621 1389 656 diabolus
1410 621 1524 668 possit
1544 621 1797 656 necessitatem

236 674 365 709 inferre
388 674 431 708 ad
455 674 698 719 peccandum:
722 683 880 720 potestas
907 675 1004 708 enim
1027 676 1145 720 major
1166 683 1284 721 potest
1310 675 1562 709 necessitatem
1585 674 1714 709 inferre
1736 675 1799 709 mi-

236 728 334 762 nori:
357 728 419 762 sed
442 728 484 761 de
507 727 652 761 diabolo
670 728 797 762 dicitur
814 728 881 773 Job
903 738 979 770 41.:
1002 729 1079 763 Non
1098 733 1142 763 est
1157 733 1300 775 potestas
1319 735 1417 775 super
1435 734 1571 771 terram,
1594 740 1676 774 quae
1693 730 1722 763 ei
1741 741 1799 763 va-

239 783 301 816 leat
315 782 526 827 comparuri;
544 792 630 826 ergo
647 789 764 826 potest
777 781 918 815 homini
932 789 1075 815 terreno
1090 782 1344 816 necessitatem
1358 781 1488 816 inferre
1503 782 1546 815 ad
1561 782 1796 827 peccandum.

308 845 339 868 2.
361 834 597 869 PRAETEREA.
620 834 727 868 Ratio
749 834 910 868 hominis
930 845 1005 868 non
1027 842 1145 880 potest
1163 835 1314 877 moveri,
1333 835 1402 868 nisi
1420 834 1621 869 secundum
1635 846 1688 877 ea,
1707 846 1798 881 quae

236 888 389 923 exterius
411 888 572 922 sensibus
595 896 857 934 proponuntur,
880 896 916 922 et
941 888 1195 934 imaginationi
1221 896 1554 934 repraesentantur,
1575 888 1658 934 quia
1680 889 1798 922 omnis

234 951 357 977 nostra
379 942 540 987 cognitio
556 950 675 976 ortum
694 942 802 975 habet
817 953 836 975 a
851 953 976 983 sensu3
999 950 1034 976 et
1054 953 1127 975 non
1151 949 1204 976 est
1222 941 1423 987 intelligere
1441 942 1518 975 sine
1535 941 1798 988 phantasmate,

234 1004 273 1030 ut
290 995 419 1029 dicitur
433 995 469 1028 in
492 995 550 1028 lib.
577 1007 605 1040 3.
629 995 672 1029 de
686 995 828 1028 -Anima
850 995 930 1040 (tex.
943 1007 994 1041 30.
1010 1000 1039 1030 et
1049 996 1116 1041 39.)
1131 1008 1140 1029 :
1161 995 1222 1029 sed
1238 995 1403 1029 diabolus
1418 1003 1536 1041 potest
1550 1006 1699 1030 movere
1713 995 1799 1029 ima-

234 1049 459 1095 ginationem
485 1048 657 1090 hominis,
675 1056 714 1082 ut
736 1049 873 1082 dictum
900 1056 953 1083 est
979 1048 1059 1092 (art.
1076 1049 1222 1095 praec),
1247 1057 1283 1082 et
1307 1049 1417 1082 etiam
1439 1048 1634 1082 exteriores
1655 1059 1797 1083 sensus:

234 1103 319 1137 dicit
337 1103 434 1136 enim
452 1102 605 1147 August.
621 1102 657 1135 in
676 1102 736 1135 lib.
752 1102 808 1147 83.
827 1101 914 1142 QQ.
930 1103 974 1148 (q.
990 1114 1040 1137 12.
1060 1104 1150 1137 circa
1160 1103 1306 1149 princ),
1323 1101 1419 1148 quod
1434 1102 1543 1148 serpit
1557 1102 1628 1136 hoc
1649 1101 1798 1144 malum,

234 1156 372 1190 scilicet
386 1155 483 1201 quod
506 1163 559 1189 est
581 1166 600 1189 a
623 1154 781 1197 diabolo,
796 1166 858 1201 per
872 1166 1000 1189 omnes
1016 1155 1131 1189 aditus
1147 1155 1346 1197 sensibiles,
1366 1155 1426 1189 dat
1447 1166 1485 1189 se
1507 1155 1642 1202 figuris,
1657 1167 1800 1190 accom-

234 1210 360 1244 modat
380 1221 418 1243 se
441 1208 634 1251 coloribus,
657 1209 829 1243 adhaeret
850 1209 960 1250 sonis,
982 1208 1137 1243 infundit
1158 1220 1196 1243 se
1217 1209 1426 1254 saporibus;
1448 1219 1535 1255 ergo
1557 1216 1676 1255 potest
1693 1209 1798 1244 ratio-

234 1275 319 1298 nem
341 1263 500 1297 hominis
523 1273 565 1296 ex
585 1263 801 1297 necessitate
822 1262 997 1296 inclinare
1020 1263 1064 1296 ad
1086 1262 1324 1308 peccandum.

310 1329 338 1362 3.
361 1317 598 1351 PRAETEREA.
627 1315 836 1349 Secundum
863 1316 1110 1361 Augustinum
1138 1316 1212 1359 (lib.
1239 1328 1291 1362 19.
1317 1315 1354 1350 de
1383 1315 1458 1350 Civ.
1479 1316 1547 1350 Dei
1573 1322 1644 1363 cap.
1670 1327 1703 1361 4.
1725 1322 1800 1352 ante

237 1371 336 1416 med.)
360 1370 556 1404 nonnullum
568 1375 743 1416 paccatum
765 1375 820 1411 est,
841 1381 914 1404 cum
937 1381 1015 1404 caro
1038 1371 1237 1416 concupiscit
1255 1369 1409 1404 adversus
1428 1371 1606 1417 spiritum:
1629 1370 1690 1404 sed
1717 1381 1800 1404 con-

237 1423 498 1470 cupiscentiam
521 1422 637 1457 carnis
659 1422 823 1456 diabolus
846 1431 965 1469 potest
987 1434 1147 1465 causare,
1169 1423 1262 1457 sicut
1287 1431 1322 1457 et
1349 1431 1508 1457 caeteras
1534 1424 1732 1469 passiones,
1754 1435 1798 1458 eo

239 1478 349 1512 modo
372 1488 444 1523 quo
464 1488 570 1523 supra
589 1476 723 1510 dictum
748 1484 801 1511 est
817 1476 894 1521 (art.
913 1478 1043 1524 praec.)
1054 1489 1066 1518 ;
1091 1488 1177 1523 ergo
1200 1488 1242 1511 ex
1263 1477 1477 1511 necessitate
1495 1485 1614 1523 potest
1629 1477 1798 1513 inducere

235 1531 278 1566 ad
300 1530 537 1577 peccandum.

305 1584 379 1619 SED
402 1594 557 1619 CONTRA
580 1591 644 1625 est,
667 1583 764 1629 quod
779 1583 907 1617 dicitur
925 1595 952 1618 1.
975 1583 1069 1618 Petr.
1085 1583 1165 1618 ult.:
1188 1583 1412 1618 Adversarius
1424 1589 1528 1619 vester
1541 1583 1701 1626 diabolus,
1720 1589 1799 1620 tam-

235 1649 335 1684 quam
357 1638 404 1672 leo
426 1639 570 1683 musicus,
592 1638 712 1672 circuit
730 1648 886 1683 quaerens
904 1649 998 1683 quem
1013 1637 1166 1678 dezfforet
1186 1639 1241 1672 cui
1258 1638 1395 1672 resistite
1407 1638 1561 1683 sortcsin
1576 1637 1658 1681 fide:
1671 1637 1799 1672 frustra

232 1699 353 1726 autem
373 1691 454 1726 talis
473 1691 674 1725 admonitio
697 1690 852 1732 daretur,
871 1691 900 1724 si
921 1691 1036 1724 homo
1068 1691 1101 1725 ei
1130 1701 1173 1725 eX
1193 1690 1408 1725 necessitate
1430 1691 1699 1734 succumberet,
1720 1702 1795 1726 non

233 1756 319 1792 ergo
341 1753 459 1790 potest
480 1744 623 1778 homini
642 1744 857 1778 necessitate
879 1744 1049 1779 inducere
1069 1744 1113 1778 ad
1134 1744 1373 1790 peccandum.

303 1799 504 1832 Praeterea.
524 1797 651 1843 Jacobi
671 1807 704 1840 4.
727 1797 892 1831 similiter
925 1797 1076 1832 dicitur:
1104 1797 1234 1833 §abditi
1266 1803 1362 1833 estote
1400 1798 1496 1833 Deo:
1531 1799 1669 1834 resistete
1689 1803 1798 1834 autem

231 1852 374 1895 diabolo,
397 1857 427 1887 et
452 1852 560 1898 fugiet
585 1863 605 1886 a
637 1852 756 1886 vobis:
784 1850 881 1897 quod
909 1862 975 1885 nec
1011 1859 1107 1885 recte
1145 1859 1206 1886 aut
1240 1862 1325 1885 vere
1347 1851 1536 1894 diceretur,
1569 1851 1599 1886 si
1631 1852 1796 1886 diabolus

230 1914 352 1953 posset
375 1905 506 1940 inferre
528 1903 833 1951 qualemcumque
854 1905 1108 1939 necessitatem
1131 1904 1175 1938 ad
1197 1905 1435 1951 peccandum,
1453 1905 1537 1952 quia
1562 1905 1613 1940 sic
1636 1906 1669 1940 ei
1697 1917 1799 1940 num-

231 1971 341 2006 quam
362 1959 477 1994 resisti
498 1966 630 2005 posset,
657 1969 723 1993 nec
752 1970 771 1992 a
793 1958 1038 1993 resistentibus
1070 1959 1144 2005 ipse
1176 1957 1334 2005 fugeret;
1361 1969 1448 2005 ergo
1479 1958 1590 1994 talem
1611 1959 1801 1996 necessita-

230 2021 304 2048 tem
326 2013 369 2047 ad
388 2013 614 2059 peccandum
636 2023 709 2046 non
730 2011 847 2046 infert.

302 2067 531 2102 RESPONDEO
555 2065 760 2110 dicendum,
797 2065 893 2112 quod
917 2064 1080 2099 diabolus
1112 2065 1256 2112 propria
1285 2066 1426 2108 virtute,
1459 2065 1530 2100 nisi
1562 2065 1757 2102 refrenetur
1779 2078 1798 2101 a

233 2121 326 2162 Deo,
349 2128 467 2166 potest
489 2120 646 2165 aliquem
681 2119 851 2153 inducere
878 2130 921 2153 ex
946 2118 1159 2153 necessitate
1190 2119 1234 2152 ad
1252 2117 1458 2154 faciendum
1481 2119 1638 2166 aliquem
1665 2128 1797 2163 actum,

232 2174 293 2220 qui
315 2174 358 2208 de
381 2185 446 2208 suo
469 2184 602 2219 genere
630 2180 821 2219 peccatum
849 2181 925 2207 est:
948 2183 1022 2206 non
1050 2180 1171 2206 autem
1194 2179 1312 2218 potest
1340 2172 1511 2208 inducere
1544 2174 1796 2209 necessitatem

231 2227 416 2274 peccandi.
453 2226 564 2267 Quod
598 2234 695 2272 patet
728 2237 770 2260 ex
803 2226 887 2268 hoc,
910 2226 1007 2272 quod
1029 2225 1143 2260 homo
1167 2226 1306 2260 motivo
1329 2226 1373 2260 ad
1399 2227 1627 2272 peccandum
1647 2239 1722 2262 non
1748 2239 1799 2262 re-

231 2281 332 2323 sistit,
358 2281 426 2315 nisi
460 2292 523 2327 per
556 2280 752 2321 rationem,
781 2280 880 2325 cujus
916 2291 1021 2313 usum
1061 2279 1219 2314 totaliter
1252 2279 1428 2326 impedire
1463 2288 1581 2326 potest
1613 2281 1797 2316 movendo

230 2334 542 2381 imaginationem,
565 2342 600 2367 et
620 2333 820 2379 appetitum
842 2333 1072 2375 sensitivum3
1095 2333 1188 2367 sicut
1208 2333 1245 2366 in
1267 2333 1458 2380 arreptitiis
1479 2341 1592 2380 patet:
1615 2334 1678 2369 sed
1699 2342 1796 2377 tunc,

231 2389 371 2423 ratione
393 2388 443 2422 sic
466 2387 588 2433 ligata,
611 2386 782 2432 quidquid
811 2387 926 2420 homo
949 2394 1043 2432 agat,
1065 2397 1139 2420 non
1160 2386 1358 2432 imputatur
1387 2386 1420 2421 ei
1442 2387 1485 2421 ad
1507 2396 1713 2434 peccatum:
1735 2388 1796 2423 sed

234 2442 264 2477 si
287 2441 376 2476 ratio
399 2452 473 2475 non
496 2441 541 2475 sit
561 2439 719 2474 totaliter
740 2439 862 2485 ligata,
886 2451 926 2474 cx
957 2451 997 2474 ea
1020 2448 1130 2486 parte,
1157 2451 1226 2485 qua
1249 2448 1302 2474 cst
1334 2439 1456 2482 libera,
1491 2449 1609 2487 potest
1634 2441 1796 2476 resistere

231 2504 394 2542 peccato,
415 2495 513 2529 sicut
534 2506 640 2540 supra
667 2494 803 2528 dictum
826 2502 878 2528 est
900 2494 985 2540 (q.
972 2505 1022 2540 7.
1041 2499 1106 2529 art.
1135 2495 1207 2540 7.);
1245 2493 1338 2528 unde
1361 2493 1592 2529 manifestum
1615 2503 1678 2537 est,
1699 2496 1796 2542 quod

235 2549 399 2583 diabolus
421 2548 522 2583 nullo
547 2547 658 2582 modo
683 2555 799 2593 potest
820 2548 1074 2581 necessitatem
1093 2547 1262 2581 inducere
1285 2547 1425 2582 homini
1447 2547 1490 2582 ad
1512 2548 1748 2594 peccandum.

300 2603 359 2637 AD
386 2613 534 2637 PR1MUM
557 2612 644 2647 crgo
666 2601 871 2642 dicendum,
895 2601 990 2647 quod
1013 2611 1085 2635 nou
1108 2601 1289 2647 quaelibet
1310 2609 1467 2647 potestas
1502 2602 1620 2648 major
1640 2602 1790 2638 homine

230 2665 348 2703 potest
366 2667 512 2690 movere
534 2655 758 2689 voluntatem
777 2655 948 2696 hominis,
968 2654 1028 2688 sed
1044 2653 1142 2688 solus
1151 2654 1262 2696 Deus,
1273 2663 1310 2688 ut
1325 2665 1433 2701 supra
1454 2654 1617 2690 habitum
1636 2664 1688 2690 est
1697 2656 1742 2702 (q.
1763 2669 1794 2702 9.

231 2715 296 2745 art.
327 2711 392 2755 6.).
1760 2739 1763 2742 .

305 2764 364 2797 An
387 2773 593 2798 SECUNDUM
614 2761 819 2803 dicendum,
847 2761 942 2807 quod
963 2760 1049 2794 illud
1072 2761 1168 2807 quod
1191 2769 1244 2795 est
1266 2761 1530 2807 apprehensum
1552 2773 1614 2808 per
1635 2773 1793 2804 sensum,

231 2816 289 2851 vel
311 2816 621 2861 imaginationem,
643 2827 717 2849 non
745 2827 786 2849 ex
817 2815 1029 2848 necessitate
1057 2823 1179 2848 movet
1208 2814 1447 2857 voluntatem,
1468 2815 1497 2849 si
1527 2815 1640 2850 homo
1662 2815 1793 2850 habeat

233 2882 337 2905 usum
352 2870 517 2912 rationis,
539 2881 604 2904 nec
628 2881 770 2915 semper
792 2868 999 2913 hujusmodi
1023 2868 1261 2914 apprehensio
1284 2867 1371 2913 ligat
1391 2868 1578 2903 rationem.
