1875 3198
198 213 284 253 666
619 224 842 259 QUAEsrio
876 223 999 252 xcm.
1033 223 1280 252 ARTICULUS
1314 223 1355 252 v.

267 305 326 339 AD
353 316 503 340 PRIMUM
531 316 617 351 ergo
646 305 852 347 dicendum,
880 304 976 350 quod
1003 304 1075 338 hoc
1098 303 1211 337 modo
1239 314 1276 337 se
1302 303 1411 337 habet
1436 303 1628 349 impressio
1656 303 1764 337 activi

195 358 361 404 principii
381 359 565 392 intrinseci
587 366 763 404 quantum
786 358 829 391 ad
848 369 903 392 res
918 357 1111 399 naturales,
1129 357 1220 391 sicut
1235 367 1272 391 se
1286 357 1396 390 habet
1413 355 1658 402 promulgatio
1673 355 1764 402 legis

196 421 371 458 quantum
406 412 448 445 ad
479 412 667 445 homines:
696 411 778 456 quia
812 406 874 457 per
908 411 998 456 legis
1033 410 1369 456 promulgationem
1399 410 1617 456 imprimitur
1649 409 1767 444 homi-

194 465 299 499 nbius
325 465 510 511 quoddam
537 465 751 499 directivum
780 464 997 510 principium
1018 464 1266 497 humanorum
1298 471 1456 505 actuum,
1484 471 1523 497 ut
1549 463 1686 497 dictum
1712 471 1766 497 est

197 520 247 562 (in
270 526 358 565 corp.
382 519 476 563 art).

266 572 326 606 AD
349 582 556 606 SECUNDUM
579 571 785 613 dicendum,
808 571 905 617 quod
928 579 1114 605 creaturae
1136 569 1364 604 irrationales
1387 581 1461 604 non
1483 570 1700 616 participant
1715 583 1767 605 ra-

193 625 292 659 tione
313 626 486 667 humana,
513 636 579 658 nec
603 625 635 658 ei
657 625 845 658 obediunt:
869 625 1087 670 participant
1112 632 1235 658 tamen
1265 635 1329 670 per
1359 624 1512 657 modum
1539 623 1766 658 obedientiae

194 679 333 712 ratione
356 679 494 712 divina:
520 678 562 711 ad
585 677 686 724 plura
702 678 799 711 enim
818 689 854 712 se
871 678 1030 712 extendit
1042 678 1154 711 virtus
1177 677 1327 711 rationis
1349 677 1504 719 divinae,
1523 689 1632 723 quam
1654 677 1766 711 virtus

194 732 343 766 rationis
365 732 567 766 humanae:
590 740 624 765 et
645 731 738 765 sicut
759 731 924 765 membra
946 731 1109 777 corporis
1131 731 1285 764 humani
1306 738 1500 764 moventur
1515 731 1559 765 ad
1572 731 1764 777 imperium

194 786 355 827 rationis,
377 796 451 818 non
473 793 596 819 tamen
618 785 834 831 participant
855 786 1006 827 ratione,
1029 785 1114 831 quia
1135 796 1210 818 non
1232 784 1368 818 habent
1389 783 1550 830 aliquam
1572 784 1769 830 apprehen—

194 839 336 872 sionem
359 839 565 872 ordinatam
588 838 631 871 ad
654 839 850 873 rationem:
874 840 921 872 ita
943 839 1054 872 etiam
1077 845 1262 872 creaturae
1283 837 1510 872 irrationales
1531 845 1726 872 moventur
1748 849 1767 871 a

194 893 288 934 Deo,
310 903 377 926 nec
400 900 522 926 tamen
543 900 690 938 propter
710 892 782 926 hoc
805 900 887 926 sunt
908 891 1113 926 rationales.

265 946 324 979 AD
348 956 520 980 TERTIUM
543 945 749 987 dicendum,
771 946 868 992 quod
891 945 1065 987 defectus,
1081 945 1141 991 qui
1156 944 1326 979 accidunt
1346 945 1383 978 in
1405 944 1511 978 rebus
1532 943 1767 987 naturalibus,

194 999 358 1045 quamvis
373 999 443 1033 sint
456 1007 598 1045 praeter
613 999 778 1033 ordinem
794 1010 986 1033 causarum
1001 998 1288 1044 particularium,
1302 1009 1378 1032 non
1391 1006 1516 1032 tamen
1529 1006 1613 1032 sunt
1626 1006 1768 1044 praeter
1787 1015 1792 1019 -

194 1053 360 1087 ordinem
383 1064 574 1086 causarum
598 1051 869 1094 universalium,
885 1060 920 1086 et
934 1053 1130 1098 praecipue
1146 1063 1277 1086 causae
1299 1052 1449 1098 primae,
1465 1062 1558 1097 quae
1579 1051 1680 1086 Deus
1703 1059 1767 1093 est,

194 1107 295 1152 cujus
309 1106 576 1152 providentiam
590 1105 681 1139 nihil
695 1105 940 1151 subterfugere
963 1114 1094 1152 potest,
1118 1114 1156 1139 ut
1170 1106 1206 1139 in
1226 1116 1253 1139 1.
1270 1105 1408 1139 dictum
1424 1113 1476 1139 est
1490 1105 1539 1151 (q.
1554 1116 1607 1140 22.
1621 1110 1687 1140 art.
1702 1105 1766 1150 2.),·

194 1168 229 1194 et
250 1160 333 1205 quia
354 1159 410 1193 lex
433 1167 578 1193 aeterna
593 1167 646 1193 est
660 1160 750 1193 ratio
766 1159 909 1193 divinae
928 1159 1192 1205 providentiae,
1207 1167 1246 1193 ut
1260 1159 1398 1192 dictum
1413 1166 1466 1192 est
1481 1158 1560 1203 (art.
1575 1171 1603 1193 I.
1620 1158 1688 1203 huj.
1705 1158 1766 1204 q.)‚

194 1213 276 1247 ideo
299 1212 459 1247 defectus
482 1224 602 1247 rerum
623 1212 844 1247 naturalium
866 1213 938 1259 legi
961 1221 1129 1248 aeternae
1151 1212 1363 1247 subduntur.

754 1349 1100 1394 ARTICULUS
1129 1349 1207 1392 VI.
1694 1370 1763 1407 497

277 1451 430 1481 UTRUM
459 1452 603 1481 OMNES
632 1452 706 1482 RES
737 1452 949 1482 HUMANAE
977 1451 1287 1494 SUBJICIANTUR
1314 1451 1414 1480 LEGI
1441 1451 1684 1480 AETERNAE.

630 1540 740 1584 (Part.
759 1553 786 1575 Ι.
806 1552 835 1586 q.
855 1552 908 1574 22.
931 1545 994 1574 art.
1017 1552 1048 1575 2.
1072 1546 1162 1586 corp.
1184 1544 1213 1573 et
1234 1538 1278 1573 ad
1298 1550 1330 1574 2.

193 1598 221 1628 et
238 1605 266 1640 3.
289 1594 376 1628 Dist.
400 1606 431 1639 9.
455 1605 484 1640 q.
508 1605 538 1628 2.
562 1599 627 1629 art.
647 1605 677 1628 2.
701 1600 790 1640 corp.
810 1599 839 1628 et
853 1594 933 1640 adj.
949 1599 977 1628 et
991 1594 1046 1628 lib.
1059 1606 1086 1640 3.
1104 1593 1220 1628 Contr.
1235 1605 1265 1639 g.
1281 1599 1353 1640 cap.
1368 1605 1395 1628 1.
1414 1593 1471 1638 64.
1494 1604 1550 1640 90.
1573 1605 1636 1628 nr.
1655 1598 1684 1628 et
1700 1605 1770 1628 112.

582 1653 610 1682 et
637 1647 723 1681 Veri.
740 1659 769 1693 q.
788 1659 817 1693 5.
839 1653 904 1682 art.
920 1660 947 1693 5.
963 1652 994 1682 et
1008 1654 1115 1694 opusc.
1134 1660 1162 1694 3.
1182 1654 1255 1694 cap.
1278 1647 1381 1694 243).

266 1750 324 1783 ΑΙ)
348 1759 499 1784 SEXTUM
516 1749 565 1783 sic
580 1749 799 1794 proceditur.
818 1748 982 1791 Videtur,
1009 1749 1106 1795 quod
1125 1760 1199 1783 non
1219 1760 1348 1783 omnes
1374 1759 1430 1782 res
1456 1748 1641 1782 humanae
1667 1748 1772 1794 subji-

193 1803 333 1837 ciantur
347 1802 420 1849 legi
437 1811 621 1837 aeternae:
645 1803 731 1837 dicit
753 1803 850 1836 enim
873 1802 1074 1848 Apostolus
1089 1803 1134 1836 ad
1150 1802 1232 1837 Gal.
1252 1813 1300 1847 5.:
1316 1802 1352 1837 Si
1367 1802 1495 1849 Spiritu
1513 1802 1582 1836 Dei
1595 1801 1769 1844 ducimini,

193 1869 257 1891 non
279 1858 351 1892 estis
369 1859 427 1891 sub
450 1857 536 1902 Iege.-
560 1857 622 1890 sed
636 1856 703 1890 viri
724 1857 819 1901 justi,
842 1857 902 1902 qui
924 1864 1007 1890 sunt
1027 1856 1091 1890 filii
1112 1856 1183 1890 Dei
1204 1867 1268 1902 per
1283 1856 1532 1902 adoptionem,
1547 1855 1682 1902 Spiritu
1700 1855 1771 1890 Dei

194 1919 359 1957 aguntur,
382 1910 585 1945 secundum
607 1910 695 1944 illud
717 1910 826 1944 Rom⁴
849 1910 901 1948 8.:
926 1911 996 1954 Qui
1017 1910 1146 1956 Spiritu
1173 1911 1240 1944 Dei
1261 1915 1420 1955 aguntur,
1444 1910 1479 1944 hi
1490 1909 1561 1956 filii
1581 1910 1649 1944 Dei
1671 1914 1768 1951 sunt,·

193 1975 280 2010 ergo
303 1976 377 1998 non
401 1975 529 1998 omnes
552 1964 723 1998 homines
745 1972 828 1998 sunt
849 1963 912 1998 sub
936 1963 1016 2009 lege
1041 1971 1198 1997 aeterna.

265 2028 296 2052 2.
319 2018 556 2052 PRAETEREA.
584 2017 785 2064 Apostolus
813 2017 899 2052 dicit
926 2017 969 2051 ad
998 2017 1105 2051 Rom.
1134 2017 1189 2052 8.:
1218 2017 1401 2052 Prudentia
1429 2017 1632 2064 (Sapientia)
1659 2019 1772 2053 carnis

194 2073 330 2106 inimica
347 2076 390 2105 est
407 2072 500 2111 Deo;
518 2072 579 2117 legi
593 2073 680 2105 enim
695 2072 762 2105 Dei
778 2072 924 2117 subjecta
938 2083 1003 2105 non
1022 2076 1086 2106 ast:
1110 2071 1172 2105 sed
1187 2070 1292 2105 multi
1306 2071 1476 2105 homines
1490 2078 1573 2105 sunt
1591 2071 1627 2104 in
1642 2071 1770 2117 quibus

192 2125 381 2172 prudentia
405 2125 521 2159 carnis
543 2125 773 2166 nominatur,
796 2136 884 2170 ergo
907 2124 979 2171 legi
1001 2133 1181 2167 aeternae,
1205 2135 1297 2171 quae
1320 2132 1373 2159 est
1390 2123 1448 2158 lex
1465 2124 1547 2166 Dei,
1568 2135 1644 2159 non
1665 2125 1772 2171 subji-

193 2179 336 2213 ciuntur
358 2190 485 2213 ornnes
507 2179 689 2213 homines.
1398 2208 1399 2212 ,

268 2244 296 2279 3.
319 2232 556 2267 PRAETEREA.
579 2233 806 2278 Augustinus
825 2232 910 2267 dicit
925 2233 961 2266 in
981 2243 1008 2266 1.
1028 2232 1071 2267 de
1088 2233 1164 2267 Lib.
1180 2233 1267 2267 Arb.
1291 2232 1378 2280 (cap.
1402 2232 1436 2268 6.
1457 2233 1536 2268 circ.
1551 2232 1650 2276 med.)
1672 2233 1769 2279 quod
1827 2264 1837 2277 ,

192 2285 248 2320 lex
271 2294 417 2320 aeterna
439 2294 503 2327 est,
526 2297 618 2332 quae
641 2285 729 2319 mali
756 2287 953 2328 miseriam,
979 2286 1066 2320 boni
1092 2287 1203 2320 vitam
1230 2286 1376 2320 beatam
1402 2293 1602 2320 merentur:
1623 2286 1685 2321 sed
1707 2286 1772 2321 ho·
1824 2283 1835 2293 ⁴

192 2340 307 2374 mines
322 2340 395 2385 jam
410 2339 516 2381 beati,
530 2339 588 2373 vel
602 2341 675 2385 jam
692 2339 853 2374 damnati
868 2351 942 2374 non
957 2348 1039 2374 sunt
1052 2340 1088 2374 in
1103 2348 1196 2374 statu
1211 2340 1394 2383 merendi;
1417 2351 1506 2386 ergo
1525 2351 1601 2374 non
1619 2339 1771 2375 subsunt
1824 2351 1827 2353 ·

192 2393 226 2428 le
256 2393 266 2427 i
288 2401 467 2427 aeternae.

230 2405 340 2481 8ὃιῑι)
363 2457 518 2481 CONTRA
541 2454 604 2489 est,
627 2447 723 2493 quod
746 2447 972 2493 Augustinus
989 2448 1075 2482 dicit
1094 2459 1145 2495 19.
1162 2448 1205 2482 de
1221 2447 1301 2483 Civ.
1320 2447 1391 2482 Dei
1404 2449 1491 2495 (cap.
1508 2459 1557 2483 12.
1582 2449 1662 2484 circ.
1680 2447 1767 2493 fin),

192 2499 293 2534 nullo
316 2500 428 2534 modo
452 2499 585 2546 aliquid
608 2499 748 2545 legibus
777 2501 913 2535 summi
943 2501 1141 2544 Creatoris‚
1168 2501 1462 2548 ordinationique
1489 2501 1722 2544 subtrahitur,
1749 2512 1769 2536 a
1823 2519 1827 2527 ⁴-

192 2565 264 2600 quo
287 2565 355 2600 pax
379 2553 618 2588 universitalis
642 2554 922 2588 administratur.

263 2607 494 2642 RESPONDEO
517 2607 723 2650 dicendum,
746 2608 842 2654 quod
865 2608 983 2655 duplex
1010 2618 1063 2643 est
1089 2609 1221 2643 modus
1248 2620 1320 2655 quo
1349 2608 1482 2656 aliquid
1510 2608 1672 2643 subditur
1697 2608 1770 2655 legi

193 2669 371 2703 aeternae,
393 2669 431 2695 ut
453 2673 494 2696 cx
517 2661 731 2708 supradictis
753 2670 850 2708 patet
879 2662 958 2705 (art.
983 2664 1112 2709 praec.)
1127 2676 1137 2697 .·
1160 2675 1225 2697 nno
1249 2662 1356 2706 ruodo,
1387 2663 1601 2709 inquantum
1629 2661 1770 2708 partici-

193 2723 296 2761 patur
317 2714 373 2749 lex
396 2723 541 2749 aeterna
564 2726 627 2761 per
646 2715 797 2749 modum
821 2716 1061 2761 cognitionis:
1085 2717 1152 2750 alio
1175 2716 1270 2750 modo
1290 2727 1355 2763 per
1376 2716 1528 2750 modum
1551 2715 1717 2758 actionis,
1735 2723 1770 2750 et

193 2768 381 2814 passionis,
404 2769 619 2815 inquantum
642 2768 876 2815 participatur
903 2781 964 2815 per
991 2770 1143 2804 modum
1166 2769 1348 2805 interioris
1376 2769 1543 2816 principii
1564 2768 1704 2804 motivi.
1725 2767 1770 2803 Et

192 2822 263 2855 hoc
286 2822 446 2856 secundo
470 2822 583 2856 modo
609 2822 809 2856 subduntur
830 2822 902 2867 legi
925 2832 1092 2857 aeternae
1109 2823 1336 2857 irrationales
1359 2830 1557 2864 creaturae,
1575 2831 1614 2857 ut
1631 2822 1769 2857 dictum

193 2883 246 2909 est
265 2875 343 2919 (art.
362 2877 516 2922 praec.):
540 2876 601 2910 sed
624 2876 707 2922 quia
730 2875 916 2910 rationalis
931 2884 1058 2910 natura
1075 2888 1158 2911 curn
1175 2888 1231 2919 eo,
1248 2877 1344 2923 quod
1361 2884 1414 2911 est
1435 2887 1633 2911 commune
1655 2875 1769 2910 omni-

193 2929 258 2963 bus
281 2929 464 2971 creaturis,
483 2929 592 2963 habet
615 2929 747 2975 aliquid
771 2929 836 2963 sibi
859 2930 1057 2976 proprium,
1080 2931 1294 2977 inquantum
1318 2938 1371 2965 est
1393 2929 1592 2971 rationalis,
1615 2929 1696 2964 ideo
1719 2939 1769 2964 se-
