<?xml version="1.0" encoding="UTF-8"?>
<!DOCTYPE html PUBLIC "-//W3C//DTD XHTML 1.0 Transitional//EN"
    "http://www.w3.org/TR/xhtml1/DTD/xhtml1-transitional.dtd">
<html xmlns="http://www.w3.org/1999/xhtml" xml:lang="en" lang="en">
 <head>
  <title>
</title>
<meta http-equiv="Content-Type" content="text/html;charset=utf-8" />
  <meta name='ocr-system' content='tesseract 3.04.00' />
  <meta name='ocr-capabilities' content='ocr_page ocr_carea ocr_par ocr_line ocrx_word'/>
</head>
<body>
  <div class='ocr_page' id='page_1' title='image "./divithomaeaquina02thomuoft_0757.png"; bbox 0 0 1907 3198; ppageno 0'>
   <div class='ocr_carea' id='block_1_1' title="bbox 519 187 1655 235">
    <p class='ocr_par' dir='ltr' id='par_1_1' title="bbox 519 187 1655 235">
     <span class='ocr_line' id='line_1_1' title="bbox 519 187 1655 235; baseline 0.002 -17"><span class='ocrx_word' id='word_1_1' title='bbox 519 187 743 224; x_wconf 79' lang='lat' dir='ltr'><strong>QUAESTIO</strong></span> <span class='ocrx_word' id='word_1_2' title='bbox 777 187 850 218; x_wconf 83' lang='lat' dir='ltr'>cn.</span> <span class='ocrx_word' id='word_1_3' title='bbox 885 188 1130 220; x_wconf 79' lang='lat' dir='ltr'>ARTICULUS</span> <span class='ocrx_word' id='word_1_4' title='bbox 1164 188 1220 219; x_wconf 84' lang='lat' dir='ltr'>1V.</span> <span class='ocrx_word' id='word_1_5' title='bbox 1574 192 1655 235; x_wconf 78' lang='lat'>753</span> 
     </span>
    </p>
   </div>
   <div class='ocr_carea' id='block_1_2' title="bbox 42 254 1671 2946">
    <p class='ocr_par' dir='ltr' id='par_1_2' title="bbox 42 254 1659 530">
     <span class='ocr_line' id='line_1_2' title="bbox 92 254 1659 319; baseline 0.001 -14"><span class='ocrx_word' id='word_1_6' title='bbox 92 254 155 319; x_wconf 69' lang='lat' dir='ltr'>qdi</span> <span class='ocrx_word' id='word_1_7' title='bbox 170 268 382 317; x_wconf 83' lang='lat' dir='ltr'>hujusmodi</span> <span class='ocrx_word' id='word_1_8' title='bbox 398 269 480 304; x_wconf 90' lang='lat' dir='ltr'>Deo</span> <span class='ocrx_word' id='word_1_9' title='bbox 499 268 673 304; x_wconf 76' lang='lat' dir='ltr'>offerebat</span> <span class='ocrx_word' id='word_1_10' title='bbox 689 280 753 316; x_wconf 88' lang='lat' dir='ltr'>per</span> <span class='ocrx_word' id='word_1_11' title='bbox 770 280 899 304; x_wconf 86' lang='lat' dir='ltr'>manus</span> <span class='ocrx_word' id='word_1_12' title='bbox 911 269 1243 305; x_wconf 74' lang='lat' dir='ltr'>Sacerdotum25ed</span> <span class='ocrx_word' id='word_1_13' title='bbox 1258 270 1302 305; x_wconf 90' lang='lat' dir='ltr'>ad</span> <span class='ocrx_word' id='word_1_14' title='bbox 1322 270 1470 306; x_wconf 87' lang='lat' dir='ltr'>interius</span> <span class='ocrx_word' id='word_1_15' title='bbox 1486 271 1609 314; x_wconf 85' lang='lat' dir='ltr'>altare,</span> <span class='ocrx_word' id='word_1_16' title='bbox 1623 273 1659 307; x_wconf 93' lang='lat' dir='ltr'>in</span> 
     </span>
     <span class='ocr_line' id='line_1_3' title="bbox 92 322 1659 372; baseline 0.001 -13"><span class='ocrx_word' id='word_1_17' title='bbox 92 333 166 372; x_wconf 87' lang='lat' dir='ltr'>quo</span> <span class='ocrx_word' id='word_1_18' title='bbox 186 323 266 371; x_wconf 78' lang='lat' dir='ltr'>ipsa</span> <span class='ocrx_word' id='word_1_19' title='bbox 284 323 445 365; x_wconf 87' lang='lat' dir='ltr'>devotio,</span> <span class='ocrx_word' id='word_1_20' title='bbox 466 331 502 358; x_wconf 91' lang='lat' dir='ltr'>et</span> <span class='ocrx_word' id='word_1_21' title='bbox 522 323 693 358; x_wconf 88' lang='lat' dir='ltr'>sanctitas</span> <span class='ocrx_word' id='word_1_22' title='bbox 719 323 844 370; x_wconf 90' lang='lat' dir='ltr'>populi</span> <span class='ocrx_word' id='word_1_23' title='bbox 871 322 1101 366; x_wconf 82' lang='lat' dir='ltr'>offerebatur,</span> <span class='ocrx_word' id='word_1_24' title='bbox 1126 334 1201 358; x_wconf 91' lang='lat' dir='ltr'>non</span> <span class='ocrx_word' id='word_1_25' title='bbox 1229 333 1370 371; x_wconf 88' lang='lat' dir='ltr'>poterat</span> <span class='ocrx_word' id='word_1_26' title='bbox 1396 325 1570 361; x_wconf 84' lang='lat' dir='ltr'>accedere</span> <span class='ocrx_word' id='word_1_27' title='bbox 1592 326 1659 361; x_wconf 83' lang='lat' dir='ltr'>nisi</span> 
     </span>
     <span class='ocr_line' id='line_1_4' title="bbox 93 375 1658 424; baseline 0.001 -11"><span class='ocrx_word' id='word_1_28' title='bbox 93 376 323 420; x_wconf 75' lang='lat' dir='ltr'>Sacerdotes,</span> <span class='ocrx_word' id='word_1_29' title='bbox 348 387 504 424; x_wconf 89' lang='lat' dir='ltr'>quorum</span> <span class='ocrx_word' id='word_1_30' title='bbox 527 384 603 411; x_wconf 88' lang='lat' dir='ltr'>erat</span> <span class='ocrx_word' id='word_1_31' title='bbox 628 377 710 412; x_wconf 88' lang='lat' dir='ltr'>Deo</span> <span class='ocrx_word' id='word_1_32' title='bbox 737 375 867 412; x_wconf 82' lang='lat' dir='ltr'>offerre</span> <span class='ocrx_word' id='word_1_33' title='bbox 894 377 1090 424; x_wconf 89' lang='lat' dir='ltr'>populum:</span> <span class='ocrx_word' id='word_1_34' title='bbox 1113 384 1166 412; x_wconf 83' lang='lat' dir='ltr'>est</span> <span class='ocrx_word' id='word_1_35' title='bbox 1187 386 1308 412; x_wconf 84' lang='lat' dir='ltr'>autem</span> <span class='ocrx_word' id='word_1_36' title='bbox 1331 378 1402 412; x_wconf 81' lang='lat' dir='ltr'>boc</span> <span class='ocrx_word' id='word_1_37' title='bbox 1426 378 1537 414; x_wconf 88' lang='lat' dir='ltr'>altare</span> <span class='ocrx_word' id='word_1_38' title='bbox 1559 387 1658 414; x_wconf 82' lang='lat' dir='ltr'>extra</span> 
     </span>
     <span class='ocr_line' id='line_1_5' title="bbox 90 429 1658 475; baseline 0.001 -9"><span class='ocrx_word' id='word_1_39' title='bbox 90 429 366 467; x_wconf 78' lang='lat' dir='ltr'>tabernaculum</span> <span class='ocrx_word' id='word_1_40' title='bbox 387 430 424 464; x_wconf 88' lang='lat' dir='ltr'>in</span> <span class='ocrx_word' id='word_1_41' title='bbox 446 430 538 465; x_wconf 87' lang='lat' dir='ltr'>atrio</span> <span class='ocrx_word' id='word_1_42' title='bbox 560 430 798 465; x_wconf 85' lang='lat' dir='ltr'>constitutum</span> <span class='ocrx_word' id='word_1_43' title='bbox 812 430 855 464; x_wconf 87' lang='lat' dir='ltr'>ad</span> <span class='ocrx_word' id='word_1_44' title='bbox 872 431 1137 465; x_wconf 87' lang='lat' dir='ltr'>removendum</span> <span class='ocrx_word' id='word_1_45' title='bbox 1153 431 1290 466; x_wconf 90' lang='lat' dir='ltr'>cu&#39;ltum</span> <span class='ocrx_word' id='word_1_46' title='bbox 1310 431 1550 475; x_wconf 87' lang='lat' dir='ltr'>idololatriae,</span> <span class='ocrx_word' id='word_1_47' title='bbox 1572 444 1658 467; x_wconf 89' lang='lat' dir='ltr'>nam</span> 
     </span>
     <span class='ocr_line' id='line_1_6' title="bbox 42 482 1460 530; baseline 0 -10"><span class='ocrx_word' id='word_1_48' title='bbox 42 502 47 506; x_wconf 88' lang='lat'><em>-</em></span> <span class='ocrx_word' id='word_1_49' title='bbox 93 482 258 521; x_wconf 68' lang='lat' dir='ltr'>G-tiles</span> <span class='ocrx_word' id='word_1_50' title='bbox 278 483 372 518; x_wconf 85' lang='lat' dir='ltr'>intra</span> <span class='ocrx_word' id='word_1_51' title='bbox 392 482 528 530; x_wconf 89' lang='lat' dir='ltr'>templa</span> <span class='ocrx_word' id='word_1_52' title='bbox 551 483 676 518; x_wconf 83' lang='lat' dir='ltr'>altaria</span> <span class='ocrx_word' id='word_1_53' title='bbox 699 483 966 519; x_wconf 82' lang='lat' dir='ltr'>constituebant</span> <span class='ocrx_word' id='word_1_54' title='bbox 986 485 1028 518; x_wconf 87' lang='lat' dir='ltr'>ad</span> <span class='ocrx_word' id='word_1_55' title='bbox 1052 484 1320 520; x_wconf 86' lang='lat' dir='ltr'>immolandum</span> <span class='ocrx_word' id='word_1_56' title='bbox 1342 485 1460 520; x_wconf 89' lang='lat' dir='ltr'>idolis.</span> 
     </span>
    </p>

    <p class='ocr_par' dir='ltr' id='par_1_3' title="bbox 91 536 1668 1924">
     <span class='ocr_line' id='line_1_7' title="bbox 163 536 1664 585; baseline 0.001 -12"><span class='ocrx_word' id='word_1_57' title='bbox 163 536 340 584; x_wconf 79' lang='lat' dir='ltr'>Figuralis</span> <span class='ocrx_word' id='word_1_58' title='bbox 359 547 448 572; x_wconf 88' lang='lat' dir='ltr'>vero</span> <span class='ocrx_word' id='word_1_59' title='bbox 470 538 562 572; x_wconf 89' lang='lat' dir='ltr'>ratio</span> <span class='ocrx_word' id='word_1_60' title='bbox 588 537 755 572; x_wconf 87' lang='lat' dir='ltr'>omnium</span> <span class='ocrx_word' id='word_1_61' title='bbox 777 537 910 572; x_wconf 88' lang='lat' dir='ltr'>horum</span> <span class='ocrx_word' id='word_1_62' title='bbox 938 538 1113 584; x_wconf 84' lang='lat' dir='ltr'>assignari</span> <span class='ocrx_word' id='word_1_63' title='bbox 1138 546 1259 585; x_wconf 88' lang='lat' dir='ltr'>potest</span> <span class='ocrx_word' id='word_1_64' title='bbox 1283 549 1325 573; x_wconf 80' lang='lat' dir='ltr'>ex</span> <span class='ocrx_word' id='word_1_65' title='bbox 1353 538 1528 574; x_wconf 83' lang='lat' dir='ltr'>relatione</span> <span class='ocrx_word' id='word_1_66' title='bbox 1550 540 1664 574; x_wconf 86' lang='lat' dir='ltr'>taber-</span> 
     </span>
     <span class='ocr_line' id='line_1_8' title="bbox 91 589 1661 640; baseline 0.001 -14"><span class='ocrx_word' id='word_1_67' title='bbox 91 589 215 627; x_wconf 79' lang='lat' dir='ltr'>naculi</span> <span class='ocrx_word' id='word_1_68' title='bbox 239 590 283 626; x_wconf 86' lang='lat' dir='ltr'>ad</span> <span class='ocrx_word' id='word_1_69' title='bbox 311 589 513 633; x_wconf 83' lang='lat' dir='ltr'>Christum,</span> <span class='ocrx_word' id='word_1_70' title='bbox 540 592 599 638; x_wconf 89' lang='lat' dir='ltr'>qui</span> <span class='ocrx_word' id='word_1_71' title='bbox 628 590 866 636; x_wconf 84' lang='lat' dir='ltr'>figurabatur:</span> <span class='ocrx_word' id='word_1_72' title='bbox 894 600 948 626; x_wconf 87' lang='lat' dir='ltr'>est</span> <span class='ocrx_word' id='word_1_73' title='bbox 981 600 1102 626; x_wconf 87' lang='lat' dir='ltr'>autem</span> <span class='ocrx_word' id='word_1_74' title='bbox 1137 592 1453 634; x_wconf 85' lang='lat' dir='ltr'>considerandum,</span> <span class='ocrx_word' id='word_1_75' title='bbox 1488 593 1585 640; x_wconf 90' lang='lat' dir='ltr'>quod</span> <span class='ocrx_word' id='word_1_76' title='bbox 1618 594 1661 628; x_wconf 90' lang='lat' dir='ltr'>ad</span> 
     </span>
     <span class='ocr_line' id='line_1_9' title="bbox 92 643 1663 692; baseline 0 -11"><span class='ocrx_word' id='word_1_77' title='bbox 92 643 354 692; x_wconf 72' lang='lat' dir='ltr'><strong>designandam</strong></span> <span class='ocrx_word' id='word_1_78' title='bbox 381 643 697 691; x_wconf 85' lang='lat' dir='ltr'><strong>imperfectionem</strong></span> <span class='ocrx_word' id='word_1_79' title='bbox 733 644 907 690; x_wconf 83' lang='lat' dir='ltr'>legalium</span> <span class='ocrx_word' id='word_1_80' title='bbox 943 644 1140 691; x_wconf 88' lang='lat' dir='ltr'>figurarum</span> <span class='ocrx_word' id='word_1_81' title='bbox 1167 645 1331 680; x_wconf 87' lang='lat' dir='ltr'>diversae</span> <span class='ocrx_word' id='word_1_82' title='bbox 1357 645 1493 691; x_wconf 83' lang='lat' dir='ltr'>figurae</span> <span class='ocrx_word' id='word_1_83' title='bbox 1520 645 1663 682; x_wconf 90' lang='lat' dir='ltr'>fuerunt</span> 
     </span>
     <span class='ocr_line' id='line_1_10' title="bbox 92 696 1662 747; baseline 0 -13"><span class='ocrx_word' id='word_1_84' title='bbox 92 697 276 734; x_wconf 77' lang='lat' dir='ltr'>institutae</span> <span class='ocrx_word' id='word_1_85' title='bbox 297 697 334 732; x_wconf 89' lang='lat' dir='ltr'>in</span> <span class='ocrx_word' id='word_1_86' title='bbox 354 696 494 744; x_wconf 87' lang='lat' dir='ltr'>templo</span> <span class='ocrx_word' id='word_1_87' title='bbox 515 697 560 732; x_wconf 87' lang='lat' dir='ltr'>ad</span> <span class='ocrx_word' id='word_1_88' title='bbox 582 697 861 743; x_wconf 84' lang='lat' dir='ltr'>significandum</span> <span class='ocrx_word' id='word_1_89' title='bbox 885 697 1093 734; x_wconf 86' lang='lat' dir='ltr'>Christum:</span> <span class='ocrx_word' id='word_1_90' title='bbox 1121 700 1196 745; x_wconf 87' lang='lat' dir='ltr'>ipse</span> <span class='ocrx_word' id='word_1_91' title='bbox 1223 699 1321 734; x_wconf 89' lang='lat' dir='ltr'>enim</span> <span class='ocrx_word' id='word_1_92' title='bbox 1348 699 1573 745; x_wconf 84' lang='lat' dir='ltr'>significatur</span> <span class='ocrx_word' id='word_1_93' title='bbox 1598 712 1662 747; x_wconf 87' lang='lat' dir='ltr'>per</span> 
     </span>
     <span class='ocr_line' id='line_1_11' title="bbox 92 750 1661 800; baseline 0.001 -13"><span class='ocrx_word' id='word_1_94' title='bbox 92 750 401 800; x_wconf 84' lang='lat' dir='ltr'>propitiatorium:</span> <span class='ocrx_word' id='word_1_95' title='bbox 416 750 500 798; x_wconf 89' lang='lat' dir='ltr'>quia</span> <span class='ocrx_word' id='word_1_96' title='bbox 515 752 578 798; x_wconf 72' lang='lat' dir='ltr'>ipsc</span> <span class='ocrx_word' id='word_1_97' title='bbox 591 756 635 786; x_wconf 74' lang='lat' dir='ltr'>est</span> <span class='ocrx_word' id='word_1_98' title='bbox 647 752 847 798; x_wconf 73' lang='lat' dir='ltr'>propitiatio</span> <span class='ocrx_word' id='word_1_99' title='bbox 857 758 921 798; x_wconf 80' lang='lat' dir='ltr'>pro</span> <span class='ocrx_word' id='word_1_100' title='bbox 931 754 1072 798; x_wconf 61' lang='lat' dir='ltr'>peccatis</span> <span class='ocrx_word' id='word_1_101' title='bbox 1087 754 1215 794; x_wconf 59' lang='lat' dir='ltr'>noftrss,</span> <span class='ocrx_word' id='word_1_102' title='bbox 1233 761 1270 787; x_wconf 89' lang='lat' dir='ltr'>ut</span> <span class='ocrx_word' id='word_1_103' title='bbox 1284 753 1414 788; x_wconf 90' lang='lat' dir='ltr'>dicitur</span> <span class='ocrx_word' id='word_1_104' title='bbox 1434 764 1460 788; x_wconf 88' lang='lat'>1.</span> <span class='ocrx_word' id='word_1_105' title='bbox 1472 753 1602 799; x_wconf 88' lang='lat' dir='ltr'>Joann.</span> <span class='ocrx_word' id='word_1_106' title='bbox 1618 764 1661 788; x_wconf 87' lang='lat'>2.:</span> 
     </span>
     <span class='ocr_line' id='line_1_12' title="bbox 92 803 1665 853; baseline 0.001 -12"><span class='ocrx_word' id='word_1_107' title='bbox 92 811 131 841; x_wconf 82' lang='lat' dir='ltr'>et</span> <span class='ocrx_word' id='word_1_108' title='bbox 148 804 408 840; x_wconf 84' lang='lat' dir='ltr'>convenienter</span> <span class='ocrx_word' id='word_1_109' title='bbox 428 804 500 839; x_wconf 90' lang='lat' dir='ltr'>hoc</span> <span class='ocrx_word' id='word_1_110' title='bbox 522 803 813 852; x_wconf 89' lang='lat' dir='ltr'>propitiatorium</span> <span class='ocrx_word' id='word_1_111' title='bbox 834 816 854 839; x_wconf 86' lang='lat' dir='ltr'>a</span> <span class='ocrx_word' id='word_1_112' title='bbox 876 805 1077 840; x_wconf 84' lang='lat' dir='ltr'>Cherubim</span> <span class='ocrx_word' id='word_1_113' title='bbox 1106 806 1326 852; x_wconf 84' lang='lat' dir='ltr'>portabatur,</span> <span class='ocrx_word' id='word_1_114' title='bbox 1348 806 1431 853; x_wconf 84' lang='lat' dir='ltr'>quia</span> <span class='ocrx_word' id='word_1_115' title='bbox 1450 807 1493 842; x_wconf 85' lang='lat' dir='ltr'>de</span> <span class='ocrx_word' id='word_1_116' title='bbox 1516 818 1560 842; x_wconf 91' lang='lat' dir='ltr'>eo</span> <span class='ocrx_word' id='word_1_117' title='bbox 1580 807 1665 842; x_wconf 90' lang='lat' dir='ltr'>scri-</span> 
     </span>
     <span class='ocr_line' id='line_1_13' title="bbox 93 857 1664 907; baseline 0.002 -14"><span class='ocrx_word' id='word_1_118' title='bbox 93 865 195 907; x_wconf 83' lang='lat' dir='ltr'>ptum</span> <span class='ocrx_word' id='word_1_119' title='bbox 213 864 286 894; x_wconf 81' lang='lat' dir='ltr'>est:</span> <span class='ocrx_word' id='word_1_120' title='bbox 303 857 454 894; x_wconf 70' lang='lat' dir='ltr'>Adoreus</span> <span class='ocrx_word' id='word_1_121' title='bbox 471 870 545 893; x_wconf 81' lang='lat' dir='ltr'>eum</span> <span class='ocrx_word' id='word_1_122' title='bbox 561 870 669 893; x_wconf 76' lang='lat' dir='ltr'>omnes</span> <span class='ocrx_word' id='word_1_123' title='bbox 687 858 807 903; x_wconf 60' lang='lat' dir='ltr'>Angeli</span> <span class='ocrx_word' id='word_1_124' title='bbox 822 859 899 900; x_wconf 67' lang='lat' dir='ltr'>Dei,</span> <span class='ocrx_word' id='word_1_125' title='bbox 916 867 953 893; x_wconf 92' lang='lat' dir='ltr'>ut</span> <span class='ocrx_word' id='word_1_126' title='bbox 973 859 1126 894; x_wconf 86' lang='lat' dir='ltr'>habetur</span> <span class='ocrx_word' id='word_1_127' title='bbox 1144 859 1234 894; x_wconf 87' lang='lat' dir='ltr'>Heb.</span> <span class='ocrx_word' id='word_1_128' title='bbox 1258 871 1305 894; x_wconf 88' lang='lat'>1.:</span> <span class='ocrx_word' id='word_1_129' title='bbox 1329 861 1403 907; x_wconf 86' lang='lat' dir='ltr'>ipse</span> <span class='ocrx_word' id='word_1_130' title='bbox 1425 861 1535 895; x_wconf 86' lang='lat' dir='ltr'>etiam</span> <span class='ocrx_word' id='word_1_131' title='bbox 1558 861 1664 907; x_wconf 87' lang='lat' dir='ltr'>signi-</span> 
     </span>
     <span class='ocr_line' id='line_1_14' title="bbox 92 910 1662 962; baseline 0.001 -14"><span class='ocrx_word' id='word_1_132' title='bbox 92 910 222 948; x_wconf 82' lang='lat' dir='ltr'>ficatur</span> <span class='ocrx_word' id='word_1_133' title='bbox 233 921 298 959; x_wconf 87' lang='lat' dir='ltr'>per</span> <span class='ocrx_word' id='word_1_134' title='bbox 318 921 458 946; x_wconf 83' lang='lat' dir='ltr'>arcam:</span> <span class='ocrx_word' id='word_1_135' title='bbox 473 911 557 958; x_wconf 88' lang='lat' dir='ltr'>quia</span> <span class='ocrx_word' id='word_1_136' title='bbox 579 911 672 947; x_wconf 88' lang='lat' dir='ltr'>sicut</span> <span class='ocrx_word' id='word_1_137' title='bbox 692 923 775 946; x_wconf 90' lang='lat' dir='ltr'>arca</span> <span class='ocrx_word' id='word_1_138' title='bbox 798 920 874 946; x_wconf 89' lang='lat' dir='ltr'>erat</span> <span class='ocrx_word' id='word_1_139' title='bbox 892 921 1098 947; x_wconf 88' lang='lat' dir='ltr'>constructa</span> <span class='ocrx_word' id='word_1_140' title='bbox 1115 914 1158 948; x_wconf 88' lang='lat' dir='ltr'>de</span> <span class='ocrx_word' id='word_1_141' title='bbox 1175 913 1282 958; x_wconf 78' lang='lat' dir='ltr'>lignis</span> <span class='ocrx_word' id='word_1_142' title='bbox 1302 914 1448 956; x_wconf 86' lang='lat' dir='ltr'>sethim,</span> <span class='ocrx_word' id='word_1_143' title='bbox 1462 914 1510 949; x_wconf 84' lang='lat' dir='ltr'>ita</span> <span class='ocrx_word' id='word_1_144' title='bbox 1530 926 1662 962; x_wconf 87' lang='lat' dir='ltr'>corpus</span> 
     </span>
     <span class='ocr_line' id='line_1_15' title="bbox 94 963 1662 1014; baseline 0.001 -13"><span class='ocrx_word' id='word_1_145' title='bbox 94 963 232 1001; x_wconf 71' lang='lat' dir='ltr'>Christi</span> <span class='ocrx_word' id='word_1_146' title='bbox 249 964 294 1000; x_wconf 88' lang='lat' dir='ltr'>de</span> <span class='ocrx_word' id='word_1_147' title='bbox 314 964 488 1000; x_wconf 89' lang='lat' dir='ltr'>membris</span> <span class='ocrx_word' id='word_1_148' title='bbox 507 964 708 1012; x_wconf 88' lang='lat' dir='ltr'>purissimis</span> <span class='ocrx_word' id='word_1_149' title='bbox 729 965 933 1000; x_wconf 84' lang='lat' dir='ltr'>constabat:</span> <span class='ocrx_word' id='word_1_150' title='bbox 957 975 1032 1001; x_wconf 89' lang='lat' dir='ltr'>erat</span> <span class='ocrx_word' id='word_1_151' title='bbox 1052 975 1173 1001; x_wconf 87' lang='lat' dir='ltr'>autem</span> <span class='ocrx_word' id='word_1_152' title='bbox 1191 967 1374 1009; x_wconf 84' lang='lat' dir='ltr'>deaurata,</span> <span class='ocrx_word' id='word_1_153' title='bbox 1397 967 1480 1014; x_wconf 86' lang='lat' dir='ltr'>quia</span> <span class='ocrx_word' id='word_1_154' title='bbox 1496 967 1662 1003; x_wconf 88' lang='lat' dir='ltr'>Christus</span> 
     </span>
     <span class='ocr_line' id='line_1_16' title="bbox 92 1017 1664 1066; baseline 0.001 -11"><span class='ocrx_word' id='word_1_155' title='bbox 92 1017 160 1055; x_wconf 84' lang='lat' dir='ltr'>fuit</span> <span class='ocrx_word' id='word_1_156' title='bbox 178 1018 307 1066; x_wconf 86' lang='lat' dir='ltr'>plenus</span> <span class='ocrx_word' id='word_1_157' title='bbox 327 1018 516 1065; x_wconf 82' lang='lat' dir='ltr'>sapientia,</span> <span class='ocrx_word' id='word_1_158' title='bbox 542 1026 578 1053; x_wconf 89' lang='lat' dir='ltr'>et</span> <span class='ocrx_word' id='word_1_159' title='bbox 595 1018 783 1059; x_wconf 83' lang='lat' dir='ltr'>charitate,</span> <span class='ocrx_word' id='word_1_160' title='bbox 802 1030 894 1065; x_wconf 88' lang='lat' dir='ltr'>quae</span> <span class='ocrx_word' id='word_1_161' title='bbox 918 1031 982 1066; x_wconf 87' lang='lat' dir='ltr'>per</span> <span class='ocrx_word' id='word_1_162' title='bbox 1008 1031 1136 1054; x_wconf 87' lang='lat' dir='ltr'>aurum</span> <span class='ocrx_word' id='word_1_163' title='bbox 1159 1020 1398 1066; x_wconf 82' lang='lat' dir='ltr'>significatur:</span> <span class='ocrx_word' id='word_1_164' title='bbox 1422 1021 1513 1056; x_wconf 87' lang='lat' dir='ltr'>intra</span> <span class='ocrx_word' id='word_1_165' title='bbox 1541 1033 1664 1056; x_wconf 88' lang='lat' dir='ltr'>arcam</span> 
     </span>
     <span class='ocr_line' id='line_1_17' title="bbox 94 1072 1667 1122; baseline 0.001 -14"><span class='ocrx_word' id='word_1_166' title='bbox 94 1080 217 1108; x_wconf 81' lang='lat' dir='ltr'>antem</span> <span class='ocrx_word' id='word_1_167' title='bbox 232 1079 310 1107; x_wconf 89' lang='lat' dir='ltr'>erat</span> <span class='ocrx_word' id='word_1_168' title='bbox 325 1082 414 1106; x_wconf 87' lang='lat' dir='ltr'>urna</span> <span class='ocrx_word' id='word_1_169' title='bbox 436 1082 557 1115; x_wconf 89' lang='lat' dir='ltr'>aurea,</span> <span class='ocrx_word' id='word_1_170' title='bbox 571 1072 662 1107; x_wconf 88' lang='lat' dir='ltr'>idest</span> <span class='ocrx_word' id='word_1_171' title='bbox 677 1080 800 1107; x_wconf 88' lang='lat' dir='ltr'>sancta</span> <span class='ocrx_word' id='word_1_172' title='bbox 819 1073 940 1107; x_wconf 88' lang='lat' dir='ltr'>anima</span> <span class='ocrx_word' id='word_1_173' title='bbox 960 1073 1097 1108; x_wconf 86' lang='lat' dir='ltr'>habens</span> <span class='ocrx_word' id='word_1_174' title='bbox 1112 1085 1258 1115; x_wconf 86' lang='lat' dir='ltr'>manna,</span> <span class='ocrx_word' id='word_1_175' title='bbox 1277 1074 1368 1109; x_wconf 89' lang='lat' dir='ltr'>idest</span> <span class='ocrx_word' id='word_1_176' title='bbox 1386 1085 1536 1110; x_wconf 88' lang='lat' dir='ltr'>omnem</span> <span class='ocrx_word' id='word_1_177' title='bbox 1555 1075 1667 1122; x_wconf 90' lang='lat' dir='ltr'>pleni-</span> 
     </span>
     <span class='ocr_line' id='line_1_18' title="bbox 93 1124 1666 1175; baseline 0.001 -13"><span class='ocrx_word' id='word_1_178' title='bbox 93 1125 257 1162; x_wconf 81' lang='lat' dir='ltr'>tudinem</span> <span class='ocrx_word' id='word_1_179' title='bbox 282 1124 494 1167; x_wconf 80' lang='lat' dir='ltr'>sanctitatis,</span> <span class='ocrx_word' id='word_1_180' title='bbox 521 1133 556 1160; x_wconf 84' lang='lat' dir='ltr'>et</span> <span class='ocrx_word' id='word_1_181' title='bbox 581 1125 792 1160; x_wconf 84' lang='lat' dir='ltr'>divinitatis:</span> <span class='ocrx_word' id='word_1_182' title='bbox 821 1134 897 1160; x_wconf 87' lang='lat' dir='ltr'>erat</span> <span class='ocrx_word' id='word_1_183' title='bbox 923 1126 1032 1160; x_wconf 87' lang='lat' dir='ltr'>etiam</span> <span class='ocrx_word' id='word_1_184' title='bbox 1062 1127 1096 1161; x_wconf 89' lang='lat' dir='ltr'>in</span> <span class='ocrx_word' id='word_1_185' title='bbox 1133 1138 1215 1161; x_wconf 82' lang='lat' dir='ltr'>arca</span> <span class='ocrx_word' id='word_1_186' title='bbox 1242 1127 1355 1174; x_wconf 83' lang='lat' dir='ltr'>virga,</span> <span class='ocrx_word' id='word_1_187' title='bbox 1385 1129 1476 1163; x_wconf 87' lang='lat' dir='ltr'>idest</span> <span class='ocrx_word' id='word_1_188' title='bbox 1507 1137 1666 1175; x_wconf 81' lang='lat' dir='ltr'>potestas</span> 
     </span>
     <span class='ocr_line' id='line_1_19' title="bbox 94 1177 1666 1226; baseline 0.001 -11"><span class='ocrx_word' id='word_1_189' title='bbox 94 1177 348 1216; x_wconf 83' lang='lat' dir='ltr'>sacerdotalis:</span> <span class='ocrx_word' id='word_1_190' title='bbox 369 1178 453 1226; x_wconf 86' lang='lat' dir='ltr'>quia</span> <span class='ocrx_word' id='word_1_191' title='bbox 475 1178 550 1226; x_wconf 91' lang='lat' dir='ltr'>ipse</span> <span class='ocrx_word' id='word_1_192' title='bbox 572 1186 626 1214; x_wconf 91' lang='lat' dir='ltr'>est</span> <span class='ocrx_word' id='word_1_193' title='bbox 648 1177 762 1214; x_wconf 87' lang='lat' dir='ltr'>factus</span> <span class='ocrx_word' id='word_1_194' title='bbox 786 1179 966 1214; x_wconf 82' lang='lat' dir='ltr'>Sacerdos</span> <span class='ocrx_word' id='word_1_195' title='bbox 988 1180 1023 1214; x_wconf 90' lang='lat' dir='ltr'>in</span> <span class='ocrx_word' id='word_1_196' title='bbox 1047 1188 1253 1216; x_wconf 85' lang='lat' dir='ltr'>aeternum:</span> <span class='ocrx_word' id='word_1_197' title='bbox 1277 1189 1379 1216; x_wconf 90' lang='lat' dir='ltr'>erant</span> <span class='ocrx_word' id='word_1_198' title='bbox 1405 1182 1513 1217; x_wconf 84' lang='lat' dir='ltr'>etiam</span> <span class='ocrx_word' id='word_1_199' title='bbox 1542 1183 1590 1217; x_wconf 89' lang='lat' dir='ltr'>ibi</span> <span class='ocrx_word' id='word_1_200' title='bbox 1616 1191 1666 1217; x_wconf 85' lang='lat' dir='ltr'>ta-</span> 
     </span>
     <span class='ocr_line' id='line_1_20' title="bbox 93 1231 1666 1283; baseline 0.002 -15"><span class='ocrx_word' id='word_1_201' title='bbox 93 1231 202 1268; x_wconf 82' lang='lat' dir='ltr'>bulae</span> <span class='ocrx_word' id='word_1_202' title='bbox 227 1231 467 1274; x_wconf 76' lang='lat' dir='ltr'>Testamenti,</span> <span class='ocrx_word' id='word_1_203' title='bbox 489 1232 532 1266; x_wconf 91' lang='lat' dir='ltr'>ad</span> <span class='ocrx_word' id='word_1_204' title='bbox 551 1231 817 1278; x_wconf 87' lang='lat' dir='ltr'>designandum</span> <span class='ocrx_word' id='word_1_205' title='bbox 840 1233 936 1279; x_wconf 88' lang='lat' dir='ltr'>quod</span> <span class='ocrx_word' id='word_1_206' title='bbox 960 1233 1035 1280; x_wconf 85' lang='lat' dir='ltr'>ipse</span> <span class='ocrx_word' id='word_1_207' title='bbox 1059 1233 1227 1268; x_wconf 86' lang='lat' dir='ltr'>Christus</span> <span class='ocrx_word' id='word_1_208' title='bbox 1253 1242 1306 1269; x_wconf 85' lang='lat' dir='ltr'>est</span> <span class='ocrx_word' id='word_1_209' title='bbox 1325 1234 1414 1281; x_wconf 87' lang='lat' dir='ltr'>legis</span> <span class='ocrx_word' id='word_1_210' title='bbox 1441 1236 1567 1271; x_wconf 82' lang='lat' dir='ltr'>dator:</span> <span class='ocrx_word' id='word_1_211' title='bbox 1590 1236 1666 1283; x_wconf 85' lang='lat' dir='ltr'>ipse</span> 
     </span>
     <span class='ocr_line' id='line_1_21' title="bbox 96 1284 1666 1336; baseline 0.002 -14"><span class='ocrx_word' id='word_1_212' title='bbox 96 1286 207 1322; x_wconf 83' lang='lat' dir='ltr'>etiam</span> <span class='ocrx_word' id='word_1_213' title='bbox 227 1284 396 1321; x_wconf 85' lang='lat' dir='ltr'>Christus</span> <span class='ocrx_word' id='word_1_214' title='bbox 416 1284 640 1331; x_wconf 77' lang='lat' dir='ltr'>significatur</span> <span class='ocrx_word' id='word_1_215' title='bbox 660 1297 724 1332; x_wconf 91' lang='lat' dir='ltr'>per</span> <span class='ocrx_word' id='word_1_216' title='bbox 749 1285 1026 1320; x_wconf 86' lang='lat' dir='ltr'>candelabrum:</span> <span class='ocrx_word' id='word_1_217' title='bbox 1055 1287 1139 1334; x_wconf 88' lang='lat' dir='ltr'>quia</span> <span class='ocrx_word' id='word_1_218' title='bbox 1165 1287 1241 1334; x_wconf 89' lang='lat' dir='ltr'>ipse</span> <span class='ocrx_word' id='word_1_219' title='bbox 1267 1288 1354 1323; x_wconf 89' lang='lat' dir='ltr'>dicit</span> <span class='ocrx_word' id='word_1_220' title='bbox 1381 1289 1490 1334; x_wconf 69' lang='lat' dir='ltr'>(joan.</span> <span class='ocrx_word' id='word_1_221' title='bbox 1510 1290 1576 1335; x_wconf 80' lang='lat' dir='ltr'><em>S.).·</em></span> <span class='ocrx_word' id='word_1_222' title='bbox 1596 1290 1666 1336; x_wconf 70' lang='lat' dir='ltr'>Ego</span> 
     </span>
     <span class='ocr_line' id='line_1_22' title="bbox 95 1337 1666 1390; baseline 0.001 -14"><span class='ocrx_word' id='word_1_223' title='bbox 95 1339 241 1376; x_wconf 69' lang='lat' dir='ltr'>samba:</span> <span class='ocrx_word' id='word_1_224' title='bbox 258 1337 396 1374; x_wconf 77' lang='lat' dir='ltr'>mundi:</span> <span class='ocrx_word' id='word_1_225' title='bbox 416 1349 480 1385; x_wconf 83' lang='lat' dir='ltr'>per</span> <span class='ocrx_word' id='word_1_226' title='bbox 499 1346 639 1384; x_wconf 86' lang='lat' dir='ltr'>septem</span> <span class='ocrx_word' id='word_1_227' title='bbox 661 1338 827 1373; x_wconf 88' lang='lat' dir='ltr'>lucernas</span> <span class='ocrx_word' id='word_1_228' title='bbox 849 1347 988 1386; x_wconf 85' lang='lat' dir='ltr'>septem</span> <span class='ocrx_word' id='word_1_229' title='bbox 1012 1340 1107 1374; x_wconf 88' lang='lat' dir='ltr'>dona</span> <span class='ocrx_word' id='word_1_230' title='bbox 1130 1340 1255 1375; x_wconf 86' lang='lat' dir='ltr'>Sancti</span> <span class='ocrx_word' id='word_1_231' title='bbox 1275 1342 1446 1388; x_wconf 86' lang='lat' dir='ltr'>Spiritus:</span> <span class='ocrx_word' id='word_1_232' title='bbox 1462 1343 1537 1390; x_wconf 89' lang='lat' dir='ltr'>ipse</span> <span class='ocrx_word' id='word_1_233' title='bbox 1556 1345 1666 1378; x_wconf 87' lang='lat' dir='ltr'>etiarn</span> 
     </span>
     <span class='ocr_line' id='line_1_23' title="bbox 95 1390 1665 1442; baseline 0.001 -12"><span class='ocrx_word' id='word_1_234' title='bbox 95 1390 392 1440; x_wconf 75' lang='lat' dir='ltr'>significaturper</span> <span class='ocrx_word' id='word_1_235' title='bbox 404 1402 588 1426; x_wconf 87' lang='lat' dir='ltr'>mensam:</span> <span class='ocrx_word' id='word_1_236' title='bbox 603 1391 687 1438; x_wconf 89' lang='lat' dir='ltr'>quia</span> <span class='ocrx_word' id='word_1_237' title='bbox 702 1391 778 1438; x_wconf 85' lang='lat' dir='ltr'>ipse</span> <span class='ocrx_word' id='word_1_238' title='bbox 793 1401 846 1427; x_wconf 88' lang='lat' dir='ltr'>est</span> <span class='ocrx_word' id='word_1_239' title='bbox 860 1393 1054 1438; x_wconf 85' lang='lat' dir='ltr'>spiritualis</span> <span class='ocrx_word' id='word_1_240' title='bbox 1067 1394 1179 1436; x_wconf 87' lang='lat' dir='ltr'>cibus,</span> <span class='ocrx_word' id='word_1_241' title='bbox 1190 1396 1390 1430; x_wconf 88' lang='lat' dir='ltr'>secundum</span> <span class='ocrx_word' id='word_1_242' title='bbox 1407 1396 1494 1430; x_wconf 90' lang='lat' dir='ltr'>illud</span> <span class='ocrx_word' id='word_1_243' title='bbox 1505 1397 1608 1442; x_wconf 85' lang='lat' dir='ltr'>Joan.</span> <span class='ocrx_word' id='word_1_244' title='bbox 1620 1395 1665 1432; x_wconf 86' lang='lat'>6.:</span> 
     </span>
     <span class='ocr_line' id='line_1_24' title="bbox 96 1444 1666 1497; baseline 0.004 -17"><span class='ocrx_word' id='word_1_245' title='bbox 96 1445 168 1492; x_wconf 77' lang='lat' dir='ltr'>Ego</span> <span class='ocrx_word' id='word_1_246' title='bbox 179 1455 252 1481; x_wconf 78' lang='lat' dir='ltr'>sum</span> <span class='ocrx_word' id='word_1_247' title='bbox 267 1445 370 1492; x_wconf 76' lang='lat' dir='ltr'>panis</span> <span class='ocrx_word' id='word_1_248' title='bbox 379 1445 491 1479; x_wconf 78' lang='lat' dir='ltr'>vivus.</span> <span class='ocrx_word' id='word_1_249' title='bbox 501 1444 711 1479; x_wconf 88' lang='lat' dir='ltr'>Duodecim</span> <span class='ocrx_word' id='word_1_250' title='bbox 726 1445 835 1480; x_wconf 86' lang='lat' dir='ltr'>etiam</span> <span class='ocrx_word' id='word_1_251' title='bbox 851 1457 962 1492; x_wconf 91' lang='lat' dir='ltr'>panes</span> <span class='ocrx_word' id='word_1_252' title='bbox 976 1446 1229 1492; x_wconf 84' lang='lat' dir='ltr'>significabant</span> <span class='ocrx_word' id='word_1_253' title='bbox 1241 1448 1438 1484; x_wconf 87' lang='lat' dir='ltr'>duodecim</span> <span class='ocrx_word' id='word_1_254' title='bbox 1453 1450 1666 1497; x_wconf 78' lang='lat' dir='ltr'>ApostolOS,</span> 
     </span>
     <span class='ocr_line' id='line_1_25' title="bbox 95 1497 1667 1549; baseline 0.004 -16"><span class='ocrx_word' id='word_1_255' title='bbox 95 1497 156 1534; x_wconf 85' lang='lat' dir='ltr'>vel</span> <span class='ocrx_word' id='word_1_256' title='bbox 179 1497 385 1534; x_wconf 74' lang='lat' dir='ltr'>doctrinam</span> <span class='ocrx_word' id='word_1_257' title='bbox 411 1508 551 1533; x_wconf 88' lang='lat' dir='ltr'>eorum.</span> <span class='ocrx_word' id='word_1_258' title='bbox 579 1498 665 1533; x_wconf 89' lang='lat' dir='ltr'>Sive</span> <span class='ocrx_word' id='word_1_259' title='bbox 692 1510 756 1546; x_wconf 89' lang='lat' dir='ltr'>per</span> <span class='ocrx_word' id='word_1_260' title='bbox 782 1499 1053 1542; x_wconf 87' lang='lat' dir='ltr'>candelabrum,</span> <span class='ocrx_word' id='word_1_261' title='bbox 1075 1509 1110 1535; x_wconf 91' lang='lat' dir='ltr'>et</span> <span class='ocrx_word' id='word_1_262' title='bbox 1132 1513 1298 1537; x_wconf 86' lang='lat' dir='ltr'>mensam</span> <span class='ocrx_word' id='word_1_263' title='bbox 1327 1512 1445 1549; x_wconf 86' lang='lat' dir='ltr'>potest</span> <span class='ocrx_word' id='word_1_264' title='bbox 1470 1504 1667 1549; x_wconf 81' lang='lat' dir='ltr'>significari</span> 
     </span>
     <span class='ocr_line' id='line_1_26' title="bbox 94 1550 1666 1606; baseline 0.004 -18"><span class='ocrx_word' id='word_1_265' title='bbox 94 1550 273 1594; x_wconf 83' lang='lat' dir='ltr'>doctrina,</span> <span class='ocrx_word' id='word_1_266' title='bbox 293 1559 330 1587; x_wconf 87' lang='lat' dir='ltr'>et</span> <span class='ocrx_word' id='word_1_267' title='bbox 348 1551 437 1587; x_wconf 86' lang='lat' dir='ltr'>fides</span> <span class='ocrx_word' id='word_1_268' title='bbox 458 1551 657 1594; x_wconf 85' lang='lat' dir='ltr'>Ecclesiae,</span> <span class='ocrx_word' id='word_1_269' title='bbox 678 1563 771 1599; x_wconf 89' lang='lat' dir='ltr'>quae</span> <span class='ocrx_word' id='word_1_270' title='bbox 793 1554 902 1588; x_wconf 86' lang='lat' dir='ltr'>etiam</span> <span class='ocrx_word' id='word_1_271' title='bbox 926 1553 1117 1589; x_wconf 81' lang='lat' dir='ltr'>illuminat-</span> <span class='ocrx_word' id='word_1_272' title='bbox 1140 1564 1175 1590; x_wconf 88' lang='lat' dir='ltr'>et</span> <span class='ocrx_word' id='word_1_273' title='bbox 1192 1556 1425 1602; x_wconf 84' lang='lat' dir='ltr'>spiritualiter</span> <span class='ocrx_word' id='word_1_274' title='bbox 1443 1557 1568 1593; x_wconf 84' lang='lat' dir='ltr'>reficit.</span> <span class='ocrx_word' id='word_1_275' title='bbox 1587 1559 1666 1606; x_wconf 89' lang='lat' dir='ltr'>Ipse</span> 
     </span>
     <span class='ocr_line' id='line_1_27' title="bbox 95 1604 1668 1655; baseline 0.003 -13"><span class='ocrx_word' id='word_1_276' title='bbox 95 1604 207 1642; x_wconf 82' lang='lat' dir='ltr'>etiam</span> <span class='ocrx_word' id='word_1_277' title='bbox 219 1604 388 1642; x_wconf 85' lang='lat' dir='ltr'>Christus</span> <span class='ocrx_word' id='word_1_278' title='bbox 407 1604 632 1652; x_wconf 86' lang='lat' dir='ltr'>significatur</span> <span class='ocrx_word' id='word_1_279' title='bbox 644 1617 708 1652; x_wconf 91' lang='lat' dir='ltr'>per</span> <span class='ocrx_word' id='word_1_280' title='bbox 721 1605 840 1653; x_wconf 53' lang='lat' dir='ltr'>duplat·</span> <span class='ocrx_word' id='word_1_281' title='bbox 861 1606 985 1649; x_wconf 88' lang='lat' dir='ltr'>altare,</span> <span class='ocrx_word' id='word_1_282' title='bbox 1003 1607 1160 1643; x_wconf 85' lang='lat' dir='ltr'>scilicet:</span> <span class='ocrx_word' id='word_1_283' title='bbox 1180 1609 1457 1655; x_wconf 77' lang='lat' dir='ltr'>holocaustorum,</span> <span class='ocrx_word' id='word_1_284' title='bbox 1477 1621 1512 1646; x_wconf 89' lang='lat' dir='ltr'>et</span> <span class='ocrx_word' id='word_1_285' title='bbox 1529 1613 1668 1647; x_wconf 69' lang='lat' dir='ltr'>thvmia-</span> 
     </span>
     <span class='ocr_line' id='line_1_28' title="bbox 95 1654 1667 1712; baseline 0.004 -17"><span class='ocrx_word' id='word_1_286' title='bbox 95 1660 216 1695; x_wconf 71' lang='lat' dir='ltr'>matis:</span> <span class='ocrx_word' id='word_1_287' title='bbox 235 1659 322 1706; x_wconf 89' lang='lat' dir='ltr'>quia</span> <span class='ocrx_word' id='word_1_288' title='bbox 340 1669 406 1706; x_wconf 89' lang='lat' dir='ltr'>per</span> <span class='ocrx_word' id='word_1_289' title='bbox 425 1658 545 1706; x_wconf 88' lang='lat' dir='ltr'>ipsum</span> <span class='ocrx_word' id='word_1_290' title='bbox 571 1667 717 1706; x_wconf 87' lang='lat' dir='ltr'>oportet</span> <span class='ocrx_word' id='word_1_291' title='bbox 737 1671 804 1694; x_wconf 90' lang='lat' dir='ltr'>nos</span> <span class='ocrx_word' id='word_1_292' title='bbox 832 1660 914 1695; x_wconf 89' lang='lat' dir='ltr'>Deo</span> <span class='ocrx_word' id='word_1_293' title='bbox 941 1660 1071 1696; x_wconf 87' lang='lat' dir='ltr'>offerre</span> <span class='ocrx_word' id='word_1_294' title='bbox 1097 1663 1222 1697; x_wconf 85' lang='lat' dir='ltr'>omnia</span> <span class='ocrx_word' id='word_1_295' title='bbox 1243 1663 1416 1699; x_wconf 91' lang='lat' dir='ltr'>virtutum</span> <span class='ocrx_word' id='word_1_296' title='bbox 1439 1654 1570 1712; x_wconf 68' lang='lat' dir='ltr'>opera}</span> <span class='ocrx_word' id='word_1_297' title='bbox 1591 1666 1667 1702; x_wconf 81' lang='lat' dir='ltr'>sive</span> 
     </span>
     <span class='ocr_line' id='line_1_29' title="bbox 93 1711 1667 1762; baseline 0.006 -17"><span class='ocrx_word' id='word_1_298' title='bbox 93 1711 170 1756; x_wconf 80' lang='lat' dir='ltr'>illa,</span> <span class='ocrx_word' id='word_1_299' title='bbox 186 1711 316 1760; x_wconf 86' lang='lat' dir='ltr'>quibus</span> <span class='ocrx_word' id='word_1_300' title='bbox 333 1722 483 1747; x_wconf 89' lang='lat' dir='ltr'>carnem</span> <span class='ocrx_word' id='word_1_301' title='bbox 497 1711 704 1759; x_wconf 78' lang='lat' dir='ltr'>affligimus,</span> <span class='ocrx_word' id='word_1_302' title='bbox 723 1723 815 1760; x_wconf 86' lang='lat' dir='ltr'>quae</span> <span class='ocrx_word' id='word_1_303' title='bbox 830 1712 1031 1749; x_wconf 82' lang='lat' dir='ltr'>offeruntur</span> <span class='ocrx_word' id='word_1_304' title='bbox 1048 1716 1149 1762; x_wconf 83' lang='lat' dir='ltr'>quasi</span> <span class='ocrx_word' id='word_1_305' title='bbox 1169 1716 1204 1750; x_wconf 89' lang='lat' dir='ltr'>in</span> <span class='ocrx_word' id='word_1_306' title='bbox 1227 1716 1330 1752; x_wconf 89' lang='lat' dir='ltr'>altari</span> <span class='ocrx_word' id='word_1_307' title='bbox 1352 1718 1667 1762; x_wconf 79' lang='lat' dir='ltr'>holocaustorum3</span> 
     </span>
     <span class='ocr_line' id='line_1_30' title="bbox 94 1764 1667 1817; baseline 0.004 -15"><span class='ocrx_word' id='word_1_308' title='bbox 94 1765 172 1803; x_wconf 84' lang='lat' dir='ltr'>sive</span> <span class='ocrx_word' id='word_1_309' title='bbox 184 1764 259 1809; x_wconf 87' lang='lat' dir='ltr'>illa,</span> <span class='ocrx_word' id='word_1_310' title='bbox 273 1776 367 1814; x_wconf 90' lang='lat' dir='ltr'>quae</span> <span class='ocrx_word' id='word_1_311' title='bbox 383 1766 525 1812; x_wconf 86' lang='lat' dir='ltr'>majore</span> <span class='ocrx_word' id='word_1_312' title='bbox 545 1766 679 1801; x_wconf 90' lang='lat' dir='ltr'>mentis</span> <span class='ocrx_word' id='word_1_313' title='bbox 700 1766 922 1812; x_wconf 88' lang='lat' dir='ltr'>perfectione</span> <span class='ocrx_word' id='word_1_314' title='bbox 941 1779 1004 1814; x_wconf 90' lang='lat' dir='ltr'>per</span> <span class='ocrx_word' id='word_1_315' title='bbox 1019 1769 1217 1815; x_wconf 80' lang='lat' dir='ltr'>spiritualia</span> <span class='ocrx_word' id='word_1_316' title='bbox 1232 1770 1476 1817; x_wconf 86' lang='lat' dir='ltr'>perfectorum</span> <span class='ocrx_word' id='word_1_317' title='bbox 1491 1773 1667 1809; x_wconf 87' lang='lat' dir='ltr'>desideria</span> 
     </span>
     <span class='ocr_line' id='line_1_31' title="bbox 94 1818 1665 1869; baseline 0.004 -13"><span class='ocrx_word' id='word_1_318' title='bbox 94 1819 178 1856; x_wconf 89' lang='lat' dir='ltr'>Deo</span> <span class='ocrx_word' id='word_1_319' title='bbox 198 1818 399 1855; x_wconf 86' lang='lat' dir='ltr'>offeruntur</span> <span class='ocrx_word' id='word_1_320' title='bbox 418 1819 456 1854; x_wconf 88' lang='lat' dir='ltr'>in</span> <span class='ocrx_word' id='word_1_321' title='bbox 483 1818 646 1862; x_wconf 88' lang='lat' dir='ltr'>Christo,</span> <span class='ocrx_word' id='word_1_322' title='bbox 672 1820 775 1866; x_wconf 87' lang='lat' dir='ltr'>quasi</span> <span class='ocrx_word' id='word_1_323' title='bbox 802 1820 836 1854; x_wconf 88' lang='lat' dir='ltr'>in</span> <span class='ocrx_word' id='word_1_324' title='bbox 865 1821 967 1856; x_wconf 86' lang='lat' dir='ltr'>altari</span> <span class='ocrx_word' id='word_1_325' title='bbox 995 1822 1259 1869; x_wconf 73' lang='lat' dir='ltr'>thymiamatis,</span> <span class='ocrx_word' id='word_1_326' title='bbox 1287 1826 1487 1861; x_wconf 89' lang='lat' dir='ltr'>secundum</span> <span class='ocrx_word' id='word_1_327' title='bbox 1510 1827 1598 1862; x_wconf 89' lang='lat' dir='ltr'>illud</span> <span class='ocrx_word' id='word_1_328' title='bbox 1621 1828 1665 1862; x_wconf 89' lang='lat' dir='ltr'>ad</span> 
     </span>
     <span class='ocr_line' id='line_1_32' title="bbox 95 1872 1415 1924; baseline 0.004 -15"><span class='ocrx_word' id='word_1_329' title='bbox 95 1872 188 1909; x_wconf 79' lang='lat' dir='ltr'>Heb.</span> <span class='ocrx_word' id='word_1_330' title='bbox 208 1872 356 1908; x_wconf 86' lang='lat' dir='ltr'>ultimo:</span> <span class='ocrx_word' id='word_1_331' title='bbox 378 1872 443 1908; x_wconf 79' lang='lat' dir='ltr'>Per</span> <span class='ocrx_word' id='word_1_332' title='bbox 462 1873 568 1920; x_wconf 79' lang='lat' dir='ltr'>ipsum</span> <span class='ocrx_word' id='word_1_333' title='bbox 595 1885 671 1919; x_wconf 75' lang='lat' dir='ltr'>ergo</span> <span class='ocrx_word' id='word_1_334' title='bbox 689 1874 863 1919; x_wconf 71' lang='lat' dir='ltr'>offeramus</span> <span class='ocrx_word' id='word_1_335' title='bbox 889 1875 1026 1910; x_wconf 78' lang='lat' dir='ltr'>hostiam</span> <span class='ocrx_word' id='word_1_336' title='bbox 1054 1876 1161 1911; x_wconf 78' lang='lat' dir='ltr'>laudis</span> <span class='ocrx_word' id='word_1_337' title='bbox 1180 1884 1305 1924; x_wconf 71' lang='lat' dir='ltr'>semper</span> <span class='ocrx_word' id='word_1_338' title='bbox 1333 1880 1415 1914; x_wconf 68' lang='lat' dir='ltr'>Deo.</span> 
     </span>
    </p>

    <p class='ocr_par' dir='ltr' id='par_1_4' title="bbox 63 1926 1671 2946">
     <span class='ocr_line' id='line_1_33' title="bbox 165 1926 1663 1977; baseline 0.004 -14"><span class='ocrx_word' id='word_1_339' title='bbox 165 1926 228 1963; x_wconf 79' lang='lat' dir='ltr'>An</span> <span class='ocrx_word' id='word_1_340' title='bbox 247 1932 442 1962; x_wconf 73' lang='lat' dir='ltr'>smnwu</span> <span class='ocrx_word' id='word_1_341' title='bbox 463 1926 670 1968; x_wconf 89' lang='lat' dir='ltr'>dicendum,</span> <span class='ocrx_word' id='word_1_342' title='bbox 692 1927 789 1974; x_wconf 92' lang='lat' dir='ltr'>quod</span> <span class='ocrx_word' id='word_1_343' title='bbox 812 1927 994 1963; x_wconf 88' lang='lat' dir='ltr'>Dominus</span> <span class='ocrx_word' id='word_1_344' title='bbox 1017 1930 1199 1977; x_wconf 87' lang='lat' dir='ltr'>praecepit</span> <span class='ocrx_word' id='word_1_345' title='bbox 1226 1931 1337 1967; x_wconf 88' lang='lat' dir='ltr'>altare</span> <span class='ocrx_word' id='word_1_346' title='bbox 1358 1934 1518 1969; x_wconf 89' lang='lat' dir='ltr'>construi</span> <span class='ocrx_word' id='word_1_347' title='bbox 1541 1934 1583 1968; x_wconf 83' lang='lat' dir='ltr'>ad</span> <span class='ocrx_word' id='word_1_348' title='bbox 1610 1946 1663 1969; x_wconf 85' lang='lat' dir='ltr'>sa-</span> 
     </span>
     <span class='ocr_line' id='line_1_34' title="bbox 95 1978 1667 2031; baseline 0.004 -15"><span class='ocrx_word' id='word_1_349' title='bbox 95 1978 245 2023; x_wconf 82' lang='lat' dir='ltr'>crificia,</span> <span class='ocrx_word' id='word_1_350' title='bbox 260 1987 298 2016; x_wconf 87' lang='lat' dir='ltr'>et</span> <span class='ocrx_word' id='word_1_351' title='bbox 317 1990 470 2015; x_wconf 87' lang='lat' dir='ltr'>munera</span> <span class='ocrx_word' id='word_1_352' title='bbox 490 1978 677 2015; x_wconf 81' lang='lat' dir='ltr'>offerenda</span> <span class='ocrx_word' id='word_1_353' title='bbox 691 1980 727 2014; x_wconf 91' lang='lat' dir='ltr'>in</span> <span class='ocrx_word' id='word_1_354' title='bbox 743 1980 924 2016; x_wconf 89' lang='lat' dir='ltr'>honorem</span> <span class='ocrx_word' id='word_1_355' title='bbox 940 1982 1022 2024; x_wconf 91' lang='lat' dir='ltr'>Dei,</span> <span class='ocrx_word' id='word_1_356' title='bbox 1040 1991 1075 2018; x_wconf 88' lang='lat' dir='ltr'>et</span> <span class='ocrx_word' id='word_1_357' title='bbox 1089 1986 1391 2021; x_wconf 85' lang='lat' dir='ltr'>sustentationem</span> <span class='ocrx_word' id='word_1_358' title='bbox 1406 1988 1667 2031; x_wconf 87' lang='lat' dir='ltr'>ministrorum,</span> 
     </span>
     <span class='ocr_line' id='line_1_35' title="bbox 93 2032 1665 2082; baseline 0.004 -12"><span class='ocrx_word' id='word_1_359' title='bbox 93 2033 159 2082; x_wconf 81' lang='lat' dir='ltr'>qui</span> <span class='ocrx_word' id='word_1_360' title='bbox 175 2032 413 2070; x_wconf 80' lang='lat' dir='ltr'>tabernaculo</span> <span class='ocrx_word' id='word_1_361' title='bbox 433 2033 700 2069; x_wconf 87' lang='lat' dir='ltr'>deserviebant:</span> <span class='ocrx_word' id='word_1_362' title='bbox 715 2034 760 2069; x_wconf 90' lang='lat' dir='ltr'>de</span> <span class='ocrx_word' id='word_1_363' title='bbox 775 2036 1046 2071; x_wconf 86' lang='lat' dir='ltr'>constructione</span> <span class='ocrx_word' id='word_1_364' title='bbox 1062 2046 1184 2072; x_wconf 87' lang='lat' dir='ltr'>autem</span> <span class='ocrx_word' id='word_1_365' title='bbox 1204 2038 1325 2074; x_wconf 87' lang='lat' dir='ltr'>altaris</span> <span class='ocrx_word' id='word_1_366' title='bbox 1341 2040 1443 2075; x_wconf 88' lang='lat' dir='ltr'>datur</span> <span class='ocrx_word' id='word_1_367' title='bbox 1463 2053 1481 2075; x_wconf 92' lang='lat' dir='ltr'>a</span> <span class='ocrx_word' id='word_1_368' title='bbox 1500 2041 1665 2077; x_wconf 89' lang='lat' dir='ltr'>Domino</span> 
     </span>
     <span class='ocr_line' id='line_1_36' title="bbox 95 2086 1668 2137; baseline 0.005 -14"><span class='ocrx_word' id='word_1_369' title='bbox 95 2086 229 2135; x_wconf 80' lang='lat' dir='ltr'>duplex</span> <span class='ocrx_word' id='word_1_370' title='bbox 247 2095 496 2135; x_wconf 85' lang='lat' dir='ltr'>praeceptum.</span> <span class='ocrx_word' id='word_1_371' title='bbox 512 2086 637 2122; x_wconf 89' lang='lat' dir='ltr'>Unum</span> <span class='ocrx_word' id='word_1_372' title='bbox 659 2087 806 2134; x_wconf 83' lang='lat' dir='ltr'>quidem</span> <span class='ocrx_word' id='word_1_373' title='bbox 830 2088 865 2122; x_wconf 90' lang='lat' dir='ltr'>in</span> <span class='ocrx_word' id='word_1_374' title='bbox 886 2089 1064 2137; x_wconf 88' lang='lat' dir='ltr'>principio</span> <span class='ocrx_word' id='word_1_375' title='bbox 1087 2090 1176 2137; x_wconf 80' lang='lat' dir='ltr'>legis</span> <span class='ocrx_word' id='word_1_376' title='bbox 1199 2092 1311 2127; x_wconf 83' lang='lat' dir='ltr'>Exod.</span> <span class='ocrx_word' id='word_1_377' title='bbox 1329 2103 1396 2136; x_wconf 66' lang='lat'>20„</span> <span class='ocrx_word' id='word_1_378' title='bbox 1412 2094 1471 2129; x_wconf 90' lang='lat' dir='ltr'>ubi</span> <span class='ocrx_word' id='word_1_379' title='bbox 1485 2095 1668 2131; x_wconf 90' lang='lat' dir='ltr'>Dominus</span> 
     </span>
     <span class='ocr_line' id='line_1_37' title="bbox 63 2139 1665 2192; baseline 0.005 -16"><span class='ocrx_word' id='word_1_380' title='bbox 63 2151 65 2155; x_wconf 88' lang='lat'>·</span> <span class='ocrx_word' id='word_1_381' title='bbox 95 2140 295 2184; x_wconf 77' lang='lat' dir='ltr'>mandabit,</span> <span class='ocrx_word' id='word_1_382' title='bbox 303 2140 401 2188; x_wconf 88' lang='lat' dir='ltr'>quod</span> <span class='ocrx_word' id='word_1_383' title='bbox 410 2139 572 2176; x_wconf 82' lang='lat' dir='ltr'>facerent</span> <span class='ocrx_word' id='word_1_384' title='bbox 581 2141 689 2176; x_wconf 81' lang='lat' dir='ltr'>altare</span> <span class='ocrx_word' id='word_1_385' title='bbox 698 2141 735 2176; x_wconf 71' lang='lat' dir='ltr'>dc</span> <span class='ocrx_word' id='word_1_386' title='bbox 745 2146 847 2184; x_wconf 71' lang='lat' dir='ltr'>terra,</span> <span class='ocrx_word' id='word_1_387' title='bbox 859 2142 916 2177; x_wconf 88' lang='lat' dir='ltr'>vel</span> <span class='ocrx_word' id='word_1_388' title='bbox 930 2142 1060 2178; x_wconf 88' lang='lat' dir='ltr'>saltem</span> <span class='ocrx_word' id='word_1_389' title='bbox 1070 2144 1106 2179; x_wconf 71' lang='lat' dir='ltr'>dc</span> <span class='ocrx_word' id='word_1_390' title='bbox 1117 2145 1281 2192; x_wconf 69' lang='lat' dir='ltr'>lapidibus</span> <span class='ocrx_word' id='word_1_391' title='bbox 1292 2159 1356 2181; x_wconf 83' lang='lat' dir='ltr'>non</span> <span class='ocrx_word' id='word_1_392' title='bbox 1371 2150 1474 2184; x_wconf 73' lang='lat' dir='ltr'>seclis:</span> <span class='ocrx_word' id='word_1_393' title='bbox 1485 2158 1520 2184; x_wconf 89' lang='lat' dir='ltr'>et</span> <span class='ocrx_word' id='word_1_394' title='bbox 1535 2151 1665 2184; x_wconf 86' lang='lat' dir='ltr'>iterum</span> 
     </span>
     <span class='ocr_line' id='line_1_38' title="bbox 95 2192 1665 2246; baseline 0.005 -16"><span class='ocrx_word' id='word_1_395' title='bbox 95 2193 195 2243; x_wconf 82' lang='lat' dir='ltr'>qnod</span> <span class='ocrx_word' id='word_1_396' title='bbox 214 2204 290 2230; x_wconf 88' lang='lat' dir='ltr'>non</span> <span class='ocrx_word' id='word_1_397' title='bbox 310 2192 472 2230; x_wconf 84' lang='lat' dir='ltr'>facerent</span> <span class='ocrx_word' id='word_1_398' title='bbox 490 2194 598 2230; x_wconf 71' lang='lat' dir='ltr'>anan·</span> <span class='ocrx_word' id='word_1_399' title='bbox 622 2194 794 2237; x_wconf 68' lang='lat' dir='ltr'>excdsnm,</span> <span class='ocrx_word' id='word_1_400' title='bbox 818 2196 861 2230; x_wconf 87' lang='lat' dir='ltr'>ad</span> <span class='ocrx_word' id='word_1_401' title='bbox 884 2196 980 2242; x_wconf 82' lang='lat' dir='ltr'>quod</span> <span class='ocrx_word' id='word_1_402' title='bbox 1004 2206 1189 2244; x_wconf 79' lang='lat' dir='ltr'>oporteret</span> <span class='ocrx_word' id='word_1_403' title='bbox 1210 2211 1274 2246; x_wconf 88' lang='lat' dir='ltr'>per</span> <span class='ocrx_word' id='word_1_404' title='bbox 1295 2201 1427 2245; x_wconf 72' lang='lat' dir='ltr'>gradus</span> <span class='ocrx_word' id='word_1_405' title='bbox 1450 2203 1665 2238; x_wconf 84' lang='lat' dir='ltr'>ascendere:</span> 
     </span>
     <span class='ocr_line' id='line_1_39' title="bbox 97 2246 1670 2292; baseline 0.005 -8"><span class='ocrx_word' id='word_1_406' title='bbox 97 2247 216 2284; x_wconf 88' lang='lat' dir='ltr'>ethoc</span> <span class='ocrx_word' id='word_1_407' title='bbox 226 2247 271 2283; x_wconf 84' lang='lat' dir='ltr'>ad</span> <span class='ocrx_word' id='word_1_408' title='bbox 284 2247 538 2284; x_wconf 81' lang='lat' dir='ltr'>detestandum</span> <span class='ocrx_word' id='word_1_409' title='bbox 549 2246 778 2283; x_wconf 85' lang='lat' dir='ltr'>idololatriae</span> <span class='ocrx_word' id='word_1_410' title='bbox 790 2248 925 2283; x_wconf 73' lang='lat' dir='ltr'>cultum</span> <span class='ocrx_word' id='word_1_411' title='bbox 940 2261 946 2283; x_wconf 92' lang='lat'>:</span> <span class='ocrx_word' id='word_1_412' title='bbox 964 2250 1128 2287; x_wconf 83' lang='lat' dir='ltr'>Gentiles</span> <span class='ocrx_word' id='word_1_413' title='bbox 1142 2253 1238 2288; x_wconf 91' lang='lat' dir='ltr'>enim</span> <span class='ocrx_word' id='word_1_414' title='bbox 1252 2254 1357 2289; x_wconf 84' lang='lat' dir='ltr'>idolis</span> <span class='ocrx_word' id='word_1_415' title='bbox 1373 2256 1605 2292; x_wconf 87' lang='lat' dir='ltr'>costruebant</span> <span class='ocrx_word' id='word_1_416' title='bbox 1623 2257 1670 2292; x_wconf 90' lang='lat' dir='ltr'>al-</span> 
     </span>
     <span class='ocr_line' id='line_1_40' title="bbox 95 2300 1666 2352; baseline 0.005 -14"><span class='ocrx_word' id='word_1_417' title='bbox 95 2300 188 2338; x_wconf 74' lang='lat' dir='ltr'>mia</span> <span class='ocrx_word' id='word_1_418' title='bbox 206 2308 347 2344; x_wconf 78' lang='lat' dir='ltr'>ornata,</span> <span class='ocrx_word' id='word_1_419' title='bbox 367 2309 404 2337; x_wconf 87' lang='lat' dir='ltr'>et</span> <span class='ocrx_word' id='word_1_420' title='bbox 428 2301 610 2343; x_wconf 87' lang='lat' dir='ltr'>sublimia,</span> <span class='ocrx_word' id='word_1_421' title='bbox 632 2301 666 2335; x_wconf 94' lang='lat' dir='ltr'>in</span> <span class='ocrx_word' id='word_1_422' title='bbox 689 2301 818 2348; x_wconf 90' lang='lat' dir='ltr'>quibus</span> <span class='ocrx_word' id='word_1_423' title='bbox 840 2303 1034 2339; x_wconf 87' lang='lat' dir='ltr'>credebant</span> <span class='ocrx_word' id='word_1_424' title='bbox 1056 2304 1190 2352; x_wconf 88' lang='lat' dir='ltr'>aliquid</span> <span class='ocrx_word' id='word_1_425' title='bbox 1218 2309 1428 2350; x_wconf 84' lang='lat' dir='ltr'>sanctitatis,</span> <span class='ocrx_word' id='word_1_426' title='bbox 1451 2318 1485 2344; x_wconf 89' lang='lat' dir='ltr'>et</span> <span class='ocrx_word' id='word_1_427' title='bbox 1507 2311 1666 2345; x_wconf 89' lang='lat' dir='ltr'>numinis</span> 
     </span>
     <span class='ocr_line' id='line_1_41' title="bbox 96 2354 1669 2410; baseline 0.005 -18"><span class='ocrx_word' id='word_1_428' title='bbox 96 2365 193 2392; x_wconf 65' lang='lat' dir='ltr'>etse:</span> <span class='ocrx_word' id='word_1_429' title='bbox 218 2362 366 2403; x_wconf 84' lang='lat' dir='ltr'>propter</span> <span class='ocrx_word' id='word_1_430' title='bbox 389 2354 488 2402; x_wconf 88' lang='lat' dir='ltr'>quod</span> <span class='ocrx_word' id='word_1_431' title='bbox 510 2354 622 2389; x_wconf 87' lang='lat' dir='ltr'>etiam</span> <span class='ocrx_word' id='word_1_432' title='bbox 648 2354 831 2390; x_wconf 91' lang='lat' dir='ltr'>Dominus</span> <span class='ocrx_word' id='word_1_433' title='bbox 857 2357 1043 2393; x_wconf 85' lang='lat' dir='ltr'>mandavit</span> <span class='ocrx_word' id='word_1_434' title='bbox 1069 2358 1269 2395; x_wconf 88' lang='lat' dir='ltr'>Deuteron.</span> <span class='ocrx_word' id='word_1_435' title='bbox 1302 2359 1370 2396; x_wconf 88' lang='lat'>16.:</span> <span class='ocrx_word' id='word_1_436' title='bbox 1400 2362 1476 2397; x_wconf 71' lang='lat' dir='ltr'>Non</span> <span class='ocrx_word' id='word_1_437' title='bbox 1499 2363 1669 2410; x_wconf 73' lang='lat' dir='ltr'>plantabis</span> 
     </span>
     <span class='ocr_line' id='line_1_42' title="bbox 95 2408 1670 2453; baseline 0.004 -7"><span class='ocrx_word' id='word_1_438' title='bbox 95 2408 221 2452; x_wconf 77' lang='lat' dir='ltr'>lucum,</span> <span class='ocrx_word' id='word_1_439' title='bbox 236 2412 269 2445; x_wconf 68' lang='lat' dir='ltr'>et</span> <span class='ocrx_word' id='word_1_440' title='bbox 287 2419 419 2444; x_wconf 83' lang='lat' dir='ltr'>omnem</span> <span class='ocrx_word' id='word_1_441' title='bbox 439 2409 594 2443; x_wconf 79' lang='lat' dir='ltr'>arborem</span> <span class='ocrx_word' id='word_1_442' title='bbox 609 2410 709 2452; x_wconf 76' lang='lat' dir='ltr'>juxta</span> <span class='ocrx_word' id='word_1_443' title='bbox 722 2408 827 2444; x_wconf 66' lang='lat' dir='ltr'>altare</span> <span class='ocrx_word' id='word_1_444' title='bbox 847 2410 989 2445; x_wconf 83' lang='lat' dir='ltr'>Domini</span> <span class='ocrx_word' id='word_1_445' title='bbox 1008 2412 1074 2447; x_wconf 75' lang='lat' dir='ltr'>Dei</span> <span class='ocrx_word' id='word_1_446' title='bbox 1090 2415 1158 2448; x_wconf 78' lang='lat' dir='ltr'>lui:</span> <span class='ocrx_word' id='word_1_447' title='bbox 1174 2413 1389 2451; x_wconf 84' lang='lat' dir='ltr'>idololatrae</span> <span class='ocrx_word' id='word_1_448' title='bbox 1405 2417 1501 2451; x_wconf 88' lang='lat' dir='ltr'>enim</span> <span class='ocrx_word' id='word_1_449' title='bbox 1518 2428 1670 2453; x_wconf 87' lang='lat' dir='ltr'>consue-</span> 
     </span>
     <span class='ocr_line' id='line_1_43' title="bbox 96 2461 1670 2513; baseline 0.005 -15"><span class='ocrx_word' id='word_1_450' title='bbox 96 2469 225 2498; x_wconf 79' lang='lat' dir='ltr'>verant</span> <span class='ocrx_word' id='word_1_451' title='bbox 238 2461 304 2498; x_wconf 86' lang='lat' dir='ltr'>sub</span> <span class='ocrx_word' id='word_1_452' title='bbox 322 2461 510 2497; x_wconf 81' lang='lat' dir='ltr'>arboribus</span> <span class='ocrx_word' id='word_1_453' title='bbox 528 2461 743 2503; x_wconf 80' lang='lat' dir='ltr'>sacrificare,</span> <span class='ocrx_word' id='word_1_454' title='bbox 759 2471 903 2510; x_wconf 86' lang='lat' dir='ltr'>propter</span> <span class='ocrx_word' id='word_1_455' title='bbox 921 2465 1195 2508; x_wconf 86' lang='lat' dir='ltr'>amoenitatem,</span> <span class='ocrx_word' id='word_1_456' title='bbox 1211 2475 1246 2502; x_wconf 91' lang='lat' dir='ltr'>et</span> <span class='ocrx_word' id='word_1_457' title='bbox 1264 2469 1551 2505; x_wconf 82' lang='lat' dir='ltr'>umbrositatem.</span> <span class='ocrx_word' id='word_1_458' title='bbox 1569 2471 1670 2513; x_wconf 90' lang='lat' dir='ltr'>Quo-</span> 
     </span>
     <span class='ocr_line' id='line_1_44' title="bbox 97 2515 1667 2569; baseline 0.006 -17"><span class='ocrx_word' id='word_1_459' title='bbox 97 2526 180 2552; x_wconf 79' lang='lat' dir='ltr'>mm</span> <span class='ocrx_word' id='word_1_460' title='bbox 199 2516 311 2552; x_wconf 79' lang='lat' dir='ltr'>etiam</span> <span class='ocrx_word' id='word_1_461' title='bbox 328 2523 606 2563; x_wconf 85' lang='lat' dir='ltr'>praeceptorum</span> <span class='ocrx_word' id='word_1_462' title='bbox 628 2516 719 2550; x_wconf 86' lang='lat' dir='ltr'>ratio</span> <span class='ocrx_word' id='word_1_463' title='bbox 739 2515 898 2561; x_wconf 82' lang='lat' dir='ltr'>figuralis</span> <span class='ocrx_word' id='word_1_464' title='bbox 913 2516 989 2560; x_wconf 85' lang='lat' dir='ltr'>fuit,</span> <span class='ocrx_word' id='word_1_465' title='bbox 1005 2519 1088 2565; x_wconf 87' lang='lat' dir='ltr'>quia</span> <span class='ocrx_word' id='word_1_466' title='bbox 1111 2520 1146 2554; x_wconf 92' lang='lat' dir='ltr'>in</span> <span class='ocrx_word' id='word_1_467' title='bbox 1166 2520 1327 2563; x_wconf 83' lang='lat' dir='ltr'>Christo,</span> <span class='ocrx_word' id='word_1_468' title='bbox 1349 2523 1408 2569; x_wconf 90' lang='lat' dir='ltr'>qui</span> <span class='ocrx_word' id='word_1_469' title='bbox 1429 2532 1482 2558; x_wconf 89' lang='lat' dir='ltr'>est</span> <span class='ocrx_word' id='word_1_470' title='bbox 1503 2533 1667 2561; x_wconf 88' lang='lat' dir='ltr'>nostrum</span> 
     </span>
     <span class='ocr_line' id='line_1_45' title="bbox 87 2567 1667 2625; baseline 0.005 -19"><span class='ocrx_word' id='word_1_471' title='bbox 87 2567 223 2613; x_wconf 41' lang='lat' dir='ltr'>,altura</span> <span class='ocrx_word' id='word_1_472' title='bbox 232 2568 408 2605; x_wconf 85' lang='lat' dir='ltr'>debemus</span> <span class='ocrx_word' id='word_1_473' title='bbox 419 2567 583 2604; x_wconf 81' lang='lat' dir='ltr'>confiteri</span> <span class='ocrx_word' id='word_1_474' title='bbox 597 2579 722 2603; x_wconf 81' lang='lat' dir='ltr'>veram</span> <span class='ocrx_word' id='word_1_475' title='bbox 733 2569 850 2604; x_wconf 86' lang='lat' dir='ltr'>carnis</span> <span class='ocrx_word' id='word_1_476' title='bbox 862 2579 1028 2606; x_wconf 87' lang='lat' dir='ltr'>naturam</span> <span class='ocrx_word' id='word_1_477' title='bbox 1040 2582 1215 2619; x_wconf 87' lang='lat' dir='ltr'>quantum</span> <span class='ocrx_word' id='word_1_478' title='bbox 1229 2575 1271 2609; x_wconf 88' lang='lat' dir='ltr'>ad</span> <span class='ocrx_word' id='word_1_479' title='bbox 1284 2575 1561 2621; x_wconf 74' lang='lat' dir='ltr'>hunianitatem3</span> <span class='ocrx_word' id='word_1_480' title='bbox 1571 2580 1667 2625; x_wconf 90' lang='lat' dir='ltr'>quod</span> 
     </span>
     <span class='ocr_line' id='line_1_46' title="bbox 98 2622 1669 2669; baseline 0.005 -10"><span class='ocrx_word' id='word_1_481' title='bbox 98 2629 155 2659; x_wconf 72' lang='lat' dir='ltr'>eut</span> <span class='ocrx_word' id='word_1_482' title='bbox 170 2622 278 2659; x_wconf 64' lang='lat' dir='ltr'>altare</span> <span class='ocrx_word' id='word_1_483' title='bbox 295 2622 334 2658; x_wconf 73' lang='lat' dir='ltr'>de</span> <span class='ocrx_word' id='word_1_484' title='bbox 351 2622 584 2669; x_wconf 73' lang='lat' dir='ltr'>tcrrasaccre:</span> <span class='ocrx_word' id='word_1_485' title='bbox 606 2629 642 2657; x_wconf 90' lang='lat' dir='ltr'>et</span> <span class='ocrx_word' id='word_1_486' title='bbox 662 2630 838 2669; x_wconf 89' lang='lat' dir='ltr'>quantum</span> <span class='ocrx_word' id='word_1_487' title='bbox 865 2624 908 2658; x_wconf 89' lang='lat' dir='ltr'>ad</span> <span class='ocrx_word' id='word_1_488' title='bbox 931 2625 1156 2662; x_wconf 89' lang='lat' dir='ltr'>divinitatem</span> <span class='ocrx_word' id='word_1_489' title='bbox 1179 2628 1353 2663; x_wconf 84' lang='lat' dir='ltr'>debemus</span> <span class='ocrx_word' id='word_1_490' title='bbox 1380 2630 1414 2664; x_wconf 94' lang='lat' dir='ltr'>in</span> <span class='ocrx_word' id='word_1_491' title='bbox 1438 2642 1482 2665; x_wconf 90' lang='lat' dir='ltr'>eo</span> <span class='ocrx_word' id='word_1_492' title='bbox 1505 2631 1669 2667; x_wconf 76' lang='lat' dir='ltr'>confiteri</span> 
     </span>
     <span class='ocr_line' id='line_1_47' title="bbox 97 2673 1668 2727; baseline 0.006 -15"><span class='ocrx_word' id='word_1_493' title='bbox 97 2673 217 2712; x_wconf 65' lang='lat' dir='ltr'>Patris</span> <span class='ocrx_word' id='word_1_494' title='bbox 244 2674 520 2724; x_wconf 73' lang='lat' dir='ltr'>aequalitatem:</span> <span class='ocrx_word' id='word_1_495' title='bbox 542 2675 640 2722; x_wconf 89' lang='lat' dir='ltr'>quod</span> <span class='ocrx_word' id='word_1_496' title='bbox 661 2683 714 2710; x_wconf 87' lang='lat' dir='ltr'>est</span> <span class='ocrx_word' id='word_1_497' title='bbox 736 2687 801 2711; x_wconf 84' lang='lat' dir='ltr'>non</span> <span class='ocrx_word' id='word_1_498' title='bbox 827 2677 996 2714; x_wconf 79' lang='lat' dir='ltr'>ascendere</span> <span class='ocrx_word' id='word_1_499' title='bbox 1017 2686 1080 2727; x_wconf 74' lang='lat' dir='ltr'>per</span> <span class='ocrx_word' id='word_1_500' title='bbox 1104 2681 1225 2726; x_wconf 72' lang='lat' dir='ltr'>gradus</span> <span class='ocrx_word' id='word_1_501' title='bbox 1251 2682 1294 2716; x_wconf 74' lang='lat' dir='ltr'>ud</span> <span class='ocrx_word' id='word_1_502' title='bbox 1319 2683 1443 2719; x_wconf 62' lang='lat' dir='ltr'>altare:</span> <span class='ocrx_word' id='word_1_503' title='bbox 1470 2695 1536 2720; x_wconf 86' lang='lat' dir='ltr'>nec</span> <span class='ocrx_word' id='word_1_504' title='bbox 1559 2686 1668 2720; x_wconf 85' lang='lat' dir='ltr'>etiam</span> 
     </span>
     <span class='ocr_line' id='line_1_48' title="bbox 98 2728 1671 2785; baseline 0.006 -20"><span class='ocrx_word' id='word_1_505' title='bbox 98 2729 198 2778; x_wconf 59' lang='lat' dir='ltr'>§aaa</span> <span class='ocrx_word' id='word_1_506' title='bbox 217 2728 407 2765; x_wconf 79' lang='lat' dir='ltr'>Christum</span> <span class='ocrx_word' id='word_1_507' title='bbox 424 2728 597 2764; x_wconf 85' lang='lat' dir='ltr'>debemus</span> <span class='ocrx_word' id='word_1_508' title='bbox 611 2728 799 2764; x_wconf 87' lang='lat' dir='ltr'>admittere</span> <span class='ocrx_word' id='word_1_509' title='bbox 820 2729 1024 2767; x_wconf 87' lang='lat' dir='ltr'>doctrinam</span> <span class='ocrx_word' id='word_1_510' title='bbox 1048 2733 1248 2769; x_wconf 85' lang='lat' dir='ltr'>Gentilium</span> <span class='ocrx_word' id='word_1_511' title='bbox 1270 2737 1312 2770; x_wconf 87' lang='lat' dir='ltr'>ad</span> <span class='ocrx_word' id='word_1_512' title='bbox 1332 2736 1518 2772; x_wconf 72' lang='lat' dir='ltr'>lasciviam</span> <span class='ocrx_word' id='word_1_513' title='bbox 1542 2750 1671 2785; x_wconf 82' lang='lat' dir='ltr'>provo-</span> 
     </span>
     <span class='ocr_line' id='line_1_49' title="bbox 100 2780 1670 2839; baseline 0.006 -21"><span class='ocrx_word' id='word_1_514' title='bbox 100 2788 265 2819; x_wconf 68' lang='lat' dir='ltr'>cantem:</span> <span class='ocrx_word' id='word_1_515' title='bbox 285 2782 350 2818; x_wconf 84' lang='lat' dir='ltr'>sed</span> <span class='ocrx_word' id='word_1_516' title='bbox 370 2780 469 2818; x_wconf 71' lang='lat' dir='ltr'>sacto</span> <span class='ocrx_word' id='word_1_517' title='bbox 490 2781 726 2817; x_wconf 86' lang='lat' dir='ltr'>tabernaculo</span> <span class='ocrx_word' id='word_1_518' title='bbox 753 2783 796 2817; x_wconf 86' lang='lat' dir='ltr'>ad</span> <span class='ocrx_word' id='word_1_519' title='bbox 823 2783 1003 2820; x_wconf 87' lang='lat' dir='ltr'>honorem</span> <span class='ocrx_word' id='word_1_520' title='bbox 1027 2786 1108 2829; x_wconf 90' lang='lat' dir='ltr'>Dei,</span> <span class='ocrx_word' id='word_1_521' title='bbox 1126 2799 1199 2823; x_wconf 92' lang='lat' dir='ltr'>non</span> <span class='ocrx_word' id='word_1_522' title='bbox 1223 2798 1324 2824; x_wconf 78' lang='lat' dir='ltr'>erant</span> <span class='ocrx_word' id='word_1_523' title='bbox 1345 2790 1529 2827; x_wconf 87' lang='lat' dir='ltr'>timendae</span> <span class='ocrx_word' id='word_1_524' title='bbox 1551 2793 1670 2839; x_wconf 81' lang='lat' dir='ltr'>hujus-</span> 
     </span>
     <span class='ocr_line' id='line_1_50' title="bbox 101 2834 1669 2890; baseline 0.006 -17"><span class='ocrx_word' id='word_1_525' title='bbox 101 2835 203 2873; x_wconf 78' lang='lat' dir='ltr'>modi</span> <span class='ocrx_word' id='word_1_526' title='bbox 219 2835 440 2884; x_wconf 63' lang='lat' dir='ltr'>occasiones</span> <span class='ocrx_word' id='word_1_527' title='bbox 460 2834 709 2879; x_wconf 79' lang='lat' dir='ltr'>idololatriae3</span> <span class='ocrx_word' id='word_1_528' title='bbox 730 2844 767 2871; x_wconf 87' lang='lat' dir='ltr'>et</span> <span class='ocrx_word' id='word_1_529' title='bbox 786 2836 871 2872; x_wconf 88' lang='lat' dir='ltr'>ideo</span> <span class='ocrx_word' id='word_1_530' title='bbox 893 2838 1075 2874; x_wconf 76' lang='lat' dir='ltr'>Dominus</span> <span class='ocrx_word' id='word_1_531' title='bbox 1097 2842 1294 2884; x_wconf 80' lang='lat' dir='ltr'>mandavit,</span> <span class='ocrx_word' id='word_1_532' title='bbox 1315 2844 1412 2890; x_wconf 88' lang='lat' dir='ltr'>quod</span> <span class='ocrx_word' id='word_1_533' title='bbox 1441 2844 1540 2880; x_wconf 83' lang='lat' dir='ltr'>fieret</span> <span class='ocrx_word' id='word_1_534' title='bbox 1566 2846 1669 2883; x_wconf 65' lang='lat' dir='ltr'>altura</span> 
     </span>
     <span class='ocr_line' id='line_1_51' title="bbox 101 2888 1668 2946; baseline 0.006 -19"><span class='ocrx_word' id='word_1_535' title='bbox 101 2888 368 2927; x_wconf 53' lang='lat' dir='ltr'>monasterum</span> <span class='ocrx_word' id='word_1_536' title='bbox 380 2888 419 2926; x_wconf 73' lang='lat' dir='ltr'>de</span> <span class='ocrx_word' id='word_1_537' title='bbox 431 2900 518 2932; x_wconf 79' lang='lat' dir='ltr'>acre,</span> <span class='ocrx_word' id='word_1_538' title='bbox 527 2888 626 2936; x_wconf 85' lang='lat' dir='ltr'>quod</span> <span class='ocrx_word' id='word_1_539' title='bbox 641 2898 736 2925; x_wconf 83' lang='lat' dir='ltr'>esset</span> <span class='ocrx_word' id='word_1_540' title='bbox 748 2891 850 2926; x_wconf 89' lang='lat' dir='ltr'>omni</span> <span class='ocrx_word' id='word_1_541' title='bbox 861 2892 999 2939; x_wconf 86' lang='lat' dir='ltr'>populo</span> <span class='ocrx_word' id='word_1_542' title='bbox 1010 2895 1249 2941; x_wconf 88' lang='lat' dir='ltr'>conspicuum</span> <span class='ocrx_word' id='word_1_543' title='bbox 1262 2908 1270 2938; x_wconf 90' lang='lat'>;</span> <span class='ocrx_word' id='word_1_544' title='bbox 1282 2905 1316 2932; x_wconf 89' lang='lat' dir='ltr'>ct</span> <span class='ocrx_word' id='word_1_545' title='bbox 1327 2897 1433 2933; x_wconf 76' lang='lat' dir='ltr'>altare</span> <span class='ocrx_word' id='word_1_546' title='bbox 1446 2900 1668 2946; x_wconf 76' lang='lat' dir='ltr'>thymiamatis</span> 
     </span>
    </p>
   </div>
  </div>
 </body>
</html>
