1907 3198
492 193 714 230 Qun-:sno
745 192 847 223 xcv.
881 192 1127 223 Anr1cutus
1161 191 1218 222 ιν.
1554 178 1635 223 681

65 277 151 313 dnm
170 277 227 322 jus
246 275 416 317 militare,
436 283 472 310 et
491 275 547 321 jus
580 273 779 322 publicum,
813 274 911 321 quod
945 273 1111 309 consistit
1131 273 1168 307 in
1191 272 1452 314 sacerdotibus,
1474 280 1509 307 et
1529 273 1642 319 magi-

63 329 254 372 stratibus3
274 329 326 364 ita
345 329 455 364 etiam
477 328 633 363 debeant
652 327 740 375 poni
762 326 832 362 alia
853 329 930 373 jura
953 327 997 362 ad
1019 327 1089 362 alia
1111 326 1232 361 officia
1246 327 1401 361 civitatis
1414 326 1640 372 pertinentia.

0 347 11 425 i
135 392 170 427 4.
191 382 429 418 Pluinma.
451 381 504 416 Ea
524 391 618 428 quae
639 389 723 416 sunt
744 392 808 428 per
830 381 1012 423 accidens,
1034 389 1117 416 sunt
1138 380 1476 427 praetermittenda:
1502 381 1564 414 sed
1587 391 1643 414 ac-

65 435 152 472 cidit
171 435 257 483 legi,
278 444 317 471 ut
338 435 381 470 ab
402 435 488 477 hoc,
508 434 567 469 vel
589 435 632 469 ab
655 434 728 469 alio
742 434 894 469 homine
911 434 1064 476 feratur3
1079 445 1167 480 ergo
1183 434 1482 468 inconvenienter
1496 433 1642 480 ponitur

63 489 196 526 divisio
215 489 340 536 legum
361 488 607 523 humanarum
629 499 671 522 ex
693 488 904 522 nominibus
925 488 1196 534 legislatorum3
1226 497 1264 523 ut
1293 487 1433 522 scilicet
1459 487 1640 534 quaedam

63 542 206 579 dicatur
226 541 398 585 Cornelia,
420 541 601 588 quaedam
623 541 789 583 Falcidia,
811 550 878 576 etc.

136 595 180 632 In
201 605 460 632 commatum
483 595 679 630 auctoritas
701 594 830 629 Isidori
852 593 1005 629 sufficiat
1028 595 1105 640 (loc.
1128 596 1183 630 cit.
1206 596 1240 629 in
1262 606 1334 641 arg.
1360 596 1419 639 1.).

135 649 367 685 Respouono
387 649 595 690 dicendum,
616 648 715 696 quod
731 648 1018 695 unumquodque
1033 657 1152 695 potest
1171 660 1236 696 per
1253 659 1291 684 se
1310 648 1421 683 dividi
1438 648 1640 684 secundum

63 703 113 747 id,
132 702 231 751 quod
251 702 288 737 in
303 703 380 748 ejus
394 702 535 737 ratione
550 702 772 737 continetur:
789 702 883 736 sicut
897 702 932 735 in
948 702 1088 737 ratione
1103 701 1271 737 animalis
1286 702 1492 737 continetur
1507 702 1640 742 anima,

62 767 157 805 quae
176 763 232 792 est
250 755 451 798 rationalis,
471 755 529 790 vel
552 755 790 798 irrationalis;
813 764 849 790 et
870 755 954 790 ideo
982 755 1118 790 animal
1148 757 1305 803 proprie,
1335 764 1370 790 et
1396 767 1461 803 per
1488 766 1526 790 se
1556 755 1643 790 divi-

63 809 159 846 ditur
171 809 374 846 secundum
389 808 569 853 rationale,
585 817 621 844 et
635 808 846 852 irrationale,
860 820 935 843 non
951 817 1072 844 autem
1088 809 1289 844 secundum
1305 809 1429 852 album,
1445 817 1481 844 et
1494 810 1639 855 nigrum,

63 874 157 912 quae
177 871 262 899 sunt
281 863 435 898 omnino
455 870 598 911 praeter
619 862 800 897 rationem
825 863 921 908 ejus:
945 871 1027 897 sunt
1049 871 1172 897 autem
1191 862 1305 897 multa
1325 863 1369 897 de
1387 864 1527 898 ratione
1548 862 1641 909 legis

62 916 248 954 humanae
272 916 473 952 secundum
501 927 658 963 quorum
680 915 868 962 quodlibet
889 915 946 951 lex
967 916 1130 950 humana
1149 917 1305 963 proprie,
1325 924 1360 951 ct
1377 927 1442 963 per
1466 928 1504 951 se
1531 916 1640 951 dividi

0 990 3 999 ·
61 978 192 1020 potest.
214 969 278 1005 Est
297 970 398 1006 enim
421 971 538 1018 primo
559 969 604 1005 de
624 970 766 1004 ratione
796 968 887 1016 legis
920 969 1116 1012 humanae,
1151 970 1248 1016 quod
1271 970 1315 1004 sit
1336 970 1496 1004 derivata
1519 981 1538 1004 a
1560 969 1641 1016 lege

62 1031 225 1066 naturae,
246 1030 285 1058 ut
305 1035 351 1058 ex
371 1023 476 1058 dictis
497 1031 595 1071 patet
619 1023 700 1068 (art.
723 1035 754 1058 2.
777 1023 847 1070 huj.
869 1024 932 1070 q.):
957 1031 993 1058 et
1011 1023 1189 1058 secundnm
1213 1023 1271 1058 boc
1293 1023 1457 1058 dividitur
1477 1026 1533 1070 jus
1554 1024 1643 1071 posi-

64 1078 245 1114 tivumsin
258 1079 315 1123 jus
333 1078 492 1123 gentium,
514 1081 543 1112 et
559 1079 615 1123 jus
636 1076 745 1118 civile,
769 1077 971 1111 secundum
993 1076 1072 1111 duos
1094 1077 1238 1119 modos,
1254 1076 1382 1124 quibus
1398 1076 1532 1124 aliquid
1554 1077 1644 1112 deri—

62 1138 169 1166 vatur
189 1141 210 1166 a
231 1129 314 1177 lege
334 1138 498 1173 naturae,
520 1137 559 1164 ut
579 1141 687 1177 supra
709 1129 846 1165 dictum
870 1137 924 1165 est
947 1129 1076 1175 (ibid.):
1098 1141 1186 1164 nam
1210 1130 1253 1164 ad
1274 1131 1330 1177 jus
1352 1131 1516 1176 gentium
1539 1130 1643 1178 perti-

63 1191 153 1220 nent
174 1195 218 1219 ea
239 1194 333 1232 quae
353 1183 562 1219 derivantur
582 1195 626 1218 ex
647 1182 727 1229 lege
750 1191 912 1225 naturae,
934 1184 1027 1218 sicut
1049 1183 1305 1219 conclusiones
1323 1195 1365 1219 ex
1384 1184 1585 1231 principiis;
1603 1193 1643 1219 ut

0 1250 3 1266 ι
61 1237 178 1285 justae
199 1237 416 1285 emptiones,
436 1236 678 1279 venditiones,
700 1244 736 1271 et
757 1237 828 1271 alia
861 1236 1085 1282 hujusmodi,
1120 1238 1196 1272 sine
1230 1237 1359 1284 quibus
1392 1238 1562 1273 homines
1597 1238 1642 1273 ad

62 1291 224 1327 invicem
244 1291 440 1326 convivere
461 1301 536 1326 non
558 1298 727 1337 possunt:
752 1290 848 1337 quod
872 1298 925 1324 est
946 1290 990 1324 de
1012 1289 1093 1336 lege
1128 1298 1299 1333 naturae;
1329 1291 1413 1337 quia
1442 1291 1558 1326 homo
1589 1300 1642 1326 est

62 1344 275 1380 naturaliter
294 1342 431 1378 animal
451 1343 639 1385 sociabile,
662 1351 701 1378 ut
722 1343 894 1390 probatur
915 1343 950 1378 in
978 1353 1005 1378 1.
1029 1343 1135 1378 Polit.
1158 1344 1248 1391 (cap.
1271 1356 1302 1380 2.
1325 1356 1345 1378 α
1360 1346 1514 1392 princ.).·
1548 1356 1641 1392 quae

62 1407 152 1434 vero
171 1396 380 1433 derivantur
401 1407 421 1431 a
442 1395 524 1444 lege
546 1405 698 1432 naturae
719 1407 783 1443 per
803 1397 957 1431 modum
976 1397 1203 1444 particularis
1222 1397 1548 1442 determinationis,
1567 1411 1643 1446 per-

61 1450 179 1487 tinent
197 1449 320 1497 adjus
341 1449 460 1493 civile,
486 1449 690 1485 secundum
724 1450 822 1497 quod
857 1450 1040 1497 quaelibet
1069 1451 1195 1486 civitas
1230 1451 1365 1499 aliquid
1399 1453 1465 1487 sibi
1498 1464 1643 1489 accom-

62 1503 174 1540 mode
193 1503 422 1539 determinat.
442 1503 589 1539 Secundo
611 1512 665 1538 est
685 1503 729 1538 de
750 1504 891 1538 ratione
913 1503 1004 1551 legis
1034 1504 1231 1547 humanae,
1261 1505 1358 1552 quod
1389 1506 1575 1541 ordinetur
1596 1507 1640 1541 ad

61 1556 200 1593 bunum
221 1567 422 1592 commune
443 1557 616 1592 civitatis:
640 1565 677 1592 et
697 1557 899 1592 secundum
921 1557 994 1592 hoc
1015 1557 1074 1593 lex
1102 1558 1265 1593 humana
1299 1559 1411 1593 dividi
1444 1568 1563 1607 potest
1591 1572 1643 1596 se-

62 1611 223 1648 cundum
243 1610 491 1646 diversitatem
512 1621 654 1653 eorum,
676 1610 738 1657 qui
759 1610 965 1658 specialiter
986 1611 1073 1646 dant
1106 1623 1258 1659 operam
1292 1613 1336 1647 ad
1370 1613 1508 1648 bonum
1544 1625 1644 1649 com—

62 1674 192 1708 mune;
213 1664 308 1700 sicut
326 1663 509 1700 sacerdotes
529 1675 595 1711 pro
617 1663 756 1711 populo
777 1664 900 1699 Deum
923 1673 1087 1707 orantes3
1109 1667 1280 1714 principes
1310 1666 1486 1714 populum
1517 1668 1643 1714 guber·

60 1726 208 1761 nantem
229 1725 266 1754 et
285 1717 404 1754 milites
424 1728 492 1765 pro
506 1717 621 1753 salute
635 1717 761 1765 populi
776 1725 991 1764 pugnantes,
1005 1728 1039 1753 et
1054 1719 1138 1753 ideo
1153 1719 1228 1754 istis
1243 1720 1454 1755 hominibus
1469 1721 1641 1768 specialia

61 1772 243 1820 quaedam
263 1772 343 1818 jura
363 1778 542 1818 aptantur.
570 1771 681 1806 Tertio
703 1779 757 1806 est
778 1772 822 1806 de
844 1772 985 1806 ratione
1006 1771 1098 1818 legis
1120 1772 1316 1815 humanae,
1339 1782 1377 1808 ut
1398 1774 1604 1809 instituatur
1622 1787 1642 1810 a

61 1826 286 1874 gubernante
307 1825 612 1860 communitatem
635 1825 802 1867 civitatis,
825 1825 917 1860 sicut
938 1836 1046 1872 supra
1067 1826 1206 1860 dictum
1229 1835 1283 1862 est
1303 1828 1351 1874 (q.
1371 1839 1428 1873 90.
1447 1834 1511 1863 art.
1528 1831 1588 1875 3.).·
1607 1838 1643 1865 et

35 1888 45 1894 '
61 1878 264 1916 secundum
285 1878 358 1914 hoc
379 1878 650 1925 distinguuntur
671 1878 771 1925 leges
793 1879 976 1913 humanae
998 1880 1199 1914 secundum
1223 1881 1364 1915 diversa
1395 1882 1575 1928 regimina
1597 1884 1643 1919 ci-

59 1932 232 1975 vitatum,
247 1941 406 1980 quorum
427 1942 554 1974 unum,
575 1932 776 1967 secundum
800 1932 938 1966 Philos.
962 1933 996 1966 in
1015 1944 1044 1979 3.
1060 1932 1203 1968 Politic.
1221 1934 1310 1982 (cap.
1326 1936 1394 1981 ιο.)
1410 1943 1463 1969 est
1481 1948 1641 1982 regnum,-

61 1985 209 2035 qtando
228 1985 370 2021 scilicet
389 1985 516 2021 civitas
538 1985 760 2032 gubernatur
781 1986 824 2020 ab
847 1997 938 2020 uno:
959 1994 994 2021 et
1012 1987 1214 2022 secundum
1233 1987 1305 2022 hoc
1325 1989 1552 2036 accipiuntur
1568 2002 1643 2026 con-

59 2039 247 2077 mum
258 2039 470 2088 principum.
492 2038 603 2074 Aliud
626 2050 714 2074 vero
744 2038 908 2086 regimen
943 2048 997 2075 est
1030 2042 1258 2084 aristocratia,
1296 2041 1388 2077 idest
1420 2043 1641 2091 principatus

60 2092 299 2142 optimorum,
318 2091 380 2128 vel
399 2092 640 2140 optimatum:
663 2100 699 2128 et
720 2092 922 2127 secundum
945 2093 1017 2128 hoc
1040 2103 1234 2129 sumuntur
1256 2101 1410 2143 responsa
1424 2097 1639 2144 prudentum,

61 2154 101 2183 et
119 2146 230 2183 etiam
250 2146 539 2183 senatusconsulta.
562 2146 673 2181 Aliud
696 2147 860 2193 regimen
882 2155 936 2182 est
962 2147 1159 2193 oligarchia,
1190 2148 1284 2184 idest
1312 2150 1531 2198 principatus
1559 2163 1643 2199 pau-

58 2194 192 2237 bomm
212 2198 378 2243 divitum,
399 2207 435 2236 et
455 2207 666 2247 potentum:
689 2208 725 2235 et
746 2200 947 2235 secundum
965 2200 1037 2236 hoc
1057 2202 1212 2237 sumitur
1225 2205 1282 2249 jus
1295 2206 1522 2251 praetoriam,
1543 2205 1641 2252 quod

60 2249 174 2291 fflam
194 2253 417 2289 honorariam
436 2253 583 2288 dicitur:
607 2252 703 2288 aliud
727 2262 848 2288 autem
871 2254 1034 2300 regimen
1058 2264 1112 2290 est
1133 2255 1269 2303 populi,
1299 2258 1396 2304 quod
1430 2259 1642 2294 nominatur

61 2305 287 2344 dmocratta:
309 2315 346 2343 et
365 2307 566 2343 secundum
585 2306 657 2341 hoc
676 2315 869 2342 sumuntur
881 2308 1066 2355 plebiscita.
1082 2308 1193 2344 Aliud
1209 2318 1330 2345 autem
1346 2319 1400 2346 est
1413 2313 1640 2358 tyrannicum,

46 2359 162 2462 ‚mg
182 2368 237 2396 eat
256 2359 411 2396 omnino
433 2367 662 2407 corruptum:
685 2360 780 2395 unde
803 2372 846 2396 ex
868 2361 939 2396 hoc
958 2373 1033 2397 non
1051 2362 1207 2398 sumitur
1225 2363 1344 2411 aliqua
1363 2363 1431 2399 lex.
1451 2364 1512 2400 Est
1530 2366 1640 2401 etiam

162 2411 213 2450 od
231 2413 398 2461 regimen
418 2424 462 2450 ex
483 2413 560 2449 istis
581 2414 837 2456 commixtum,
859 2414 956 2461 quod
979 2423 1032 2450 cst
1054 2416 1254 2463 optimum:
1278 2426 1314 2452 et
1334 2418 1537 2453 secundum
1567 2419 1640 2454 hoc

58 2465 218 2505 &mitur
237 2466 308 2511 lex,
327 2478 429 2514 quam
449 2469 594 2514 maiores
615 2472 695 2502 natu
716 2467 816 2502 simul
835 2479 909 2503 cum
928 2469 1079 2516 plebibus
1099 2476 1291 2514 sanxerunt,
1314 2480 1351 2506 ut
1374 2471 1533 2507 Isidorus
1554 2473 1642 2508 dicit

54 2519 143 2568 (Ιῦ
160 2530 190 2568 5.
215 2520 324 2568 Etym.
345 2525 420 2570 cap.
442 2522 524 2567 ιο.).
549 2520 684 2566 Quarto
705 2531 794 2555 vero
815 2521 860 2556 de
881 2522 1022 2557 ratione
1055 2522 1145 2570 legis
1179 2523 1362 2560 humanae
1391 2534 1455 2568 est,
1477 2527 1574 2573 quod
1597 2526 1642 2562 sit

55 2571 238 2610 'directiva
256 2573 505 2610 humanorum
524 2582 691 2609 actuum:
712 2582 747 2609 et
761 2575 961 2610 secundum
976 2576 1048 2611 hoc
1063 2577 1264 2613 secundum
1280 2578 1434 2621 diversa,
1449 2579 1493 2615 de
1511 2581 1641 2627 quibus

178 2626 353 2671 feruntur,
369 2627 641 2675 distinguuntur
659 2627 770 2673 leges,
789 2639 882 2676 quae
901 2629 1083 2665 interdum
1103 2630 1146 2665 ab
1166 2632 1374 2667 auctoribus
1393 2633 1640 2669 nominantur:

175 2680 409 2729 distinguitur
428 2678 487 2717 lex
503 2681 597 2727 Julia
619 2680 657 2716 de
677 2681 860 2725 adulteriis,
883 2681 939 2717 lex
963 2683 1121 2719 Cornelia
1143 2684 1181 2721 de
1200 2687 1343 2729 sicariis,
1359 2695 1395 2721 ct
1410 2687 1461 2722 sic
1483 2687 1528 2723 de
1549 2688 1640 2730 aliis,

158 2741 309 2783 propter
326 2741 508 2777 auctora,
528 2733 591 2769 sed
612 2741 759 2782 propter
778 2746 848 2778 res,
869 2735 914 2771 de
935 2736 1064 2784 quibus
1085 2747 1178 2773 sunt.

134 2786 198 2824 An
222 2797 373 2824 numm
403 2798 492 2835 ergo
514 2787 722 2830 dicendum,
749 2789 846 2836 quod
870 2791 925 2835 jus
948 2791 1096 2835 gentium
1124 2800 1177 2826 est
1203 2791 1349 2839 quidem
1378 2792 1500 2841 aliquo
1527 2794 1640 2831 modo

207 2850 230 2878 e
248 2840 406 2884 homini,
425 2841 630 2877 secundum
652 2841 750 2889 quod
769 2850 824 2878 est
843 2843 1051 2886 rationalis;
1076 2844 1291 2892 inquantum
1315 2847 1497 2883 derivatur
1517 2859 1537 2883 a
1558 2847 1639 2896 lege

235 2898 308 2943 per
327 2894 483 2930 modum
504 2894 765 2938 conclusionis,
786 2906 880 2943 quae
900 2907 976 2933 non
995 2898 1051 2934 est
1065 2898 1220 2934 multum
1243 2908 1383 2936 remota
1398 2912 1418 2936 a
1435 2901 1640 2950 principiis:

2 1096 11 1112 ο
