1907 3198
491 181 715 218 QUAEsno
751 181 882 211 Lxm.
915 179 1164 210 ARTICULUs
1198 179 1238 208 v.
1564 165 1650 220 467

76 265 218 308 tionali,
240 272 405 300 remanet
425 264 567 306 vivum;
590 271 625 298 et
642 271 788 298 remoto
802 252 898 304 vivo,
914 269 1079 296 remanet
1101 272 1183 295 ens:
1207 259 1269 295 sed
1289 259 1325 293 in
1344 258 1413 293 fide
1436 266 1489 293 est
1507 258 1654 304 aliquid,

77 319 176 368 quod
187 319 298 354 habet
318 328 517 354 commune
540 329 623 352 cum
645 317 879 359 beatitudine,
902 315 1041 350 scilicet
1059 316 1136 362 ipsa
1156 314 1339 360 cogniti03
1362 313 1498 360 aliquid
1519 322 1653 354 autem,

76 372 175 421 quod
189 380 243 408 est
259 372 327 407 sibi
344 372 542 419 proprium,
558 370 696 406 scilicet
715 371 904 416 aenigma:
924 378 977 404 est
991 370 1089 404 enim
1106 369 1193 403 fides
1209 368 1371 414 cognitio
1388 367 1632 413 aenigmatica
1646 379 1654 408 ;

53 456 57 457 γ
77 438 166 475 ergo
184 433 329 461 remoto
351 426 558 472 aenigmate
581 424 674 466 fidei,
698 425 816 459 adhuc
839 432 1004 458 remanet
1025 424 1100 471 ipsa
1123 423 1286 469 cognitio
1309 421 1403 456 fidei.

150 490 182 515 2.
203 479 442 516 PRAETEREA.
470 479 575 514 Fides
603 487 656 513 est
682 478 869 525 quoddam
896 476 1082 524 spirituale
1109 476 1234 511 lumen
1265 476 1422 517 animae,
1453 474 1654 509 secundum

78 533 166 570 illud
187 533 279 580 Eph.
306 544 351 569 1.:
374 533 582 568 Illuminatos
600 533 710 568 oculos
728 532 834 567 cordis
854 533 955 566 vestri
970 533 1003 565 in
1023 532 1226 577 agnitionem
1245 531 1338 565 Dei:
1358 529 1420 564 sed
1442 529 1514 563 hoc
1530 528 1655 562 lumen

78 596 133 624 est
151 586 409 635 imperfectum
431 594 596 633 respectu
619 586 768 621 luminis
795 585 946 632 gloriae,
969 585 1012 619 de
1040 596 1113 631 quo
1141 584 1271 619 dicitur
1297 584 1333 618 in
1359 583 1417 617 Ps.
1449 593 1520 629 35.:
1543 582 1583 617 In
1610 581 1657 616 lu-

76 643 165 677 mine
177 646 232 676 tuo
248 640 435 676 videbimus
449 641 580 675 lumen.-
602 639 727 674 lumen
750 648 872 674 autem
895 638 1151 686 imperfectum
1174 646 1350 679 remanet,
1373 637 1652 684 superveniente

78 695 217 730 lumine
238 693 418 742 perfecto:
437 704 513 728 non
528 693 626 728 enim
641 693 794 728 candela
817 693 1049 739 extinguitur,
1068 691 1231 726 claritate
1251 691 1338 726 solis
1358 690 1655 737 superveniente3

78 759 167 796 ergo
187 748 340 790 videtur,
362 747 460 794 quod
482 747 601 794 ipsum
623 747 747 781 lumen
771 746 853 781 fidei
876 754 1023 781 maneat
1045 757 1130 781 curn
1152 745 1290 780 lumine
1314 745 1466 791 gloriae.

155 813 184 850 3.
205 802 444 837 PRAETEREA.
466 801 675 836 Substantia
696 801 841 835 habitus
863 812 938 835 non
959 800 1100 835 tollitur
1121 811 1185 847 per
1205 799 1291 842 hoc,
1315 799 1412 846 quod
1434 798 1656 833 subtrahitur

79 856 252 891 materia:
275 863 396 903 potest
417 857 514 890 enim
536 855 652 890 horno
674 855 841 889 habitum
867 854 1092 889 liberalitatis
1114 854 1282 895 retinere,
1309 853 1419 888 etiam
1443 854 1574 887 emissa
1601 863 1659 899 pe-

82 909 203 953 cunia,
223 909 287 945 sed
309 918 432 944 actum
454 909 588 944 habere
610 920 684 944 non
706 916 845 956 potest:
869 909 1056 955 objectum
1079 916 1200 942 autem
1220 906 1303 942 fidei
1319 915 1373 942 est
1390 907 1521 941 veritas
1540 906 1657 953 prima

80 975 155 999 non
175 963 273 1006 visa;
294 973 395 1010 ergo,
411 963 483 997 hoc
502 971 660 1005 remoto,
674 963 820 1010 perhoc
837 962 936 1009 quod
950 962 1092 997 videtur
1106 962 1238 996 veritas
1253 961 1383 1007 prima,
1402 961 1521 995 adhuc
1537 967 1659 1007 potest

81 1027 270 1052 remanere
292 1017 367 1064 ipse
388 1016 533 1052 habitus
555 1016 649 1051 fidei.

154 1070 230 1106 SED
253 1080 410 1106 CONTRA
437 1078 501 1113 est,
523 1070 621 1117 quod
643 1070 732 1105 fides
755 1078 809 1105 est
830 1070 979 1117 quidem
1000 1069 1145 1104 habitus
1167 1069 1336 1116 simplex:
1361 1068 1515 1116 simplex
1535 1076 1656 1103 autem

81 1124 142 1160 vel
160 1132 279 1159 totum
301 1123 452 1166 tollitur,
465 1123 525 1158 vel
544 1132 664 1159 totum
678 1132 864 1166 remanet3
888 1135 973 1158 cum
992 1123 1101 1169 igitur
1119 1123 1207 1157 fides
1226 1134 1302 1157 non
1316 1123 1477 1157 totaliter
1495 1131 1654 1164 maneat,

81 1177 145 1214 sed
166 1185 373 1220 evacuetur,
396 1186 434 1212 ut
454 1177 593 1212 dictum
615 1186 669 1212 est
691 1177 771 1222 (art.
790 1189 819 1224 3.
842 1179 911 1223 huj.
935 1179 996 1223 q.),
1019 1177 1161 1211 videtur
1187 1177 1285 1224 quod
1307 1177 1469 1211 totaliter
1498 1176 1657 1211 tollatur.

154 1231 386 1267 RESPONDEO
407 1231 615 1274 dicendum,
637 1232 734 1278 quod
758 1231 907 1278 quidam
929 1232 1106 1273 dixerunt,
1128 1232 1226 1278 quod
1247 1238 1314 1278 spes
1341 1232 1488 1266 totaliter
1503 1231 1656 1265 tollitur:

84 1284 173 1320 fides
193 1293 316 1320 autem
331 1286 462 1332 parlim
483 1284 635 1327 tollitur,
657 1284 797 1320 scilicet
818 1293 995 1331 quantum
1023 1284 1068 1319 ad
1096 1285 1285 1331 aenigma:
1314 1293 1349 1319 et
1369 1286 1500 1331 partim
1524 1292 1659 1327 manet,

83 1338 224 1374 scilicet
236 1347 414 1386 quantum
428 1338 471 1372 ad
494 1338 735 1373 substantiam
749 1338 983 1384 cognitionis.
1005 1337 1117 1379 Quod
1137 1338 1285 1385 quidem
1304 1339 1334 1373 si
1352 1339 1403 1373 sic
1423 1337 1659 1385 intelligatur,

84 1391 183 1439 quod
197 1399 344 1426 maneat
357 1403 432 1426 non
450 1391 549 1426 idem
566 1403 734 1434 numero,
756 1392 818 1426 sed
838 1392 935 1426 idem
956 1403 1102 1439 genere,
1121 1392 1311 1427 verissime
1327 1392 1467 1426 dictum
1481 1400 1554 1427 est:
1571 1391 1660 1427 fides

82 1445 183 1481 enim
204 1456 290 1480 cum
311 1445 453 1480 visione
474 1445 612 1492 patriae
634 1446 807 1480 convenit
820 1446 856 1480 in
875 1457 1022 1492 genere,
1041 1446 1141 1492 quod
1160 1454 1213 1481 est
1232 1446 1417 1492 cognitio:
1438 1457 1519 1493 spes
1538 1454 1659 1480 autern

81 1509 157 1534 non
184 1499 356 1534 convenit
385 1510 469 1534 cum
499 1499 722 1535 beatitudine
753 1501 789 1535 in
812 1511 964 1547 genere:
994 1508 1228 1548 comparatur
1249 1501 1348 1535 enim
1375 1512 1456 1548 spes
1484 1501 1528 1535 ad
1553 1501 1663 1535 beati-

81 1552 217 1588 tudinis
237 1551 460 1596 fruitionem,
482 1553 575 1588 sicut
595 1562 718 1589 motus
741 1554 786 1588 ad
807 1554 967 1601 quietem
990 1554 1028 1588 in
1046 1555 1216 1589 termino.
1233 1554 1272 1589 Si
1287 1563 1410 1590 autem
1426 1554 1659 1601 intelligatur,

83 1606 181 1654 quod
202 1606 332 1642 eadem
352 1618 508 1642 numero
536 1608 712 1654 cognitio,
734 1619 827 1655 quae
850 1616 905 1642 est
925 1607 1021 1650 fidei,
1043 1617 1192 1643 maneat
1209 1609 1245 1642 in
1268 1609 1395 1656 patria,
1415 1609 1486 1643 hoc
1510 1617 1564 1643 est
1585 1619 1662 1643 om-

81 1661 170 1696 nino
191 1660 436 1709 impossibile:
457 1672 533 1696 non
548 1662 659 1704 enirn,
676 1670 819 1697 remota
838 1661 1041 1696 differentia
1061 1662 1215 1708 alicujus
1233 1663 1378 1710 speciei,
1397 1671 1564 1698 remanet
1584 1662 1663 1698 sub-

83 1714 214 1750 stantia
232 1715 376 1762 generis
391 1715 521 1750 eadem
535 1726 711 1750 numero:
731 1716 825 1751 sicut
838 1724 982 1751 remota
1001 1715 1204 1751 differentia
1220 1717 1452 1751 constitutiva
1473 1716 1661 1760 albedinis,

82 1779 159 1804 non
183 1777 350 1804 remanet
375 1769 505 1804 eadem
531 1769 732 1804 substantia
760 1769 895 1804 coloris
921 1781 1097 1812 numero;
1124 1778 1164 1805 ut
1184 1771 1234 1805 sic
1258 1771 1357 1805 idem
1380 1770 1484 1805 color
1505 1781 1661 1805 numero

83 1823 130 1858 sit
149 1823 370 1870 quandoque
392 1822 535 1866 albedo,
551 1823 770 1870 quandoque
790 1835 878 1858 vero
897 1823 1068 1870 nigredo:
1090 1835 1166 1858 non
1181 1825 1280 1858 enim
1296 1833 1529 1871 comparatur
1548 1836 1662 1871 genus

83 1875 130 1911 ad
155 1875 410 1920 differentiam,
437 1877 531 1912 sicut
555 1877 708 1912 materia
737 1877 781 1912 ad
808 1876 981 1920 formam,
1008 1886 1047 1912 ut
1073 1887 1262 1913 remaneat
1289 1879 1489 1914 substantia
1519 1879 1662 1924 generis

83 1929 213 1966 eadem
234 1942 392 1966 numero
414 1930 618 1966 differentia
638 1939 801 1966 remota:
825 1931 918 1966 sicut
939 1940 1106 1966 remanet
1132 1932 1261 1967 eadem
1284 1944 1439 1967 numero
1463 1933 1663 1968 substantia

83 1984 271 2027 materiae,
291 1993 434 2020 remota
455 1984 587 2020 forma.
611 1984 737 2020 Genus
760 1985 870 2028 enim,
893 1994 928 2020 et
949 1985 1152 2020 differentia
1174 1997 1250 2021 non
1268 1995 1352 2021 sunt
1370 1996 1489 2033 partes
1509 1987 1661 2033 speciei;

85 2037 245 2086 alioquin
259 2050 335 2074 non
349 2039 644 2086 praedicarentur
661 2039 705 2074 de
723 2040 860 2086 specie:
881 2051 944 2074 seu
964 2040 1057 2074 sicut
1075 2040 1214 2086 species
1229 2040 1411 2087 significat
1424 2049 1556 2083 totum,
1570 2041 1663 2076 idest

84 2092 333 2140 compositum
355 2104 400 2128 ex
422 2093 587 2136 materia,
605 2101 641 2128 et
661 2092 781 2127 forma
795 2093 831 2128 in
851 2093 958 2128 rebus
975 2093 1244 2137 materialibus;
1267 2095 1315 2129 ita
1335 2094 1538 2129 differentia
1557 2095 1664 2141 signi-

84 2144 170 2181 fleat
188 2154 321 2190 totum,
343 2154 380 2182 et
399 2146 566 2182 similiter
589 2158 724 2193 genus:
747 2147 808 2182 sed
831 2158 946 2194 genus
968 2147 1183 2182 denominat
1203 2156 1323 2183 totum
1346 2149 1388 2182 ab
1412 2160 1469 2191 eo,
1489 2149 1587 2196 quod
1610 2157 1664 2183 est

84 2199 178 2236 sicut
197 2200 369 2236 materia:
393 2199 597 2236 differentia
617 2212 706 2236 vero
730 2201 772 2235 ab
796 2212 852 2243 eo,
875 2201 972 2248 quod
995 2209 1050 2236 est
1070 2201 1163 2236 sicut
1184 2201 1322 2237 forma:
1347 2203 1485 2249 species
1508 2213 1596 2237 vero
1619 2202 1662 2236 ab

49 2290 54 2295 ,
85 2261 249 2301 utroque:
265 2254 565 2290 sicutinhomine
581 2255 752 2289 sensitiva
767 2264 896 2289 natura
911 2255 1146 2290 materialiter
1161 2256 1318 2291 sehabet
1333 2257 1377 2290 ad
1388 2256 1662 2299 intellectivarn;

14 3061 82 3198 μ,-
15 2875 56 3045 „⁴er
22 2819 44 2860 -1,
23 2780 30 2795 -
0 2670 42 2739 32.

86 2306 223 2343 animal
243 2316 366 2343 autem
385 2308 527 2351 dicitur,
543 2309 641 2355 quod
655 2308 767 2343 habet
788 2317 955 2343 naturam
978 2309 1188 2344 sensitivam
1205 2323 1213 2353 ;
1236 2310 1426 2352 rationale,
1442 2311 1540 2357 quod
1554 2311 1664 2345 habet

84 2361 367 2406 inteuectivam;
392 2362 510 2397 homo
537 2373 636 2405 vero,
659 2362 757 2409 quod
778 2362 888 2397 habet
914 2371 1125 2410 utrumque:
1153 2372 1188 2398 et
1213 2364 1264 2399 sic
1291 2364 1390 2398 idem
1415 2372 1535 2399 totum
1558 2364 1665 2411 signi-

86 2414 214 2451 ficatur
234 2427 298 2464 per
317 2416 408 2452 haec
430 2417 510 2459 tria,
532 2416 594 2451 sed
621 2428 696 2451 non
724 2417 766 2451 ab
789 2417 941 2460 eodem3
963 2418 1058 2452 unde
1085 2426 1195 2465 patet,
1223 2419 1320 2465 quod
1349 2430 1433 2453 cum
1461 2418 1663 2454 differentia

84 2479 162 2505 non
187 2469 233 2505 sit
257 2470 327 2506 nisi
353 2470 578 2518 designativa
606 2471 761 2517 generis,
789 2479 931 2505 remota
958 2470 1172 2514 differentia,
1199 2483 1274 2507 non
1309 2481 1429 2519 potest
1463 2472 1664 2508 substantia

86 2524 229 2571 generis
254 2524 384 2559 eadem
411 2535 618 2559 remanere:
646 2535 721 2559 non
748 2524 846 2559 enirn
873 2534 1038 2560 remanet
1063 2526 1192 2560 eadem
1221 2526 1439 2568 animalitas,
1468 2526 1494 2561 si
1523 2527 1567 2561 sit
1594 2526 1664 2560 alia

88 2577 211 2614 anima
231 2579 456 2615 constituens
487 2578 643 2622 animal;
669 2579 764 2614 unde
786 2590 860 2613 non
894 2588 1014 2626 potest
1039 2590 1129 2622 esse,
1151 2580 1249 2627 quod
1281 2580 1409 2615 eadem
1433 2591 1587 2614 numero
1608 2591 1666 2614 co-

86 2631 214 2680 gnitio,
231 2644 324 2680 quae
345 2633 444 2680 prius
461 2632 527 2668 fuit
544 2632 798 2679 aenigmatica,
813 2641 939 2680 postea
954 2633 1016 2668 fiat
1032 2634 1124 2668 visio
1141 2642 1285 2681 aperta;
1308 2642 1343 2668 et
1364 2634 1414 2668 sic
1439 2642 1547 2681 patet,
1566 2633 1664 2680 quod

85 2685 179 2722 nihil
197 2686 297 2722 idem
316 2697 485 2730 numero,
506 2685 565 2722 vel
586 2686 719 2733 specie,
735 2686 833 2733 quod
848 2695 902 2722 est
915 2687 951 2721 in
967 2686 1049 2730 fide,
1064 2695 1229 2722 remanet
1249 2688 1285 2722 in
1308 2688 1435 2734 patria,
1458 2687 1519 2722 sed
1541 2687 1662 2722 solum

85 2738 185 2776 idem
205 2751 349 2788 genere.

158 2793 220 2830 AD
240 2804 391 2830 PRIMUM
413 2805 502 2841 ergo
528 2793 736 2837 dicendum,
762 2794 860 2841 quod
886 2802 1031 2830 remoto
1058 2795 1238 2838 rationali,
1258 2806 1331 2830 non
1354 2804 1518 2830 remanet
1539 2797 1663 2830 vivum

88 2845 187 2882 idem
206 2858 374 2890 numero,
396 2847 575 2892 sedidem
593 2858 738 2894 genere,
760 2856 799 2882 ut
824 2859 867 2882 ex
889 2847 992 2883 dictis
1014 2856 1112 2896 patet
1132 2851 1182 2895 (in
1197 2856 1289 2897 corp.
1316 2850 1411 2894 art).

159 2901 221 2938 AD
242 2911 452 2938 SECUNDUM
473 2901 681 2944 dicendum,
711 2901 808 2948 quod
831 2901 1059 2949 imperfectio
1086 2902 1234 2938 luminis
1256 2903 1430 2938 candelae
1452 2915 1526 2939 non
1554 2915 1667 2951 oppo-
