1907 3198
488 191 712 228 QAUESTIO
745 191 847 222 cvn,
875 190 1120 222 ARTICULUS
1153 191 1209 221 lv.
1550 181 1634 238 817

63 272 174 310 etiam
194 272 332 308 Philos.
354 272 442 308 dicit
462 272 498 307 in
525 284 553 318 5.
577 273 693 308 Ethic.
718 272 805 320 (cap.
827 285 859 319 9.
882 273 926 308 ad
941 273 1036 320 fin),
1058 272 1156 320 quod
1178 274 1319 320 operari
1343 284 1385 308 ea
1407 285 1499 320 quae
1521 276 1634 320 justus

63 334 245 375 operatur,
261 325 369 362 facile
387 335 451 369 est,
469 327 532 362 sed
552 327 694 374 operari
716 338 758 362 ea
780 338 824 362 eo
847 328 959 362 modo
981 338 1054 374 quo
1072 329 1187 374 justus
1208 336 1390 374 operatur,
1409 328 1568 364 scilicet:
1588 330 1638 365 dc-

62 381 270 424 lcctabiliter,
292 388 328 416 et
338 386 506 428 prompte,
525 389 579 416 est
599 380 745 416 difficile
763 392 838 416 non
857 381 1005 416 habenti
1025 381 1210 427 justitiam.
1233 380 1277 415 Et
1297 381 1347 416 sic
1371 382 1481 416 etiam
1503 383 1634 417 dicitur

67 445 96 471 1.
112 434 217 482 Joan.
242 445 284 480 5.‚
305 434 403 482 quod
425 434 582 469 mandata
603 437 671 480 ejus
689 436 813 481 gravia
834 447 899 469 non
918 439 1015 470 sunt:
1044 434 1142 481 quod
1165 445 1348 482 exponens
1383 435 1536 481 August.
1560 436 1636 480 (lib.

61 487 100 525 de
119 488 202 525 Nat.
220 493 253 524 et
273 487 371 524 Grat.
393 494 465 535 cap.
487 488 564 534 69.)
586 488 683 530 dicit,
699 488 796 536 quod
811 499 885 523 non
901 496 983 523 sunt
996 488 1121 534 gravia
1143 490 1291 530 amanti,
1313 488 1374 523 sed
1397 500 1471 523 non
1498 491 1635 525 amanti

62 550 148 578 sunt
166 541 303 589 gravia.

133 595 196 632 AD
211 605 362 632 Pluuuu
381 606 470 642 ergo
491 595 700 637 dicendum,
722 595 819 642 quod
842 596 1038 631 auctoritas
1061 595 1122 630 illa
1143 595 1303 643 loquitur
1324 607 1490 643 expresse
1512 597 1556 632 de
1575 597 1638 632 dis-

62 648 221 686 ficultate
234 648 469 695 novaelegis,
479 657 655 695 quantum
670 649 714 683 ad
730 661 937 696 expressam
952 650 1214 684 cohibitionem
1230 650 1443 685 interiorum
1456 659 1636 686 motuum.

133 703 195 739 AD
212 712 420 739 SECUNDUM
441 702 649 744 dicendum,
671 703 768 749 quod
791 703 1038 745 adversitates,
1060 714 1149 750 quas
1170 703 1354 750 patiuntur
1382 704 1636 740 observatores

62 767 180 793 novae
200 755 304 804 legis,
324 767 400 791 non
420 764 503 791 sunt
525 757 568 791 ab
590 756 669 803 ipsa
691 756 771 802 lege
789 757 1000 803 impositae;
1019 757 1081 792 sed
1099 765 1221 792 tamen
1240 766 1387 805 propter
1405 768 1583 801 amorem,
1601 759 1637 793 in

62 821 136 858 quo
156 810 235 858 ipsa
254 809 314 846 lex
334 809 510 852 consistit,
531 809 685 845 faciliter
705 810 922 846 tolerantur:
957 811 1053 858 quia,
1087 811 1180 846 sicut
1214 811 1310 857 Aug.
1344 811 1430 846 dicit
1452 813 1487 846 in
1510 811 1569 847 lib.
1592 813 1636 848 de

62 864 172 902 Verb.
192 865 304 901 Dom.
325 864 439 911 (serm.
465 876 498 911 9.
520 876 542 899 a
563 864 644 899 med.
663 870 693 900 ct
708 876 805 900 sarm.
823 866 880 910 48.
899 864 936 900 dc
960 864 1094 913 Temp.)
1112 865 1238 900 omnia
1259 876 1379 906 saeva,
1402 874 1436 900 et
1457 865 1634 901 immania

63 926 100 956 et
117 917 250 962 facilia,
271 926 307 954 et
326 928 439 966 prope
460 917 560 953 nulla
581 917 690 954 efficit
708 929 823 953 amor.

134 972 196 1008 AD
216 982 390 1008 τεκτιυκ
411 972 618 1014 dicendum,
640 972 738 1019 quod
760 972 842 1007 illae
865 972 1068 1007 additiones
1090 972 1133 1007 ad
1156 981 1347 1019 praecepta
1377 973 1508 1008 veteris
1542 972 1634 1019 legis

62 1025 109 1062 ad
127 1026 200 1062 hoc
221 1025 445 1069 ordinantur,
467 1034 506 1061 ut
525 1025 666 1061 facilius
688 1025 882 1073 impleatur
903 1026 1000 1073 quod
1023 1035 1125 1061 vetus
1146 1026 1203 1061 lex
1225 1027 1432 1069 mandabat,
1450 1027 1543 1062 sicut
1561 1028 1633 1062 Au-

63 1080 227 1128 gustinus
247 1079 334 1115 dicit
352 1080 429 1125 (lib.
450 1092 478 1116 ι.
499 1079 536 1115 dc
559 1080 663 1115 Scrm.
686 1080 789 1115 Dom.
812 1081 846 1114 in
868 1085 986 1122 monte,
1008 1087 1082 1127 cap.
1105 1091 1154 1126 17.
1175 1085 1204 1115 el
1225 1081 1308 1126 19.),·
1325 1088 1359 1115 et
1373 1081 1456 1115 ideo
1479 1092 1542 1127 per
1563 1081 1635 1116 hoc

62 1143 139 1170 non
158 1133 370 1176 ostenditur,
391 1133 488 1181 quod
509 1144 606 1168 nova
628 1133 685 1169 lex
706 1133 751 1168 sit
771 1134 928 1180 gravior,
949 1133 1012 1168 sed
1034 1133 1151 1180 magis
1172 1133 1269 1181 quod
1291 1134 1337 1169 sit
1357 1133 1511 1171 facilior.

567 1389 925 1452 QUAESTIO
966 1390 1139 1438 cvm.

256 1516 321 1548 DE
358 1515 450 1555 HIS,
491 1514 622 1556 QUAE
659 1516 1001 1549 CONTINENTUR
1039 1516 1091 1548 IN
1129 1517 1254 1550 LEGE
1286 1518 1432 1557 NOVA,

432 1586 484 1619 IN
522 1587 751 1628 QUATUOR
790 1587 1053 1621 ARTICULOS
1086 1588 1262 1620 DIVISA.

135 1721 279 1759 Deinde
299 1722 606 1758 considerandum
626 1729 680 1758 est
700 1722 745 1758 de
767 1722 835 1765 his,
856 1734 948 1770 quac
971 1723 1203 1759 continentur
1224 1725 1259 1760 in
1283 1725 1363 1772 lege
1385 1737 1492 1761 nova.

516 1811 559 1847 Et
585 1812 675 1847 circa
701 1811 759 1847 hoc
786 1818 994 1859 quaeruntur
1020 1818 1174 1860 quatuor.

135 1882 272 1919 Primo.
293 1881 426 1918 Utrum
443 1882 502 1918 lex
518 1894 614 1918 nova
632 1882 762 1918 debeat
779 1883 898 1931 aliqua
918 1895 1028 1932 opera
1046 1885 1223 1920 exteriora
1243 1887 1463 1934 praecipere,
1482 1886 1539 1922 vel
1558 1898 1638 1934 pro·

64 1936 202 1973 hibere.

136 1989 318 2026 Secundo.
334 1989 467 2026 Utrum
479 1989 699 2025 sufficienter
712 2001 751 2025 se
765 1990 897 2026 habeat
909 1991 945 2027 in
961 1992 1195 2028 exterioribus
1210 1994 1347 2029 actibus
1362 1995 1636 2042 praecipiendis,

64 2042 124 2080 vel
147 2043 394 2092 prohibendis.
438 2058 441 2061 ·

136 2096 275 2133 Tertio.
291 2097 423 2133 Utrum
437 2097 697 2133 convenienter
711 2097 872 2133 instituat
886 2098 1055 2134 homines
1070 2108 1246 2147 quantum
1262 2101 1305 2135 ad
1321 2110 1422 2138 actus
1434 2103 1634 2138 interiores.

137 2149 293 2194 Quarto.
316 2150 449 2187 Utrum
470 2151 731 2187 convenienter
751 2152 969 2198 superaddat
990 2153 1142 2189 consilia
1165 2155 1377 2202 praeceptis.

636 2310 981 2357 ARTICULUS
1011 2313 1044 2357 1.
1567 2336 1632 2373 572

68 2418 223 2452 unul(
240 2418 327 2451 LEX
345 2418 469 2451 Nova
488 2420 684 2458 ALIQUOS
704 2421 968 2452 ESTERIORES
995 2422 1138 2454 ACTUS
1158 2423 1331 2454 DEBEAT
1355 2423 1634 2464 PRAECIPERE,

667 2486 747 2517 VEL
775 2487 1031 2518 PROHIBERE.

137 2577 200 2614 An
217 2587 370 2615 mun
388 2578 440 2615 sic
461 2579 680 2627 proceditur.
701 2578 864 2620 Videtur.
886 2581 983 2628 quod
999 2581 1055 2616 lex
1069 2593 1166 2617 nova
1180 2581 1300 2617 nullos
1318 2583 1515 2618 exteriores
1533 2592 1634 2619 actus

67 2630 198 2668 debeat
220 2632 441 2680 praecipere,
466 2632 525 2669 vel
546 2633 760 2680 prohibere:
783 2633 838 2669 lex
857 2635 954 2670 enim
976 2647 1072 2670 nova
1099 2644 1152 2670 est
1178 2636 1417 2681 Evangelium
1445 2637 1558 2682 regni,
1585 2649 1635 2673 se-

67 2684 229 2721 eundum
248 2684 338 2721 illud
358 2685 486 2722 Manli.
510 2696 588 2729 24.:
610 2686 933 2724 Praedicabiturhoc
947 2689 1169 2735 liz-angelium
1192 2691 1286 2735 regni
1307 2691 1341 2724 in
1362 2691 1516 2725 universo
1537 2692 1632 2727 orbe:

67 2738 133 2775 sed
156 2748 311 2786 regnum
330 2738 400 2775 Dei
420 2750 494 2775 non
517 2740 681 2776 consistit
706 2740 742 2775 in
768 2742 1005 2777 exterioribus
1031 2743 1181 2785 actibus,
1202 2744 1264 2778 sed
1291 2743 1411 2778 solum
1434 2744 1468 2778 in
1491 2745 1634 2780 interio-

68 2791 179 2835 ribus,
197 2791 398 2828 secundum
418 2791 508 2829 illud
529 2793 618 2828 Luc.
645 2804 714 2840 17.:
738 2795 885 2840 Regnum
912 2796 978 2831 Dei
1000 2797 1089 2832 intra
1110 2808 1169 2831 vos
1188 2802 1246 2837 cst:
1270 2806 1304 2832 et
1327 2797 1434 2832 Rom.
1461 2808 1529 2841 14:
1556 2799 1633 2834 Non

67 2850 113 2882 ast
131 2846 364 2892 ngmmaeoaei
385 2858 470 2889 esca,
491 2852 521 2883 at
537 2852 647 2894 potus,
668 2847 720 2883 scd
734 2850 878 2894 justitia,
900 2855 929 2884 ee
950 2857 1036 2896 ρακί
1053 2856 1084 2886 et
1103 2850 1264 2896 gaudium
1286 2852 1321 2886 iu
1345 2852 1476 2898 Spiritu
1497 2853 1631 2893 Sam-eo,-

69 2908 161 2947 ergo
180 2897 240 2936 lex
257 2909 355 2936 nova
373 2910 449 2936 non
469 2899 575 2936 debet
596 2901 815 2949 praecipere,
836 2902 894 2938 vel
916 2903 1108 2950 prohibere
1135 2903 1277 2952 aliquos
1298 2905 1494 2941 exteriores
1516 2914 1630 2943 actus.
