1907 3198
532 139 758 175 QUAESTIO
792 139 864 168 XL.
899 138 1147 169 ARTICULUS
1181 138 1209 168 Ι.
1575 140 1656 183 293

71 222 299 269 Augustinus
327 233 546 256 enumerans
569 230 726 268 quatuor
744 221 963 268 principales
981 221 1171 267 passiones
1193 220 1297 267 ponit
1317 220 1554 267 cupiditatem
1577 220 1663 256 loco

69 276 160 324 spei,
183 284 221 310 ut
241 284 341 323 patet
361 276 397 310 in
425 286 476 319 14.
501 276 544 310 de
569 276 649 311 Civ.
672 276 742 310 Dei
757 277 848 323 (cap.
872 287 902 322 7.
925 281 953 310 et
976 276 1047 321 9.),·
1075 286 1163 321 ergo
1186 285 1268 321 spes
1291 282 1345 308 est
1365 274 1465 309 idem
1484 275 1582 321 quod
1603 287 1664 310 cu-

69 330 211 378 piditas,
233 330 309 364 sive
332 330 566 364 desiderium.

141 394 173 419 2.
196 383 436 419 PRAETEREA.
465 383 661 418 Passiones
684 383 855 418 differunt
876 382 1079 417 secundum
1103 382 1265 428 objecta:
1285 382 1347 416 sed
1370 381 1468 416 idern
1491 391 1545 417 est
1567 383 1663 429 obje-

21 465 26 472 .
69 446 169 474 ctum
184 437 272 484 spei,
293 446 328 472 et
346 437 566 484 cupiditatis,
585 438 660 472 sive
680 438 860 480 desiderii,
879 436 1019 472 scilicet
1039 436 1181 470 bonum
1202 435 1384 479 futurum3
1403 447 1492 483 ergo
1512 448 1593 484 spes
1610 446 1664 472 est

0 484 18 541 'gi
67 491 177 535 idem,
199 491 297 538 quod
321 491 510 538 cupiditas,
533 492 609 526 sive
632 491 864 526 desiderium.
890 491 929 526 Si
951 491 1103 533 dicatur,
1126 490 1224 537 quod
1247 501 1329 537 spes
1353 490 1451 525 addit
1472 502 1582 538 supra
1605 491 1663 526 de-

2 542 19 578 -“’.
67 545 241 580 siderium
269 545 550 592 possibilitatem
579 545 804 592 adipiscendi
829 545 970 580 bonum
997 544 1178 579 futurum:
1207 543 1360 578 Contra.
1387 544 1439 587 Id,
1470 545 1569 591 quod
1595 557 1660 592 per

2 590 18 640 ἶ
68 599 238 635 accidens
259 610 298 634 se
320 599 432 634 habet
454 600 498 634 ad
521 599 720 645 objectum,
742 611 818 634 non
836 600 953 633 variat
971 599 1134 646 speciem
1149 599 1350 645 passionis:
1376 599 1439 634 sed
1449 600 1606 646 possibile
1625 611 1662 634 se

67 653 177 688 habet
197 665 261 700 per
279 653 450 688 accidens
474 653 518 687 ad
540 653 679 687 bonurn
695 652 871 696 futurum,
893 654 991 700 quod
1009 661 1062 688 est
1085 653 1272 698 objectum
1289 653 1508 700 cupiditatis,
1522 653 1582 688 vel
1604 654 1662 689 de-

68 707 202 750 siderii,
224 715 260 742 et
276 707 373 754 spei;
396 718 485 754 ergo
508 718 590 754 spes
611 719 687 742 non
711 716 765 742 est
784 708 908 754 passio
930 707 1051 754 specie
1071 706 1241 741 differens
1265 718 1285 740 a
1307 707 1504 750 desiderio,
1525 707 1584 742 vel
1606 720 1664 742 cu-

67 761 228 810 piditate.

139 815 216 851 SED
232 825 401 851 CONTRA.
421 815 663 850 Diversarum
686 816 934 862 potentiarum
954 824 1038 850 sunt
1059 815 1225 850 diversae
1246 809 1438 862 passiones
1460 816 1582 863 specie
1602 815 1663 850 dif-

11 908 13 913 ,
67 868 241 905 ferentes:
263 869 327 904 sed
349 880 431 916 spes
453 877 508 904 est
528 869 565 904 in
592 869 784 912 irascibili;
807 870 1030 904 desiderium
1053 877 1188 912 autern,
1211 877 1247 904 et
1269 870 1447 917 cupiditas
1471 870 1507 904 in
1532 882 1664 905 concu-

19 943 21 946 <
66 923 246 971 piscibili;
268 934 356 970 ergo
379 935 460 970 spes
483 922 603 958 differt
624 924 746 970 specie
769 935 789 957 a
808 923 1002 966 desiderio,
1025 934 1089 958 seu
1113 923 1322 970 cupiditate.

137 977 372 1014 RESPONDEO
400 977 610 1020 dicendum,
638 977 737 1024 quod
764 978 905 1024 species
932 978 1113 1024 passionis
1141 988 1184 1012 ex
1213 978 1359 1023 objecto
1388 979 1660 1015 consideratur:

67 1032 164 1068 circa
185 1032 372 1078 objectum
395 1040 519 1066 autem
541 1032 617 1079 spei
645 1037 791 1078 quatuor
819 1031 1052 1066 conditiones
1080 1031 1325 1066 attenduntur.
1354 1034 1472 1068 Primo
1499 1033 1660 1079 quidem,

67 1086 166 1134 quod
188 1086 234 1121 sit
254 1086 413 1121 bonum:
436 1097 512 1120 non
540 1086 652 1128 enim,
680 1086 825 1132 proprie
848 1085 1047 1132 loquendo,
1070 1093 1124 1120 est
1145 1097 1227 1132 spes
1248 1086 1319 1120 nisi
1340 1086 1384 1121 de
1406 1087 1519 1129 bono,
1542 1095 1578 1121 et
1599 1098 1662 1134 per

66 1141 139 1176 hoc
155 1139 275 1175 differt
296 1151 378 1187 spes
401 1151 422 1174 a
442 1140 588 1181 timore,
608 1140 670 1186 qui
692 1148 746 1174 est
764 1140 808 1174 de
823 1139 935 1174 malo.
958 1139 1119 1182 Secundo,
1136 1148 1175 1174 ut
1196 1140 1242 1174 sit
1258 1140 1441 1175 futurum:
1464 1152 1540 1175 non
1563 1141 1663 1175 enim

66 1206 148 1243 spes
171 1203 225 1229 est
250 1194 295 1229 de
317 1195 499 1241 praesenti
519 1195 595 1240 jam
613 1195 751 1236 habito,
775 1202 810 1228 et
830 1205 894 1240 per
915 1194 988 1228 hoc
1011 1193 1131 1228 differt
1157 1205 1239 1240 spes
1266 1206 1286 1228 a
1314 1195 1461 1241 gaudio,
1490 1195 1589 1242 quod
1608 1204 1663 1230 est

21 1279 26 1286 .
68 1249 112 1284 de
133 1249 232 1283 bono
255 1249 448 1295 praesenti.
478 1249 592 1284 Tertio
614 1248 819 1294 requiritur,
842 1248 941 1295 quod
957 1248 1001 1282 sit
1016 1248 1151 1295 aliquid
1168 1249 1323 1283 arduum
1347 1260 1432 1284 cum
1447 1249 1661 1284 difficultate

68 1302 312 1350 adipiscibile:
340 1313 416 1336 non
439 1302 538 1336 enirn
565 1301 696 1348 aliquis
714 1302 844 1336 dicitur
864 1302 1000 1349 aliquid
1023 1313 1170 1349 sperare
1189 1303 1398 1346 minimum,
1421 1304 1519 1350 quod
1539 1304 1663 1339 statim

70 1365 124 1392 est
143 1357 181 1391 in
203 1367 269 1391 sua
295 1363 475 1403 potestate
495 1364 535 1390 ut
554 1356 699 1399 habeat,
722 1364 757 1390 et
778 1367 843 1403 per
863 1356 937 1390 hoc
965 1355 1085 1391 differt
1111 1368 1193 1403 spes
1216 1368 1236 1390 a
1257 1357 1451 1400 desiderio,
1478 1358 1537 1392 vel
1566 1358 1663 1405 cupi-

68 1411 191 1454 ditate,
218 1422 311 1458 quae
334 1418 389 1445 est
409 1410 453 1445 de
474 1410 574 1445 bono
596 1410 719 1445 futuro
743 1409 909 1445 absolute
922 1424 931 1454 3
952 1410 1049 1445 unde
1072 1411 1229 1457 pertinet
1251 1411 1295 1445 ad
1319 1412 1660 1459 concupiscibilem,

67 1476 149 1512 spes
171 1473 295 1500 autem
317 1464 362 1499 ad
382 1464 618 1500 irascibilem.
643 1465 790 1510 Quarto,
814 1464 913 1511 quod
935 1464 1025 1499 illud
1049 1465 1203 1499 arduum
1226 1466 1272 1500 sit
1292 1466 1467 1512 possibile
1488 1467 1661 1514 adipisci:

68 1530 143 1554 non
166 1519 263 1554 enim
289 1518 419 1566 aliquis
445 1527 567 1566 sperat
592 1519 641 1561 id,
667 1519 766 1566 quod
794 1519 948 1553 omnino
972 1519 1124 1566 adipisci
1145 1530 1221 1554 non
1243 1528 1375 1566 potest,
1398 1529 1432 1555 et
1454 1521 1659 1555 secundum

65 1573 140 1608 hoc
159 1572 278 1608 differt
298 1584 380 1620 spes
399 1584 420 1607 a
442 1573 710 1620 desperatione.
736 1573 790 1608 Sic
812 1585 888 1619 ergo
897 1578 1000 1620 patet,
1017 1573 1104 1619 quod
1115 1580 1182 1620 spes
1197 1573 1309 1620 differt
1329 1586 1349 1608 a
1372 1574 1545 1617 desiderio,
1566 1575 1661 1610 sicut

67 1626 240 1662 differunt
264 1627 454 1675 passiones
480 1626 672 1662 irascibilis
700 1639 719 1661 a
746 1628 977 1674 passionibus
1009 1627 1324 1674 concupiscibilis;
1352 1637 1387 1663 et
1413 1637 1561 1676 propter
1587 1630 1661 1664 hoc

65 1692 148 1728 spes
169 1682 432 1728 praesupponit
457 1681 698 1724 desiderium,
726 1682 820 1716 sicut
847 1690 882 1716 et
909 1693 1039 1716 omnes
1061 1682 1250 1729 passiones
1277 1683 1469 1718 irascibilis
1492 1695 1662 1730 praesup-

65 1744 208 1783 ponunt
228 1736 417 1782 passiones
439 1736 748 1783 concupiscibilis,
770 1744 809 1770 ut
831 1748 940 1783 supra
962 1736 1102 1770 dictum
1125 1744 1178 1771 est
1201 1736 1247 1783 (q.
1270 1749 1319 1783 25.
1343 1743 1407 1772 art.
1431 1738 1486 1782 L).

138 1791 200 1825 AD
222 1801 374 1826 PRIMUM
396 1801 485 1837 ergo
505 1790 715 1833 dicendum,
735 1790 833 1837 quod
848 1791 1077 1837 Augustinus
1091 1791 1195 1837 ponit
1214 1791 1452 1838 cupiditatem
1467 1792 1553 1826 loco
1573 1791 1662 1839 spei,

67 1853 216 1892 propter
236 1845 309 1879 hoc
332 1845 432 1892 quod
454 1853 606 1892 utraque
626 1845 775 1891 respicit
788 1845 929 1879 bonum
950 1844 1132 1880 futurum:
1148 1853 1183 1879 et
1197 1845 1281 1892 quia
1304 1845 1369 1892 [al.
1392 1851 1421 1880 et
1442 1848 1542 1881 etiam
1561 1847 1657 1893 quia]

67 1899 220 1942 bonum,
239 1899 339 1946 quod
359 1910 436 1934 non
458 1907 512 1934 est
534 1899 700 1941 arduum,
723 1899 828 1945 quasi
848 1898 941 1933 nihil
959 1907 1145 1945 reputatur
1160 1908 1198 1934 ut
1220 1899 1283 1942 sic,
1299 1900 1477 1946 cupiditas
1498 1901 1658 1936 maxime

66 1953 209 1988 videtur
232 1952 294 2000 [al.
303 1954 348 2000 fit
367 1958 403 1988 ut
423 1953 590 2000 cupiditas
610 1953 782 1999 videatur]
799 1953 948 1988 tendere
964 1953 1000 1987 in
1019 1954 1160 1988 bonum
1183 1953 1349 1997 arduum,
1371 1955 1408 1989 in
1431 1955 1530 2001 quod
1550 1955 1660 1990 etiam

67 2007 184 2042 tendit
204 2019 298 2054 spes.

137 2061 200 2097 AD
227 2072 438 2097 SECUNDUM
465 2061 674 2100 dicendum,
703 2061 800 2108 quod
829 2061 1016 2107 objectum
1044 2062 1122 2108 spei
1150 2073 1225 2096 non
1254 2070 1307 2097 est
1334 2063 1472 2097 bonum
1500 2062 1662 2098 futurum

69 2116 247 2159 absolute,
276 2116 339 2151 sed
375 2127 461 2151 curn
496 2116 686 2159 arduitate,
716 2124 751 2150 et
782 2115 994 2150 difficultate
1029 2116 1265 2163 adipiscendi,
1294 2125 1333 2151 ut
1362 2117 1502 2152 dictum
1531 2125 1585 2152 est
1613 2117 1662 2162 (in

68 2176 160 2218 corp.
183 2172 281 2216 art.).

159 2224 221 2259 AD
251 2234 425 2260 TERTIUM
453 2224 661 2267 dicendum,
683 2224 782 2271 quod
810 2224 997 2269 objectum
1019 2224 1096 2270 spei
1122 2235 1198 2258 non
1219 2232 1362 2259 tantum
1392 2225 1491 2259 addit
1512 2225 1662 2272 possibi-

72 2277 213 2313 litatem
233 2289 342 2325 super
363 2278 550 2324 objectum
577 2278 759 2321 desiderii,
781 2279 844 2313 sed
875 2278 985 2312 etiam
1012 2278 1250 2315 arduitatem:
1273 2291 1366 2326 quac
1386 2280 1430 2314 ad
1463 2279 1574 2313 aliam
1596 2291 1659 2326 po-

69 2332 222 2367 tentiam
246 2331 335 2367 facit
360 2343 464 2379 spem
491 2333 684 2380 pertinere,
711 2331 852 2367 scilicet
873 2332 917 2366 ad
939 2332 1174 2375 irascibilem,
1202 2344 1295 2380 quae
1323 2334 1471 2381 respicit
1494 2334 1662 2376 arduum,

71 2393 111 2421 ut
129 2386 167 2420 in
192 2397 220 2420 1.
243 2386 384 2421 dictum
406 2395 460 2422 est
481 2388 527 2433 (q.
549 2388 582 2423 8.
605 2392 668 2422 art.
695 2388 756 2432 2.).
780 2386 937 2421 Possibile
961 2394 1096 2429 autern,
1125 2395 1160 2422 et
1186 2388 1386 2435 impossibile
1407 2398 1482 2422 non
1505 2388 1660 2422 omnino

71 2451 135 2488 per
156 2440 327 2476 accidens
354 2452 392 2476 se
414 2440 551 2476 habent
578 2441 622 2475 ad
646 2441 831 2487 objectum
860 2441 1079 2487 appetitivae
1110 2442 1268 2476 virtutis:
1297 2454 1385 2476 nam
1407 2443 1588 2489 appetitus
1611 2450 1665 2477 est

69 2493 288 2541 principium
303 2495 499 2530 motionis:
520 2494 613 2529 nihil
635 2503 759 2529 autem
781 2503 951 2529 movetur
973 2495 1017 2529 ad
1041 2495 1188 2542 aliquid,
1210 2496 1280 2531 nisi
1299 2497 1363 2531 sub
1388 2497 1529 2531 ratione
1551 2497 1664 2543 possi·

70 2546 169 2583 bilis:
196 2547 318 2584 nullus
344 2549 444 2583 enirn
471 2557 642 2583 movetur
669 2549 712 2583 ad
739 2548 787 2590 id,
815 2548 914 2595 quod
941 2549 1125 2584 existimat
1157 2550 1384 2597 impossibile
1421 2551 1591 2598 adipisci3
1629 2560 1664 2586 et

71 2609 217 2649 propter
237 2602 310 2637 hoc
332 2614 415 2650 spes
437 2602 556 2638 differt
574 2615 594 2638 a
611 2602 865 2650 desperatione
884 2603 1088 2638 secundum
1104 2604 1347 2640 differentiam
1361 2606 1537 2652 possibilis,
1555 2614 1589 2640 et
1605 2607 1663 2640 im-

65 2657 242 2703 possibilis.

218 2952 247 2981 S.
267 2953 390 2981 Tamus
414 2954 519 2982 summa
546 2954 709 2991 Theologica.
731 2956 796 2983 Vol.
820 2956 858 2983 11.
1482 2968 1516 2986 ιο
