1907 3182
275 187 358 217 222
700 187 919 223 QUAESTIO
952 187 1070 216 XXIX.
1104 187 1348 217 ARTICULUS
1381 187 1408 216 Ι.

274 266 456 311 objectum
478 266 552 301 odii
572 268 615 301 sit
636 267 785 309 malurn,
807 267 977 313 sequitur,
999 267 1095 313 quod
1115 266 1215 300 nulla
1235 277 1290 300 res
1313 265 1398 300 odio
1418 265 1603 308 habeatur,
1625 265 1687 300 sed
1708 265 1827 300 solum

273 319 431 354 defectus
454 319 602 365 alicujus
624 320 685 362 rei,
708 320 804 366 quod
826 328 922 366 patet
944 331 1021 354 esse
1043 319 1184 354 falsum.

344 383 375 406 2.
397 373 631 408 PRAETEREA.
657 373 769 408 Odire
792 373 930 406 malum
953 381 1005 406 est
1025 372 1223 414 laudabile3
1246 371 1339 406 unde
1360 372 1396 405 in
1418 371 1563 406 laudem
1585 372 1826 418 quorumdam

273 425 400 460 dicitur
423 436 453 460 2.
476 426 594 460 Mach.
619 437 646 471 3.
670 426 765 472 quod
788 426 866 471 legas
889 427 1006 472 optime
1025 425 1290 460 custodiebantur
1301 430 1437 471 propter
1461 425 1568 460 Onia&
1583 425 1748 471 pontificis
1759 426 1828 471 pie-

273 483 382 522 tatem,
405 484 433 513 et
458 481 584 514 animos
603 479 676 513 odio
698 480 847 513 habent-:s
868 479 979 519 malam
1002 479 1032 512 si
1053 479 1160 524 igitur
1181 478 1271 512 nihil
1293 478 1444 520 odiatur,
1458 478 1527 513 nisi
1547 478 1696 521 malum,
1714 480 1829 524 sequi-

271 539 337 574 tur,
360 532 456 578 quod
479 543 586 566 omne
609 532 731 566 odium
754 533 797 566 sit
818 531 1008 573 laudabile,
1031 531 1127 577 quod
1148 540 1246 578 patet
1267 543 1343 566 esse
1364 530 1507 565 falsum.

346 597 373 631 3.
392 585 626 620 PRAETEREA.
649 585 749 619 Idem
771 596 844 619 non
867 593 920 619 est
940 584 1049 619 simul
1068 585 1218 627 bonum,
1241 593 1276 619 et
1296 584 1454 618 malum:
1477 584 1538 619 sed
1559 585 1656 619 idem
1677 584 1826 620 diversis

273 646 326 673 est
347 638 490 680 odibile,
513 647 547 672 et
568 638 741 680 amabile,
764 649 850 684 ergo
874 638 997 671 odium
1018 649 1093 672 non
1115 637 1234 672 solum
1256 646 1308 672 est
1329 637 1427 680 mali,
1449 638 1510 672 sed
1532 638 1640 672 etiam
1659 637 1756 672 boni.

344 691 418 726 SED
438 702 601 726 CONTRA.
623 691 760 726 Odium
783 691 1019 725 contrariatur
1038 691 1169 725 amori:
1185 690 1247 725 sed
1266 690 1449 736 objectum
1467 691 1600 725 amoris
1614 698 1667 725 est
1679 691 1828 733 bonum,

273 752 310 779 ut
328 756 434 790 supra
456 745 592 778 dictum
615 752 667 778 est
687 744 735 790 (q.
753 744 809 779 26.
832 749 896 779 art.
919 744 984 788 1.);
1009 755 1094 790 ergo
1119 744 1299 789 objectum
1323 743 1396 778 odii
1417 752 1470 778 est
1489 743 1638 778 malurn.

342 797 570 832 RESPONDEO
593 797 798 839 dicendum,
819 797 916 843 quod
943 808 1026 831 cum
1054 797 1229 843 appetitus
1250 796 1422 832 naturalis
1444 797 1623 832 derivetur
1644 797 1686 831 ab
1709 796 1828 843 aliqua

272 851 570 897 apprehensione,
592 850 677 885 licet
696 862 771 884 non
793 851 998 896 conjuncta,
1018 850 1146 885 eadem
1164 850 1254 884 ratio
1272 850 1412 884 videtur
1433 861 1510 885 esse
1531 851 1574 885 de
1595 850 1828 885 inclinatione

273 905 448 950 appetitus
463 903 646 946 naturalis,
663 912 696 938 et
711 903 1078 950 appetitusanimalis,
1094 904 1154 949 qui
1168 904 1326 950 sequitur
1341 903 1665 950 apprehensionem
1680 905 1829 949 conjun-

271 965 378 999 ctam,
401 958 491 991 sicut
512 968 617 1003 supra
640 957 775 991 dictum
798 966 850 991 est
871 958 918 1003 (q.
945 957 1000 992 26.
1021 962 1085 992 art.
1108 958 1170 1003 2.).
1191 957 1231 991 In
1253 957 1412 1003 appetitu
1434 965 1556 992 autem
1575 957 1731 991 naturali
1756 957 1828 992 hoc

271 1010 460 1045 manifeste
483 1019 638 1057 apparet,
658 1011 754 1056 quod
776 1011 868 1045 sicut
888 1011 1172 1057 unumquodque
1193 1010 1303 1045 habet
1320 1010 1521 1044 naturalem
1540 1010 1828 1053 consonantiam,

269 1064 327 1098 vel
348 1065 584 1110 aptitudinem
606 1064 650 1098 ad
670 1064 717 1107 id,
740 1064 836 1111 quod
858 1064 925 1098 sibi
946 1064 1126 1106 convenit,
1142 1075 1233 1110 quae
1248 1072 1300 1098 est
1322 1075 1426 1098 amor
1446 1063 1634 1098 naturalis:
1649 1063 1699 1098 ita
1717 1063 1760 1098 ad
1781 1063 1828 1106 id,

271 1118 366 1164 quod
389 1126 442 1152 est
463 1129 677 1164 repugnans,
697 1125 732 1152 et
753 1118 1011 1164 corruptivum,
1029 1117 1138 1151 habet
1154 1117 1415 1151 dissonantiam
1436 1116 1650 1160 naturalem,
1667 1127 1759 1163 quae
1778 1124 1830 1151 est

271 1171 395 1205 odium
416 1171 595 1214 naturale3
618 1172 669 1206 sic
691 1171 799 1217 igitur
820 1180 854 1206 et
875 1172 911 1205 in
937 1171 1095 1218 appetitu
1122 1170 1280 1213 animali,
1307 1182 1369 1205 seu
1396 1170 1617 1205 intellectivo
1644 1180 1748 1205 amor
1773 1178 1827 1204 est

273 1225 512 1259 consonantia
534 1225 712 1271 quaedam
739 1225 915 1271 appetitus
943 1225 986 1258 ad
1012 1225 1059 1267 id,
1082 1224 1177 1270 quod
1212 1224 1490 1271 apprehenditur
1517 1231 1556 1258 ut
1588 1223 1827 1258 conveniens:

271 1277 397 1312 odium
418 1289 504 1313 vero
527 1286 580 1313 est
601 1279 821 1313 dissonantia
843 1278 1021 1324 quaedam
1044 1278 1220 1324 appetitus
1242 1277 1285 1311 ad
1306 1277 1353 1320 id,
1372 1277 1469 1324 quod
1491 1277 1769 1324 apprehenditur
1789 1284 1828 1311 ut

271 1342 486 1378 repugnans,
514 1340 548 1366 et
573 1332 757 1366 nocivum.
786 1331 886 1366 Sicut
912 1340 1033 1366 autern
1067 1342 1176 1365 omne
1211 1331 1441 1373 conveniens,
1467 1331 1682 1377 inquantum
1707 1330 1827 1376 hujus-

271 1385 382 1427 modi,
395 1385 504 1420 habet
521 1386 699 1420 rationem
714 1385 817 1428 boni;
836 1386 884 1420 ita
903 1397 1012 1420 omne
1026 1396 1243 1431 repugnans,
1257 1385 1471 1431 inquantum
1484 1384 1707 1430 hujusmodi,
1720 1384 1830 1418 habet

272 1439 449 1473 rationem
471 1439 576 1482 mali;
600 1447 634 1474 et
656 1439 738 1474 ideo
753 1440 844 1473 sicut
863 1439 1001 1473 bonum
1016 1446 1067 1473 est
1083 1438 1267 1484 objectum
1290 1438 1435 1481 amoris,
1446 1438 1494 1472 ita
1516 1437 1655 1472 malum
1670 1445 1723 1472 est
1737 1437 1831 1483 obje-

272 1500 370 1526 ctum
393 1492 476 1526 odii.

342 1546 402 1580 AD
424 1556 573 1580 PRIMUM
600 1556 686 1592 ergo
714 1545 920 1588 dicendum,
942 1545 1039 1592 quod
1066 1557 1140 1588 ens,
1162 1545 1377 1591 inquantum
1404 1555 1478 1586 ens,
1499 1555 1574 1578 non
1594 1544 1704 1579 habet
1725 1544 1831 1578 ratio-

272 1610 357 1633 nem
378 1599 621 1645 repugnantis,
648 1599 709 1633 sed
737 1600 851 1645 magis
879 1599 1144 1641 convenientis,
1166 1600 1248 1645 quia
1275 1598 1399 1632 omnia
1426 1598 1648 1633 conveniunt
1671 1598 1708 1632 in
1727 1606 1826 1632 ente:

274 1653 335 1687 sed
357 1664 430 1695 ens,
452 1653 666 1699 inquantum
688 1661 740 1687 est
760 1653 832 1686 hoc
860 1664 922 1687 ens
949 1652 1238 1694 determinatum,
1259 1652 1369 1686 habet
1393 1651 1573 1687 rationem
1598 1652 1828 1698 repugnantis

273 1706 316 1740 ad
339 1705 484 1752 aliquod
506 1717 568 1740 ens
591 1706 883 1741 determinatum:
907 1714 942 1740 et
962 1705 1162 1740 secundum
1183 1705 1254 1740 hoc
1276 1716 1390 1739 unum
1412 1717 1474 1740 ens
1493 1713 1546 1740 est
1564 1705 1696 1740 odibile
1716 1705 1829 1748 alteri,

271 1768 305 1794 et
327 1768 379 1794 est
400 1759 549 1802 malum,
573 1760 638 1794 etsi
658 1770 733 1794 non
754 1759 791 1793 in
812 1771 860 1801 se,
882 1767 1006 1794 tamen
1026 1770 1089 1806 per
1111 1759 1424 1805 comparationem
1446 1759 1489 1793 ad
1512 1758 1675 1794 alterum.

342 1814 402 1848 AD
416 1824 622 1848 SECUNDUM
637 1813 842 1855 dicendum,
857 1813 953 1859 quod
968 1813 1059 1847 sicut
1074 1812 1207 1859 aliquid
1223 1813 1501 1859 apprehenditur
1514 1820 1553 1847 ut
1564 1813 1714 1855 bonurn,
1731 1812 1829 1860 quod

269 1878 343 1901 non
366 1875 418 1901 est
437 1878 522 1901 vere
543 1867 696 1909 bonum,
720 1867 767 1901 ita
791 1866 923 1912 aliquid
946 1866 1224 1913 apprehenditur
1242 1874 1281 1900 ut
1298 1865 1449 1908 malum,
1470 1866 1568 1912 quod
1585 1877 1660 1900 non
1678 1874 1731 1901 est
1747 1877 1830 1900 vere

270 1920 426 1964 malum;
449 1920 543 1954 unde
566 1921 742 1967 contingit
764 1920 979 1967 quandoque
1000 1931 1067 1954 nec
1095 1919 1220 1954 odium
1242 1919 1340 1962 mali,
1362 1931 1429 1954 nec
1453 1931 1618 1955 amorem
1643 1920 1731 1954 boni
1751 1930 1828 1954 esse

270 1974 417 2008 bonum.

342 2027 402 2061 AD
427 2037 598 2062 TERTmM
617 2027 821 2069 dicendum,
845 2026 941 2073 quod
964 2027 1141 2073 contingit
1166 2026 1263 2061 idem
1285 2037 1362 2062 esse
1385 2025 1552 2069 amabile,
1574 2034 1609 2061 et
1630 2025 1763 2061 odibile
1785 2026 1833 2061 di-

270 2081 390 2123 versis,
412 2081 610 2115 secundum
630 2081 827 2127 appetitum
850 2080 996 2126 quidem
1018 2080 1231 2122 naturalem,
1255 2091 1297 2114 ex
1318 2081 1388 2115 hoc
1412 2080 1508 2127 quod
1531 2091 1654 2122 unum,
1677 2088 1712 2115 et
1732 2080 1830 2114 idem

272 2142 324 2169 est
346 2135 564 2169 conveniens
586 2134 648 2168 uni
668 2134 868 2168 secundum
887 2145 990 2168 suam
1012 2142 1190 2176 naturam,
1205 2142 1238 2168 et
1254 2145 1458 2181 repugnans
1475 2133 1596 2169 alteri:
1618 2134 1709 2168 sicut
1732 2132 1831 2168 calor

271 2189 440 2222 convenit
460 2188 545 2233 igni,
573 2195 607 2222 et
632 2195 807 2234 repugnat
833 2198 965 2233 aquae:
989 2187 1187 2222 secundum
1215 2188 1413 2234 appetitum
1438 2198 1526 2222 vero
1553 2186 1761 2230 animalem,
1788 2198 1830 2222 ex

270 2242 341 2275 hoc
365 2241 461 2287 quod
483 2252 607 2283 unum,
630 2249 664 2275 et
684 2241 781 2275 idem
803 2240 1082 2287 apprehenditur
1104 2241 1145 2275 ab
1168 2252 1241 2276 uno
1264 2241 1327 2276 sub
1350 2241 1490 2276 ratione
1510 2241 1609 2284 boni,
1635 2249 1671 2276 et
1692 2240 1734 2275 ab
1758 2240 1830 2275 alio

271 2295 334 2330 sub
356 2294 494 2329 ratione
516 2294 612 2328 mali.

829 2400 1172 2445 ARTICULUS
1209 2400 1264 2444 Π.
1761 2409 1824 2456 165

612 2502 765 2532 UTRUM
798 2503 942 2532 ODIUM
976 2503 1203 2532 CAUSETUR
1236 2502 1291 2531 EX
1324 2502 1486 2532 AMORE.

326 2579 444 2626 (Schr.
467 2590 496 2624 q.
518 2579 571 2613 28.
595 2584 657 2612 ιιι-ἰ.
681 2579 712 2613 6.
736 2578 777 2612 ad
803 2591 825 2621 3.
845 2584 874 2613 et
897 2579 978 2624 infr.
997 2584 1060 2612 art.
1077 2591 1104 2625 3.
1127 2585 1215 2624 corp.
1234 2584 1262 2613 et
1284 2579 1338 2613 lib.
1360 2590 1393 2623 4.
1418 2579 1533 2614 Contr.
1549 2589 1579 2624 g.
1601 2583 1672 2624 cap.
1693 2577 1774 2623 19).

340 2662 400 2696 AD
427 2671 632 2696 SECUNDUM
653 2661 701 2695 sic
724 2661 938 2706 proceditur.
955 2660 1115 2703 Videtur,
1137 2661 1233 2707 quod
1253 2673 1357 2695 amor
1378 2673 1451 2695 non
1473 2661 1517 2696 sit
1538 2672 1646 2696 causa
1669 2661 1760 2695 odii:
1783 2671 1825 2695 ea

270 2715 380 2756 enim,
407 2726 497 2761 quae
531 2726 572 2748 ex
605 2714 773 2760 opposito
808 2714 1023 2756 dividuntur,
1058 2714 1266 2749 naturaliter
1299 2722 1380 2749 sunt
1414 2714 1533 2756 simul,
1567 2722 1604 2749 ut
1636 2714 1765 2748 dicitur
1790 2713 1825 2748 in

274 2768 663 2814 Postpraedicamentis
685 2769 736 2812 (in
759 2774 828 2814 cup.
843 2767 878 2802 dc
893 2768 1049 2812 Simul.):
1073 2768 1132 2802 scd
1157 2779 1270 2810 amor,
1289 2776 1322 2802 et
1343 2768 1480 2810 odium,
1499 2779 1581 2802 cum
1600 2767 1670 2802 sint
1691 2775 1830 2802 contra-

271 2821 333 2863 ria,
356 2834 396 2855 ex
420 2822 587 2868 opposito
609 2821 830 2863 dividuntur3
853 2833 939 2866 ergo
961 2821 1170 2855 naturaliter
1191 2829 1272 2856 sunt
1293 2821 1420 2864 simul;
1440 2832 1514 2855 non
1537 2832 1624 2867 ergo
1653 2831 1756 2855 amor
1777 2828 1830 2855 est

271 2886 376 2909 causa
399 2875 482 2909 odii.
