1907 3198
489 171 712 209 QUAESTIO
746 171 820 203 vn.
854 171 1099 203 ART1CULus
1133 172 1191 202 ιν.
1574 161 1628 217 87

62 267 151 292 vero
172 254 402 291 conditiones
419 265 595 302 personae
614 265 687 289 non
706 254 755 290 ita
777 254 1022 302 principaliter
1042 254 1255 290 ordinantur
1276 254 1320 289 ad
1339 262 1462 290 actum
1477 266 1484 289 :
1502 254 1633 290 modus

63 309 173 346 etiam
194 320 268 344 non
291 317 345 344 est
361 307 604 344 substantialis
624 307 742 343 forma
764 316 865 343 actus
886 308 995 353 (haec
1017 309 1116 343 enim
1135 308 1330 344 attenditur
1351 308 1386 343 in
1406 316 1487 343 actu
1508 320 1634 344 sccun-

62 362 151 400 dum
187 363 384 409 objectum,
420 361 480 398 vel
510 361 632 405 finem,
658 369 695 397 et
713 362 953 407 terminum);
979 362 1041 398 sed
1063 370 1117 398 est
1142 362 1245 409 quasi
1270 362 1450 409 quaedam
1478 362 1632 409 qualitas

62 415 306 453 accidentalis.

578 672 934 735 QUAESTIO
976 672 1102 720 VIII.

174 796 246 832 DE
278 796 627 836 VOLUNTATE,
669 795 897 836 QUORUM
933 795 1017 828 SIT
1049 795 1117 827 UT
1155 795 1514 835 VOLITORUM,

508 867 557 901 IN
582 867 699 900 TRES
726 867 987 900 ARTICULOS
1014 866 1189 899 DIVISA.

134 997 278 1035 Deinde
298 997 603 1034 considerandum
622 1006 676 1034 est
696 997 740 1034 de
762 997 846 1046 ipsis
869 997 1006 1032 actibus
1020 996 1218 1032 voluntatis
1239 996 1275 1032 in
1290 995 1450 1044 speciali.
1464 996 1509 1032 Et
1517 998 1632 1044 primo

63 1052 111 1089 de
130 1051 282 1096 actibus,
300 1051 363 1101 qui
392 1060 476 1088 sunt
495 1051 706 1087 immediate
736 1051 848 1099 ipsius
869 1049 1078 1094 voluntatis,
1105 1050 1204 1086 velut
1231 1062 1251 1086 a
1277 1050 1464 1086 voluntate
1494 1050 1631 1086 elitici:

61 1104 202 1143 secundo
217 1105 263 1142 de
283 1105 421 1142 actibus
439 1105 626 1152 imperatis
647 1104 864 1140 avoluntate
879 1117 886 1139 :
903 1104 1071 1140 voluntas
1086 1113 1207 1140 autem
1224 1113 1391 1140 movetur
1405 1112 1440 1140 et
1457 1104 1493 1139 in
1509 1104 1632 1147 finem,

63 1166 102 1196 et
117 1158 156 1197 in
175 1169 232 1203 ea,
250 1169 344 1207 quae
363 1166 448 1195 sunt
467 1158 511 1193 ad
532 1157 655 1194 finem.
677 1159 793 1194 Primo
815 1158 923 1205 igitur
943 1158 1248 1193 considerandum
1271 1166 1325 1194 est
1345 1158 1389 1193 de
1411 1158 1550 1194 actibus
1572 1170 1634 1194 vo-

62 1211 223 1256 luntatis.
245 1211 374 1260 quibus
391 1219 560 1248 movetur
579 1212 616 1246 in
635 1211 765 1247 finem:
784 1219 819 1246 et
844 1211 956 1247 deinde
987 1212 1031 1247 de
1053 1212 1191 1247 actibus
1212 1213 1300 1257 ejus,
1315 1212 1443 1259 quibus
1465 1220 1634 1247 movetur

61 1265 102 1303 in
120 1275 176 1309 ea,
207 1275 300 1313 quae
328 1273 412 1301 sunt
431 1264 476 1299 ad
498 1264 620 1300 finem.
642 1265 757 1300 Actus
786 1273 908 1316 autern
941 1264 1167 1300 voluntatis
1158 1277 1195 1299 in
1218 1264 1326 1300 finem
1361 1265 1528 1300 videntur
1553 1277 1632 1301 esse

60 1322 137 1364 kas,
156 1317 313 1356 scilicet:
325 1318 408 1355 velle
408 1318 517 1366 ,srui,
540 1325 577 1354 et
596 1318 781 1354 intendere:
799 1319 914 1366 primo
937 1329 1025 1365 ergo
1041 1318 1352 1354 considerabimus
1367 1318 1629 1354 devzoluntate

59 1370 199 1411 mado
211 1370 258 1409 de
275 1370 468 1408 fruitione:
485 1373 582 1408 tertio
603 1371 647 1407 de
667 1371 880 1407 intentione.

132 1424 243 1465 (Σίκα
254 1426 409 1474 primum
429 1425 693 1461 consideranda
709 1433 792 1460 sunt
805 1427 884 1461 tria.
899 1425 1014 1461 Primo
1029 1425 1189 1473 quidem,
1207 1437 1363 1473 quorum
1377 1425 1546 1462 voluntas
1564 1427 1626 1463 sit,

59 1477 211 1526 secundo,
232 1489 254 1517 a
273 1489 348 1528 quo
368 1486 579 1516 moveatur:
601 1480 708 1522 tertio,
729 1479 919 1526 quomodo
941 1488 1142 1514 moveatur.

536 1567 640 1604 Circa
652 1569 805 1616 primum
826 1573 1035 1616 quaeruntur
1055 1570 1132 1604 tria.

131 1638 270 1676 Primo.
291 1638 426 1676 Utrum
445 1638 615 1676 voluntas
635 1639 680 1675 sit
700 1648 842 1675 tantum
863 1640 961 1675 boni.

133 1693 316 1731 Secundo.
338 1693 472 1730 Utrum
490 1694 536 1730 sit
554 1702 696 1730 tantum
718 1694 810 1737 finis,
832 1706 877 1729 an
899 1695 1010 1730 etiam
1033 1706 1173 1738 eorum,
1196 1706 1288 1742 quae
1310 1704 1392 1731 sunt
1411 1696 1454 1731 ad
1477 1696 1598 1731 finem.

133 1746 273 1784 Tertio.
294 1747 335 1784 Si
355 1756 410 1784 est
429 1747 552 1797 aliquo
568 1748 680 1784 modo
703 1760 843 1791 eorum,
865 1760 958 1796 quae
980 1757 1063 1784 sunt
1085 1750 1129 1785 ad
1151 1749 1274 1793 finem,
1295 1759 1415 1786 utrum
1431 1762 1504 1786 uno
1527 1758 1630 1786 motu

60 1809 252 1840 moveatur
271 1802 309 1838 in
329 1801 453 1846 finem,
474 1810 510 1838 et
529 1802 565 1838 in
587 1813 642 1846 ea,
663 1814 755 1850 quae
777 1810 860 1838 sunt
881 1803 924 1838 ad
947 1802 1069 1838 finem.

644 1945 990 1992 ARTICULUS
1019 1947 1052 1991 1.
1588 1973 1627 2009 53

417 2054 571 2085 UTRUM
592 2055 828 2086 VOLUNTAS
855 2057 923 2086 SIT
945 2057 1133 2087 TANTUM
1154 2057 1273 2087 BONI-

70 2142 187 2190 (Part.
203 2155 233 2180 ι.
250 2155 283 2191 q.
303 2143 356 2180 16.
377 2148 442 2179 art.
463 2155 497 2190 9.
518 2150 608 2191 corp.
625 2149 655 2180 et
671 2157 700 2180 1.
721 2145 810 2180 Dist.
825 2145 884 2190 46.
906 2151 972 2182 art.
990 2157 1022 2182 2.
1043 2145 1087 2180 ad
1103 2157 1135 2181 2.
1154 2151 1183 2182 et
1200 2157 1231 2182 2.
1255 2147 1343 2181 Dist.
1362 2159 1389 2193 3.
1412 2159 1443 2194 q.
1465 2159 1498 2192 4.
1520 2146 1564 2182 ad
1584 2159 1616 2183 2.

166 2202 197 2234 et
214 2208 249 2244 4.
270 2197 359 2234 Dist.
376 2208 434 2245 49.
456 2209 487 2244 q.
508 2209 536 2234 ι.
554 2202 619 2234 art.
637 2210 665 2245 3.
687 2210 717 2245 q.
739 2211 767 2234 1.
789 2206 879 2246 corp.
900 2204 931 2235 et
950 2199 1007 2234 lib.
1030 2212 1058 2235 1.
1078 2199 1194 2235 Contr.
1210 2211 1242 2246 g.
1264 2206 1336 2247 cap.
1358 2201 1416 2247 96.
1444 2201 1464 2246 S
1485 2213 1516 2237 2.

630 2257 661 2288 et
685 2253 772 2288 Veri.
790 2265 820 2300 q.
843 2265 893 2298 14.
912 2258 977 2290 art.
995 2254 1055 2299 2.).

131 2341 194 2378 AD
214 2351 365 2378 Panum
385 2340 437 2376 sic
459 2340 676 2388 proceditur.
703 2339 866 2384 Videtur,
885 2341 982 2389 quod
1004 2341 1173 2377 voluntas
1193 2353 1267 2377 non
1290 2350 1430 2378 tantum
1454 2343 1498 2378 sit
1522 2343 1628 2379 boni:

60 2394 191 2433 eodem
202 2395 301 2432 enim
317 2403 372 2432 est
391 2396 553 2443 potentia
572 2395 824 2443 oppositorum
845 2397 876 2442 (a
878 2409 901 2431 ,ι’
920 2397 1027 2432 Eune.
1043 2408 1071 2443 5.
1094 2403 1165 2444 cap.
1186 2397 1254 2442 1.)·
1278 2397 1480 2432 sicutvisus
1498 2398 1580 2441 albi,
1596 2406 1631 2434 et

59 2491 62 2494 ⁴
143 2449 152 2458 “
162 2449 255 2486 :sed
275 2449 427 2492 bonurn,
439 2458 475 2485 et
488 2448 626 2484 malum
641 2457 725 2485 sunt
738 2451 926 2497 opposim3
945 2461 1033 2498 ergo
1048 2450 1217 2485 voluntas
1232 2462 1305 2486 non
1325 2450 1445 2486 solum
1462 2460 1514 2487 cst
1531 2452 1630 2495 boni,

55 2500 124 2541 aad
144 2503 255 2540 etiam
276 2502 375 2539 mali.

131 2566 165 2593 2.
185 2556 424 2594 PRAETEREA.
446 2556 635 2593 Potentiae
656 2557 852 2593 rationales
879 2569 916 2592 se
938 2558 1074 2593 habent
1101 2558 1143 2593 ad
1171 2559 1339 2606 opposita
1367 2559 1630 2606 prosequenda,

55 2610 261 2656 jocundum
282 2610 551 2658 Philosophum
574 2610 647 2655 (lib.
669 2624 702 2659 9.
727 2612 804 2646 Met.
824 2617 886 2647 tex.
901 2613 974 2659 3.),·
998 2612 1059 2647 sed
1081 2611 1250 2647 voluntas
1270 2621 1322 2647 cst
1344 2613 1504 2659 potentia
1527 2613 1631 2648 ratio-

123 2663 133 2673 ⁰
162 2676 172 2700 ε
192 2673 248 2701 est
266 2664 364 2701 enim
387 2664 423 2700 in
444 2665 596 2708 ratione,
611 2673 650 2700 ut
662 2665 793 2700 dicitur
814 2665 849 2700 in
876 2677 903 2712 3.
921 2665 963 2701 de
980 2666 1113 2700 Anima
1133 2667 1211 2710 (tax.
1234 2669 1329 2711 42.),·
1353 2678 1440 2711 crgo
1463 2666 1630 2702 voluntas

119 2717 232 2755 habet
250 2718 295 2754 ad
317 2718 503 2766 opposita;
523 2730 597 2754 non
619 2731 708 2767 ergo
730 2727 871 2754 tantum
899 2720 942 2754 ad
971 2719 1169 2755 volendum
1196 2721 1346 2758 bonum
1369 2720 1430 2755 sed
1453 2721 1563 2755 etiam
1586 2721 1628 2755 ad

79 2807 83 2814 ,
196 2782 260 2811 um
280 2771 433 2808 malum.

62 2861 97 2882 ⁴
135 2835 167 2874 3.
187 2824 425 2864 PRAETEREA.
448 2825 605 2869 Bonum,
626 2834 661 2862 et
682 2838 745 2862 ens
767 2834 1044 2863 convzcrtuntur
1064 2827 1126 2862 sed
1148 2827 1317 2862 voluntas
1339 2838 1412 2863 non
1434 2828 1554 2863 solum
1577 2837 1631 2864 est

237 2878 301 2916 sed
325 2879 436 2916 etiam
460 2890 536 2916 non
556 2880 712 2916 entium:
735 2880 905 2917 volumus
926 2881 1022 2917 enim
1043 2881 1260 2929 quandoque
1282 2893 1356 2916 non
1378 2881 1577 2925 ambulare,
1594 2891 1630 2918 et
