1875 3198
222 178 306 220 680
643 189 865 224 QUAESTIO
899 189 1000 218 XCV.
1033 188 1280 218 ARTICULUS
1313 188 1374 218 ΙΙΙ.

219 271 339 305 forma
353 282 474 305 serrae
487 270 568 305 talis
581 278 645 312 est,
653 269 768 316 qualis
788 270 959 304 convenit
973 269 1138 311 sectioni,
1153 278 1191 303 ut
1205 277 1304 315 patet
1318 269 1355 303 in
1366 279 1398 303 2.
1409 269 1598 315 Physicor.
1610 270 1691 315 (tex.
1705 269 1792 315 88).

222 324 418 366 Quaelibet
431 325 542 359 etiam
556 336 611 358 res
630 332 740 365 recta,
760 331 794 357 et
812 331 1022 357 mensurata
1042 330 1186 368 oportet
1204 323 1300 368 quod
1319 323 1453 356 habeat
1470 322 1629 356 formam
1646 334 1795 370 propor-

219 378 397 413 tionatam
412 389 498 413 suae
511 377 672 423 regulae,
689 385 723 411 et
744 388 955 411 mensurae:
971 376 1028 410 lex
1047 384 1169 410 autem
1182 376 1347 410 humana
1360 383 1554 422 utrumque
1568 376 1694 410 habet:
1709 376 1794 422 quia

221 440 255 466 et
273 440 327 466 est
348 432 482 478 aliquid
501 431 709 465 ordinatum
728 430 772 464 ad
792 429 922 471 finem;
943 438 977 464 et
996 438 1050 464 est
1071 429 1252 475 quaedam
1271 429 1408 475 regula,
1422 429 1483 464 vel
1500 440 1672 463 mensura
1692 441 1795 476 regu-

218 485 303 526 lata,
324 485 383 520 vel
404 493 611 519 mensurata
630 484 788 530 quadarn
807 484 985 530 superiori
1006 495 1193 517 mensura:
1217 495 1309 530 quae
1331 483 1479 530 quidem
1501 491 1555 518 est
1575 483 1706 530 duplex,
1730 484 1795 518 sci-

218 538 319 574 licet:
334 539 451 573 divina
462 539 524 580 lex,
541 546 575 572 et
589 538 640 572 lex
653 543 808 580 naturae,
824 545 863 571 ut
873 548 915 571 ex
926 537 1140 583 supradictis
1155 545 1254 583 patet
1264 538 1347 582 (art.
1357 544 1471 584 praec.
1486 543 1515 572 et
1529 549 1560 584 q.
1572 549 1622 584 91.
1638 542 1702 572 art.
1717 549 1748 572 2.
1763 550 1793 584 3.

219 597 249 628 et
267 604 300 637 4.
320 598 350 627 et
375 604 404 638 q.
428 604 475 638 93.
504 596 567 625 art.
586 591 648 637 3.):
671 590 751 624 finis
771 599 893 624 autem
914 591 1099 624 humanae
1126 590 1217 636 legis
1236 599 1290 625 est
1308 590 1442 626 utilitas
1467 591 1674 633 hominum,
1701 592 1797 625 sicut

219 646 329 680 etiam
346 646 577 691 Jurisperitus
600 645 686 678 dicit
708 645 783 689 (lib.
806 645 904 690 25.ff.
927 644 963 679 cle
989 645 1066 690 Lag.
1094 649 1124 679 et
1149 645 1375 679 Senatuscons.
1398 649 1426 679 et
1447 645 1504 679 lib.
1525 645 1607 690 2.ff.
1635 644 1671 679 de
1697 645 1794 680 Statu

217 700 354 745 Hom.):
367 707 399 733 et
410 699 492 732 ideo
508 698 668 732 Isidorus
687 699 763 743 (lib.
779 710 807 744 5.
827 699 936 743 Elym.
955 705 1027 745 cap.
1044 699 1103 744 3.),
1122 698 1159 732 in
1179 698 1388 732 conditione
1404 697 1494 744 legis
1508 698 1627 744 primo
1647 698 1795 744 quidem

218 755 286 788 tria
309 753 446 798 posuit;
469 752 619 793 scilicet,
642 751 740 797 quod
756 752 907 797 religioni
925 757 1100 797 congruat,
1121 753 1337 797 inquantum
1358 751 1498 786 scilicet
1519 759 1573 786 est
1593 752 1797 798 proportio-

217 814 303 840 nata
323 805 397 851 legi
418 806 580 839 divinae:
603 805 701 851 quod
724 805 902 852 disciplina
915 806 1102 847 con-veniat,
1118 805 1336 851 inquantum
1352 812 1405 839 est
1425 805 1701 851 proportionata
1722 804 1796 851 legi

217 868 386 894 naturae:
410 859 507 905 quod
528 859 628 893 saluti
644 860 815 905 proficiat,
838 859 1056 904 inquantum
1076 867 1130 892 est
1146 860 1423 905 proportionata
1436 857 1582 893 utilitati
1598 858 1796 893 humanae.

289 913 332 947 Et
354 913 398 947 ad
419 913 509 947 haec
532 913 600 947 tria
622 924 751 946 omnes
774 912 865 946 aliae
888 912 1129 954 conditiones,
1152 924 1240 958 quas
1263 920 1392 958 postea
1412 912 1526 959 ponit,
1553 912 1792 946 reducuntur:

217 978 304 1001 nam
325 966 422 1012 quod
450 967 592 1000 dicitur:
616 966 778 1008 Honesta,
801 965 953 1000 refertur
975 966 1020 999 ad
1040 966 1126 1008 hoc,
1156 966 1255 1012 quod
1288 966 1444 1011 religioni
1477 971 1660 1012 congruat:
1696 966 1795 1012 quod

218 1029 340 1055 autem
374 1019 554 1055 subditur:
581 1020 689 1064 Justa,
712 1020 891 1066 possibilis,
926 1019 1103 1054 secundum
1129 1025 1301 1062 naturam,
1326 1019 1503 1054 secundum
1530 1019 1795 1054 consuetudinem

211 1076 358 1121 patriae,
380 1074 461 1115 loco,
491 1075 692 1120 temporique
714 1075 920 1115 conveniens,
944 1073 1128 1107 reducitur
1143 1073 1186 1107 ad
1201 1073 1274 1107 hoc
1289 1073 1387 1120 quod
1401 1074 1577 1108 conveniat
1589 1073 1794 1120 disciplinae.

216 1128 424 1162 Attenditur
446 1128 544 1162 enim
565 1127 727 1161 humana
749 1126 938 1173 disciplina
957 1128 1110 1173 primum
1132 1127 1279 1173 quidem
1302 1135 1479 1173 quantum
1497 1127 1541 1161 ad
1561 1127 1728 1161 ordinem
1744 1139 1798 1161 ra-

216 1182 345 1224 tionis;
367 1181 429 1227 qui
449 1181 666 1227 importatur
687 1181 724 1214 in
745 1181 817 1214 hoc
841 1180 939 1226 quod
961 1181 1090 1214 dicitur
1107 1183 1221 1226 justa:
1249 1180 1386 1215 secundo
1410 1188 1586 1226 quantum
1609 1181 1653 1214 ad
1686 1180 1798 1215 facul-

216 1243 330 1270 tatem
351 1235 556 1281 agentium:
579 1235 685 1269 debet
707 1235 804 1268 enim
827 1245 905 1269 esse
928 1234 1118 1280 disciplina
1140 1234 1362 1268 conveniens
1379 1234 1576 1280 unicuique
1594 1235 1796 1268 secundum

216 1301 321 1324 suam
342 1288 632 1335 possibilitatem,
655 1288 846 1322 observata
868 1288 977 1322 etiam
999 1287 1239 1334 possibilitate
1256 1295 1427 1323 naturae:
1453 1299 1530 1322 non
1548 1287 1647 1322 enirn
1666 1287 1796 1323 eadem

217 1351 299 1377 sunt
319 1342 543 1389 imponenda
565 1342 695 1388 pueris,
718 1353 811 1388 quae
832 1342 1071 1387 imponuntur
1091 1342 1176 1375 viris
1210 1340 1395 1388 perfectis:
1431 1349 1466 1376 et
1498 1341 1701 1375 secundum
1733 1341 1798 1375 hu-

217 1408 367 1430 manam
382 1395 651 1430 conditionem:
667 1406 742 1429 non
759 1395 856 1429 enim
871 1403 989 1441 potest
1004 1395 1119 1429 horno
1134 1395 1234 1429 solus
1249 1395 1285 1428 in
1301 1395 1478 1429 societate
1491 1395 1627 1437 vivere,
1640 1394 1796 1429 aliorum

217 1461 361 1484 morem
382 1461 457 1483 non
479 1460 623 1495 gerens:
647 1451 742 1483 tertio
765 1457 941 1494 quantum
965 1449 1008 1482 ad
1028 1448 1165 1482 debitas
1181 1448 1472 1483 circumstantias
1491 1448 1596 1482 dicit:
1619 1449 1707 1483 Loco
1722 1453 1799 1482 tem-

210 1505 352 1550 porique
374 1505 579 1545 conveniens,
603 1503 700 1548 quod
721 1513 808 1536 vero
831 1502 1012 1537 subditur:
1035 1502 1240 1544 Necessaria,
1270 1502 1372 1544 utilis,
1397 1510 1465 1536 etc.
1487 1501 1639 1536 refertur
1661 1502 1705 1535 ad
1722 1502 1796 1536 hoc

217 1557 315 1604 quod
337 1557 502 1603 expediat
523 1556 649 1598 saluti3
671 1564 710 1590 ut
729 1557 927 1590 necessitas
957 1555 1131 1590 referatur
1153 1556 1198 1590 ad
1219 1555 1468 1590 remotionem
1501 1554 1698 1598 malorum,
1733 1557 1798 1590 uti-

214 1611 309 1653 litas,
331 1610 375 1644 ad
397 1610 698 1644 consecutionem
719 1610 915 1651 bonorum,
938 1608 1183 1643 manifestatio
1205 1620 1294 1643 vero
1320 1609 1363 1643 ad
1379 1609 1584 1643 cavendum
1598 1619 1798 1643 nocumen-

216 1673 307 1706 tum,
329 1664 426 1710 quod
449 1675 491 1697 ex
511 1663 589 1709 ipsa
610 1663 691 1709 lege
712 1671 837 1709 posset
863 1663 1075 1709 provenire3
1110 1670 1144 1696 et
1178 1663 1273 1709 quia,
1307 1663 1401 1697 sicut
1430 1673 1537 1709 supra
1571 1662 1710 1696 dictum
1743 1670 1797 1697 est

219 1719 263 1765 (q.
287 1730 343 1765 90.
366 1723 429 1752 art.
452 1717 515 1761 2.),
531 1717 587 1751 lex
603 1717 790 1751 ordinatur
811 1717 855 1750 ad
873 1717 1013 1750 bonum
1032 1727 1244 1758 commune,
1263 1716 1336 1751 hoc
1354 1716 1475 1763 ipsum
1493 1716 1531 1750 in
1548 1714 1677 1750 ultima
1695 1724 1795 1763 parte

216 1772 528 1807 determinationis
551 1770 615 1817 [al.
638 1771 880 1818 descriptionis]
907 1770 1118 1804 ostenditur.

288 1825 332 1860 Et
352 1837 416 1872 per
436 1825 508 1859 hoc
531 1833 629 1871 patet
650 1825 841 1871 responsio
864 1834 914 1858 AD
938 1834 1117 1870 OBJECTA.

775 1947 1123 1992 ARTICULUS
1159 1947 1237 1990 IV.
1731 1968 1795 2004 507

396 2051 549 2081 UTRUM
575 2050 778 2080 ISIDORUS
808 2050 1151 2080 CONVENIENTER
1178 2049 1328 2080 PONAT
1355 2049 1617 2080 DIVISIONEM

768 2115 1048 2146 HUMANARUM
1081 2115 1245 2144 LEGUM.

287 2199 347 2233 AD
369 2208 559 2238 QUARTUM
581 2199 630 2231 sic
654 2198 872 2244 proceditur.
894 2197 1059 2239 Videtur,
1083 2197 1181 2243 quod
1203 2196 1505 2231 inconvenienter
1525 2195 1687 2231 Isidorus
1709 2195 1799 2230 divi·
1818 2206 1842 2217 x·

215 2254 357 2287 sionem
379 2251 503 2298 legum
525 2252 771 2285 humanarum
793 2259 915 2298 ponat,
937 2251 1012 2285 sive
1034 2250 1120 2296 juris
1134 2250 1386 2285 humanizsub
1400 2250 1474 2284 hoc
1489 2249 1587 2284 enirn
1602 2251 1679 2296 jure
1698 2260 1798 2284 com·
1834 2253 1842 2263 '

214 2306 407 2353 prehendit
422 2308 512 2351 jus
500 2307 657 2348 aentizmz,
680 2305 777 2351 quod
801 2305 883 2339 ideo
906 2305 956 2339 sic
978 2305 1201 2346 nominatur,
1232 2312 1271 2338 ut
1302 2304 1380 2364 ipse
1415 2303 1503 2338 dicit
1535 2303 1612 2349 (lib.
1630 2315 1660 2350 5.
1682 2304 1797 2349 Etym.

215 2367 287 2407 cap.
310 2360 372 2404 6.),
401 2359 485 2406 quia
505 2371 540 2394 eo
568 2371 677 2393 omnes
695 2359 769 2405 sere
793 2364 900 2405 gentes
926 2364 1093 2393 utuntur:
1115 2359 1190 2401 sed,
1212 2358 1395 2404 sicutipse
1417 2357 1504 2392 dicit
1526 2357 1626 2403 (ibid.
1641 2363 1715 2404 cap.
1729 2357 1838 2416 4.)‚

208 2416 266 2460 jus
286 2414 438 2448 naturale
459 2418 514 2455 est,
537 2412 624 2459 quod
641 2417 686 2447 est
703 2424 874 2447 commune
893 2414 1043 2447 omnium
1058 2414 1255 2453 nationunz;
1280 2423 1368 2458 ergo
1379 2413 1467 2458 jus
1453 2413 1598 2446 «rentium
1615 2422 1691 2446 non
1712 2421 1800 2445 con·
1830 2383 1839 2450 i

214 2467 347 2502 tinetur
368 2467 431 2501 sub
453 2467 530 2512 jure
552 2466 709 2513 positivo
732 2466 908 2508 humano,
931 2466 993 2500 sed
1014 2466 1133 2512 magis
1155 2466 1218 2500 sub
1240 2467 1317 2512 jure
1339 2465 1506 2500 naturali.
1829 2461 1835 2473 '

286 2531 318 2555 2.
341 2521 578 2556 PRAETEREA.
602 2520 653 2554 Ea
674 2531 766 2566 quae
785 2520 920 2553 habeut
938 2520 1107 2554 eamdem
1125 2520 1213 2561 vim,
1234 2530 1310 2554 non
1327 2519 1496 2554 videntur
1512 2518 1715 2554 formaliter
1733 2516 1835 2552 dif-

213 2574 318 2617 ferre,
341 2575 403 2609 sed
425 2574 545 2608 solum
568 2573 821 2608 materialiter:
845 2573 907 2607 sed
930 2574 966 2608 le
960 2585 1020 2616 ges,
1036 2574 1089 2620 pl
1085 2575 1220 2616 bis-cita,
1235 2573 1524 2616 senatusconsulta,
1539 2580 1575 2607 et
1589 2572 1660 2606 alia
1674 2572 1796 2618 hujus·
1820 2572 1833 2594 ²

215 2629 328 2671 modi,
351 2640 442 2675 quae
465 2628 567 2674 ponit
588 2627 685 2673 (ibid.
709 2634 780 2674 cap.
804 2639 860 2662 10.
887 2632 916 2661 et.
939 2629 1018 2673 seq.)
1048 2627 1173 2661 omnia
1208 2627 1344 2662 habent
1376 2626 1546 2661 eamdem
1578 2626 1674 2668 vim;
1705 2635 1796 2672 ergo
1821 2636 1833 2667 ζ
1871 2656 1874 2663 ,

213 2683 365 2724 videtur,
388 2682 485 2728 quod
507 2693 582 2716 non
605 2680 770 2715 differant
791 2681 860 2714 nisi
882 2680 1134 2715 materialiter:
1158 2681 1222 2715 sed
1242 2680 1324 2715 talis
1354 2679 1539 2715 distinctio
1562 2679 1599 2714 in
1621 2687 1696 2714 arte
1717 2689 1797 2714 non
1815 2687 1830 2710 π’

215 2745 268 2771 est
289 2737 466 2779 curanda3
492 2747 575 2770 cum
597 2735 711 2782 possit
732 2746 810 2769 esse
833 2735 868 2768 in
890 2734 1089 2777 infinitum3
1125 2745 1214 2780 ergo
1248 2733 1549 2769 inconvenienter
1581 2729 1827 2779 hujusmodi.j

214 2790 344 2824 divisio
366 2790 612 2824 humanarum
634 2788 757 2835 legum
776 2788 1026 2822 introducitur.

290 2855 318 2890 3.
342 2843 578 2878 PRAETEREA.
603 2843 705 2877 Sicut
725 2842 761 2876 in
784 2841 928 2875 civitate
951 2849 1033 2875 sunt
1055 2841 1248 2888 principes,
1271 2841 1490 2882 sacerdotes,
1513 2848 1548 2875 et
1568 2839 1722 2882 milites;
1743 2838 1795 2874 ita

215 2898 324 2932 etiam
347 2906 430 2932 sunt
451 2905 485 2932 et
507 2897 576 2931 alia
598 2897 793 2931 hominum
815 2895 953 2938 officia3
976 2907 1063 2942 ergo
1086 2896 1238 2938 videtur,
1261 2895 1360 2942 quod
1381 2895 1475 2932 sicut
1504 2893 1652 2942 ponitur
1681 2891 1797 2940 quod-
