1907 3182
190 174 277 228 256
583 184 805 220 QUAESTIO
839 183 992 212 XXXIII.
1025 182 1270 212 ARTICULUS
1304 182 1361 212 IV.

190 264 336 300 lectatio
359 265 622 312 operationem,
638 273 676 299 ut
696 265 839 299 habitus
862 265 1022 310 quidam,
1041 263 1243 298 secundum
1265 262 1402 297 Philos.
1417 263 1455 296 in
1473 273 1524 297 10.
1544 262 1760 296 Ethicorum

189 319 281 366 (cap.
303 330 336 363 4.
359 331 379 353 a
400 319 523 364 mad.);
546 318 738 353 delectatio
763 329 850 364 ergo
873 329 947 352 non
969 317 1109 363 perficit
1130 316 1395 362 operationem.

262 372 337 407 SED
360 382 516 407 CONTRA
531 380 594 414 est,
609 372 706 417 quod
721 372 851 405 dicitur
865 371 1010 411 ibidem,
1024 369 1121 415 quod
1136 369 1328 403 delectatio
1345 369 1596 416 operationem
1610 368 1759 415 perficit.

262 425 492 460 RESPONDEO
524 425 730 465 dicendum,
758 424 855 470 quod
886 423 1078 457 delectatio
1110 422 1301 468 dupliciter
1325 423 1578 469 operationem
1605 421 1759 467 perficit:

189 491 254 513 uno
287 479 383 513 modo
418 490 480 524 per
514 479 667 512 modum
692 478 796 519 finis3
823 488 898 510 non
924 476 1073 522 quidem
1098 476 1301 510 secundum
1328 476 1425 522 quod
1451 476 1531 510 finis
1558 475 1688 510 dicitur
1713 475 1762 517 id,

190 540 336 578 propter
357 532 454 577 quod
477 531 610 577 aliquid
634 539 706 572 est;
729 530 791 564 sed
813 530 1015 564 secundum
1043 529 1140 575 quod
1168 540 1278 563 omne
1299 529 1437 563 bonurn
1460 528 1681 575 completive
1707 540 1762 562 su-

191 585 401 631 perveniens
420 593 540 631 potest
561 584 632 618 dici
653 584 743 617 finis.
767 583 811 617 Et
832 583 1034 617 secundum
1054 583 1125 616 hoc
1146 582 1233 616 dicit
1249 582 1386 616 Philos.
1404 582 1442 616 in
1464 593 1515 617 10.
1534 582 1762 623 Ethicorum‚

191 639 266 682 (loc.
279 650 364 673 nunc
380 639 462 683 cit),
480 638 577 683 quod
592 637 784 671 delectatio
800 636 939 682 perficit
954 636 1218 682 operationem,
1237 636 1330 670 sicut
1343 635 1491 681 quidam
1505 635 1763 682 superveniens

191 691 287 734 finis3
310 692 525 737 inquantum
543 690 682 725 scilicet
702 701 808 736 super
821 689 893 723 hoc
908 690 1058 730 bonum,
1074 689 1171 735 quod
1187 697 1239 723 est
1253 690 1428 735 operatio,
1444 688 1651 735 supervenit
1666 688 1762 722 aliud

191 746 341 786 bonum,
364 744 462 790 quod
489 752 542 778 est
568 743 772 785 delectatio,
796 754 889 789 quae
911 743 1083 789 importat
1109 743 1372 789 quietationem
1399 742 1576 789 appetitus
1602 742 1639 776 in
1663 742 1762 776 bono

192 798 479 844 praesupposito.
506 797 654 832 Secundo
682 796 776 831 modo
805 808 847 831 ex
874 804 972 843 parte
1000 808 1131 830 causae
1159 796 1321 842 agentis:
1348 807 1423 830 non
1450 796 1596 842 quidem
1619 795 1763 837 directe,

193 852 277 897 quia
298 851 545 897 Philosophus
573 851 659 885 dicit
679 851 715 884 in
743 861 793 885 10.
825 850 1040 884 Ethicorum
1064 850 1191 895 (ibid),
1214 850 1310 896 quod
1338 849 1478 896 perficit
1511 849 1763 895 operationem

194 905 399 946 delectatio,
422 915 496 938 non
519 904 610 938 sicut
632 904 794 938 medicus
817 915 958 945 sanum,
980 903 1043 937 sed
1065 903 1158 937 sicut
1179 903 1335 937 sanitas:
1363 902 1538 937 indirecte
1560 910 1694 944 autem,
1716 902 1766 935 in·

192 966 366 1003 quantum
389 957 527 991 scilicet
549 968 672 1002 agens,
695 957 778 1003 quia
800 956 1000 991 delectatur
1020 957 1057 990 in
1078 968 1143 990 sua
1165 956 1319 998 actione,
1337 955 1592 990 vehementius
1615 955 1765 990 attendit

193 1011 236 1044 ad
257 1011 387 1057 ipsum,
411 1019 445 1044 et
466 1010 672 1056 diligentius
700 1022 782 1044 eam
805 1018 989 1056 operatur:
1014 1018 1048 1044 et
1070 1010 1271 1044 secundum
1292 1010 1365 1044 hoc
1388 1009 1519 1043 dicitur
1539 1009 1575 1043 in
1598 1019 1649 1043 10.
1669 1008 1766 1043 Ethi-

191 1075 319 1098 corum
343 1063 431 1110 (rap.
451 1065 510 1110 5.)‚
539 1063 636 1109 quod
659 1063 919 1098 delectationes
942 1064 1123 1109 adaugent
1143 1063 1307 1110 proprias
1330 1063 1574 1109 operationes,
1597 1070 1633 1097 et
1653 1062 1766 1108 impe-

191 1117 293 1150 diunt
314 1125 512 1151 extraneas.

263 1170 322 1203 An
344 1181 494 1204 PRIMUM
517 1181 605 1215 ergo
636 1169 843 1211 dicendum,
874 1171 971 1216 quod
999 1181 1074 1204 non
1104 1169 1224 1204 omnis
1252 1169 1446 1204 delectatio
1468 1169 1620 1215 impedit
1642 1176 1764 1202 actum

192 1223 352 1264 rationis,
374 1224 435 1257 sed
458 1223 650 1257 delectatio
675 1223 885 1269 corporalis,
908 1234 999 1269 quae
1021 1235 1095 1257 non
1119 1223 1352 1269 consequitur
1373 1231 1496 1257 actum
1516 1222 1678 1264 rationis,
1701 1222 1763 1256 sed

192 1285 313 1310 actum
333 1276 637 1323 concupiscibilis,
657 1277 717 1323 qui
735 1288 797 1323 per
816 1276 1097 1311 delectationem
1117 1284 1286 1322 augetur3
1309 1275 1502 1311 delectatio
1523 1284 1656 1318 autem,
1671 1287 1764 1322 quae

191 1330 424 1376 consequitur
445 1338 568 1364 actum
590 1331 750 1372 rationis,
772 1330 944 1364 fortificat
964 1330 1114 1364 rationis
1137 1341 1253 1364 usum.
1905 1337 1907 1352 ¹

263 1384 323 1417 AD
345 1394 553 1418 SECUNDUM
575 1384 780 1428 dicendum,
804 1384 912 1430 quod,
935 1384 1027 1418 sicut
1049 1384 1179 1417 dicitur
1200 1384 1236 1417 in
1259 1393 1289 1417 2.
1317 1383 1561 1429 Physicorum
1581 1384 1660 1427 (tex.
1676 1383 1760 1429 30.)‚

194 1437 381 1483 contingit,
409 1437 506 1482 quod
533 1437 604 1471 duo
632 1437 698 1471 sibi
724 1437 881 1471 invicem
904 1446 986 1471 sunt
1008 1448 1128 1478 causa,
1154 1437 1203 1471 ita
1231 1437 1328 1482 quod
1354 1449 1458 1471 unum
1485 1437 1530 1471 sit
1556 1447 1666 1470 causa
1693 1435 1764 1470 effi-

194 1490 303 1532 ciens,
327 1499 361 1524 et
382 1490 473 1524 aliud
496 1502 604 1524 causa
626 1490 742 1524 finalis
766 1490 933 1525 alterius:
958 1499 993 1525 et
1014 1502 1077 1537 per
1095 1491 1191 1524 hunc
1211 1490 1364 1524 modum
1383 1490 1547 1536 operatio
1567 1497 1692 1524 causat
1709 1488 1767 1523 de-

194 1543 440 1585 lectationem,
463 1544 557 1578 sicut
579 1555 687 1578 causa
710 1543 887 1578 efficiens:
912 1543 1104 1578 delectatio
1128 1552 1252 1578 autem
1271 1543 1410 1590 perficit
1432 1544 1684 1590 operationem
1702 1554 1765 1589 per

194 1597 346 1631 modum
369 1596 459 1639 finis,
482 1605 520 1631 ut
541 1597 678 1631 dictum
701 1606 753 1632 est
773 1597 823 1641 (in
845 1604 935 1644 corp.
959 1598 1054 1641 art).

266 1651 325 1685 AD
349 1660 521 1685 TERTIUM
543 1659 639 1697 patet
660 1651 849 1697 responsio
873 1662 915 1684 ex
939 1651 1053 1684 dictis.

661 1957 1018 2018 QUAESTIO
1060 1956 1303 2004 XXXIV.

423 2081 486 2111 DE
513 2080 766 2118 BONITATE,
796 2080 856 2111 ET
882 2080 1084 2110 MALITIA
1110 2079 1534 2117 DELECTATIONUM,

582 2151 633 2181 IN
661 2150 890 2190 QUATUOR
917 2150 1180 2182 ARTICL‘LOS
1207 2150 1382 2182 DIVISA.

267 2289 409 2323 Deinde
433 2289 735 2323 considerandum
758 2297 811 2324 est
833 2289 875 2323 de
898 2289 1070 2332 bonitate,
1093 2298 1128 2324 et
1150 2289 1288 2324 malitia
1310 2289 1605 2325 delectationum.

663 2380 707 2413 Et
727 2380 816 2413 circa
839 2379 897 2413 hoc
919 2384 1128 2424 quaeruntur
1149 2384 1302 2425 quatuor.

270 2450 405 2484 Primo.
430 2450 562 2485 Utrum
584 2451 703 2485 omnis
727 2450 918 2485 delectatio
941 2451 985 2485 sit
1008 2451 1114 2486 mala.

269 2504 450 2538 Secundo.
473 2504 570 2538 Dato
589 2505 685 2550 quod
707 2515 793 2545 non,
817 2512 936 2538 utrum
960 2505 1079 2539 omnis
1102 2504 1294 2540 delectatio
1317 2505 1361 2539 sit
1382 2505 1488 2539 bona.

271 2557 409 2592 Tertio.
433 2558 564 2592 Utrum
587 2558 706 2603 aliqua
729 2557 920 2592 delectatio
944 2559 987 2592 sit
1010 2559 1158 2604 optima.

272 2610 425 2652 Quarto.
450 2611 581 2646 Utrum
605 2611 795 2645 delectatio
819 2612 863 2645 sit
886 2623 1065 2654 mensura,
1088 2612 1145 2647 vel
1168 2612 1304 2658 regula,
1327 2612 1527 2648 secundum
1549 2623 1659 2659 quam
1680 2611 1769 2658 judi-

200 2672 298 2698 cetur
318 2666 465 2707 bonum,
488 2665 545 2699 vel
567 2664 706 2699 malum
729 2665 764 2699 in
787 2665 997 2699 moralibus.
