1907 3198
535 197 757 234 ουΑΕετιο
792 196 910 229 cvm.
945 196 1190 228 amenius
1224 195 1284 226 ιιι.
1605 184 1685 241 823

124 280 278 325 furandi,
287 280 347 317 vel
356 279 487 316 falsum
502 280 752 316 testimonium
766 279 928 315 dicendi:
945 280 1041 314 circa
1055 280 1250 327 perjurium
1262 289 1349 314 vero
1364 278 1545 314 habebant
1560 278 1688 314 salsum

124 334 361 377 intellectum,
383 334 570 370 credentes
592 334 787 382 perjurium
809 333 955 381 quidem
979 345 1057 369 esse
1079 341 1282 380 peccatum,
1303 333 1547 378 juramentum
1570 341 1689 368 autem

124 399 189 438 per
206 399 246 424 se
266 398 345 424 esse
363 389 619 435 appetendum,
638 396 673 424 et
694 387 1012 435 frequentandum;
1036 387 1120 434 quia
1138 387 1279 422 videtur
1298 386 1342 421 ad
1361 387 1429 421 Dei
1448 388 1689 422 reverentiam

124 442 322 492 pertinere;
342 450 378 477 et
398 442 482 477 ideo
505 442 687 477 Dominus
708 442 866 477 ostendit
879 442 1123 488 juramentum
1142 452 1216 476 non
1235 452 1312 475 esse
1333 440 1589 487 appetendum,
1602 448 1691 475 tam-

124 507 235 545 quam
254 495 405 538 bonum,
426 496 488 530 sed
511 495 640 531 melius
662 507 741 531 esse
763 496 896 542 absque
913 496 1118 542 juramento
1142 494 1254 541 loqui,
1273 495 1340 529 nisi
1359 494 1554 529 necessitas
1571 503 1689 540 cogat.

195 550 257 586 AD
278 560 486 586 SECUNDUM
514 550 720 592 dicendum,
747 550 842 596 quod
863 549 958 584 circa
981 548 1164 595 judicialia
1187 556 1378 596 praecepta
1399 548 1578 596 dupliciter
1600 548 1692 582 Scri-

124 604 204 648 bae,
236 611 273 640 et
303 603 489 638 Pharisaei
523 604 699 638 errabant.
734 604 848 639 Primo
882 603 1042 651 quidem,
1073 603 1156 650 quia
1187 603 1378 649 quaedam,
1412 614 1504 649 quae
1539 602 1573 636 in
1608 602 1688 648 lege

124 657 247 706 Moysi
274 665 376 693 erant
400 657 529 692 tradita
551 667 738 705 tamquam
761 657 1030 705 permissiones,
1058 657 1297 692 aestimabant
1327 668 1406 691 esse
1433 668 1496 703 per
1522 667 1559 691 se
1581 657 1691 701 justa;

124 711 282 748 scilicet:
305 710 496 758 repudium
519 711 652 754 uxoris,
674 720 707 746 et
729 722 854 746 usuras
875 711 1039 758 accipere
1062 711 1104 745 ab
1128 710 1318 752 extrancis,
1339 718 1374 745 et
1402 710 1483 744 ideo
1509 709 1692 744 Dominus

125 765 310 814 prohibuit
329 764 451 800 uxoris
473 765 675 812 repudium,
690 765 816 800 Mattli.
836 775 877 810 5.,
903 773 938 800 et
963 775 1152 799 usurarum
1176 764 1439 810 acceptionem,
1463 763 1550 798 Luc.
1577 761 1624 805 6.,
1644 763 1692 798 di-

127 830 234 856 cens:
255 819 345 855 Date
365 823 516 854 mutuum
538 819 623 854 nihil
652 819 724 854 inde:
748 824 925 867 sperantes.
947 819 1026 854 Alio
1049 818 1143 853 modo
1173 818 1339 853 errabant
1366 817 1564 859 credentes,
1586 829 1692 864 quae-

126 873 223 917 dam,
243 866 336 921 quae
357 871 415 908 lex
435 880 539 908 vetus
561 873 763 909 instituerat
784 873 948 909 facienda
963 882 1108 921 propter
1121 873 1307 919 justitiam,
1323 884 1400 908 csse
1421 873 1630 920 exequenda
1646 882 1687 906 ex

126 926 286 975 appetitu
305 926 498 970 vindictae,
520 926 577 962 vel
599 938 642 962 ex
664 928 858 975 cupiditate
879 927 1137 975 temporalium
1160 939 1292 970 rerum,
1318 927 1376 962 vel
1403 938 1446 962 ex
1467 927 1554 962 odio
1576 925 1693 961 inimi-

125 991 274 1016 corum:
295 987 331 1016 et
350 980 423 1016 hoc
441 980 478 1015 in
499 981 611 1016 tribus
634 982 844 1029 praeceptis.
862 981 1074 1029 Appetitum
1089 981 1187 1016 enim
1208 981 1389 1016 vlndictae
1405 981 1599 1016 credebant
1613 991 1691 1015 esse

125 1034 266 1071 licitum
285 1042 434 1083 propter
454 1043 687 1082 praeceptum
709 1034 833 1070 datum
849 1035 892 1070 de
907 1046 1025 1082 poena
1040 1034 1186 1070 talionis
1201 1035 1297 1082 quod
1312 1035 1458 1082 quidem
1474 1033 1540 1070 suit
1553 1034 1691 1076 datum,

126 1096 166 1124 ut
183 1087 319 1136 justitia
338 1096 551 1131 servaretur,
573 1100 647 1123 non
663 1097 701 1124 ut
715 1089 830 1124 homo
851 1089 1050 1124 vindictam
1072 1097 1278 1136 quaereret3
1294 1097 1329 1124 et
1349 1089 1432 1124 ideo
1446 1088 1628 1124 Dominus
1647 1087 1690 1122 ad

124 1142 198 1179 hoc
218 1141 484 1178 removendum
505 1142 624 1185 docet,
647 1142 811 1177 animum
832 1142 993 1178 hominis
1015 1143 1065 1178 sic
1088 1142 1218 1178 debere
1246 1154 1324 1178 csse
1351 1151 1617 1190 praeparatum,
1644 1149 1693 1183 ut,

124 1196 157 1234 si
175 1207 326 1232 necesse
347 1197 403 1239 sit,
424 1196 535 1231 etiam
569 1204 714 1243 paratus
744 1197 789 1231 sit
817 1196 919 1244 plura
940 1196 1128 1232 sustinere.
1156 1196 1301 1231 Motum
1332 1204 1452 1231 autem
1487 1195 1693 1243 cupiditatis

126 1249 366 1287 aestimabant
387 1260 465 1285 esse
486 1249 627 1285 licitum
646 1258 793 1297 propter
813 1258 1005 1298 praecepta
1027 1249 1222 1296 judicialia,
1244 1250 1280 1285 in
1302 1250 1431 1297 quibus
1453 1249 1692 1284 mandabatur

124 1303 304 1340 restitutio
324 1303 374 1339 rei
396 1302 538 1338 ablatae
559 1303 635 1339 fieri
657 1303 766 1338 etiam
796 1315 881 1338 cum
913 1303 1032 1351 aliqua
1063 1303 1259 1346 additione,
1281 1311 1319 1338 ut
1339 1315 1447 1350 supra
1474 1303 1611 1338 dictum
1639 1311 1692 1338 est

125 1358 176 1406 (q.
197 1369 265 1405 105.
291 1362 357 1393 art.
378 1368 410 1393 2.
429 1356 472 1392 ad
492 1357 566 1404 9.).·
588 1364 624 1392 et
641 1357 712 1391 hoc
732 1357 878 1404 quidem
901 1356 957 1392 lex
984 1357 1170 1392 mandavit
1194 1365 1341 1404 propter
1367 1357 1540 1403 justitiam
1568 1357 1691 1392 obser-

127 1410 298 1454 vandam,
317 1421 394 1446 non
414 1417 453 1445 ut
473 1410 575 1445 daret
596 1410 783 1457 cupiditati
804 1410 948 1454 locum;
971 1419 1005 1446 et
1026 1411 1108 1446 ideo
1129 1411 1312 1446 Dominus
1334 1411 1452 1453 docet,
1471 1419 1510 1446 ut
1530 1422 1573 1446 ex
1595 1410 1692 1458 cupi-

126 1464 237 1501 ditate
257 1470 381 1500 nostra
397 1475 474 1499 non
494 1471 710 1512 repetamus,
737 1464 799 1499 sed
826 1464 938 1499 simus
961 1465 1086 1512 parati,
1109 1465 1136 1499 si
1170 1475 1319 1500 necesse
1341 1464 1458 1507 fuerit,
1488 1464 1596 1500 etiam
1620 1476 1693 1499 am-

126 1517 243 1567 pliora
263 1517 369 1553 dare:
391 1525 534 1552 motum
555 1528 642 1552 vero
665 1517 739 1552 odii
761 1518 955 1552 credebant
976 1529 1054 1553 esse
1073 1518 1212 1553 licitum
1232 1526 1378 1566 propter
1396 1526 1588 1565 praecepta
1603 1517 1693 1563 legis

126 1571 210 1608 data
229 1571 274 1607 de
293 1570 457 1607 hostium
477 1570 744 1606 interfectione:
768 1571 865 1618 quod
887 1572 1033 1619 quidem
1057 1571 1112 1607 lex
1130 1572 1253 1607 statuit
1271 1580 1416 1619 propter
1435 1572 1608 1618 justitiam
1631 1572 1694 1606 im-

127 1625 311 1674 plendam,
332 1632 371 1660 ut
390 1624 537 1672 quidem
559 1625 696 1660 dictum
717 1634 769 1660 est
791 1626 838 1672 (q.
862 1638 928 1672 105.
951 1631 1018 1661 art.
1037 1638 1064 1673 3.
1084 1626 1126 1661 ad
1146 1628 1210 1670 4.),
1233 1637 1306 1661 non
1330 1634 1475 1673 propter
1493 1626 1575 1660 odia
1598 1637 1696 1661 exsa-

125 1678 299 1715 tutanda:
322 1686 357 1714 et
378 1678 461 1714 ideo
486 1678 669 1713 Dominus
691 1678 809 1722 docet,
833 1687 870 1714 ut
897 1679 939 1714 ad
968 1679 1137 1714 inimicos
1159 1679 1393 1715 dilectionem
1423 1680 1636 1722 habeamus,
1659 1687 1695 1715 et
1749 1691 1753 1695 ·

127 1732 241 1780 parati
262 1732 387 1775 simus,
409 1732 438 1767 si
453 1743 603 1768 necesse
618 1731 734 1775 suerit,
753 1733 861 1767 etiam
876 1733 1107 1768 benefacere:
1131 1733 1221 1768 haec
1245 1733 1341 1768 enim
1357 1742 1548 1781 praecepta
1570 1744 1696 1768 secun-

127 1786 213 1822 dum
229 1786 541 1835 praeparationem
557 1786 667 1821 animi
682 1795 764 1822 sunt
783 1787 1006 1834 accipienda,
1023 1795 1059 1822 ut
1073 1788 1227 1835 August.
1247 1788 1393 1835 exponit
1409 1788 1481 1833 (lib.
1497 1801 1523 1824 1.
1539 1788 1575 1823 de
1586 1788 1692 1824 Scrm.

128 1841 232 1877 Dom.
252 1841 286 1875 in
304 1845 425 1882 monte,
444 1846 518 1888 cap.
545 1852 596 1886 19.
617 1845 647 1876 et
666 1840 759 1887 seq).

197 1894 258 1930 AD
284 1904 457 1930 τεκτιυΜ
478 1893 686 1937 dicendum,
717 1894 814 1942 quod
845 1903 1037 1942 praecepta
1069 1894 1222 1930 moralia
1244 1895 1397 1930 omnino
1429 1895 1463 1930 in
1491 1907 1587 1931 nova
1615 1895 1695 1943 lege

129 1958 317 1984 remanere
337 1947 531 1991 debebant3
554 1947 637 1995 quia
659 1949 858 1983 secundum
883 1960 920 1984 se
943 1949 1122 1995 pertinent
1144 1949 1187 1983 ad
1211 1949 1389 1984 rationem
1412 1949 1568 1985 virtutis:
1598 1961 1695 1997 prae-

128 2009 232 2050 cepta
253 2008 375 2037 autem
404 2001 587 2048 judicialia
615 2013 688 2036 non
719 2002 954 2037 remanebant
984 2015 1027 2038 ex
1058 2003 1272 2038 necessitate
1299 2003 1499 2039 secundum
1531 2004 1696 2047 modum,

129 2067 238 2105 quem
265 2055 323 2092 lex
343 2055 608 2099 determinavit,
631 2056 692 2092 sed
715 2056 984 2104 relinquebatur
1006 2057 1152 2092 arbitrio
1174 2057 1382 2100 hominum,
1405 2066 1525 2092 utrum
1553 2058 1616 2101 sic,
1638 2057 1695 2093 vel

131 2109 234 2146 aliter
254 2117 348 2146 esset
368 2109 695 2152 determinandum,
718 2118 752 2145 et
782 2110 863 2145 ideo
887 2111 1146 2146 convenienter
1171 2111 1354 2146 Dominus
1382 2111 1477 2146 circa
1505 2112 1594 2147 haec
1622 2112 1695 2147 duo

129 2174 264 2212 genera
284 2171 562 2212 praeceptorum
592 2175 659 2199 nos
690 2164 888 2199 ordinavit:
916 2173 1195 2212 praeceptorum
1227 2173 1346 2201 autem
1370 2165 1694 2201 caeremonialium

133 2216 340 2253 observatio
360 2216 520 2253 totaliter
540 2229 604 2265 per
624 2217 674 2253 rei
697 2217 947 2265 impletionem
970 2218 1183 2262 tollebatur.
1210 2228 1244 2254 et
1263 2219 1345 2255 ideo
1368 2220 1463 2254 circa
1486 2220 1694 2265 hujusmodi

130 2278 323 2320 praecepta
336 2270 373 2306 in
386 2269 448 2306 illa
462 2271 650 2306 communi
667 2271 830 2306 doctrina
849 2272 939 2307 nihil
955 2273 1144 2307 ordinavit.
1163 2273 1332 2308 Ostendit
1349 2281 1471 2308 tamen
1488 2274 1583 2316 alibi,
1598 2274 1694 2321 quod

130 2332 229 2361 totus
257 2323 458 2372 corporalis
488 2324 616 2366 cultus,
645 2325 705 2372 qui
735 2333 810 2360 erat
839 2326 1099 2362 determinatus
1121 2327 1156 2361 in
1187 2326 1279 2372 lege,
1311 2335 1387 2362 erat
1409 2329 1443 2361 in
1471 2327 1694 2374 spiritualem

139 2378 440 2422 commutandu83
462 2387 500 2414 ut
515 2387 611 2427 patet
621 2379 794 2426 Joann.4.
810 2379 868 2414 ubi
884 2380 989 2415 dixit:
1019 2381 1236 2421 l'eniclhora,
1256 2381 1386 2427 quando
1408 2394 1507 2428 neque
1529 2383 1562 2416 in
1589 2387 1698 2417 nrontc

129 2432 202 2476 hoc,
223 2444 324 2480 neque
348 2433 383 2468 t'n
405 2433 645 2480 Hierosolymis
664 2433 848 2468 adorabitis
875 2434 1007 2470 Patrem
1019 2447 1031 2476 ,·
1053 2435 1104 2470 sed
1122 2436 1195 2470 vcra·
1213 2435 1402 2470 adoratores
1427 2435 1614 2470 adorabunt
1638 2436 1697 2470 Pa-

132 2491 214 2524 trem
240 2487 277 2522 in
295 2486 430 2535 spiritu,
451 2491 481 2522 ct
500 2487 649 2522 veritate.

203 2540 264 2576 AD
285 2549 475 2581 QUARTUM
496 2539 702 2582 dicendum,
723 2541 820 2588 quod
843 2552 972 2577 omnes
994 2554 1048 2577 res
1075 2542 1280 2577 mundanae
1305 2542 1347 2577 ad
1371 2543 1437 2578 tria
1465 2543 1695 2584 reducuntur,

130 2592 282 2630 scilicet:
305 2592 349 2629 ad
368 2593 517 2635 honores,
539 2593 687 2636 divitias,
703 2603 737 2629 et
751 2594 894 2638 delicias,
916 2596 1115 2631 secundum
1133 2596 1218 2631 illud
1240 2596 1380 2642 1.Joan.
1398 2606 1448 2630 2.:
1475 2597 1592 2638 Omne,
1612 2596 1698 2642 quod

131 2652 177 2684 est
195 2648 230 2683 in
248 2646 384 2691 mumio,
402 2648 662 2695 cortcupIsccntia
681 2650 790 2684 carni5
803 2654 858 2684 ese:
882 2650 978 2696 quod
1001 2650 1154 2696 pertinet
1176 2650 1218 2684 ad
1242 2649 1388 2684 delicias
1417 2649 1546 2691 carnis,
1564 2655 1593 2685 ct
1621 2661 1695 2685 con-

130 2701 332 2750 cupisceneia
350 2700 536 2741 oculorum,
559 2701 655 2748 quod
678 2702 830 2749 pertinet
853 2704 895 2737 ad
917 2703 1070 2745 divitias,
1086 2710 1114 2739 ct
1128 2705 1280 2751 superi-ia
1299 2705 1400 2745 rime,
1424 2704 1519 2750 quod
1544 2703 1697 2750 pertinet

132 2755 177 2791 ad
197 2754 374 2790 ambitum
392 2753 544 2802 gloriae,
566 2764 600 2790 et
622 2755 790 2790 honoris:
810 2756 989 2804 supe-fluas
1005 2765 1125 2792 autem
1145 2757 1263 2792 carnis
1285 2756 1431 2791 delicias
1455 2756 1510 2791 lex
1530 2768 1602 2791 non
1619 2767 1696 2804 pro·

132 2808 242 2851 misit,
259 2807 324 2846 sed
346 2806 464 2855 magis
484 2808 679 2856 prohibuit.
702 2808 922 2856 Repromisit
945 2819 1065 2848 autem
1088 2810 1339 2846 celsitudinem
1361 2810 1522 2852 lionoris,
1537 2819 1572 2846 et
1590 2810 1697 2845 abun-

132 2861 294 2898 dantiam
315 2861 536 2905 divitiarum,
557 2862 686 2898 dicitur
708 2863 804 2898 enim
828 2864 975 2900 Deuter.
998 2862 1070 2899 28.:
1099 2865 1134 2899 Si
1155 2865 1298 2899 ‹ntdieris
1324 2877 1434 2900 vorem
1464 2865 1604 2899 Domini
1631 2864 1698 2900 Des·

131 2916 192 2960 uei,
206 2915 313 2964 saciet
337 2919 367 2953 le
390 2915 596 2952 excelsiorem
618 2918 741 2952 cunctis
762 2919 922 2963 gentibus,
944 2926 1118 2965 quantum
1150 2918 1192 2953 ad
1217 2918 1392 2965 primum:
1415 2926 1450 2954 et
1479 2926 1559 2965 post
1581 2928 1694 2966 pauca
