1923 3198
577 165 798 203 QUAESTIO
832 165 876 195 11.
910 163 1154 195 ARTICULUS
1188 162 1216 192 1.
1289 166 1292 171 '
1617 159 1670 202 29

592 283 695 319 Circa
711 283 862 329 primum
883 285 1090 328 quaeruntur
1110 284 1192 314 octo.

181 357 318 393 Primo.
341 356 473 391 Utrum
494 354 681 390 beatitudo
704 353 877 388 consistat
897 353 933 387 in
955 351 1098 386 divitiis.

181 410 364 446 Secundo.
390 409 520 444 Utrum
542 409 578 443 in
600 407 812 442 honoribus.

182 463 320 499 Tertio.
345 463 477 498 Utrum
499 463 534 496 in
555 461 664 503 fama,
685 461 761 495 sive
783 461 819 494 in
841 459 969 506 gloria.

180 517 336 559 Quarto.
360 517 491 552 Utrum
514 516 550 550 in
573 523 762 562 potestate.

181 571 335 614 Quinto.
358 570 490 606 Utrum
511 569 548 604 in
570 569 692 615 aliquo
715 567 880 614 corporis
903 567 1012 601 bono.

180 624 302 661 Sexto.
326 624 458 660 Utrum
480 623 517 658 in
538 622 734 668 voluptate.

181 678 358 725 Septimo.
382 676 514 712 Utrum
535 676 571 710 in
591 675 714 722 aliquo
736 674 834 709 bono
857 673 1013 709 animae.

180 731 338 768 Octavo.
361 730 495 766 Utrum
515 729 551 764 in
571 728 692 776 aliquo
713 728 811 763 bono
834 735 967 762 creato.

681 867 1029 915 ARTICULUS
1063 868 1095 912 Ι.
1293 917 1296 920 ,
1655 887 1676 924 9

284 979 441 1012 UTRUM
468 979 724 1010 BEATITUDO
754 977 939 1008 nonanus
967 975 1213 1008 cons1srAT
1241 976 1285 1006 IN
1311 973 1504 1005 mvrrns.

373 1068 466 1114 (Lib.
478 1079 506 1115 3.
523 1066 641 1103 Contr.
654 1078 684 1113 g.
700 1072 773 1114 cap.
785 1078 836 1113 3⁰·
851 1071 880 1101 et
894 1072 1000 1112 opusc.
1016 1077 1047 1101 2.
1062 1070 1133 1111 cap.
1150 1064 1222 1100 108.
1238 1063 1316 1099 262.
1335 1062 1415 1107 264.

107 1127 139 1159 et
161 1127 269 1171 opusc.
286 1133 343 1158 20.
361 1122 417 1157 lib.
439 1134 466 1157 1.
486 1126 558 1167 cap.
576 1121 608 1156 8.
627 1126 655 1156 et
676 1120 796 1155 Mam).
811 1131 839 1166 5.
867 1131 950 1155 com.
967 1131 994 1166 3.
1017 1130 1050 1164 4.
1072 1123 1100 1154 et
1122 1130 1150 1165 5.
1178 1123 1206 1153 et
1226 1130 1253 1153 1.
1274 1117 1331 1152 lib.
1355 1116 1432 1152 ΕΗ).
1455 1116 1523 1151 lect.
1542 1127 1570 1161 5.
1584 1114 1678 1162 fin).

180 1211 242 1249 ΑΙ)
262 1221 413 1248 Plutum
434 1210 485 1246 sic
512 1209 730 1257 proceditur.
758 1208 921 1251 Videtur,
948 1208 1045 1255 quod
1074 1206 1262 1243 beatitudo
1295 1205 1456 1241 hominis
1486 1205 1522 1239 in
1549 1203 1681 1239 divitiis

110 1264 304 1305 consistat:
324 1275 411 1301 cum
432 1263 530 1299 enim
551 1262 736 1298 beatitudo
759 1262 803 1297 sit
825 1261 974 1296 ultimus
996 1260 1076 1296 finis
1095 1260 1268 1302 hominis,
1283 1260 1318 1294 in
1333 1270 1377 1294 eo
1393 1258 1568 1300 consistit,
1582 1257 1680 1304 quod

110 1319 269 1355 maxime
298 1319 335 1354 in
361 1317 523 1353 hominis
553 1315 686 1352 affectu
711 1315 939 1350 dominatur:
967 1314 1177 1360 hujusmodi
1204 1321 1326 1348 autem
1355 1320 1438 1347 sunt
1463 1311 1606 1359 proprie
1633 1311 1682 1345 di-

110 1371 239 1408 vitiae:
261 1371 392 1407 dicitur
414 1370 512 1406 enim
530 1368 629 1405 Eccl.
656 1379 720 1405 10.:
742 1369 906 1405 Pecuniae
924 1368 1077 1404 obediant
1097 1369 1236 1408 omnia,-
1261 1377 1349 1413 ergo
1368 1366 1403 1400 in
1424 1365 1555 1400 divitiis
1574 1365 1683 1400 beati-

111 1425 200 1462 tudo
219 1425 382 1462 hominis
402 1423 578 1460 consistit.

182 1489 214 1515 2.
236 1479 474 1516 Pastinum.
497 1476 709 1512 Secundum
731 1477 834 1512 Boet.
857 1477 892 1511 in
919 1487 947 1523 3.
970 1476 1014 1511 de
1037 1474 1190 1511 Consol.
1214 1474 1315 1521 (pros.
1334 1474 1397 1518 2.),
1420 1471 1605 1507 beatitudo
1627 1479 1681 1506 est

111 1541 225 1571 status
245 1532 415 1568 omnium
434 1532 617 1567 bonorum
640 1530 902 1577 aggregatione
924 1529 1124 1576 perfectus:
1146 1528 1209 1564 sed
1231 1528 1267 1562 in
1285 1527 1448 1574 pecuniis
1464 1526 1586 1561 omnia
1603 1536 1683 1571 pos-

109 1587 217 1624 sideri
237 1586 422 1623 videntur:
449 1585 545 1633 quia,
566 1593 605 1620 ut
625 1584 719 1620 Phil.
742 1584 831 1619 dicit
850 1585 887 1618 in
912 1595 940 1629 5.
966 1583 1047 1618 Eth.
1070 1583 1162 1630 (cap.
1182 1594 1210 1628 5.
1232 1587 1263 1617 ει
1284 1594 1311 1617 r.
1334 1581 1432 1616 Polit.
1454 1587 1527 1627 cap.
1549 1580 1613 1625 6.),
1637 1579 1680 1614 ad

106 1641 180 1678 hoc
200 1651 374 1679 nummus
394 1647 448 1675 est
467 1639 647 1681 inventus,
662 1647 699 1673 ut
713 1638 757 1672 sit
769 1637 873 1684 quasi
887 1637 1076 1683 fidejussor
1090 1636 1246 1671 habendi
1264 1646 1329 1683 pro
1348 1645 1405 1677 eo,
1423 1634 1680 1681 quodcumque

107 1695 224 1732 homo
243 1693 416 1736 voluerit3
438 1704 527 1740 ergo
548 1693 585 1728 in
607 1692 739 1727 divitiis
760 1691 946 1727 beatitudo
969 1690 1144 1726 consistit.

181 1760 212 1796 3.
231 1747 470 1784 PRAETEREA.
491 1745 723 1782 Desiderium
745 1745 879 1780 summi
901 1745 999 1787 boni,
1022 1755 1107 1779 cum
1128 1754 1330 1790 numquam
1353 1741 1508 1783 deficiat,
1538 1741 1680 1776 videtur

107 1813 186 1839 esse
206 1801 406 1838 infinitum:
429 1801 491 1836 sed
512 1800 584 1835 hoc
606 1799 765 1834 maxime
788 1799 823 1833 in
845 1798 977 1833 divitiis
999 1798 1197 1840 invenitur3
1219 1797 1303 1843 quia
1325 1808 1451 1831 avarus
1472 1807 1537 1830 non
1566 1795 1680 1842 imple-

107 1857 199 1894 bitur
213 1857 369 1904 pecunia,
392 1862 431 1890 ut
451 1854 580 1890 dicitur
601 1853 699 1888 Eccl.
727 1864 768 1899 5.;
791 1863 878 1899 ergo
900 1852 936 1886 in
959 1852 1091 1886 divitiis
1111 1851 1298 1886 beatitudo
1321 1849 1495 1885 consistit.

179 1909 256 1947 SED
277 1919 445 1946 coum.
468 1908 612 1943 Bonum
634 1906 795 1942 hominis
816 1906 851 1941 in
876 1905 1065 1941 retinendo
1087 1904 1348 1940 beatitudinem
1370 1903 1488 1950 magis
1507 1902 1682 1944 consistit,

107 1974 219 2012 quam
238 1963 276 1998 in
297 1961 497 1999 emittendo
518 1961 652 2009 ipsam:
675 1960 750 2003 sed,
771 1960 865 1995 sicut
887 1960 988 1994 Boet.
1011 1959 1046 1994 in
1070 1969 1101 1994 2.
1121 1959 1165 1994 de
1181 1957 1334 1993 Consol.
1350 1958 1504 2004 (prosa5.
1520 1957 1681 2003 τίν-(ψη)

107 2017 214 2053 dicit:
236 2017 391 2052 Divitiae
411 2015 602 2062 effundendo
625 2016 742 2061 magis,
762 2026 863 2061 quam
885 2012 1113 2049 conservando
1135 2013 1248 2047 melius
1270 2013 1389 2047 nitent:
1411 2010 1570 2057 siquidem
1593 2021 1682 2044 uva-

107 2072 189 2107 ritia
207 2076 333 2118 semper
353 2069 488 2113 odiosos,
511 2069 617 2104 claros
630 2069 719 2115 jacit
740 2068 896 2114 largitam
914 2079 1001 2114 ergo
1018 2067 1052 2101 in
1069 2066 1200 2101 divitiis
1214 2065 1400 2100 beatitudo
1416 2076 1490 2099 non
1506 2063 1681 2098 consistit.

179 2124 384 2160 Praeterea.
406 2123 500 2170 (Hoc
521 2127 754 2169 argumentum
778 2123 811 2156 in
829 2122 982 2168 pluribus
1000 2121 1166 2156 codicibus
1186 2125 1214 2155 ct
1234 2119 1430 2154 editi0nil‘us
1458 2118 1567 2163 deest).
1599 2118 1685 2152 Bea-

106 2179 224 2217 titudo
245 2178 352 2214 debet
371 2189 449 2213 esse
471 2176 673 2224 perfectum
695 2176 845 2219 bonurn,
870 2185 904 2211 et
925 2174 1109 2211 sufficiens
1132 2174 1175 2209 ad
1198 2174 1359 2209 hominis
1381 2173 1600 2208 desiderium
1629 2183 1684 2207 sa-

107 2232 283 2278 tiandum,
303 2231 362 2267 vel
383 2231 427 2267 ad
449 2231 544 2266 iuius
566 2230 805 2277 indigentiam
828 2229 1107 2272 removendan1;
1131 2236 1165 2264 et
1183 2229 1232 2263 ita
1250 2227 1409 2270 firmum,
1429 2238 1469 2262 ac
1488 2225 1626 2268 stabile,
1646 2233 1683 2260 ut

107 2298 176 2323 nec
197 2285 330 2323 auferri
349 2285 475 2334 possit,
495 2296 564 2320 nec
586 2284 721 2320 amitti:
744 2284 819 2327 sed,
841 2284 934 2319 sicut
948 2295 1091 2318 rursum
1108 2282 1256 2318 Boetius
1271 2282 1358 2316 dicit
1372 2282 1407 2316 in
1427 2293 1455 2326 3.
1470 2281 1514 2315 de
1529 2279 1682 2315 Consol.

110 2340 227 2390 (prosa
242 2341 302 2389 3.)‚
325 2339 417 2375 inter
438 2338 766 2374 abundantissimas
787 2349 875 2385 opes
897 2337 1017 2384 aliqua
1044 2348 1188 2383 semper
1221 2335 1409 2370 confundit
1441 2335 1604 2370 animum
1627 2345 1686 2368 an·

62 2405 67 2409 ·
108 2394 235 2440 xietas,
255 2401 291 2430 et
309 2393 407 2442 quod
429 2393 557 2428 absens
579 2400 644 2436 est,
667 2392 908 2427 desideratur:
932 2391 993 2438 qui
1015 2390 1195 2425 desiderat
1215 2398 1351 2432 autem,
1374 2396 1475 2435 eget;
1509 2387 1570 2434 qui
1597 2398 1684 2422 vero

110 2455 205 2496 eget,
224 2459 300 2484 non
326 2458 585 2495 usquequaque
606 2446 673 2481 sibi
694 2444 876 2481 sufficiens
898 2454 970 2488 est;
993 2456 1034 2479 ac
1057 2444 1208 2491 proinde
1227 2443 1344 2478 nihilo
1363 2443 1599 2489 indigentem,
1618 2439 1686 2475 suf-

109 2501 365 2550 ficientemque
386 2501 454 2552 sibi
474 2500 594 2536 facere
615 2508 801 2547 nequeunt
823 2511 931 2547 opes;
953 2507 1176 2546 possuntque
1200 2500 1297 2545 ipsae
1320 2496 1378 2531 vel
1401 2497 1519 2531 invitis
1543 2494 1684 2537 auferri,

109 2554 170 2593 vel
182 2555 325 2600 Ἰιιιιίῐῐὴ
346 2566 388 2591 ac
409 2562 602 2603 propterea
624 2554 804 2601 praesidio
827 2554 1001 2601 indigent,
1016 2562 1054 2588 ut
1072 2560 1277 2595 serventur;
1296 2563 1383 2598 ergo
1402 2551 1438 2586 in
1457 2550 1589 2585 divitiis
1607 2549 1687 2584 bea-

108 2608 226 2647 titudo
247 2609 445 2646 consistere
466 2608 537 2643 dici
557 2619 632 2643 non
653 2616 783 2655 potest.

180 2662 415 2701 Rmonnno
433 2661 641 2705 dicendum,
663 2662 760 2709 quod
781 2661 1006 2709 impossibile
1028 2669 1093 2703 est,
1115 2659 1376 2695 beatitudinem
1399 2657 1559 2693 hominis
1580 2657 1616 2691 in
1638 2656 1687 2692 di·

110 2716 207 2754 visus
227 2717 446 2753 consistere:
469 2723 552 2752 sunt
573 2716 671 2751 enim
691 2715 833 2763 duplices
855 2715 1013 2758 divitiae,
1043 2723 1080 2750 ut
1112 2714 1250 2749 Philos.
1285 2713 1371 2748 dicit
1404 2713 1439 2747 in
1479 2723 1506 2747 1.
1542 2710 1684 2746 Politic.

111 2770 201 2821 (cap.
218 2770 283 2819 6.),
301 2769 441 2807 scilicet
460 2770 640 2813 naturales,
659 2778 694 2805 et
714 2769 915 2814 artificiales.
932 2769 1112 2805 Naturales
1127 2769 1272 2815 quidem
1287 2767 1433 2802 divitiae
1448 2774 1541 2807 sunt,
1555 2765 1683 2812 quibus

111 2823 255 2863 homini
273 2823 484 2862 subvenitur
504 2823 549 2860 ad
570 2822 732 2860 defectus
753 2822 934 2859 naturales
956 2822 1158 2858 tollendos:
1181 2822 1272 2856 sicut
1294 2821 1407 2863 cibus,
1430 2828 1464 2855 et
1486 2827 1604 2866 potus,
1625 2830 1685 2853 vc-

67 2908 70 2915 .
111 2877 293 2925 stimma,
312 2876 495 2922 vehicula,
515 2885 551 2914 et
572 2876 791 2920 habitacula,
812 2885 847 2913 et
869 2876 938 2913 alia
961 2876 1182 2923 hujusmodi.
1205 2874 1363 2910 Divitiae
1385 2873 1574 2921 artificiales
1590 2880 1685 2914 sunt,
