1955 3182
272 192 328 234 94
724 190 945 225 QUAESTIO
979 189 1037 219 IX.
1065 189 1310 220 ARTICULUS
1344 190 1388 220 11.

269 272 331 306 sed
349 271 550 318 principatu
569 270 693 316 regali,
711 282 773 305 seu
788 270 937 318 politico
950 284 958 314 3
973 271 1064 305 sicut
1077 271 1181 305 liberi
1197 271 1366 306 homines
1381 279 1554 317 reguntur
1568 283 1587 305 a
1603 271 1836 317 gubernante,

271 325 330 371 qui
351 333 473 360 tamen
495 333 646 371 possunt
668 333 793 359 contra
816 336 975 359 movere.
996 324 1102 359 Unde
1121 333 1155 359 et
1172 324 1373 367 irascibilis,
1393 333 1427 359 et
1446 324 1738 371 concupiscibilis
1759 336 1838 371 pos-

269 387 351 413 sunt
372 380 407 413 in
438 379 659 413 contrarium
689 390 837 413 movere
867 378 1112 414 voluntatem:
1143 387 1178 413 et
1205 379 1256 414 sic
1286 378 1377 413 nihil
1403 379 1581 425 prohibet,
1609 378 1835 413 voluntatem

271 432 464 479 aliquando
488 433 529 467 ab
553 433 602 467 eis
625 432 776 466 moveri.

822 571 1169 616 ARTICULUS
1198 571 1277 615 ΠΙ.
1795 584 1836 629 58

634 681 789 711 UTRUM
814 682 1049 713 VOLUNTAS
1077 682 1259 712 MOVEAT
1288 682 1480 711 SEIPSAM.

472 769 581 814 (Veri.
606 781 634 815 q.
657 781 710 804 22.
734 774 797 804 art.
821 782 853 817 9.
877 776 966 817 corp.
989 775 1017 805 et
1038 770 1080 804 ad
1100 783 1129 806 Ι.
1151 776 1181 805 et
1201 771 1285 805 Mal.
1308 782 1338 816 q.
1357 782 1386 817 3.
1409 774 1474 804 art.
1491 781 1521 816 3.
1543 775 1632 816 corp.

832 829 861 859 et
882 836 911 870 q.
935 823 968 859 6.
991 831 1080 871 corp.
1103 829 1131 858 et
1153 824 1195 858 ad
1215 824 1278 869 4.).

339 912 400 946 AD
423 922 594 947 TERTIUM
612 911 662 946 sic
682 912 899 959 proceditur.
918 912 1081 955 Videtur,
1101 913 1198 959 quod
1217 912 1386 947 voluntas
1403 923 1477 946 non
1496 919 1645 946 moveat
1665 911 1838 958 seipsam:

269 977 378 1000 omne
398 966 494 1000 enirn
513 977 676 1008 movens,
696 966 911 1013 inquantum
928 967 1151 1012 hujusmodi,
1171 974 1224 1001 est
1241 967 1277 1001 in
1297 974 1397 1001 actu:
1413 965 1510 1013 quod
1526 973 1648 1000 autem
1661 973 1840 1008 movetur,

270 1028 323 1054 est
343 1020 378 1053 in
401 1019 580 1066 potentia:
603 1031 689 1054 nam
712 1028 834 1055 motus
857 1028 909 1055 est
931 1028 1031 1055 actus
1054 1020 1236 1055 existentis
1251 1020 1286 1054 in
1302 1021 1474 1067 potentia,
1490 1020 1704 1066 inquantum
1721 1019 1842 1065 hujus-

268 1073 385 1108 modi:
409 1073 469 1108 sed
492 1085 567 1107 non
589 1082 643 1108 est
662 1074 761 1108 idem
782 1074 818 1108 in
841 1074 1014 1121 potentia,
1033 1082 1066 1108 et
1089 1074 1124 1108 in
1144 1082 1226 1109 actu
1247 1082 1413 1121 respectu
1437 1074 1618 1120 ejusdem3
1641 1084 1728 1120 ergo
1749 1072 1841 1108 nihil

268 1134 392 1161 movet
412 1127 582 1173 seipsum,
604 1139 721 1174 neque
744 1139 830 1174 ergo
853 1127 1020 1162 voluntas
1045 1128 1203 1175 seipsam
1224 1139 1372 1163 movere
1393 1135 1522 1175 potest.

340 1191 370 1215 2.
393 1180 630 1215 PRAETEREA.
658 1181 795 1216 Mobile
822 1190 990 1227 movetur
1017 1182 1059 1215 ad
1087 1183 1330 1228 praesentiam
1357 1182 1554 1217 moventis:
1583 1181 1644 1216 sed
1671 1181 1840 1217 voluntas

268 1245 411 1280 semper
432 1234 499 1268 sibi
520 1242 573 1269 est
593 1246 781 1281 praesens3
801 1235 831 1270 si
849 1247 936 1281 ergo
956 1235 1112 1282 seipsam
1135 1244 1310 1278 moveret,
1326 1247 1472 1282 semper
1493 1243 1713 1278 moveretur,
1740 1235 1837 1282 quod

268 1296 366 1335 patet
388 1299 465 1322 esse
487 1287 630 1322 falsum.

344 1355 371 1389 3.
388 1343 624 1378 PRAETEREA.
640 1343 820 1378 Voluntas
836 1352 1003 1379 movetur
1018 1345 1060 1378 ab
1076 1344 1274 1387 intellectu,
1289 1352 1327 1379 ut
1341 1344 1476 1379 dictum
1494 1352 1548 1379 est
1563 1344 1837 1390 (art.1.huj.q.);

269 1397 297 1431 si
326 1396 434 1442 igitur
462 1397 630 1431 voluntas
664 1406 791 1432 movet
816 1398 984 1445 seipsam,
1011 1399 1183 1444 sequitur,
1214 1398 1310 1445 quod
1342 1398 1439 1432 idem
1465 1397 1574 1432 simul
1600 1405 1792 1432 moveatur
1822 1409 1840 1432 a

268 1450 408 1484 duobus
431 1451 631 1485 motoribus
653 1451 875 1495 immediate,
902 1452 999 1499 quod
1025 1452 1166 1487 videtur
1186 1452 1472 1494 inconveniens;
1498 1463 1574 1486 non
1596 1462 1684 1498 ergo
1711 1451 1840 1486 volun·
1890 1463 1894 1466 ·

268 1512 321 1539 tas
344 1513 468 1539 movet
489 1505 656 1552 seipsam.

340 1559 413 1593 SED
441 1570 596 1594 CONTRA
619 1567 682 1601 est,
705 1559 788 1605 quia
808 1558 976 1594 voluntas
999 1559 1149 1594 domina
1171 1568 1224 1594 est
1244 1559 1299 1594 'sui
1322 1567 1434 1602 actus,
1457 1567 1491 1594 et
1511 1559 1548 1594 in
1568 1559 1646 1606 ipsa
1664 1567 1718 1594 est
1730 1558 1836 1602 velle,

268 1620 303 1647 et
324 1624 397 1647 non
419 1613 523 1655 velle,
547 1613 643 1659 quod
665 1624 739 1647 non
763 1621 866 1656 esset,
889 1614 918 1648 si
939 1625 1014 1648 non
1035 1613 1185 1648 haberet
1198 1613 1234 1648 in
1249 1621 1428 1660 potestate
1450 1624 1600 1648 movere
1623 1613 1780 1659 seipsam
1796 1613 1839 1647 ad

266 1666 484 1709 volendum,
508 1678 594 1713 ergo
617 1667 693 1712 ipsa
716 1675 840 1701 movet
862 1667 1028 1714 seipsam.

337 1721 566 1756 RESPONDEO
591 1721 796 1764 dicendum,
826 1722 934 1768 quod,
963 1723 1055 1756 sicut
1081 1733 1188 1768 supra
1215 1721 1352 1756 dictum
1379 1730 1433 1756 est
1460 1721 1539 1766 (art.
1562 1734 1589 1757 1.
1613 1722 1682 1768 huj.
1705 1722 1765 1768 q.)‚
1794 1721 1838 1756 ad

266 1775 493 1810 voluntatem
516 1776 669 1822 pertinet
684 1787 832 1810 movere
856 1775 943 1810 alias
965 1776 1144 1822 potentias
1167 1788 1210 1810 ex
1230 1776 1370 1810 ratione
1392 1775 1483 1818 finis,
1503 1775 1565 1822 qui
1578 1783 1632 1810 est
1644 1775 1841 1810 voluntatis

268 1830 470 1876 objectum:
494 1830 567 1872 sed,
595 1830 687 1864 sicut
715 1830 853 1864 dictum
881 1838 933 1864 est
961 1829 1007 1876 (¹]·
1022 1836 1135 1876 praec.
1158 1835 1221 1864 art.
1244 1829 1307 1875 2.),
1330 1829 1402 1863 hoc
1425 1829 1538 1863 modo
1567 1840 1604 1864 se
1629 1829 1740 1864 habet
1761 1829 1840 1863 finis

267 1884 302 1918 in
326 1883 588 1930 appetibilibus,
617 1884 709 1918 sicut
735 1883 953 1930 principium
980 1883 1015 1917 in
1042 1883 1339 1930 intelligibilibus.
1362 1883 1598 1918 Manifestum
1625 1891 1679 1918 est
1705 1891 1839 1926 autem,

267 1938 363 1984 quod
386 1937 590 1972 intellectus
612 1949 674 1983 per
695 1938 767 1971 hoc
791 1937 887 1984 quod
911 1938 1102 1983 cognoscit
1121 1937 1350 1984 principium,
1371 1937 1511 1971 reducit
1532 1937 1691 1984 seipsum
1713 1937 1757 1971 de
1779 1949 1841 1984 po-

265 1991 376 2026 tentia
398 1991 434 2024 in
458 1999 591 2033 actum,
611 1999 786 2037 quantum
803 1991 845 2025 ad
862 1992 1112 2037 cognitionem
1136 1991 1433 2025 conclusionum:
1451 1998 1485 2026 et
1497 1991 1569 2026 hoc
1584 1991 1698 2025 modo
1713 1998 1839 2026 movet

267 2046 436 2092 seipsum.
460 2045 503 2080 Et
525 2046 688 2080 similiter
709 2045 878 2080 voluntas
905 2058 968 2092 per
993 2046 1065 2080 hoc
1093 2046 1191 2093 quod
1216 2045 1294 2081 vult
1319 2045 1442 2088 finem,
1464 2053 1590 2081 movet
1615 2046 1773 2093 seipsam
1795 2045 1839 2080 ad

267 2099 466 2134 volendum
489 2111 540 2141 ea,
564 2111 654 2146 quae
677 2108 759 2134 sunt
781 2100 824 2134 ad
847 2099 968 2134 finem.

339 2153 398 2187 AD
419 2164 569 2188 PRIMUM
591 2165 678 2199 ergo
701 2154 907 2196 dicendum,
935 2154 1031 2200 quod
1053 2153 1222 2188 voluntas
1249 2165 1324 2188 non
1351 2153 1551 2189 secundum
1579 2153 1677 2189 idem
1703 2161 1839 2196 movet,

269 2215 303 2242 et
324 2215 508 2242 movetur:
532 2207 625 2241 unde
652 2219 718 2242 nec
746 2208 947 2241 secundum
973 2208 1071 2242 idem
1099 2216 1153 2242 est
1178 2208 1214 2241 in
1242 2216 1336 2250 actu,
1365 2215 1400 2242 et
1425 2207 1461 2241 in
1488 2208 1672 2254 potentia:
1701 2207 1763 2242 sed
1790 2207 1842 2241 in—

268 2269 442 2307 quantum
466 2269 546 2295 actu
566 2260 643 2294 vult
664 2260 785 2303 finem,
808 2262 946 2296 reducit
972 2273 1009 2296 se
1036 2262 1079 2296 de
1107 2262 1269 2308 potentia
1295 2262 1332 2296 in
1361 2269 1483 2296 actum
1509 2270 1673 2308 respectu
1700 2273 1839 2304 eorum,

268 2326 358 2361 quae
381 2323 462 2349 sunt
481 2315 524 2348 ad
546 2314 667 2356 finem,
691 2323 728 2349 ut
749 2315 888 2349 scilicet
910 2323 991 2350 actu
1014 2327 1056 2350 ea
1078 2315 1174 2350 velit.

339 2369 398 2403 AD
421 2380 627 2403 SECUNDUM
650 2369 856 2411 dicendum,
879 2369 976 2415 quod
1003 2370 1164 2415 potentia
1191 2369 1389 2405 voluntatis
1424 2382 1567 2417 semper
1595 2378 1676 2405 actu
1699 2378 1753 2405 est
1773 2370 1840 2405 sibi
1884 2366 1892 2370 ’

267 2434 454 2469 praesens:
478 2422 539 2457 sed
562 2431 662 2456 actus
683 2423 891 2464 voluntatis,
916 2434 987 2469 quo
1010 2423 1086 2457 vult
1107 2423 1215 2458 finem
1240 2424 1450 2470 aliquando,
1471 2435 1546 2459 non
1568 2435 1712 2471 semper
1733 2432 1786 2458 est
1803 2424 1839 2458 in

267 2479 343 2524 ipsa
364 2477 570 2511 voluntate:
594 2488 656 2523 per
677 2477 773 2511 hunc
798 2485 918 2511 autem
942 2478 1094 2512 modum
1117 2486 1240 2513 movet
1261 2478 1438 2525 seipsam;
1458 2478 1552 2513 unde
1573 2489 1647 2513 non
1670 2479 1839 2525 sequitur,

266 2531 363 2577 quod
382 2542 525 2577 semper
547 2531 701 2577 seipsam
726 2539 883 2565 moveat.

338 2585 397 2618 An
425 2594 596 2619 TERTIUM
624 2584 830 2626 dicendum,
864 2584 961 2630 quod
988 2596 1062 2619 non
1097 2585 1228 2620 eodem
1262 2586 1375 2620 modo
1403 2586 1573 2621 voluntas
1600 2594 1769 2621 movetur
1796 2586 1837 2620 ab

268 2638 466 2681 intellectu,
495 2646 528 2672 et
555 2650 574 2673 a
601 2639 735 2684 seipsa:
762 2638 823 2672 sed
851 2638 893 2672 ab
921 2638 1105 2673 intellectu
1137 2640 1283 2685 quidem
1310 2648 1480 2674 movetur
1507 2640 1708 2675 secundum
1735 2639 1839 2674 ratio-

267 2704 351 2727 nem
378 2692 528 2738 objecti3
552 2704 570 2726 a
593 2692 709 2738 seipsa
731 2703 830 2734 vero,
857 2701 1032 2738 quantum
1061 2693 1103 2726 ad
1132 2693 1343 2728 exercitium
1372 2702 1484 2736 actus,
1507 2693 1705 2728 secundum
1734 2693 1838 2728 ratio-

268 2757 352 2781 nem
375 2746 464 2781 finis.

1900 3063 1924 3182 hbeo<
