1907 3198
541 177 761 214 QUAESTIO
794 177 852 208 lx,
886 177 1132 208 ARTICULUS
1167 177 1223 207 lv,
1609 179 1660 222 95

641 349 989 401 ARTICULUS
1025 349 1101 392 1v.
1623 370 1663 406 59

121 459 277 492 UTRUM
308 459 543 491 VOLUNTAS
575 459 816 490 MOVEATUR
848 459 902 488 AB
933 459 1104 495 ALIQUO
1132 457 1369 489 EXTERIORI
1396 457 1635 489 PRINCIPIO.

188 547 292 595 (Insr.
314 560 345 594 q.
368 559 416 595 17.
439 552 503 583 art.
522 559 551 594 5.
572 546 615 582 ad
635 559 665 583 2.
684 551 712 582 ct
726 558 756 593 q.
771 547 827 582 80.
849 551 912 581 art.
936 558 963 582 1.
986 552 1078 594 corp.
1100 551 1128 581 et
1143 551 1237 593 part.
1258 558 1286 581 ι.
1309 558 1338 592 q.
1361 557 1426 591 125.
1447 551 1513 581 art.
1535 557 1568 590 4.

29 630 30 633 η
90 606 121 639 εἰ
140 613 173 650 q.
193 602 270 638 106.
292 607 358 638 art.
377 613 408 638 2.
431 609 523 649 corp.
543 607 571 637 ct
591 613 622 648 q.
643 614 708 637 111.
730 606 794 636 art.
817 613 848 636 2.
871 607 963 648 corp.
990 606 1018 635 εἰ
1044 601 1100 635 lilv.
1115 612 1144 647 3.
1162 601 1277 636 Contr.
1303 611 1333 646 g.
1356 607 1428 648 cap.
1451 600 1506 636 88.
1528 605 1556 635 et
1577 600 1664 646 89).

162 691 224 727 AD
253 702 444 732 QUARTUM
472 691 522 727 sic
549 691 764 739 proceditur.
791 689 954 732 Videtur,
981 689 1079 736 quod
1107 689 1274 724 voluntas
1300 700 1375 724 non
1402 697 1594 724 moveatur
1621 689 1663 724 ab

92 744 216 794 aliquo
237 746 426 782 exteriori:
448 754 570 781 motus
596 745 694 781 enim
714 744 912 779 voluntatis
939 751 992 779 est
1018 743 1262 778 voluntarius:
1285 743 1348 778 sed
1374 743 1417 778 de
1444 743 1584 778 ratione
1605 754 1666 777 vo-

91 798 237 836 luntarii
258 806 322 842 est,
344 799 442 847 quod
465 799 509 834 sit
531 811 550 834 a
571 798 748 846 principio
770 798 978 840 intrinseco,
997 797 1090 833 sicut
1107 805 1141 832 et
1159 797 1204 832 de
1221 797 1362 832 ratione
1379 797 1571 840 naturalis;
1589 808 1664 832 non

32 798 60 905 ,ἦ
92 864 183 901 ergo
204 862 327 889 motus
347 853 544 888 voluntatis
566 861 620 888 est
641 853 683 888 ab
707 852 828 899 aliquo
850 851 1064 887 extrinseco.

165 917 197 943 2.
218 907 455 944 PRAETEREA.
470 906 650 942 Voluntas
662 905 876 942 violentiam
898 907 970 953 pati
984 917 1058 940 non
1073 913 1202 953 potest,
1217 914 1257 941 ut
1277 917 1384 953 supra
1405 913 1591 940 ostensum
1611 913 1666 940 est

93 961 141 1010 (q.
162 962 196 998 6.
217 966 282 998 art.
303 962 374 1007 4.).·
397 961 459 997 sed
481 960 682 996 violentum
704 968 768 1002 est,
795 961 896 1006 cujus
922 959 1140 1007 principium
1166 968 1219 995 est
1244 968 1360 1003 extra3
1383 970 1470 1006 ergo
1496 959 1666 994 voluntas

91 1026 168 1051 non
188 1023 308 1063 potest
329 1015 372 1050 ab
393 1014 516 1062 aliquo
538 1014 706 1050 exteriori
727 1014 878 1049 moveri.

167 1079 197 1116 3.
219 1068 456 1104 PRAETEREA.
485 1068 596 1110 Quod
627 1067 846 1103 sufficienter
872 1075 1040 1102 movetur
1066 1067 1108 1102 ab
1139 1078 1213 1102 uno
1240 1076 1398 1110 motore‚
1425 1079 1499 1102 non
1526 1068 1666 1115 indiget

92 1122 234 1158 moveri
255 1121 298 1158 ab
319 1121 409 1158 alio:
431 1121 494 1157 sed
514 1120 683 1157 voluntas
704 1121 923 1157 sufficienter
945 1130 1070 1157 movet
1095 1121 1272 1169 seipsam3
1290 1133 1365 1157 non
1388 1133 1476 1169 ergo
1497 1130 1666 1158 movetur

94 1175 140 1212 ab
159 1175 283 1224 aliquo
302 1175 483 1211 exteriori.

164 1228 241 1266 SED
261 1229 429 1265 coum.
451 1228 632 1264 Voluntas
652 1237 821 1264 movetur
842 1229 885 1264 ab
907 1229 1064 1276 objecto,
1085 1237 1124 1265 ut
1145 1230 1283 1265 dictum
1302 1238 1356 1265 est
1371 1230 1450 1275 (art.
1466 1243 1494 1267 t.
1509 1231 1579 1278 huj.
1594 1231 1665 1278 q.).·

93 1281 159 1320 ”i
177 1281 361 1330 obiectum
375 1281 573 1318 voluntatis
599 1290 719 1330 potest
740 1293 818 1318 esse
838 1283 958 1330 aliqua
977 1283 1132 1318 exterior
1149 1295 1206 1319 res
1221 1284 1341 1319 sensui
1356 1285 1562 1332 proposita3
1577 1295 1665 1332 ergo

90 1333 260 1372 Voluntas
280 1344 400 1383 potest
420 1336 463 1371 ab
485 1336 609 1383 aliquo
631 1336 803 1371 exteriori
823 1337 974 1371 moveri.

161 1388 393 1426 RESPONDEO
407 1390 615 1433 dicendum,
630 1390 727 1437 quod
743 1390 944 1426 secundum
960 1391 1058 1437 quod
1072 1390 1241 1426 voluntas
1261 1399 1430 1427 movetur
1446 1392 1488 1426 ab
1508 1393 1665 1439 objecto,

89 1442 322 1480 manifestum
343 1451 408 1487 est,
429 1444 528 1491 quod
549 1443 689 1479 moveri
710 1452 830 1491 potest
851 1444 894 1479 ab
917 1444 1039 1492 aliquo
1061 1445 1250 1480 exteriori:
1277 1445 1339 1480 sed
1362 1457 1406 1481 eo
1434 1446 1560 1488 modo,
1591 1457 1664 1493 quo

62 1539 72 1550 ¹
89 1505 260 1534 movetur
279 1505 455 1546 quantum
473 1498 518 1533 ad
537 1498 748 1534 exercitium
771 1506 884 1541 actus,
903 1498 1022 1533 adhuc
1044 1510 1194 1534 necesse
1212 1507 1266 1535 est
1283 1511 1419 1547 ponere
1436 1500 1665 1535 voluntatem
1705 1540 1708 1543 ¹

56 1576 57 1579 =
90 1551 136 1588 ab
156 1551 280 1600 aliquo
299 1552 478 1600 principio
500 1553 669 1588 exteriori
690 1553 842 1588 moveri.
859 1552 984 1589 Omne
1005 1553 1116 1596 enim,
1132 1554 1229 1601 quod
1252 1554 1471 1602 quandoque
1487 1563 1540 1590 est
1553 1566 1664 1602 agens

42 1605 46 1617 ⁸
87 1604 127 1642 in
147 1613 242 1652 actu,
262 1614 299 1643 et
322 1607 541 1656 quandoque
562 1607 599 1642 in
619 1607 794 1654 potentia,
815 1607 954 1655 indiget
972 1608 1114 1643 moveri
1133 1608 1175 1643 ab
1197 1608 1320 1656 aliquo
1342 1617 1531 1651 movente;
1553 1610 1667 1644 mani-

44 1679 49 1682 «
87 1657 222 1696 festum
255 1668 310 1697 est
329 1669 464 1704 autem,
489 1661 587 1709 quod
612 1661 782 1697 voluntas
808 1662 936 1709 incipit
956 1662 1050 1697 velle
1078 1662 1224 1709 aliquid,
1252 1674 1336 1697 cum
1363 1663 1435 1698 hoc
1462 1663 1560 1710 prius
1589 1675 1663 1699 non

25 1718 57 1770 ,χι
87 1713 216 1759 vellen
235 1726 385 1751 necesse
406 1723 461 1752 est
481 1726 581 1763 ergo,
602 1716 700 1763 quod
723 1716 766 1751 ab
790 1716 911 1764 aliquo
927 1725 1119 1752 moveatur
1141 1717 1184 1752 ad
1202 1717 1422 1752 volendum:
1445 1726 1481 1754 et
1501 1718 1663 1766 quidem,

87 1767 182 1804 sicut
201 1769 340 1805 dictum
361 1777 415 1806 est
433 1769 513 1815 (art.
535 1771 682 1818 praec),
706 1770 783 1818 ipsa
804 1779 929 1806 movet
954 1771 1124 1819 seipsam,
1151 1772 1367 1819 inquantum
1388 1784 1451 1820 per
1472 1773 1544 1807 hoc
1566 1772 1664 1820 quod

86 1822 166 1859 vult
183 1821 307 1867 finem,
327 1823 469 1860 reducit
488 1824 645 1872 seipsam
668 1824 712 1859 ad
730 1824 931 1860 volendum
953 1836 996 1860 ea
1018 1836 1110 1872 quae
1132 1834 1216 1861 sunt
1237 1826 1281 1861 ad
1303 1826 1430 1862 finem:
1450 1827 1522 1862 hoc
1543 1835 1664 1862 autem

86 1889 163 1915 non
183 1882 305 1927 potest
325 1876 457 1922 facere,
479 1878 548 1913 nisi
570 1878 725 1914 consilio
747 1879 946 1914 mediante:
971 1891 1055 1914 cum
1082 1880 1180 1915 enim
1211 1880 1340 1928 aliquis
1366 1880 1444 1916 vult
1464 1881 1593 1924 sanari,
1616 1882 1666 1916 in·

64 1963 70 1970 .
88 1931 176 1981 cipit
192 1931 366 1980 cogitare,
384 1932 575 1980 quomodo
592 1932 664 1968 hoc
684 1935 858 1980 consequi
877 1933 1009 1980 possit;
1031 1942 1066 1968 et
1087 1946 1150 1981 per
1170 1934 1282 1970 talem
1305 1935 1568 1981 cogitationem
1589 1947 1666 1983 per-

87 1985 188 2023 venit
207 1985 252 2021 ad
281 1985 368 2030 hoc,
395 1985 494 2034 quod
522 1994 642 2034 potest
675 1987 794 2022 sanari
821 1999 883 2034 per
909 1987 1106 2030 medicum,
1129 1996 1164 2023 et
1184 1988 1256 2023 hoc
1278 1988 1371 2032 vult3
1394 1989 1455 2024 sed
1484 1989 1568 2036 quia
1588 2001 1663 2024 non

89 2050 234 2089 semper
247 2040 439 2076 sanitatem
455 2048 537 2076 actu
551 2040 679 2084 voluit,
690 2052 839 2076 necesse
854 2050 918 2084 est,
933 2042 1030 2088 quod
1045 2042 1219 2089 inceperit
1236 2042 1331 2078 velle
1349 2043 1467 2078 sanari
1481 2044 1524 2078 ab
1541 2043 1663 2091 aliquo

88 2102 272 2131 movente.
293 2093 340 2130 Et
359 2093 389 2130 si
409 2094 558 2142 quidem
573 2094 651 2142 ipsa
672 2104 839 2131 moveret
856 2096 1012 2143 seipsam
1029 2096 1072 2131 ad
1090 2096 1301 2139 volendum,
1316 2097 1545 2145 oportuisset,
1565 2098 1663 2145 quod

56 2176 57 2179 η
89 2148 272 2185 mediante
292 2147 447 2184 consilio
469 2148 541 2184 hoc
563 2157 687 2195 ageret
709 2161 751 2184 ex
770 2149 891 2196 aliqua
912 2150 1100 2186 voluntate
1122 2153 1419 2198 praesupposita:
1441 2163 1516 2187 non
1539 2161 1662 2188 autem

55 2247 57 2250 Α
90 2209 146 2239 est
164 2201 228 2250 [al.
250 2202 310 2238 boc
330 2206 441 2238 autem
462 2215 529 2238 non
549 2203 608 2249 est]
631 2204 829 2250 procedere
856 2205 891 2239 in
921 2203 1121 2240 infinitum:
1143 2205 1238 2240 unde
1259 2217 1410 2241 necesse
1437 2215 1491 2242 est
1511 2218 1660 2254 ponere,

89 2255 187 2305 quod
200 2256 238 2292 in
256 2256 416 2304 primum
430 2265 574 2292 motum
587 2257 786 2292 voluntatis
799 2257 968 2293 voluntas
988 2258 1140 2306 prodeat
1154 2270 1196 2294 ex
1211 2259 1381 2295 instinctu
1405 2259 1555 2307 alicujus
1570 2269 1664 2297 exte-

87 2309 193 2346 rioris
220 2310 415 2354 moventis,
444 2318 483 2346 ut
513 2311 728 2346 Aristoteles
763 2311 948 2347 concludit
968 2312 1003 2347 in
1035 2313 1196 2360 quodam
1224 2325 1301 2361 cap.
1332 2313 1413 2349 Eth.
1441 2314 1662 2350 Eudemicae

85 2362 181 2414 (cap.
202 2365 254 2401 18.
276 2365 338 2400 cir.
353 2366 497 2412 princ).

88 2426 92 2439 ¹
158 2418 221 2454 AD
240 2428 391 2454 PRIMUM
412 2429 500 2466 ergo
523 2419 728 2463 dicendum,
754 2420 852 2467 quod
874 2420 918 2456 de
940 2420 1079 2456 ratione
1101 2420 1297 2456 voluntarii
1324 2431 1389 2465 est,
1412 2423 1508 2470 quod
1536 2423 1665 2470 princi·

86 2467 190 2521 pium
211 2473 288 2519 ejus
309 2472 354 2508 sit
380 2472 491 2508 intra:
514 2473 576 2508 sed
603 2485 677 2508 non
704 2482 860 2521 oportet,
887 2475 983 2521 quod
1011 2475 1082 2509 hoc
1110 2475 1327 2522 principium
1354 2477 1590 2512 intrinsecum
1619 2477 1663 2512 sit

73 2525 247 2576 ‹primum
267 2526 486 2574 principium
507 2538 582 2562 non
605 2535 747 2563 motum
763 2528 805 2563 ab
825 2528 916 2571 ali03
939 2529 1033 2564 unde
1052 2538 1174 2564 motus
1188 2529 1426 2574 voluntarius,
1449 2531 1513 2565 etsi
1531 2531 1664 2566 habeat

75 2571 307 2628 'principium
328 2581 536 2628 proximum
558 2581 807 2625 intrinsecum,
829 2590 951 2618 tamen
975 2583 1194 2630 principium
1222 2584 1380 2631 primum
1403 2593 1457 2619 est
1479 2585 1520 2619 ab
1544 2594 1662 2620 extra:

88 2632 182 2669 sicut
202 2633 410 2682 etprimum
431 2634 650 2682 principium
668 2644 790 2671 motus
805 2636 978 2671 naturalis
998 2645 1051 2672 est
1073 2637 1115 2672 ab
1135 2646 1251 2681 extra3
1266 2639 1362 2685 quod
1383 2638 1519 2673 scIIicet
1539 2648 1663 2674 movet

88 2694 270 2723 naturam.

160 2740 222 2776 AD
243 2751 451 2778 SECUNDUM
473 2741 681 2786 dicendum,
698 2744 795 2791 quod
810 2744 881 2779 hoc
898 2756 972 2780 non
984 2744 1115 2780 sufficit
1134 2745 1177 2780 ad
1193 2746 1371 2781 rationem
1387 2746 1549 2790 violenti,
1564 2749 1661 2795 quod

88 2793 309 2843 principium
329 2796 374 2832 sit
395 2804 513 2840 extra;
535 2797 597 2832 sed
616 2806 760 2845 oportet
782 2798 925 2843 addere,
940 2800 1037 2847 quod
1052 2800 1190 2835 nullam
1208 2801 1269 2846 [al.
1286 2802 1385 2848 nihil]
1409 2801 1573 2837 conserat
1585 2803 1660 2837 vim

89 2848 248 2897 patiens:
269 2849 368 2898 quod
387 2860 464 2886 non
485 2851 675 2898 contingit,
697 2852 784 2887 dum
806 2852 976 2889 voluntas
1004 2854 1047 2888 ab
1070 2854 1238 2889 exteriori
1261 2863 1446 2899 movetur;
1473 2867 1558 2891 nam
1585 2857 1661 2904 ipsa

91 2908 157 2947 ατ,
175 2913 270 2950 quae
289 2902 378 2946 vult,
399 2903 443 2939 ab
462 2903 535 2940 alio
555 2911 679 2941 tamen
693 2914 812 2942 mota:
835 2915 930 2942 esset
947 2915 1068 2943 autem
1089 2915 1210 2943 motus
1232 2908 1297 2944 iste
1308 2908 1502 2953 violentus,
1523 2910 1552 2946 si
1567 2919 1662 2947 esset
