1907 3198
510 182 734 218 QUAESTIO
767 182 935 214 XXXVII.
968 181 1215 213 ARTICULUS
1251 183 1295 212 ΙΙ.
1609 170 1690 213 281

185 265 246 300 ΑΙ)
269 274 441 300 TERTIUM
463 264 672 308 dicendum,
692 264 789 312 quod
808 264 950 300 tristitia
970 265 1162 300 absorbere
1180 264 1374 299 hominem
1393 264 1534 308 dicitur,
1549 265 1695 312 quando

112 318 164 354 sic
186 318 346 354 totaliter
365 319 420 353 vis
443 319 690 354 contristantis
712 319 801 354 mali
823 318 933 353 afficit
955 319 1132 362 animum,
1154 327 1192 353 ut
1214 330 1365 353 omnem
1387 330 1490 366 spem
1513 319 1695 353 evasionis

113 372 297 408 excludat:
320 381 355 408 et
376 373 427 408 sic
450 373 561 408 etiam
584 373 715 408 eodem
739 373 850 408 modo
874 381 1059 420 aggravat,
1079 381 1114 408 et
1136 373 1319 408 absorbet:
1340 373 1520 420 quaedam
1540 373 1639 408 enim
1658 384 1696 407 se

114 435 386 474 consequuntur
398 427 434 461 in
449 427 518 470 his,
534 439 625 474 quae
645 427 896 474 metaphorice
916 427 1095 470 dicuntur,
1111 439 1203 474 quae
1218 427 1284 463 sibi
1300 439 1502 474 repugnare
1517 427 1694 470 videntur,

113 481 142 516 si
163 481 366 516 secundum
387 482 647 529 proprietatem
671 482 905 529 accipiantur.

653 601 1003 648 ARTICULUS
1032 602 1111 646 III.
1622 623 1690 649 212

141 699 296 730 UTRUM
323 699 559 740 TRtsTITIA,
588 700 672 730 VEL
700 700 855 731 DOL'OR
881 699 1118 730 DEBILITET
1144 699 1302 729 OMNEM
1330 699 1663 731 OPERATIONEM.

430 777 535 824 (Insr.
559 789 589 824 q.
608 789 661 824 39.
683 783 749 813 art.
769 789 797 824 3.
820 777 862 812 ad
879 789 908 825 3.
930 782 961 813 et
982 789 1012 824 q.
1031 788 1085 824 59.
1108 781 1174 812 art.
1193 788 1222 823 3.
1246 776 1289 811 ad
1310 777 1371 823 2.).

182 861 244 896 ΑΙ)
267 871 439 896 TERTmM
461 860 512 895 sic
534 861 753 908 proceditur.
776 860 941 904 Videtur,
963 861 1061 908 quod
1083 860 1225 895 tristitia
1248 871 1322 895 non
1345 859 1520 907 impediat
1541 871 1691 895 omnem

111 915 383 962 operationem:
404 914 600 950 solicitudo
623 915 720 950 enirn
743 927 786 950 ex
807 916 949 951 tristitia
972 923 1152 958 causatur,
1170 923 1209 950 ut
1230 922 1329 962 patet
1350 926 1414 962 per
1436 915 1692 949 auctoritatem

111 969 284 1016 Apostoli
303 969 491 1004 inductam
515 968 595 1014 (art.
611 975 727 1016 praec.
749 981 820 1016 arg.
844 971 909 1016 1.):
938 970 1000 1004 sed
1023 969 1218 1005 solicitudo
1247 969 1394 1015 adjuvat
1420 969 1464 1003 ad
1491 969 1582 1004 bene
1611 980 1694 1016 ope-

110 1024 285 1058 randum:
308 1023 403 1059 unde
421 1022 589 1070 Apostol.
609 1023 696 1058 dicit
712 1033 742 1057 2.
764 1023 930 1059 Timoth.
951 1034 1002 1059 2.:
1028 1024 1174 1059 Sollicite
1189 1035 1270 1059 cura
1286 1024 1426 1070 teipsum
1447 1024 1598 1059 exhibet-<3
1621 1030 1690 1071 ope-

110 1079 244 1113 rarium
254 1077 520 1125 inconfusibilem
528 1089 541 1119 ;
557 1088 646 1124 ergo
658 1077 801 1112 tristitia
816 1089 891 1113 non
906 1078 1058 1125 impedit
1069 1077 1334 1125 operationem,
1344 1077 1406 1112 sed
1416 1077 1533 1124 magis
1546 1077 1693 1125 adjuvat

112 1132 157 1168 ad
177 1133 270 1168 bene
292 1131 530 1180 operandum.

183 1197 215 1222 2.
242 1186 478 1223 PRAETEREA.
502 1184 666 1221 Tristitia
695 1194 820 1221 causat
841 1187 877 1220 in
908 1185 1033 1221 multis
1060 1186 1412 1233 concupiscentiam,
1434 1193 1473 1220 ut
1495 1185 1626 1221 dicitur
1655 1186 1692 1220 in

112 1251 144 1288 7.
165 1240 282 1276 Ethic.
298 1240 386 1288 (cap.
408 1240 467 1276 ult.
481 1245 520 1276 ut
532 1241 676 1287 explicat
690 1241 736 1275 D.
758 1241 874 1275 Thom.
892 1241 961 1275 lact.
981 1241 1066 1287 14.).·
1081 1241 1143 1275 sed
1159 1240 1457 1287 concupiscentia
1474 1239 1561 1275 facit
1580 1240 1623 1275 ad
1643 1240 1693 1275 in-

110 1294 315 1331 tensionem
336 1293 577 1341 operationis3
600 1305 688 1341 ergo
711 1302 746 1329 et
766 1295 920 1329 tristitia.

184 1360 213 1395 3.
234 1348 472 1384 PRAETEREA.
496 1347 598 1383 Sicut
620 1349 799 1395 quaedam
824 1348 1057 1395 operationes
1076 1349 1244 1395 propriae
1268 1356 1350 1383 sunt
1372 1348 1623 1395 gaudentium,
1641 1348 1690 1384 ita

109 1402 220 1438 etiam
241 1402 421 1450 quaedam
443 1402 675 1450 operationes
696 1403 765 1446 his,
788 1403 850 1450 qui
872 1403 1150 1446 contristantur;
1177 1403 1270 1438 sicut
1297 1402 1439 1448 lugere:
1467 1402 1530 1437 sed
1564 1415 1692 1438 unum—

108 1457 277 1505 quodque
299 1465 452 1504 augetur
473 1468 515 1492 ex
537 1457 604 1492 sibi
635 1457 890 1500 convenienti3
921 1469 1009 1504 ergo
1041 1457 1184 1505 aliquae
1215 1458 1449 1504 operationes
1475 1468 1551 1492 non
1577 1458 1690 1505 impe-

107 1511 264 1555 diuntur,
285 1511 348 1547 sed
369 1511 610 1547 meliorantur
630 1520 777 1559 propter
798 1512 995 1547 tristitiam.

179 1565 255 1602 SED
278 1577 435 1602 CONTRA
457 1574 522 1609 est,
543 1566 641 1613 quod
663 1566 802 1601 Philos.
822 1566 953 1601 dicitur
971 1567 1007 1600 in
1030 1577 1082 1601 10.
1103 1566 1320 1600 Ethicorum
1341 1565 1432 1614 (cap.
1451 1566 1501 1612 4.)
1516 1566 1614 1613 quod
1633 1566 1690 1601 de-

105 1619 253 1655 lectatio
274 1619 414 1668 perficit
435 1621 701 1668 operationem,
723 1629 759 1655 et
780 1632 798 1656 e
821 1632 1001 1655 converso
1023 1621 1165 1655 tristitia
1187 1620 1350 1667 impedit.

177 1674 409 1711 Respounsso
439 1674 648 1718 dicendum,
676 1675 787 1722 quod,
817 1675 910 1710 sicut
938 1676 1013 1721 jam
1042 1675 1180 1710 dictum
1203 1683 1256 1710 est
1277 1675 1362 1721 (art.
1374 1675 1522 1723 praec),
1543 1675 1687 1710 tristitia

106 1729 325 1777 quandoque
346 1741 421 1764 non
444 1731 493 1764 ita
515 1738 700 1776 aggravat,
722 1729 781 1764 vel
804 1729 974 1764 absorbet
996 1729 1173 1772 animum,
1192 1737 1231 1763 ut
1257 1740 1409 1764 onmem
1431 1738 1576 1764 motum
1602 1730 1690 1764 inte-

105 1783 252 1827 riorem,
270 1792 306 1819 et
326 1784 545 1819 exteriorem
566 1783 749 1819 excludat:
773 1784 834 1819 sed
859 1783 970 1830 aliqui
992 1792 1115 1818 motus
1138 1783 1358 1830 quandoque
1381 1796 1424 1818 ex
1445 1784 1523 1831 ipsa
1545 1784 1688 1819 tristitia

106 1846 310 1874 causantur.
334 1838 394 1874 Sic
417 1850 505 1885 ergo
529 1839 692 1886 operatio
721 1838 765 1873 ad
793 1838 976 1873 tristitiam
1009 1838 1186 1885 dupliciter
1213 1846 1332 1885 potest
1363 1839 1580 1885 comparari.
1615 1840 1688 1874 Uno

104 1891 212 1935 modo,
234 1892 328 1928 sicut
348 1892 392 1928 ad
412 1892 449 1927 id
471 1892 514 1927 de
537 1904 609 1940 quo
632 1900 686 1928 est
706 1893 867 1935 tristitia;
896 1901 931 1927 et
961 1893 1010 1927 sic
1041 1892 1183 1927 tristitia
1206 1892 1408 1939 quamlibet
1433 1893 1687 1940 operationem

105 1946 267 1994 impedit.
289 1946 502 1994 Numquam
525 1947 623 1982 enim
646 1946 746 1990 illud,
769 1947 867 1994 quod
891 1958 976 1981 cum
994 1947 1137 1982 tristitia
1156 1946 1323 1989 facimus,
1342 1947 1391 1982 ita
1409 1947 1501 1982 bene
1519 1947 1688 1991 facimus,

104 2001 198 2036 sicut
217 2000 318 2044 illud,
339 2001 438 2048 quod
458 2000 614 2036 facimus
636 2013 721 2036 cum
740 2001 996 2045 delectatione,
1018 2001 1077 2036 vel
1098 2002 1175 2036 sine
1197 2001 1358 2036 tristitia:
1383 2003 1484 2048 cujus
1507 2003 1599 2037 ratio
1623 2010 1687 2045 est,

104 2055 188 2102 quia
208 2054 377 2091 voluntas
403 2064 457 2091 est
478 2067 587 2091 causa
609 2056 832 2103 operationis
854 2056 1058 2099 humanae3
1082 2055 1176 2090 unde
1200 2055 1346 2102 quando
1367 2057 1532 2103 operatio
1555 2065 1620 2099 est,
1643 2057 1686 2091 de

105 2121 176 2157 qua
198 2108 326 2157 aliquis
349 2110 592 2153 contristatur,
615 2122 764 2145 necesse
784 2119 848 2153 est,
871 2111 969 2157 quod
990 2111 1086 2145 actio
1114 2110 1329 2145 debilitetur.
1357 2111 1437 2146 Alio
1466 2111 1560 2146 modo
1589 2123 1688 2146 com-

105 2171 251 2211 paratur
271 2164 435 2212 operatio
459 2164 502 2199 ad
523 2165 719 2207 tristitiam,
741 2165 835 2199 sicut
858 2165 901 2199 ad
924 2164 1157 2212 principium,
1180 2172 1215 2199 et
1237 2164 1281 2198 ad
1304 2176 1470 2200 causam:
1494 2174 1529 2200 et
1550 2166 1600 2201 sic
1628 2177 1687 2201 nc-

106 2229 207 2253 cesse
228 2226 293 2262 est,
315 2218 412 2266 quod
431 2219 596 2266 operatio
615 2218 696 2254 talis
715 2230 757 2253 ex
775 2219 918 2254 tristitia
938 2227 1131 2266 augeatur:
1152 2219 1245 2254 sicut
1263 2228 1399 2267 quanto
1420 2219 1549 2267 aliquis
1568 2221 1685 2267 magis

103 2272 265 2308 tristatur
282 2272 326 2307 de
341 2284 378 2307 re
393 2272 525 2320 aliqua,
543 2281 646 2308 tanto
669 2273 787 2319 magis
802 2282 956 2308 conatur
971 2274 1015 2308 ad
1031 2273 1283 2321 expellendam
1299 2274 1493 2317 tristitiam,
1509 2274 1685 2310 dummodo

104 2331 274 2362 ramaneat
296 2333 364 2374 spes
387 2327 580 2375 expellendi.-
609 2327 772 2374 alioquin
799 2327 920 2362 nullus
942 2336 1076 2371 motus,
1098 2327 1157 2363 vel
1184 2329 1348 2376 operatio
1372 2340 1414 2364 ex
1435 2329 1578 2364 tristitia
1606 2341 1686 2364 cau-

105 2389 254 2416 saretur.

176 2434 221 2470 Et
241 2446 305 2483 per
324 2435 398 2471 hoc
416 2443 514 2484 patet
534 2436 726 2483 responsio
748 2447 798 2472 AD
821 2447 999 2484 OBJECTA.

664 2557 1015 2604 ARTICULUS
1045 2558 1122 2602 tv.
1618 2581 1683 2617 213

381 2655 535 2686 UTRUM
568 2655 792 2685 TRISTITIA
825 2656 958 2686 MAGIS
992 2655 1173 2686 NOCEAT
1209 2655 1414 2695 CORPORI,

519 2699 644 2758 QUAM
671 2721 802 2752 ALIAE
827 2722 998 2753 ANIMAE
1026 2721 1274 2752 PASSIONES.

322 2791 424 2838 (Infr.
447 2803 477 2838 q.
499 2803 550 2836 41.
573 2796 637 2826 art.
661 2804 687 2827 r.
710 2798 799 2839 corp.
822 2798 852 2828 et
872 2804 904 2838 4.
928 2793 1018 2827 Dist.
1040 2805 1084 2839 15.
1107 2805 1136 2839 q.
1157 2804 1187 2828 2.
1211 2798 1276 2827 art.
1297 2804 1324 2838 3.
1348 2792 1468 2839 corp).

178 2867 239 2904 ΑΙ)
261 2879 452 2909 QUARTUM
476 2869 526 2905 sic
548 2870 768 2917 proceditur.
790 2871 956 2914 Videtur,
978 2871 1076 2919 quod
1099 2872 1241 2907 tristitia
1269 2883 1343 2906 non
1371 2871 1501 2906 inferat
1527 2872 1686 2907 maxime

108 2922 255 2969 corpori
275 2931 564 2959 nocumentum:
591 2924 735 2960 tristitia
758 2925 856 2960 enim
878 2926 987 2961 habet
1011 2938 1088 2962 esse
1111 2925 1295 2973 spirituale
1323 2927 1357 2960 in
1386 2926 1526 2960 anima:
1554 2926 1616 2961 sed
1644 2938 1686 2962 ea
