1955 3182
278 234 334 275 74
731 227 951 264 QuAi-:srro
986 227 1042 256 vr.
1076 225 1320 256 ARTICULUS
1353 225 1396 253 11.

839 438 1183 483 ARTICULUS
1219 438 1275 480 Il.
1791 454 1838 488 42

385 550 536 580 UTRUM
561 548 882 579 VOLUNTARIUM
908 547 1176 578 INVENIATUR
1202 547 1246 576 IN
1267 544 1530 576 ANIMALIBUS
1558 543 1725 573 BRUTIS.

278 660 324 705 (2.
344 661 431 695 Dist.
447 672 496 706 25.
512 665 575 694 art.
598 671 628 695 2.
644 659 686 693 ad
704 659 736 694 6.
756 664 820 705 et3.
846 659 931 693 Dist.
947 670 999 705 27.
1015 670 1044 704 q.
1064 671 1091 693 I.
1114 663 1176 693 art.
1196 669 1228 702 4.
1249 657 1291 692 ad
1304 669 1332 704 3.
1348 662 1377 692 et
1394 657 1479 691 Veri.
1499 667 1529 702 q.
1548 666 1602 700 24.
1625 660 1690 691 art.
1707 666 1739 690 2.
1755 654 1797 689 ad
1811 667 1839 690 Ι.

837 718 867 748 et
884 725 911 759 3.
934 713 1011 748 Eth.
1034 713 1102 747 lect.
1121 723 1152 756 4.
1176 717 1204 746 et
1221 713 1278 757 5.).

346 842 406 877 AD
422 853 628 877 SECUNDUM
650 842 700 876 sic
723 841 939 888 proceditur.
955 841 1118 883 Videtur,
1134 840 1230 887 quod
1245 839 1490 874 voluntarium
1511 850 1587 874 non
1608 839 1653 873 sit
1673 838 1710 872 in
1729 839 1842 873 brutis

275 896 510 930 animalibus:
533 895 780 930 voluntarium
803 895 899 929 enim
923 907 943 929 a
963 894 1150 928 voluntate
1173 894 1319 927 dicitur:
1342 893 1511 927 voluntas
1535 901 1668 935 autem,
1692 904 1775 926 cum
1798 893 1842 927 sit

274 951 311 984 in
332 950 482 992 ratione,
505 957 543 983 ut
564 950 692 983 dicitur
714 950 749 982 in
776 961 803 995 3.
827 949 870 982 de
893 949 1026 982 Anima
1048 948 1125 991 (tax.
1141 949 1227 993 42),
1250 958 1323 981 non
1346 955 1465 993 potest
1483 957 1560 981 esse
1581 946 1618 980 in
1638 946 1751 981 brutis
1773 946 1845 980 ani-

275 1003 445 1046 malibus3
469 1014 555 1049 ergo
577 1014 693 1049 neque
715 1001 961 1036 voluntarium
984 1002 1020 1034 in
1043 1001 1093 1035 eis
1114 1000 1304 1035 invenitur.
1514 1027 1517 1029 .

345 1067 376 1091 2.
404 1057 639 1092 PRAETEREA.
661 1055 870 1090 Secundum
892 1055 962 1089 hoc
987 1054 1084 1101 quod
1108 1063 1207 1089 actus
1228 1054 1381 1088 humani
1399 1062 1482 1088 sunt
1499 1053 1706 1097 voluntarii,
1727 1053 1842 1088 homo

275 1111 404 1144 dicitur
425 1121 502 1144 esse
525 1109 695 1144 dominus
722 1120 871 1143 suorum
894 1117 1060 1142 actuum:
1084 1107 1144 1142 sed
1166 1108 1269 1142 bruta
1292 1107 1463 1142 animalia
1484 1119 1559 1142 non
1579 1107 1714 1142 habent
1732 1107 1847 1141 domi-

276 1165 378 1198 nium
401 1163 455 1198 sui
482 1171 594 1205 actus,
622 1174 696 1196 non
723 1162 820 1196 enirn
849 1170 970 1208 agunt,
998 1161 1059 1196 sed
1085 1162 1202 1208 magis
1231 1170 1396 1207 aguntur,
1423 1169 1462 1196 ut
1486 1162 1739 1196 Damascenus
1761 1160 1847 1195 dicit

277 1218 349 1263 (lib.
372 1230 403 1253 2.
426 1217 520 1253 Orth.
548 1217 623 1252 Fid.
647 1223 720 1263 cap.
739 1217 826 1262 27.);
851 1228 937 1263 ergo
960 1217 995 1250 in
1017 1216 1128 1250 brutis
1152 1216 1368 1251 animalibus
1389 1227 1464 1250 non
1486 1225 1538 1250 est
1559 1215 1818 1250 voluntarium.

349 1283 377 1317 3.
400 1271 636 1306 PRAETEREA.
664 1270 916 1304 Damascenus
939 1270 1025 1304 dicit
1048 1269 1141 1314 (ibid.
1170 1276 1240 1316 cap.
1262 1270 1346 1314 24),
1371 1270 1467 1316 quod
1496 1277 1595 1304 actus
1616 1268 1843 1304 voluntarios

275 1325 433 1371 sequitur
454 1324 543 1367 laus,
565 1323 623 1358 vel
643 1324 878 1370 vituperium:
903 1323 964 1358 sed
987 1323 1124 1358 actibus
1153 1324 1341 1357 brutorum
1363 1323 1577 1357 animalium
1598 1334 1674 1357 non
1696 1323 1846 1357 debetur

274 1391 391 1426 neque
413 1378 502 1421 laus,
524 1390 640 1425 neque
662 1378 900 1423 vituperium;
923 1389 1010 1424 ergo
1032 1378 1069 1411 in
1091 1377 1141 1412 eis
1162 1389 1236 1411 non
1259 1385 1312 1411 est
1332 1376 1591 1411 voluntarium.

349 1433 423 1467 SED
446 1443 601 1467 CONTRA
624 1439 686 1475 est,
710 1431 806 1478 quod
829 1431 914 1465 dicit
940 1430 1076 1466 Philos.
1100 1431 1136 1464 in
1162 1443 1189 1477 3.
1212 1431 1329 1465 Etich.
1356 1432 1446 1478 (cap.
1472 1443 1499 1466 r.
1520 1436 1620 1477 prop.
1639 1429 1721 1477 fin.)
1748 1429 1845 1476 quod

276 1487 377 1534 pueri
399 1494 433 1521 et
453 1487 556 1520 bruta
579 1485 749 1519 animalia
772 1485 1049 1519 communicant
1069 1484 1298 1518 voluntario:
1322 1492 1357 1518 et
1376 1484 1475 1518 idem
1497 1484 1621 1518 dicunt
1642 1483 1843 1530 Gregorius

275 1541 462 1587 Nyssenus
485 1540 554 1585 (val
575 1540 742 1574 Nummius
764 1539 800 1573 da
819 1540 899 1574 Nat.
923 1539 1025 1573 Hom.
1048 1545 1119 1585 cap.
1138 1540 1204 1585 32.)
1227 1547 1261 1573 et
1281 1539 1452 1573 Damasc.
1475 1539 1552 1584 (loc.
1574 1545 1676 1586 prox.
1699 1539 1782 1584 cit).

347 1593 577 1628 RESPONDEO
605 1592 810 1635 dicendum,
837 1592 945 1639 quod,
973 1592 1065 1626 sicut
1090 1592 1228 1626 dictum
1251 1600 1303 1627 est
1325 1592 1404 1636 (art.
1426 1593 1572 1639 praec),
1601 1591 1645 1626 ad
1667 1592 1847 1626 rationem

275 1647 471 1681 voluntarii
492 1646 692 1692 requiritur,
716 1646 812 1692 quod
840 1646 1057 1692 principium
1081 1654 1181 1680 actus
1203 1646 1247 1680 sit
1267 1646 1360 1680 intra
1382 1657 1467 1680 cum
1489 1645 1610 1692 aliqua
1636 1646 1847 1692 cognitione

276 1701 366 1735 finis.
389 1701 452 1735 Est
473 1708 594 1734 autem
622 1700 741 1747 duplex
768 1700 928 1746 cognitio
956 1699 1046 1742 finis,
1069 1700 1216 1746 perfecta
1243 1699 1391 1742 scilicet,
1414 1708 1449 1734 et
1469 1700 1671 1747 imperfecta.
1699 1700 1847 1746 Perfecta

276 1755 420 1801 quidem
444 1754 523 1788 finis
546 1754 707 1800 cognitio
724 1762 786 1796 est,
803 1753 947 1800 quando
963 1765 1037 1788 non
1052 1753 1171 1788 solum
1195 1754 1474 1800 apprehenditur
1492 1765 1559 1796 res,
1576 1765 1668 1800 quae
1683 1761 1736 1788 est
1752 1753 1846 1796 finis,

276 1808 339 1843 sed
362 1808 471 1842 etiam
495 1808 728 1853 cognoscitur
750 1808 841 1842 ratio
864 1807 955 1849 finis,
979 1815 1013 1841 et
1033 1808 1221 1854 proportio
1245 1808 1319 1854 ejus
1342 1808 1438 1854 quod
1461 1807 1648 1842 ordinatur
1669 1807 1713 1841 ad
1734 1807 1845 1842 finem

275 1863 412 1909 ipsum:
436 1870 470 1896 et
491 1861 571 1896 talis
594 1862 754 1907 cognitio
774 1861 854 1895 finis
874 1861 1048 1908 competit
1063 1861 1131 1896 soli
1146 1861 1314 1896 rationali
1335 1869 1495 1896 naturae.
1512 1861 1707 1908 Imperfecta
1724 1869 1846 1895 autem

277 1916 437 1961 cognitio
460 1915 539 1949 finis
562 1923 625 1957 est,
653 1926 744 1961 quae
767 1915 802 1949 in
825 1915 903 1949 sola
925 1915 1005 1949 finis
1028 1915 1314 1962 apprehensione
1343 1915 1517 1957 consistit,
1544 1915 1621 1950 sine
1647 1915 1719 1950 hoc
1747 1914 1845 1961 quod

277 1978 519 2015 cognoscatur
540 1969 630 2003 ratio
650 1969 741 2011 finis,
764 1977 798 2003 et
819 1969 1007 2016 proportio
1029 1977 1129 2003 actus
1152 1969 1195 2003 ad
1217 1969 1345 2003 finem:
1367 1977 1401 2003 et
1419 1969 1499 2003 talis
1519 1969 1681 2015 cognitio
1700 1968 1780 2002 finis
1798 1979 1850 2002 re-

276 2024 409 2070 peritur
430 2023 465 2056 in
488 2023 598 2056 brutis
626 2022 841 2056 animalibus
869 2034 931 2069 per
958 2034 1116 2065 sensum,
1145 2031 1179 2058 et
1205 2023 1498 2057 aestimationem
1524 2022 1739 2057 naturalem.
1767 2022 1850 2056 Per-

276 2077 410 2111 fectam
424 2077 532 2123 igitur
551 2077 801 2122 cognitionem
819 2076 898 2111 finis
913 2077 1073 2123 sequitur
1092 2076 1340 2111 voluntarium
1355 2076 1555 2111 secundum
1571 2076 1751 2111 rationem
1772 2087 1849 2123 per-

276 2130 420 2172 fectam,
442 2138 548 2177 prout
568 2130 716 2172 scilicet,
740 2130 965 2176 apprehenso
990 2130 1070 2172 fine,
1091 2130 1218 2176 aliquis
1232 2138 1351 2176 potest
1372 2130 1573 2165 deliberans
1588 2130 1631 2164 de
1646 2130 1729 2172 fine,
1746 2138 1779 2164 et
1802 2129 1845 2164 de

275 2185 332 2218 his
354 2196 444 2230 quae
466 2192 548 2218 sunt
563 2184 606 2217 ad
621 2184 742 2225 finem,
765 2185 905 2218 moveri
920 2185 955 2217 in
971 2184 1091 2226 finem,
1107 2184 1165 2218 vel
1179 2195 1252 2218 non
1267 2184 1408 2218 moveri
1423 2196 1429 2218 :
1452 2183 1704 2230 imperfectam
1723 2191 1846 2218 autem

278 2238 527 2284 cognitionem
541 2238 621 2272 finis
636 2238 793 2284 sequitur
804 2238 1050 2272 voluntarium
1062 2238 1262 2272 secundum
1274 2238 1453 2272 rationem
1466 2239 1730 2285 imperfectam3
1741 2246 1849 2285 prout

277 2292 414 2326 scilicet
435 2291 708 2338 apprehendens
726 2291 835 2325 finem
850 2303 924 2325 non
941 2291 1123 2334 deliberat,
1139 2292 1200 2326 sed
1215 2292 1332 2326 subito
1355 2300 1524 2327 movetur
1540 2292 1576 2327 in
1594 2292 1730 2339 ipsum:
1753 2291 1848 2326 unde

277 2345 346 2380 soli
367 2345 533 2380 rationali
559 2354 707 2379 naturae
731 2346 904 2390 competit
930 2345 1176 2379 voluntarium
1198 2346 1398 2380 secundum
1425 2347 1604 2381 rationem
1626 2345 1844 2393 perfectam;

277 2400 338 2434 scd
361 2399 561 2434 secundum
583 2399 761 2433 rationem
785 2398 1035 2445 imperfectam
1059 2400 1233 2445 competit
1255 2400 1364 2434 etiam
1386 2400 1508 2434 brutis.

348 2453 408 2488 AD
427 2463 574 2487 PRIMUM
599 2464 684 2499 ergo
705 2453 910 2494 dicendum,
927 2453 1023 2499 quod
1039 2453 1206 2487 voluntas
1222 2454 1387 2488 nominat
1401 2452 1616 2488 rationalem
1631 2453 1846 2500 appetitum:

277 2515 311 2542 et
331 2507 413 2540 ideo
435 2518 508 2540 non
531 2514 648 2552 potest
671 2518 747 2540 esse
768 2506 802 2539 in
821 2507 888 2547 his,
904 2518 994 2552 quae
1014 2507 1153 2540 ratione
1173 2516 1313 2541 carent:
1333 2507 1579 2542 voluntarium
1599 2515 1721 2542 autern
1739 2506 1848 2541 deno-

276 2561 446 2594 minative
469 2560 599 2594 dicitur
618 2572 636 2594 a
659 2560 857 2602 voluntate,
881 2569 914 2594 et
936 2569 1054 2606 potest
1080 2561 1173 2594 trahi
1196 2561 1239 2594 ad
1262 2572 1315 2603 ea,
1337 2561 1373 2594 in
1396 2561 1524 2608 quibus
1547 2569 1599 2596 est
1626 2561 1745 2608 aliqua
1772 2572 1848 2607 par-

275 2615 434 2661 ticipatio
457 2613 652 2648 voluntatis
675 2614 874 2648 secundum
895 2614 1053 2660 aliquam
1070 2615 1361 2649 convenientiam
1385 2615 1428 2649 ad
1450 2615 1695 2650 voluntatem:
1719 2623 1754 2650 et
1775 2614 1847 2649 hoc

275 2669 386 2702 modo
410 2668 655 2702 voluntarium
684 2668 885 2702 attribuitur
913 2668 1128 2702 animalibus
1150 2669 1278 2711 brutis;
1300 2669 1516 2715 inquantum
1542 2668 1681 2704 scilicet
1701 2679 1764 2716 per
1787 2679 1844 2702 co-

276 2723 477 2768 gnitionem
501 2721 659 2768 aliquam
682 2730 875 2756 moventur
894 2722 929 2755 in
952 2721 1072 2755 finem.

348 2777 406 2810 AD
435 2787 640 2811 srCUNDUM
667 2776 873 2817 dicendum,
893 2776 989 2821 quod
1010 2788 1050 2810 ex
1070 2776 1139 2809 hoc
1158 2776 1345 2821 contingit,
1361 2776 1458 2822 quod
1473 2776 1588 2811 homo
1603 2784 1656 2811 est
1677 2775 1847 2810 dominus

277 2830 330 2864 sui
354 2838 464 2872 actus,
487 2830 582 2876 quod
606 2830 713 2864 habet
729 2829 1032 2864 *deliberationem
1055 2830 1097 2863 de
1120 2830 1191 2863 suis
1216 2831 1371 2865 actibus:
1395 2842 1437 2865 ex
1459 2830 1529 2865 hoc
1553 2830 1651 2865 enim
1677 2830 1774 2876 quod
1797 2841 1849 2864 ra-

277 2884 327 2917 tio
343 2883 543 2917 deliberans
558 2896 594 2918 se
610 2884 717 2918 habet
728 2884 770 2917 ad
787 2883 964 2929 opposita,
979 2882 1145 2917 voluntas
1162 2884 1196 2917 in
1214 2893 1404 2930 utrumque
1420 2892 1556 2931 potest:
1571 2883 1633 2919 sed
1649 2883 1848 2918 secundum

276 2937 347 2971 hoc
371 2937 614 2971 voluntarium
638 2949 711 2971 non
734 2945 786 2972 est
808 2938 843 2970 in
869 2937 979 2971 brutis
1003 2937 1230 2979 animalibus,
1253 2933 1293 2972 ut‘
1313 2937 1450 2972 dictum
1473 2946 1526 2972 cst
1550 2938 1602 2983 (in
1622 2944 1711 2984 corp.
1734 2939 1826 2983 art).
