1907 3182
224 184 311 226 414
674 181 894 217 QUAESTIO
930 180 999 210 Lx.
1033 179 1278 210 ARTICULUS
1311 180 1338 208 1.

226 272 277 298 est
298 275 369 298 una
391 262 467 297 sola
490 263 600 296 virtus
622 262 658 296 in
681 262 730 296 eis
753 262 922 307 dirigens,
945 259 1082 294 scilicet
1103 259 1309 305 prudentia:
1335 259 1517 304 objectum
1540 267 1661 293 autern
1683 269 1787 305 appe-

223 317 345 352 titivae
359 316 498 350 virtutis
513 324 565 350 est
578 316 715 349 bonum
735 313 938 360 appetibile,
951 314 1050 358 cujus
1066 320 1119 346 est
1133 312 1272 346 diversa
1287 312 1378 346 ratio
1394 312 1591 347 secundum
1607 311 1787 346 diversam

224 370 472 404 habitudinem
496 370 538 403 ad
560 370 738 402 rationem
762 367 988 412 dirigentem.

297 424 356 458 AD
379 433 585 458 SECUNDUM
613 421 816 461 dicendum,
845 419 940 466 quod
968 418 1055 452 illud
1081 417 1234 452 formale
1262 426 1314 452 est
1339 429 1451 452 unum
1480 429 1613 463 genere
1639 426 1787 464 propter

225 479 399 511 unitatem
422 476 571 522 agentis,
594 475 654 508 sed
678 473 936 507 diversificatur
958 472 1075 518 specie
1097 479 1241 517 propter
1263 471 1421 506 diversas
1442 471 1671 505 habitudines
1699 470 1786 504 reci·

226 530 413 577 pientium,
436 537 473 562 ut
494 540 600 574 supra
620 527 755 561 dictum
778 534 831 561 est
854 525 904 568 (in
926 525 1046 571 corp).

298 583 357 617 AD
381 592 551 616 TERTIUM
573 580 777 621 dicendum,
799 578 897 625 quod
919 577 1070 612 moralia
1092 588 1165 611 non
1187 577 1321 611 habent
1343 577 1500 623 speciem
1520 589 1539 611 a
1558 577 1628 611 fine
1647 575 1788 618 ultimo,

227 636 288 670 sed
312 648 331 669 a
352 635 480 669 finibus
502 633 693 680 proximi53
715 633 775 678 qui
797 631 942 678 quidem
965 631 1031 665 etsi
1052 630 1181 664 infiniti
1203 631 1272 665 sint
1290 642 1455 673 numero,
1474 642 1549 665 non
1573 638 1697 665 tamen
1714 629 1789 663 infi-

227 690 290 724 niti
312 698 394 724 sunt
415 688 545 735 specie.

796 814 1141 860 ARTICULUS
1167 814 1223 856 H.
1727 824 1790 870 με

305 925 457 955 UTRUM
484 925 698 954 VIRTUTES
722 921 939 962 MORALES,
962 922 1081 958 QUAE
1104 922 1215 951 SUNT
1238 921 1368 951 CIRCA
1391 921 1712 960 OPERATIONES,

391 990 750 1020 DISTINGUANTUR
773 990 826 1018 AB
848 989 931 1028 ms,
955 988 1072 1023 QUAE
1096 987 1208 1016 SUNT
1228 987 1357 1017 CIRCA
1377 986 1624 1017 PASSIONES.

759 1075 867 1120 (Veri.
889 1088 919 1122 q.
941 1088 968 1110 1.
987 1080 1051 1110 art.
1071 1086 1114 1121 13.
1137 1074 1258 1121 corp).

301 1166 360 1200 AD
387 1175 593 1200 SECUNDUM
615 1163 665 1198 sic
687 1164 903 1210 proceditur.
925 1162 1088 1205 Videtur,
1111 1162 1207 1209 quod
1228 1162 1378 1197 virtutes
1398 1161 1556 1196 morales
1576 1173 1650 1196 non
1673 1161 1795 1196 distin—

231 1227 384 1265 guantur
406 1218 447 1252 ab
471 1218 628 1252 invicem
649 1229 711 1264 per
732 1218 816 1258 hoc,
838 1217 935 1263 quod
954 1217 1133 1263 quaedam
1149 1224 1231 1250 sunt
1247 1216 1341 1250 circa
1357 1215 1599 1262 operationes,
1615 1215 1794 1260 quaedam

231 1273 325 1307 circa
346 1273 549 1318 passiones:
572 1271 657 1305 dicit
678 1272 775 1304 enim
796 1270 1010 1316 Philosoph.
1032 1270 1068 1303 in
1092 1280 1122 1304 2.
1144 1269 1260 1303 Ethic.
1282 1268 1368 1316 (cap.
1388 1269 1448 1315 3.)‚
1468 1268 1564 1314 quod
1586 1267 1698 1302 virtus
1720 1278 1797 1309 rno-

232 1326 314 1360 ralis
337 1333 390 1360 est
411 1327 506 1359 circa
529 1324 799 1366 delectationes,
814 1332 848 1357 et
866 1324 1025 1358 tristitias
1040 1324 1263 1369 optimorum
1278 1323 1479 1368 operativa:
1503 1321 1564 1355 sed
1578 1320 1794 1366 voluptates,

232 1388 266 1414 et
286 1379 449 1414 tristitiae
471 1386 554 1412 sunt
574 1377 761 1424 passiones
784 1377 974 1423 quaedam,
997 1385 1035 1410 ut
1049 1387 1155 1422 supra
1178 1376 1314 1409 dictum
1338 1383 1391 1409 est
1411 1376 1515 1421 (q.3r.
1532 1379 1596 1409 art.
1612 1387 1638 1409 r.
1653 1379 1681 1410 et
1702 1386 1731 1420 q,
1747 1386 1790 1420 35.

232 1438 295 1468 art.
318 1433 388 1477 1.);
413 1443 500 1477 ergo
523 1431 651 1465 eadem
672 1432 795 1472 virtus,
817 1441 908 1476 quae
933 1438 985 1464 est
1007 1431 1099 1464 circa
1123 1429 1322 1475 passiones,
1345 1437 1398 1463 est
1420 1428 1528 1463 etiam
1552 1428 1647 1462 circa
1671 1439 1794 1474 opera-

231 1487 360 1528 tiones,
382 1493 505 1532 utpote
529 1485 712 1531 operativa
735 1484 901 1518 existens.

304 1550 335 1574 2.
354 1539 590 1573 PRAETEREA.
609 1537 801 1572 Passiones
823 1545 905 1571 sunt
927 1536 1101 1583 principia
1123 1536 1341 1570 exteriorum
1363 1534 1639 1580 operationum3
1658 1534 1686 1568 si
1709 1545 1796 1580 ergo

234 1593 374 1639 aliquae
389 1592 537 1626 virtutes
552 1590 751 1625 rectificant
764 1592 961 1636 passiones,
979 1597 1121 1636 oportet
1135 1589 1232 1636 quod
1248 1589 1357 1623 etiam
1376 1600 1438 1635 per
1453 1599 1681 1634 consequens
1698 1588 1799 1622 recti-

233 1646 341 1681 ficent
375 1645 624 1691 operationes;
647 1644 798 1679 eaedem
821 1655 908 1689 ergo
942 1644 1091 1677 virtutes
1118 1642 1276 1676 morales
1306 1650 1388 1676 sunt
1415 1643 1510 1676 circa
1537 1642 1736 1687 passiones,
1762 1648 1796 1675 et

234 1699 474 1746 operationes.

307 1764 335 1799 3.
359 1752 594 1786 PRAETEREA.
623 1750 680 1785 Ad
710 1761 859 1784 omnem
892 1749 1142 1795 operationem
1177 1749 1393 1783 exteriorem
1422 1755 1589 1783 moyetur
1623 1747 1798 1794 appetitus

233 1806 423 1841 sensitivus
445 1805 548 1846 bene,
570 1803 628 1838 vel
650 1804 764 1838 male:
789 1803 849 1837 sed
870 1811 991 1837 motus
1007 1803 1182 1848 appetitus
1202 1802 1362 1837 sensitivi
1381 1809 1462 1836 sunt
1484 1802 1688 1847 passiones;
1711 1811 1798 1846 ergo

234 1859 385 1894 eaedem
406 1859 566 1900 virtutes,
588 1869 678 1903 quae
702 1865 783 1891 sunt
806 1857 900 1890 circa
924 1857 1164 1902 operationes,
1187 1864 1267 1890 sunt
1290 1856 1385 1890 circa
1404 1855 1602 1901 passiones.

306 1912 380 1946 SED
397 1922 551 1946 CONTRA
575 1918 637 1952 est,
660 1910 756 1956 quod
779 1909 914 1944 Philos.
938 1910 1010 1954 (lib.
1029 1921 1059 1944 2.
1079 1909 1155 1944 Eth.
1179 1915 1249 1955 cap.
1269 1921 1298 1955 3.
1312 1913 1340 1943 ct
1358 1920 1387 1954 7.
1403 1913 1432 1943 ct
1445 1908 1542 1954 lib.5.
1558 1909 1591 1942 in
1605 1919 1639 1952 4.
1652 1907 1799 1954 priorib.

235 1967 324 2013 cap.)
348 1965 449 2012 ponit
470 1964 643 2010 justitiam
659 1964 753 1998 circa
770 1963 1019 2010 operationes,
1041 1962 1321 2009 temperantiam
1338 1970 1471 2004 autem,
1486 1969 1522 1996 et
1536 1961 1800 2002 fortitudinem,

236 2028 270 2054 et
292 2018 608 2052 mansuetudinem
631 2017 724 2052 circa
747 2017 933 2063 passiones
955 2016 1142 2062 quasdam.

306 2072 536 2106 RESPONDEO
555 2070 760 2112 dicendum,
776 2070 871 2116 quod
895 2070 1069 2116 operatiO,
1084 2077 1118 2104 et
1136 2070 1255 2116 passio
1269 2069 1444 2116 dupliciter
1463 2076 1582 2115 potest
1597 2068 1800 2114 comparari

237 2126 280 2160 ad
302 2126 481 2159 virtutem.
511 2125 582 2159 Uno
606 2124 698 2158 modo
717 2124 809 2158 sicut
827 2123 994 2159 effectus:
1014 2131 1047 2158 et
1061 2123 1132 2157 hoc
1146 2123 1257 2157 modo
1273 2122 1392 2156 omnis
1407 2121 1554 2157 moralis
1568 2122 1678 2156 virtus
1693 2121 1802 2156 habet

236 2180 373 2226 aliquas
396 2179 623 2224 operationes
641 2178 766 2219 bonas,
781 2189 933 2224 quarum
957 2185 1009 2212 est
1031 2177 1254 2223 productiva,
1277 2184 1312 2211 et
1327 2175 1607 2210 delectationem
1629 2175 1802 2221 aliquam>

236 2233 294 2267 vel
315 2233 507 2274 tristitiam,
529 2243 619 2277 quae
643 2239 725 2266 sunt
746 2232 945 2277 passiones,
965 2239 1002 2265 ut
1024 2242 1129 2277 supra
1152 2230 1288 2264 dictum
1312 2237 1364 2264 est
1387 2229 1429 2275 (q.
1451 2242 1502 2275 59.
1526 2234 1590 2264 art.
1612 2240 1645 2273 4.
1673 2228 1715 2263 ad
1744 2229 1800 2273 1.).

237 2287 316 2321 Alio
335 2286 428 2320 modo
440 2292 556 2331 potest
571 2285 775 2331 comparari
788 2285 951 2330 operatio
967 2284 1009 2318 ad
1025 2284 1193 2318 virtutem
1209 2282 1400 2324 moralem,
1418 2284 1509 2317 sicut
1525 2282 1688 2324 materia,
1707 2281 1802 2316 circa

237 2351 346 2386 quarn
370 2347 439 2381 est3
463 2346 497 2372 et
517 2338 691 2372 secundnm
713 2338 769 2372 hoc
793 2343 915 2384 oportet
937 2338 1021 2372 alias
1042 2349 1102 2372 esse
1122 2339 1258 2372 virtutes
1280 2336 1419 2371 morales
1433 2338 1524 2370 circa
1545 2337 1759 2382 operationes,
1774 2339 1803 2369 ct

238 2395 322 2429 alias
343 2395 434 2428 εἰν-(ιι
453 2393 627 2439 passiones.
649 2391 762 2437 Cujus
784 2392 875 2425 ratio
899 2400 962 2433 est,
985 2391 1067 2437 quia
1087 2392 1218 2432 hamum,
1236 2398 1271 2425 et
1293 2390 1415 2424 malum
1439 2390 1474 2423 in
1490 2389 1704 2435 quibusdam
1722 2399 1805 2434 ope-

238 2447 436 2481 rationibus
459 2445 650 2480 attenditur
672 2445 872 2479 secundum
900 2447 1046 2491 seipsas,
1069 2444 1401 2490 quaelitercumque
1424 2443 1539 2477 homo
1562 2441 1737 2476 afficiatur
1759 2441 1802 2475 ad

239 2512 316 2543 eas3
338 2501 551 2546 inquantum
571 2498 708 2532 scilicet
725 2499 863 2532 bonum
878 2499 912 2532 in
932 2499 994 2540 eis,
1013 2506 1045 2532 et
1064 2497 1201 2531 malum
1219 2497 1391 2544 accipitur
1409 2496 1609 2531 secundum
1624 2495 1802 2530 rationem

240 2552 608 2588 commensurationis
636 2552 678 2585 ad
707 2551 877 2585 alterum:
907 2560 940 2585 et
967 2552 1001 2585 in
1029 2551 1159 2585 talibus
1185 2558 1327 2597 oportet
1354 2550 1450 2596 quod
1478 2550 1521 2584 sit
1549 2549 1666 2595 aliqua
1692 2549 1804 2583 virtus

240 2608 411 2641 directiva
440 2607 690 2652 operationum
715 2606 912 2639 secundum
940 2605 1091 2650 seipsas;
1119 2605 1210 2638 sicut
1231 2612 1314 2638 sunt
1341 2605 1489 2650 emptio,
1517 2610 1550 2638 et
1572 2602 1744 2644 venditio,
1771 2609 1803 2637 et

239 2661 449 2707 hujusmodi
471 2660 710 2706 operationes,
733 2659 767 2692 in
791 2659 917 2704 quibus
940 2659 1132 2693 attenditur
1154 2658 1244 2692 ratio
1267 2657 1388 2699 debiti,
1406 2657 1465 2692 vel
1486 2656 1634 2692 indebiti
1656 2657 1699 2690 ad
1722 2655 1805 2690 alte—

242 2726 332 2756 rum,
356 2721 388 2748 et
414 2722 559 2760 propter
586 2713 655 2747 hoc
683 2713 827 2758 justitia,
855 2721 889 2746 et
917 2720 1032 2758 partes
1060 2713 1135 2756 ejus
1162 2713 1305 2757 proprie
1333 2719 1414 2745 sunt
1439 2711 1534 2744 circa
1562 2711 1804 2756 operationeS,

242 2769 333 2801 sicut
357 2768 451 2801 circa
474 2767 654 2813 propriam
679 2766 879 2800 materiam.
904 2765 940 2798 In
965 2765 1179 2811 quibusdam
1202 2776 1288 2799 vero
1311 2764 1581 2810 operationibus
1602 2764 1752 2803 bonum,
1769 2771 1804 2796 et

243 2821 379 2855 malum
403 2821 595 2855 attenditur
617 2820 734 2854 solum
758 2819 956 2854 secundum
981 2820 1374 2853 commensurationem
1406 2818 1448 2851 ad
1472 2816 1804 2864 operanten13idco

243 2883 384 2921 oportet
406 2875 440 2908 in
469 2874 522 2908 his
549 2874 698 2916 bonum,
725 2881 758 2907 et
786 2872 921 2906 malum
951 2872 1182 2914 considerari,
1209 2871 1408 2906 secundum
1437 2870 1532 2917 quod
1560 2870 1674 2905 homo
1702 2869 1804 2910 bene,
