1907 3198
519 188 744 225 QUAESTIO
779 187 819 217 L.
853 186 1102 217 ARTICULUS
1137 185 1182 216 II.
1564 186 1644 228 351

132 273 195 308 AD
222 283 432 309 SECUNDUM
455 272 665 314 dicendum,
681 272 778 318 quod
795 270 966 305 accidens
984 281 1047 317 per
1065 280 1102 304 se
1116 280 1192 303 non
1211 276 1331 315 potest
1352 279 1430 302 esse
1446 268 1651 313 subjectum

62 327 278 363 accidentis:
298 327 361 362 sed
383 326 468 373 quia
495 326 606 361 etiam
623 326 658 360 in
681 326 767 372 ipsis
790 324 1037 360 accidentibus
1059 331 1114 358 est
1135 323 1227 357 ordo
1250 322 1412 369 quidam,
1434 321 1651 367 subjectum,

57 381 262 418 secundum
283 381 382 428 quod
413 388 466 415 est
499 381 565 414 sub
588 391 662 414 uno
686 379 887 421 accidente,
915 376 1130 424 intelligitur
1153 388 1231 412 esse
1254 377 1460 421 subjectum
1479 375 1650 410 alterius:

60 443 97 471 et
116 435 168 470 sic
189 435 322 470 dicitur
343 446 457 469 unum
483 433 654 468 accidens
677 444 756 468 esse
783 433 988 478 subjectum
1011 432 1172 473 alterius,
1193 439 1231 465 ut
1258 430 1468 478 superficies
1496 430 1650 465 coloris:

59 497 94 525 et
113 489 187 524 hoc
209 489 324 524 modo
351 496 472 536 potest
491 487 655 535 potentia
678 498 757 522 esse
779 487 984 533 subjectum
1010 485 1167 520 habitus.

129 544 191 578 AD
218 553 392 578 TERTmM
419 541 628 584 dicendum,
656 541 753 588 quod
781 541 924 575 habitus
952 539 1195 587 praemittitur
1220 540 1418 586 potentiae,
1445 537 1649 573 secundum

58 596 156 644 quod
174 596 347 644 importat
368 595 647 643 dispositionem
664 595 707 629 ad
724 603 910 629 naturam:
926 595 1088 641 potentia
1104 601 1229 628 autem
1244 604 1390 639 semper
1405 593 1577 638 importat
1597 603 1652 626 or-

58 651 181 686 dinem
200 650 245 685 ad
267 650 533 698 operationem,
560 660 654 696 quae
682 658 736 684 est
756 648 955 696 posterior3
984 659 1066 683 cum
1090 655 1220 682 natura
1241 646 1288 681 sit
1310 646 1533 694 operationis
1558 646 1652 692 prin-

58 704 211 752 cipium:
230 705 295 740 sed
315 704 473 746 habitus,
497 704 600 750 cujus
622 705 783 750 potentia
807 711 862 738 est
879 703 1097 748 subjectum,
1115 713 1191 735 non
1215 701 1391 748 importat
1413 701 1582 735 ordinem
1605 700 1649 734 ad

0 734 13 790 ι
57 766 238 802 naturam,
256 759 320 794 sed
342 759 386 794 ad
409 758 683 806 operationem;
706 757 802 792 unde
830 766 883 792 est
909 757 1091 804 posterior
1116 757 1291 803 potentia.
1318 754 1390 789 Vel
1416 763 1539 801 potest
1565 754 1648 797 dici,

0 794 15 847 ἑ
60 813 159 860 quod
180 813 326 848 habitus
343 812 578 860 praeponitur
591 812 788 858 potentiae,
804 811 897 846 sicut
912 810 1141 858 completum
1158 809 1400 856 incompleto‚
1419 818 1453 843 et
1469 817 1570 843 actus
1588 820 1650 855 po-

0 850 11 925 Ῑ
57 867 208 903 tentiae:
233 874 332 902 actus
349 867 449 902 enim
463 865 677 901 naturaliter
692 874 746 900 est
765 867 883 912 prior;
907 866 1075 912 quamvis
1089 864 1252 911 potentia
1269 865 1316 898 sit
1329 863 1428 910 prior
1450 862 1576 898 ordine
1592 874 1651 909 ge-

0 932 15 949 r·
56 922 266 965 nerationis,
285 928 320 956 et
339 921 528 968 temporis,
551 929 589 955 ut
611 920 741 955 dicitur
762 920 799 954 in
822 931 854 965 7.
878 927 912 954 et
933 931 966 966 c).
990 918 1152 966 Metaph.
1177 919 1255 963 (tax.
1277 930 1322 965 13.
1345 922 1373 953 et
1393 918 1483 964 seq).

619 1067 971 1114 ARTICULUS
1006 1068 1087 1111 ΠΙ.
1579 1089 1646 1125 273

371 1190 529 1221 UTRUM
555 1191 600 1221 IN
626 1190 864 1220 POTENTIIS
893 1190 1150 1219 SENSITIVAE
1179 1189 1331 1219 PARTIS

489 1256 642 1287 POSSIT
669 1256 771 1286 ESSE
798 1255 978 1292 ALIQUIS
1006 1255 1211 1285 HABITUS.

59 1358 99 1404 (3.
118 1357 209 1392 Dist.
231 1368 279 1404 23·
301 1369 332 1403 q.
354 1368 382 1392 1.
405 1361 469 1391 art.
490 1368 519 1392 Ι.
541 1362 633 1403 corp.
656 1361 687 1392 et
706 1357 797 1391 Dist.
816 1367 861 1403 33.
881 1368 911 1402 q.
930 1367 962 1391 2.
982 1360 1047 1390 art.
1066 1367 1100 1401 4.
1118 1361 1148 1391 et
1172 1356 1261 1390 Veri.
1285 1367 1315 1402 q.
1337 1368 1365 1391 1.
1388 1360 1452 1390 art.
1472 1368 1499 1391 Ι.
1523 1356 1646 1402 corp).

128 1459 190 1494 AD
212 1469 386 1495 TER-runt
401 1460 452 1494 sic
468 1459 688 1506 proceditur.
702 1459 866 1501 Videtur,
881 1458 979 1505 quod
995 1460 1030 1493 in
1046 1459 1218 1505 potentiis
1233 1458 1431 1493 sensitivae
1446 1459 1556 1504 partis
1571 1469 1647 1492 non

55 1515 172 1562 possit
192 1524 272 1549 esse
295 1513 423 1561 aliquis
446 1513 609 1548 habitus:
633 1514 726 1548 sicut
743 1514 842 1548 enim
860 1513 1025 1561 potentia
1043 1513 1216 1547 nutritiva
1239 1523 1322 1558 pars
1337 1521 1391 1547 est
1412 1511 1646 1555 irrationalis,

10 1595 26 1606 ..
56 1569 106 1604 ita
127 1575 161 1603 et
181 1569 372 1604 sensitiva:
394 1568 459 1603 sed
481 1569 517 1602 in
536 1568 707 1615 potentiis
730 1568 925 1602 nutritivae
944 1568 1056 1614 partis
1071 1578 1146 1602 uon
1165 1567 1313 1614 ponitur
1331 1566 1460 1614 aliquis
1480 1567 1646 1610 habitus;

62 1633 151 1670 ergo
171 1633 240 1657 nec
263 1622 300 1657 in
315 1622 487 1670 potentiis
508 1622 703 1657 sensitivae
725 1622 836 1669 partis
859 1622 988 1668 aliquis
1007 1622 1151 1656 habitus
1175 1621 1283 1656 debet
1303 1621 1403 1668 poni.

129 1686 162 1711 2.
182 1675 423 1712 PRAETEREA.
446 1676 652 1711 Sensitivae
674 1685 792 1723 partes
816 1685 901 1711 sunt
922 1687 1140 1711 communes
1163 1676 1282 1717 nobis,
1311 1684 1347 1710 et
1363 1676 1500 1710 brutis:
1524 1675 1588 1710 sed
1611 1676 1646 1710 in

54 1730 168 1766 brutis
194 1742 270 1765 non
293 1738 376 1765 sunt
397 1730 509 1777 aliqui
534 1730 699 1773 habitus;
721 1732 806 1777 quia
832 1742 907 1765 non
935 1739 988 1765 est
1009 1732 1045 1765 in
1068 1731 1118 1765 eis
1141 1729 1324 1772 voluntas,
1353 1741 1445 1776 quae
1467 1731 1503 1765 in
1526 1729 1649 1764 defini-

53 1783 155 1820 tione
169 1784 314 1819 habitus
330 1784 487 1832 ponitur,
510 1791 548 1818 ut
570 1796 677 1831 supra
700 1784 839 1819 dictum
861 1793 915 1819 est
937 1786 981 1830 (q.
997 1791 1113 1831 praec.
1134 1789 1198 1819 art.
1218 1785 1263 1831 3.)
1274 1797 1287 1826 ;
1313 1795 1402 1830 ergo
1417 1784 1454 1819 in
1474 1784 1644 1831 potentiis

55 1838 236 1874 sensitivis
257 1850 332 1874 non
354 1846 438 1890 surkt
458 1837 568 1885 aliqui
589 1838 745 1873 habitus.

130 1903 160 1939 3.
181 1892 422 1928 PRAETERfia.
445 1892 599 1927 Habitus
615 1892 760 1927 animae
776 1900 859 1927 sunt
872 1892 1059 1935 scientiae,
1079 1901 1114 1927 et
1127 1893 1299 1935 virtutes;
1323 1900 1358 1927 et
1380 1894 1474 1927 sicut
1493 1893 1646 1927 scientia

10 1975 13 1981 ,
55 1945 207 1981 refertur
228 1947 273 1981 ad
294 1947 368 1981 vim
385 1946 700 1994 apprehensivam,
715 1947 765 1981 ita
786 1947 899 1981 virtus
921 1947 965 1981 ad
980 1947 1055 1980 vim
1070 1947 1328 1994 appetitivam:
1345 1947 1407 1982 sed
1422 1947 1459 1981 in
1475 1947 1647 1994 potentiis

8 1999 13 2018 ⁷
28 2004 29 2010 ¹
54 2001 234 2036 sensitivis
248 2011 323 2036 non
338 2009 423 2036 sunt
437 2000 580 2048 aliquae
595 2001 788 2044 scientiae3
808 2012 893 2035 cum
920 2001 1072 2036 scientia
1087 2002 1132 2035 sit
1154 2000 1429 2044 universalium,
1444 2013 1537 2048 quae
1551 2003 1646 2036 vires

55 2055 250 2090 sensitivae
265 2055 536 2102 apprehendere
551 2067 626 2091 non
641 2063 814 2103 possunt;
834 2066 922 2102 ergo
945 2055 1055 2090 etiam
1070 2067 1137 2090 nec
1156 2055 1301 2090 habitus
1317 2055 1492 2090 virtutum
1512 2056 1548 2090 in
1570 2067 1647 2102 par-

10 2123 25 2138 ·
55 2109 152 2145 tibus
170 2109 352 2145 sensitivis
375 2120 453 2145 esse
475 2118 640 2157 possunt.

5 2181 24 2210 „v
127 2163 204 2199 SED
227 2174 385 2199 CONTRA
407 2171 473 2206 est,
488 2164 587 2210 quod
608 2163 748 2198 Philos.
765 2163 852 2198 dicit
874 2163 909 2197 in
936 2175 964 2209 3.
988 2163 1152 2198 Ethicor.
1177 2164 1267 2211 (cap.
1286 2176 1338 2200 10.
1353 2164 1533 2211 inprinc)
1547 2164 1646 2210 quod

55 2217 187 2265 aliquae
203 2219 354 2261 virtutes,
377 2217 517 2253 scilicet
528 2219 782 2265 temperantia,
806 2225 842 2252 et
862 2216 1050 2260 fortitudo,
1072 2223 1147 2252 sunt
1166 2219 1458 2253 irrationabilium
1476 2220 1644 2265 partium.

126 2271 361 2308 RESPONDEO
379 2271 589 2314 dicendum,
605 2271 703 2319 quod
717 2272 812 2306 vires
834 2271 1029 2306 sensitivae
1043 2271 1220 2319 dupliciter
1233 2281 1386 2319 possunt
1404 2273 1645 2307 considerari:

6 2356 17 2370 Ἰ.
55 2337 122 2361 uno
141 2325 252 2369 modo,
275 2325 478 2361 secundum
500 2326 599 2373 quod
621 2334 820 2372 operantur
842 2337 883 2360 ex
906 2325 1079 2360 instinctu
1102 2335 1272 2361 naturae:
1297 2327 1363 2361 alio
1388 2327 1497 2369 modo,
1521 2338 1646 2361 secun-

56 2380 144 2415 dum
165 2380 264 2428 quod
286 2388 485 2428 operantur
510 2391 554 2414 ex
580 2380 736 2427 imperio
758 2380 921 2415 rationis.
951 2379 1164 2414 Secundum
1192 2381 1302 2427 igitur
1328 2381 1425 2428 quod
1449 2389 1647 2428 operantur

30 2451 32 2453 ·
56 2443 100 2469 ex
120 2433 294 2469 instinctu
314 2442 478 2477 naturae,
500 2434 552 2468 sic
579 2434 793 2469 ordinantur
815 2434 859 2468 ad
882 2445 1008 2477 unum,
1035 2434 1129 2469 sicut
1151 2443 1187 2469 et
1212 2444 1359 2478 natura3
1382 2444 1417 2470 et
1438 2435 1535 2477 ideo,
1553 2436 1647 2470 sicut

55 2486 93 2523 in
107 2488 280 2534 potentiis
294 2488 520 2523 naturalibus
534 2499 609 2522 non
625 2496 708 2523 sunt
730 2487 842 2535 aliqui
856 2488 1013 2531 habitus,
1036 2489 1085 2523 ita
1108 2489 1219 2524 etiam
1235 2501 1303 2524 nec
1320 2489 1355 2523 in
1371 2489 1544 2536 potentiis
1566 2501 1646 2524 sen-

55 2541 182 2585 sitivis‚
203 2542 408 2578 secundum
430 2542 529 2589 quod
551 2553 594 2577 ex
616 2542 788 2577 instinctu
807 2550 959 2577 naturae
979 2551 1189 2590 operantur.
1207 2543 1418 2578 Secundum
1442 2555 1531 2578 vero
1548 2544 1645 2590 quod

57 2604 255 2658 operantur
267 2607 311 2631 ex
329 2597 484 2644 imperio
507 2596 669 2638 rationis,
684 2596 735 2631 sic
759 2596 804 2630 ad
823 2596 966 2631 diversa
987 2597 1148 2631 ordinari
1169 2606 1340 2644 possunt:
1364 2606 1399 2632 et
1420 2598 1470 2632 sic
1494 2606 1647 2645 possunt

10 2672 16 2698 .'
54 2647 94 2686 ih
114 2650 167 2686 eis
187 2661 267 2686 esse
289 2650 402 2698 aliqui
421 2650 579 2694 habitus,
601 2650 731 2697 quibus
752 2651 856 2693 bene,
880 2659 942 2685 aut
963 2650 1061 2686 male
1084 2651 1128 2686 ad
1152 2651 1288 2699 aliquid
1310 2652 1564 2698 disponuntur.

127 2705 189 2740 AD
210 2715 363 2741 PRIMUM
384 2715 474 2752 ergo
501 2705 710 2747 dicendum,
738 2705 836 2751 quod
858 2705 953 2739 vires
976 2705 1172 2740 nutritivae
1199 2706 1309 2752 partis
1331 2717 1405 2740 non
1434 2715 1517 2740 sunt
1538 2715 1645 2742 natae

51 2757 204 2794 -obedire
218 2759 374 2806 imperio
389 2759 557 2801 rationis;
581 2767 615 2794 et
636 2759 720 2793 ideo
742 2769 817 2793 non
835 2767 918 2793 sunt
940 2759 975 2793 in
991 2760 1042 2794 eis
1059 2759 1172 2806 aliqui
1190 2760 1353 2795 habitus:
1373 2760 1436 2795 sed
1458 2761 1553 2795 vires
1568 2773 1646 2796 sen·

74 2810 85 2819 '
103 2811 183 2847 'vae
203 2821 312 2848 natae
337 2820 422 2847 sunt
443 2812 591 2848 obedire
607 2812 763 2860 imperio
787 2813 957 2855 rationis;
981 2822 1015 2848 et
1038 2814 1120 2848 ideo
1140 2814 1176 2848 in
1197 2815 1248 2849 eis
1267 2826 1345 2849 esse
1365 2823 1517 2861 possunt
1533 2815 1644 2862 aliqui

106 2865 219 2903 bitus:
240 2878 327 2902 nam
354 2866 558 2902 secundum
585 2867 684 2914 quod
711 2867 887 2902 obediunt
913 2868 1057 2911 rationi,
1085 2869 1364 2915 quodammodo
1392 2870 1572 2904 rationales
1596 2870 1643 2904 di-

129 2928 198 2964 tur,
219 2929 259 2956 ut
278 2921 316 2956 in
341 2931 370 2956 1.
392 2919 511 2956 Ethic.
533 2922 623 2969 (cap.
646 2921 721 2967 ult.)
745 2921 888 2956 dicitur.

16 2971 78 3198 Ξ.
