1923 3198
529 221 752 259 QUAESTIO
785 222 846 253 111.
879 222 1126 254 ARTICULUS
1159 223 1233 254 vn.
1615 227 1670 270 49

100 305 253 352 cipium:
274 304 337 340 sed
359 304 430 340 hoc
452 311 506 340 est
526 315 732 347 erroneum,
754 312 793 340 ut
812 304 849 339 in
872 304 991 352 primo
1013 304 1151 340 dictum
1174 312 1227 340 est
1249 304 1295 352 (q.
1318 317 1374 352 90.
1396 311 1461 341 art.
1482 307 1550 352 3.),·
1574 307 1669 342 unde

98 357 227 394 ultima
261 357 437 406 perfectio
470 357 674 393 intellectus
700 358 853 393 humani
887 366 942 393 est
976 369 1040 405 per
1062 359 1358 404 conjunctionem
1387 359 1431 394 ad
1453 360 1587 402 Deum,
1609 361 1671 407 qui

99 419 153 447 est
173 411 391 459 principium
417 419 452 447 et
479 411 672 447 creationis
699 411 854 454 animae,
892 420 928 446 et
955 411 1234 447 illuminationis
1260 413 1353 458 ejus:
1377 412 1527 459 angelus
1550 422 1671 449 autem

98 464 279 500 illuminat
298 473 487 512 tamquam
514 465 688 507 minister,
712 473 750 500 ut
771 465 806 500 in
828 465 948 513 primo
969 465 1134 500 habitum
1157 474 1211 501 est
1237 468 1283 513 (q.
1306 479 1371 502 111.
1399 472 1463 502 art.
1487 468 1555 513 1.),·
1578 468 1672 502 unde

97 529 174 554 suo
185 519 387 554 ministerio
411 519 556 566 adjuvat
576 519 780 561 hominem,
806 527 844 554 ut
867 519 910 554 ad
932 519 1193 554 beatitudinem
1223 521 1428 567 perveniat3
1449 531 1523 556 non
1551 530 1673 557 autem

97 579 152 608 est
170 572 354 608 humanae
375 572 605 608 beatitudinis
631 573 827 619 objectum.

167 625 230 662 AD
264 636 436 662 TERTIUM
463 626 671 668 dicendum,
697 627 794 673 quod
830 626 956 673 attingi
994 627 1219 674 superiorem
1249 635 1417 662 naturam
1447 628 1489 663 ab
1512 627 1673 663 inferiori

97 679 276 727 contingit
293 679 477 728 dupliciter.
511 681 584 715 Uno
606 680 702 714 modo
724 681 926 715 secundum
954 681 1106 727 gradum
1139 681 1322 728 potentiae
1350 682 1614 729 participantis:
1638 691 1672 718 et

95 732 150 770 sic
171 732 299 769 ultima
320 732 494 781 perfectio
515 733 676 768 hominis
709 734 776 768 erit
811 734 844 768 in
873 733 959 776 hoc,
996 734 1094 780 quod
1124 735 1239 769 homo
1265 735 1416 781 attinget
1447 735 1489 770 ad
1513 745 1673 771 contem-

96 785 283 835 plandum,
303 786 397 822 sicut
417 787 538 834 angeli
561 787 864 834 contemplantur.
888 788 968 823 Alio
991 788 1101 831 modo,
1124 789 1217 823 sicut
1238 789 1422 834 objectum
1445 790 1631 836 attingitur
1652 802 1671 825 a

95 840 279 888 potentia:
301 849 337 876 et
361 841 432 876 hoc
455 841 569 876 modo
595 841 723 876 ultima
744 841 918 888 perfectio
946 842 1137 888 cujuslibet
1163 843 1346 890 potentiae
1373 851 1437 886 est,
1461 852 1498 878 ut
1520 844 1673 890 attingat

43 901 45 903 ’
97 894 142 931 ad
162 894 211 938 id,
224 894 260 930 in
282 906 358 942 quo
379 894 486 943 plene
512 895 693 931 invenitur
714 895 806 930 ratio
828 895 883 930 sui
905 895 1050 942 objecti.

643 1036 992 1083 ARTICULUS
1019 1037 1145 1081 VIII.
1626 1061 1670 1095 24

126 1145 281 1177 UTRUM
306 1145 564 1177 BEATITUDO
598 1146 782 1178 HOMINIS
811 1146 879 1177 SIT
906 1147 951 1178 IN
976 1147 1151 1178 VISIONE
1179 1147 1362 1178 DIVINAE
1389 1147 1639 1179 ESSENTIAE·

316 1233 430 1282 (Supr.
448 1239 512 1269 art.
529 1246 559 1282 3.
581 1239 610 1270 et
627 1239 717 1282 part.
736 1247 764 1270 1.
786 1246 817 1282 q.
836 1246 886 1271 12.
909 1240 974 1270 art.
996 1246 1030 1279 4.
1050 1240 1078 1270 et
1096 1246 1128 1282 q.
1151 1235 1208 1271 26.
1230 1240 1294 1270 art.
1316 1247 1347 1271 2.
1369 1240 1398 1271 et
1420 1247 1448 1283 3.

93 1293 124 1326 cl
140 1300 169 1325 ι.
190 1288 282 1325 Dist.
299 1300 328 1325 1.
349 1300 380 1335 q.
401 1300 430 1324 1.
451 1293 517 1324 art.
538 1300 565 1324 1.
587 1293 617 1324 et
634 1299 665 1324 2.
685 1289 773 1323 Dist.
794 1299 828 1333 4.
842 1293 871 1324 ct
884 1300 918 1333 4.
933 1289 1021 1324 Dist.
1036 1300 1092 1335 49.
1109 1300 1139 1335 q.
1162 1301 1188 1325 1.
1201 1294 1266 1324 art.
1284 1301 1316 1325 2.
1331 1294 1361 1325 ct
1374 1301 1404 1336 q.
1417 1301 1450 1334 4.
1465 1294 1530 1325 art.
1549 1302 1578 1337 5.
1592 1301 1624 1337 q.
1641 1303 1669 1327 1.

218 1347 252 1379 et
266 1342 324 1379 lib.
340 1353 369 1390 3.
393 1341 513 1378 Contr.
531 1353 561 1389 g.
584 1348 656 1389 cap.
679 1353 728 1389 25.
749 1347 779 1378 et
796 1353 848 1389 32.
870 1347 900 1377 et
920 1348 1027 1390 opusc.
1047 1355 1075 1389 3.
1095 1349 1167 1389 cap.
1189 1343 1266 1379 106.
1286 1354 1360 1390 107.
1382 1345 1457 1380 108.
1479 1356 1539 1391 153·

576 1395 654 1432 166.
675 1396 750 1443 167.
771 1396 847 1432 168.
869 1408 935 1443 175.
953 1397 1032 1432 262.
1055 1401 1083 1432 et
1103 1397 1213 1443 264).

167 1485 229 1522 AD
250 1495 440 1522 OCTAVUM
462 1485 514 1520 sic
535 1485 754 1532 proceditur.
776 1484 941 1529 Videtur,
964 1485 1062 1533 quod
1082 1485 1270 1521 beatitudo
1292 1486 1454 1522 hominis
1476 1498 1550 1522 non
1572 1488 1617 1523 sit
1631 1488 1667 1523 in

96 1539 240 1576 visione
248 1539 360 1587 ipsius
373 1539 517 1574 divinae
531 1539 724 1574 essentiae:
740 1539 827 1575 dicit
841 1540 939 1575 enim
953 1540 1107 1587 Dionys.
1127 1540 1164 1574 in
1183 1551 1211 1575 1.
1231 1551 1308 1588 cap.
1325 1541 1468 1588 Mystic.
1484 1540 1669 1588 Theolog.

98 1593 158 1640 (ad
174 1594 249 1642 fin.)
272 1593 371 1642 quod
391 1604 456 1641 per
475 1593 524 1637 id,
538 1594 636 1641 quod
655 1602 710 1630 est
730 1605 943 1641 supremum
961 1594 1177 1637 intellectus,
1191 1594 1308 1629 homo
1322 1595 1404 1630 Deo
1424 1597 1670 1642 conjungitur,

93 1648 189 1685 sicut
208 1648 362 1684 omnino
388 1648 536 1695 ignoto:
559 1648 622 1683 sed
647 1648 696 1690 id,
723 1649 821 1695 quod
843 1648 986 1683 videtur
1012 1659 1075 1695 per
1101 1649 1308 1691 essentiam,
1335 1660 1409 1684 non
1436 1657 1491 1684 est
1516 1651 1669 1685 omnino

92 1702 279 1750 ignotum:
307 1713 396 1749 ergo
421 1701 549 1737 ultima
576 1701 782 1737 intellectus
809 1701 996 1748 perfectio,
1023 1713 1086 1737 seu
1112 1702 1298 1737 beatitudo
1324 1714 1399 1737 non
1434 1704 1599 1739 consistit
1633 1704 1668 1739 in

91 1755 178 1800 hoc,
198 1755 296 1804 quod
316 1755 418 1791 Deus
438 1767 502 1803 per
519 1756 716 1791 essentiam
738 1756 892 1791 videtur.

164 1819 197 1845 2.
218 1809 458 1846 PRAETEREA.
481 1809 633 1845 Altioris
654 1817 806 1845 naturae
823 1809 999 1857 perfectio
1018 1809 1126 1845 altior
1140 1818 1209 1853 est;
1231 1810 1294 1846 sed
1307 1810 1399 1845 haec
1419 1819 1473 1846 est
1494 1810 1668 1858 perfectio

93 1863 209 1900 divini
228 1862 435 1899 intellectus
460 1863 618 1911 propria,
644 1871 683 1898 ut
709 1875 812 1898 suam
840 1864 1035 1898 essentiam
1057 1864 1194 1906 videat3
1221 1875 1310 1910 ergo
1337 1864 1465 1899 ultima
1494 1864 1668 1912 perfectio

90 1916 296 1954 intellectus
316 1917 470 1953 humani
493 1917 537 1952 ad
559 1917 631 1952 hoc
653 1929 728 1952 non
749 1918 932 1965 pertingit,
954 1918 1016 1952 sed
1038 1917 1130 1952 infra
1151 1918 1322 1954 subsistit.

163 1967 240 2008 SE'D
265 1981 423 2008 CONTRA
448 1979 513 2014 est,
539 1971 637 2019 quod
663 1971 794 2006 dicitur
819 1972 958 2019 primae
979 1971 1110 2018 Joann.
1136 1983 1177 2018 3.:
1207 1972 1293 2008 Cum
1319 1974 1524 2020 apparuerit,
1545 1973 1666 2009 similes

91 2026 125 2062 ei
142 2025 280 2070 erimus,
300 2029 331 2062 a
348 2024 534 2061 videbimus
552 2037 639 2068 eum,
658 2027 756 2061 sicuti
774 2031 828 2061 est.

161 2078 394 2117 Rmoumzo
412 2078 619 2122 dicendum,
641 2079 738 2126 quod
760 2079 900 2122 ultima,
922 2087 958 2114 et
971 2079 1129 2126 perfecta
1150 2079 1335 2115 beatitudo
1358 2091 1433 2115 non
1448 2088 1568 2127 potest
1589 2091 1667 2116 esse

91 2132 163 2169 nisi
181 2132 220 2169 in
238 2132 380 2169 visione
398 2132 541 2168 divinae
559 2133 748 2168 essentiae.
770 2133 828 2168 Ad
848 2134 949 2179 cujus
971 2133 1191 2169 evidentiam
1209 2134 1274 2169 duo
1293 2134 1558 2170 consideranda
1573 2144 1666 2170 sunt.

95 2186 215 2224 Primo
235 2186 396 2235 quidem,
417 2187 514 2235 quod
535 2186 652 2222 homo
673 2198 748 2222 non
770 2195 824 2222 est
844 2186 1003 2234 perfecte
1023 2187 1161 2230 beatus,
1183 2188 1358 2234 quamdiu
1385 2197 1495 2223 restat
1515 2189 1582 2223 sibi
1609 2189 1670 2223 ali-

92 2240 180 2288 quid
201 2240 494 2284 desiderandum,
515 2249 550 2276 et
564 2240 824 2288 quaerendum.
839 2240 1024 2276 Secundum
1043 2249 1108 2284 est,
1129 2242 1227 2288 quod
1250 2241 1532 2289 uniuscujusque
1546 2251 1670 2289 poten-

91 2294 165 2330 tiae
190 2293 366 2342 perfectio
393 2294 588 2330 attenditur
614 2295 816 2330 secundum
842 2295 1022 2330 rationem
1053 2295 1108 2330 sui
1138 2295 1282 2341 objecti.
1314 2295 1512 2342 Objectum
1546 2305 1668 2331 autem

92 2347 298 2384 intellectus
323 2356 378 2384 est
398 2348 495 2396 quod
523 2348 608 2396 quid
635 2356 699 2391 est,
726 2349 820 2384 idest
845 2349 1001 2384 essentia
1027 2349 1090 2391 rei,
1117 2357 1156 2384 ut
1181 2349 1311 2384 dicitur
1340 2349 1376 2384 in
1407 2361 1434 2396 3.
1462 2350 1506 2385 de
1532 2350 1669 2385 Anima

90 2403 172 2448 (ux.
192 2402 291 2450 26.):
313 2402 408 2438 unde
429 2402 611 2438 intantum
632 2402 796 2450 procedit
811 2401 987 2450 perfectio
1002 2402 1218 2445 intellectus,
1240 2403 1454 2450 inquantum
1478 2404 1670 2450 cognoscit

43 2490 45 2497 ⁴
92 2455 287 2492 essentiam
309 2455 462 2503 alicujus
491 2456 553 2491 rei.
584 2456 623 2491 Si
645 2468 732 2504 ergo
763 2456 970 2493 intellectus
999 2457 1128 2505 aliquis
1158 2466 1359 2504 cognoscat
1385 2459 1578 2493 essentiam
1610 2459 1670 2493 ali-

91 2509 195 2557 cujus
217 2508 380 2553 effectus,
401 2521 466 2558 per
486 2521 596 2557 quam
625 2510 739 2558 possit
766 2511 942 2557 cognosci
964 2512 1118 2546 essentia
1141 2523 1284 2554 causae,
1306 2520 1345 2546 ut
1371 2512 1509 2547 scilicet
1535 2513 1669 2547 sciatur

95 2563 140 2599 de
161 2574 270 2599 causa
297 2563 382 2612 quid
410 2572 475 2608 est,
501 2575 576 2599 non
607 2564 739 2599 dicitur
765 2564 969 2600 intellectus
997 2566 1172 2612 attingere
1200 2566 1243 2600 ad
1271 2577 1418 2600 causam
1447 2566 1668 2613 simpliciter,

93 2617 260 2665 quamvis
281 2628 345 2665 per
366 2616 536 2653 effectum
566 2629 791 2665 cognoscere
818 2619 933 2666 possit
959 2619 1002 2654 dc
1030 2631 1150 2661 causa,
1174 2631 1217 2653 an
1245 2619 1308 2662 sit;
1336 2627 1370 2654 ct
1396 2620 1478 2654 idco
1506 2629 1669 2655 remanet

91 2670 304 2707 naturaliter
322 2671 467 2707 homini
488 2671 720 2714 desiderium,
743 2683 828 2707 cum
853 2673 1044 2720 cognoscit
1070 2672 1252 2716 effectum,
1275 2682 1309 2708 et
1331 2673 1407 2716 scit,
1429 2685 1513 2708 eum
1535 2674 1667 2709 habere

93 2734 255 2768 causam,
277 2732 316 2760 ut
336 2725 446 2760 etiam
469 2724 559 2760 sciat
581 2726 623 2760 de
639 2737 759 2768 causa,
782 2726 866 2773 quid
891 2735 963 2769 est;
979 2735 1013 2761 ct
1034 2726 1120 2761 illud
1137 2727 1353 2762 desiderium
1371 2735 1424 2761 cst
1446 2727 1669 2762 administra-

91 2777 214 2822 tionis,
235 2786 271 2814 et
292 2787 417 2814 causat
438 2778 722 2826 inquisitionem,
745 2787 783 2814 ut
804 2780 935 2814 dicitur
957 2780 991 2814 in
1012 2780 1190 2827 principio
1214 2781 1416 2827 Metapltys.
1441 2781 1527 2827 (cup.
1551 2793 1581 2816 2.
1604 2783 1666 2816 cir.

91 2831 208 2879 med),
228 2840 327 2880 puta,
348 2832 378 2868 si
400 2831 529 2880 aliquis
547 2843 776 2879 cognoscens
804 2833 969 2881 eclipsim
996 2834 1084 2868 solis
1113 2834 1329 2875 considerat,
1357 2835 1454 2880 quod
1477 2847 1518 2869 cx
1547 2834 1665 2882 aliqua

95 2894 206 2922 causa
230 2885 407 2934 procedit,
436 2886 481 2921 de
510 2897 594 2934 qua,
622 2887 706 2934 quia
727 2887 854 2929 nescit,
882 2887 966 2934 quid
990 2888 1045 2929 sit,
1077 2888 1287 2929 admiratur,
1321 2896 1356 2922 et
1378 2888 1592 2923 admirando
1617 2889 1666 2923 in-

88 2938 220 2988 quirin
235 2950 305 2976 nec
324 2939 393 2976 ista
414 2939 600 2987 inquisitio
621 2940 785 2988 quiescit,
807 2951 996 2988 quousque
1018 2942 1205 2988 perveniat
1226 2942 1269 2976 ad
1290 2942 1590 2988 cognoscendum
1614 2954 1665 2978 cs-
