<?xml version="1.0" encoding="UTF-8"?>
<!DOCTYPE html PUBLIC "-//W3C//DTD XHTML 1.0 Transitional//EN"
    "http://www.w3.org/TR/xhtml1/DTD/xhtml1-transitional.dtd">
<html xmlns="http://www.w3.org/1999/xhtml" xml:lang="en" lang="en">
 <head>
  <title>
</title>
<meta http-equiv="Content-Type" content="text/html;charset=utf-8" />
  <meta name='ocr-system' content='tesseract 3.04.00' />
  <meta name='ocr-capabilities' content='ocr_page ocr_carea ocr_par ocr_line ocrx_word'/>
</head>
<body>
  <div class='ocr_page' id='page_1' title='image "./divithomaeaquina02thomuoft_0616.png"; bbox 0 0 1875 3198; ppageno 0'>
   <div class='ocr_carea' id='block_1_1' title="bbox 199 197 1366 241">
    <p class='ocr_par' dir='ltr' id='par_1_1' title="bbox 199 197 1366 241">
     <span class='ocr_line' id='line_1_1' title="bbox 199 197 1366 241; baseline -0.003 -4"><span class='ocrx_word' id='word_1_1' title='bbox 199 197 282 237; x_wconf 89' lang='lat'>612</span> <span class='ocrx_word' id='word_1_2' title='bbox 597 205 820 241; x_wconf 88' lang='lat' dir='ltr'><strong>QUAESTIO</strong></span> <span class='ocrx_word' id='word_1_3' title='bbox 853 205 1013 234; x_wconf 80' lang='lat' dir='ltr'>LXXXV.</span> <span class='ocrx_word' id='word_1_4' title='bbox 1048 203 1293 234; x_wconf 89' lang='lat' dir='ltr'>ARTICULUS</span> <span class='ocrx_word' id='word_1_5' title='bbox 1325 204 1366 233; x_wconf 89' lang='lat' dir='ltr'>V.</span> 
     </span>
    </p>
   </div>
   <div class='ocr_carea' id='block_1_2' title="bbox 198 283 1838 2104">
    <p class='ocr_par' dir='ltr' id='par_1_2' title="bbox 198 283 1776 707">
     <span class='ocr_line' id='line_1_2' title="bbox 198 283 1772 333; baseline -0.004 -10"><span class='ocrx_word' id='word_1_6' title='bbox 198 290 380 323; x_wconf 85' lang='lat' dir='ltr'>subtracta</span> <span class='ocrx_word' id='word_1_7' title='bbox 401 289 469 322; x_wconf 86' lang='lat' dir='ltr'>hac</span> <span class='ocrx_word' id='word_1_8' title='bbox 498 287 667 333; x_wconf 78' lang='lat' dir='ltr'>originali</span> <span class='ocrx_word' id='word_1_9' title='bbox 687 286 821 333; x_wconf 78' lang='lat' dir='ltr'>justitia</span> <span class='ocrx_word' id='word_1_10' title='bbox 847 297 910 332; x_wconf 88' lang='lat' dir='ltr'>per</span> <span class='ocrx_word' id='word_1_11' title='bbox 931 294 1124 331; x_wconf 85' lang='lat' dir='ltr'>peccatum</span> <span class='ocrx_word' id='word_1_12' title='bbox 1143 285 1250 331; x_wconf 90' lang='lat' dir='ltr'>primi</span> <span class='ocrx_word' id='word_1_13' title='bbox 1276 284 1444 330; x_wconf 87' lang='lat' dir='ltr'>parentis,</span> <span class='ocrx_word' id='word_1_14' title='bbox 1467 284 1560 318; x_wconf 83' lang='lat' dir='ltr'>sicut</span> <span class='ocrx_word' id='word_1_15' title='bbox 1583 283 1772 318; x_wconf 86' lang='lat' dir='ltr'>vulnerata</span> 
     </span>
     <span class='ocr_line' id='line_1_3' title="bbox 201 337 1773 387; baseline -0.004 -9"><span class='ocrx_word' id='word_1_16' title='bbox 201 351 255 378; x_wconf 92' lang='lat' dir='ltr'>est</span> <span class='ocrx_word' id='word_1_17' title='bbox 275 343 437 377; x_wconf 84' lang='lat' dir='ltr'>humana</span> <span class='ocrx_word' id='word_1_18' title='bbox 458 350 586 376; x_wconf 87' lang='lat' dir='ltr'>natura</span> <span class='ocrx_word' id='word_1_19' title='bbox 608 348 784 387; x_wconf 87' lang='lat' dir='ltr'>quantum</span> <span class='ocrx_word' id='word_1_20' title='bbox 800 340 844 373; x_wconf 88' lang='lat' dir='ltr'>ad</span> <span class='ocrx_word' id='word_1_21' title='bbox 867 340 1028 373; x_wconf 90' lang='lat' dir='ltr'>animam</span> <span class='ocrx_word' id='word_1_22' title='bbox 1043 351 1106 385; x_wconf 89' lang='lat' dir='ltr'>per</span> <span class='ocrx_word' id='word_1_23' title='bbox 1125 338 1441 373; x_wconf 88' lang='lat' dir='ltr'>deordinationem</span> <span class='ocrx_word' id='word_1_24' title='bbox 1462 337 1720 384; x_wconf 87' lang='lat' dir='ltr'>potentiarum,</span> <span class='ocrx_word' id='word_1_25' title='bbox 1733 345 1773 371; x_wconf 91' lang='lat' dir='ltr'>ut</span> 
     </span>
     <span class='ocr_line' id='line_1_4' title="bbox 201 390 1773 443; baseline -0.004 -12"><span class='ocrx_word' id='word_1_26' title='bbox 201 408 308 443; x_wconf 90' lang='lat' dir='ltr'>supra</span> <span class='ocrx_word' id='word_1_27' title='bbox 331 397 467 430; x_wconf 88' lang='lat' dir='ltr'>dictum</span> <span class='ocrx_word' id='word_1_28' title='bbox 490 403 543 430; x_wconf 90' lang='lat' dir='ltr'>est</span> <span class='ocrx_word' id='word_1_29' title='bbox 560 395 645 439; x_wconf 77' lang='lat' dir='ltr'>(art.</span> <span class='ocrx_word' id='word_1_30' title='bbox 664 400 774 440; x_wconf 66' lang='lat' dir='ltr'>praec.</span> <span class='ocrx_word' id='word_1_31' title='bbox 795 399 864 439; x_wconf 65' lang='lat' dir='ltr'>atq.</span> <span class='ocrx_word' id='word_1_32' title='bbox 879 394 926 439; x_wconf 76' lang='lat'>83.</span> <span class='ocrx_word' id='word_1_33' title='bbox 947 398 1010 427; x_wconf 81' lang='lat' dir='ltr'>art.</span> <span class='ocrx_word' id='word_1_34' title='bbox 1032 394 1096 439; x_wconf 78' lang='lat'><em>3.):</em></span> <span class='ocrx_word' id='word_1_35' title='bbox 1116 393 1165 426; x_wconf 91' lang='lat' dir='ltr'>ita</span> <span class='ocrx_word' id='word_1_36' title='bbox 1188 392 1299 426; x_wconf 88' lang='lat' dir='ltr'>etiam</span> <span class='ocrx_word' id='word_1_37' title='bbox 1315 399 1368 426; x_wconf 90' lang='lat' dir='ltr'>est</span> <span class='ocrx_word' id='word_1_38' title='bbox 1382 390 1622 436; x_wconf 88' lang='lat' dir='ltr'>corruptibilis</span> <span class='ocrx_word' id='word_1_39' title='bbox 1644 390 1773 425; x_wconf 86' lang='lat' dir='ltr'>effecta</span> 
     </span>
     <span class='ocr_line' id='line_1_5' title="bbox 200 444 1773 497; baseline -0.004 -13"><span class='ocrx_word' id='word_1_40' title='bbox 200 462 263 497; x_wconf 88' lang='lat' dir='ltr'>per</span> <span class='ocrx_word' id='word_1_41' title='bbox 278 450 593 484; x_wconf 87' lang='lat' dir='ltr'>deordinationem</span> <span class='ocrx_word' id='word_1_42' title='bbox 615 448 726 493; x_wconf 90' lang='lat' dir='ltr'>ipsius</span> <span class='ocrx_word' id='word_1_43' title='bbox 742 447 916 492; x_wconf 87' lang='lat' dir='ltr'>corporis.</span> <span class='ocrx_word' id='word_1_44' title='bbox 939 446 1145 480; x_wconf 86' lang='lat' dir='ltr'>Subtractio</span> <span class='ocrx_word' id='word_1_45' title='bbox 1162 453 1283 479; x_wconf 87' lang='lat' dir='ltr'>autem</span> <span class='ocrx_word' id='word_1_46' title='bbox 1298 444 1483 490; x_wconf 86' lang='lat' dir='ltr'>originalis</span> <span class='ocrx_word' id='word_1_47' title='bbox 1497 444 1652 490; x_wconf 79' lang='lat' dir='ltr'>justitiae</span> <span class='ocrx_word' id='word_1_48' title='bbox 1665 444 1773 478; x_wconf 89' lang='lat' dir='ltr'>habet</span> 
     </span>
     <span class='ocr_line' id='line_1_6' title="bbox 202 498 1774 547; baseline -0.004 -10"><span class='ocrx_word' id='word_1_49' title='bbox 202 503 382 537; x_wconf 89' lang='lat' dir='ltr'>rationem</span> <span class='ocrx_word' id='word_1_50' title='bbox 404 512 557 547; x_wconf 87' lang='lat' dir='ltr'>poenae,</span> <span class='ocrx_word' id='word_1_51' title='bbox 579 501 672 535; x_wconf 88' lang='lat' dir='ltr'>sicut</span> <span class='ocrx_word' id='word_1_52' title='bbox 694 500 804 534; x_wconf 86' lang='lat' dir='ltr'>etiam</span> <span class='ocrx_word' id='word_1_53' title='bbox 827 499 1024 534; x_wconf 75' lang='lat' dir='ltr'>subtractio</span> <span class='ocrx_word' id='word_1_54' title='bbox 1048 500 1203 545; x_wconf 83' lang='lat' dir='ltr'>gratiae3</span> <span class='ocrx_word' id='word_1_55' title='bbox 1222 498 1317 532; x_wconf 90' lang='lat' dir='ltr'>unde</span> <span class='ocrx_word' id='word_1_56' title='bbox 1336 498 1446 532; x_wconf 86' lang='lat' dir='ltr'>etiam</span> <span class='ocrx_word' id='word_1_57' title='bbox 1467 508 1578 539; x_wconf 88' lang='lat' dir='ltr'>mors,</span> <span class='ocrx_word' id='word_1_58' title='bbox 1601 504 1635 531; x_wconf 89' lang='lat' dir='ltr'>et</span> <span class='ocrx_word' id='word_1_59' title='bbox 1645 508 1774 531; x_wconf 91' lang='lat' dir='ltr'>omnes</span> 
     </span>
     <span class='ocr_line' id='line_1_7' title="bbox 203 550 1776 600; baseline -0.004 -10"><span class='ocrx_word' id='word_1_60' title='bbox 203 556 363 591; x_wconf 87' lang='lat' dir='ltr'>defectus</span> <span class='ocrx_word' id='word_1_61' title='bbox 387 554 595 600; x_wconf 83' lang='lat' dir='ltr'>corporales</span> <span class='ocrx_word' id='word_1_62' title='bbox 619 561 883 599; x_wconf 73' lang='lat' dir='ltr'>consequentes</span> <span class='ocrx_word' id='word_1_63' title='bbox 906 561 988 587; x_wconf 88' lang='lat' dir='ltr'>sunt</span> <span class='ocrx_word' id='word_1_64' title='bbox 1003 552 1184 598; x_wconf 88' lang='lat' dir='ltr'>quaedam</span> <span class='ocrx_word' id='word_1_65' title='bbox 1206 562 1346 596; x_wconf 88' lang='lat' dir='ltr'>poenae</span> <span class='ocrx_word' id='word_1_66' title='bbox 1365 550 1552 597; x_wconf 87' lang='lat' dir='ltr'>originalis</span> <span class='ocrx_word' id='word_1_67' title='bbox 1567 550 1724 596; x_wconf 89' lang='lat' dir='ltr'>peccati:</span> <span class='ocrx_word' id='word_1_68' title='bbox 1741 558 1776 584; x_wconf 89' lang='lat' dir='ltr'>et</span> 
     </span>
     <span class='ocr_line' id='line_1_8' title="bbox 203 603 1776 657; baseline -0.004 -14"><span class='ocrx_word' id='word_1_69' title='bbox 203 610 369 657; x_wconf 78' lang='lat' dir='ltr'>quamvis</span> <span class='ocrx_word' id='word_1_70' title='bbox 391 607 603 654; x_wconf 80' lang='lat' dir='ltr'>hujusmodi</span> <span class='ocrx_word' id='word_1_71' title='bbox 625 606 785 640; x_wconf 87' lang='lat' dir='ltr'>defectus</span> <span class='ocrx_word' id='word_1_72' title='bbox 801 617 876 640; x_wconf 91' lang='lat' dir='ltr'>non</span> <span class='ocrx_word' id='word_1_73' title='bbox 895 606 966 640; x_wconf 87' lang='lat' dir='ltr'>sint</span> <span class='ocrx_word' id='word_1_74' title='bbox 986 605 1115 640; x_wconf 88' lang='lat' dir='ltr'>intenti</span> <span class='ocrx_word' id='word_1_75' title='bbox 1136 617 1156 639; x_wconf 91' lang='lat' dir='ltr'>a</span> <span class='ocrx_word' id='word_1_76' title='bbox 1173 612 1360 651; x_wconf 84' lang='lat' dir='ltr'>peccante,</span> <span class='ocrx_word' id='word_1_77' title='bbox 1376 612 1458 638; x_wconf 89' lang='lat' dir='ltr'>sunt</span> <span class='ocrx_word' id='word_1_78' title='bbox 1474 611 1599 639; x_wconf 85' lang='lat' dir='ltr'>tamen</span> <span class='ocrx_word' id='word_1_79' title='bbox 1621 603 1776 638; x_wconf 88' lang='lat' dir='ltr'>ordinati</span> 
     </span>
     <span class='ocr_line' id='line_1_9' title="bbox 204 659 906 707; baseline -0.006 -9"><span class='ocrx_word' id='word_1_80' title='bbox 204 663 406 698; x_wconf 89' lang='lat' dir='ltr'>secundum</span> <span class='ocrx_word' id='word_1_81' title='bbox 425 661 600 707; x_wconf 84' lang='lat' dir='ltr'>justitiam</span> <span class='ocrx_word' id='word_1_82' title='bbox 621 660 692 694; x_wconf 89' lang='lat' dir='ltr'>Dei</span> <span class='ocrx_word' id='word_1_83' title='bbox 714 659 906 705; x_wconf 89' lang='lat' dir='ltr'>punientis.</span> 
     </span>
    </p>

    <p class='ocr_par' dir='ltr' id='par_1_3' title="bbox 204 709 1782 1244">
     <span class='ocr_line' id='line_1_10' title="bbox 273 709 1776 759; baseline -0.004 -9"><span class='ocrx_word' id='word_1_84' title='bbox 273 717 333 750; x_wconf 87' lang='lat' dir='ltr'>AD</span> <span class='ocrx_word' id='word_1_85' title='bbox 348 726 498 750; x_wconf 79' lang='lat' dir='ltr'><strong>PRIMUM</strong></span> <span class='ocrx_word' id='word_1_86' title='bbox 517 725 604 759; x_wconf 83' lang='lat' dir='ltr'>ergo</span> <span class='ocrx_word' id='word_1_87' title='bbox 620 713 826 754; x_wconf 85' lang='lat' dir='ltr'>dicendum,</span> <span class='ocrx_word' id='word_1_88' title='bbox 843 712 940 759; x_wconf 91' lang='lat' dir='ltr'>quod</span> <span class='ocrx_word' id='word_1_89' title='bbox 956 711 1154 758; x_wconf 82' lang='lat' dir='ltr'>aequalitas</span> <span class='ocrx_word' id='word_1_90' title='bbox 1171 722 1301 745; x_wconf 87' lang='lat' dir='ltr'>causae</span> <span class='ocrx_word' id='word_1_91' title='bbox 1316 722 1380 757; x_wconf 89' lang='lat' dir='ltr'>per</span> <span class='ocrx_word' id='word_1_92' title='bbox 1393 722 1431 745; x_wconf 90' lang='lat' dir='ltr'>se</span> <span class='ocrx_word' id='word_1_93' title='bbox 1447 718 1572 745; x_wconf 90' lang='lat' dir='ltr'>causat</span> <span class='ocrx_word' id='word_1_94' title='bbox 1585 709 1776 756; x_wconf 89' lang='lat' dir='ltr'>aequalem</span> 
     </span>
     <span class='ocr_line' id='line_1_11' title="bbox 204 764 1777 814; baseline -0.004 -10"><span class='ocrx_word' id='word_1_95' title='bbox 204 770 390 805; x_wconf 86' lang='lat' dir='ltr'>effectum:</span> <span class='ocrx_word' id='word_1_96' title='bbox 407 775 640 814; x_wconf 76' lang='lat' dir='ltr'>augmentata</span> <span class='ocrx_word' id='word_1_97' title='bbox 656 767 764 808; x_wconf 86' lang='lat' dir='ltr'>enim,</span> <span class='ocrx_word' id='word_1_98' title='bbox 780 766 838 800; x_wconf 84' lang='lat' dir='ltr'>vel</span> <span class='ocrx_word' id='word_1_99' title='bbox 857 766 1034 800; x_wconf 87' lang='lat' dir='ltr'>diminuta</span> <span class='ocrx_word' id='word_1_100' title='bbox 1050 776 1159 800; x_wconf 89' lang='lat' dir='ltr'>causa</span> <span class='ocrx_word' id='word_1_101' title='bbox 1177 777 1242 811; x_wconf 87' lang='lat' dir='ltr'>per</span> <span class='ocrx_word' id='word_1_102' title='bbox 1255 776 1292 799; x_wconf 86' lang='lat' dir='ltr'>se</span> <span class='ocrx_word' id='word_1_103' title='bbox 1313 772 1475 810; x_wconf 85' lang='lat' dir='ltr'>augetur,</span> <span class='ocrx_word' id='word_1_104' title='bbox 1489 764 1548 798; x_wconf 87' lang='lat' dir='ltr'>vel</span> <span class='ocrx_word' id='word_1_105' title='bbox 1567 764 1777 798; x_wconf 89' lang='lat' dir='ltr'>diminuitur</span> 
     </span>
     <span class='ocr_line' id='line_1_12' title="bbox 205 817 1779 868; baseline -0.004 -10"><span class='ocrx_word' id='word_1_106' title='bbox 205 824 371 858; x_wconf 83' lang='lat' dir='ltr'>effectus:</span> <span class='ocrx_word' id='word_1_107' title='bbox 394 823 457 857; x_wconf 90' lang='lat' dir='ltr'>sed</span> <span class='ocrx_word' id='word_1_108' title='bbox 479 821 678 868; x_wconf 78' lang='lat' dir='ltr'>aequalitas</span> <span class='ocrx_word' id='word_1_109' title='bbox 701 831 832 854; x_wconf 77' lang='lat' dir='ltr'>causae</span> <span class='ocrx_word' id='word_1_110' title='bbox 854 820 1076 854; x_wconf 84' lang='lat' dir='ltr'>removentis</span> <span class='ocrx_word' id='word_1_111' title='bbox 1092 819 1288 865; x_wconf 87' lang='lat' dir='ltr'>prohibens</span> <span class='ocrx_word' id='word_1_112' title='bbox 1309 829 1384 852; x_wconf 89' lang='lat' dir='ltr'>non</span> <span class='ocrx_word' id='word_1_113' title='bbox 1407 819 1565 852; x_wconf 88' lang='lat' dir='ltr'>ostendit</span> <span class='ocrx_word' id='word_1_114' title='bbox 1586 817 1779 864; x_wconf 85' lang='lat' dir='ltr'>aequalita-</span> 
     </span>
     <span class='ocr_line' id='line_1_13' title="bbox 205 871 1779 921; baseline -0.004 -9"><span class='ocrx_word' id='word_1_115' title='bbox 205 887 280 912; x_wconf 90' lang='lat' dir='ltr'>tem</span> <span class='ocrx_word' id='word_1_116' title='bbox 303 876 492 911; x_wconf 80' lang='lat' dir='ltr'>effectum:</span> <span class='ocrx_word' id='word_1_117' title='bbox 517 876 546 910; x_wconf 91' lang='lat' dir='ltr'>si</span> <span class='ocrx_word' id='word_1_118' title='bbox 568 875 645 921; x_wconf 88' lang='lat' dir='ltr'>quis</span> <span class='ocrx_word' id='word_1_119' title='bbox 663 874 762 909; x_wconf 90' lang='lat' dir='ltr'>enim</span> <span class='ocrx_word' id='word_1_120' title='bbox 785 873 927 920; x_wconf 84' lang='lat' dir='ltr'>aequali</span> <span class='ocrx_word' id='word_1_121' title='bbox 948 872 1106 918; x_wconf 88' lang='lat' dir='ltr'>impulsu</span> <span class='ocrx_word' id='word_1_122' title='bbox 1129 872 1277 906; x_wconf 88' lang='lat' dir='ltr'>divellat</span> <span class='ocrx_word' id='word_1_123' title='bbox 1297 872 1386 906; x_wconf 89' lang='lat' dir='ltr'>duas</span> <span class='ocrx_word' id='word_1_124' title='bbox 1409 871 1612 914; x_wconf 88' lang='lat' dir='ltr'>columnas,</span> <span class='ocrx_word' id='word_1_125' title='bbox 1633 883 1708 905; x_wconf 91' lang='lat' dir='ltr'>non</span> <span class='ocrx_word' id='word_1_126' title='bbox 1726 882 1779 905; x_wconf 86' lang='lat' dir='ltr'>se-</span> 
     </span>
     <span class='ocr_line' id='line_1_14' title="bbox 206 925 1780 977; baseline -0.004 -13"><span class='ocrx_word' id='word_1_127' title='bbox 206 931 336 977; x_wconf 90' lang='lat' dir='ltr'>quitur,</span> <span class='ocrx_word' id='word_1_128' title='bbox 359 930 456 976; x_wconf 88' lang='lat' dir='ltr'>quod</span> <span class='ocrx_word' id='word_1_129' title='bbox 478 929 615 974; x_wconf 84' lang='lat' dir='ltr'>lapides</span> <span class='ocrx_word' id='word_1_130' title='bbox 637 927 852 974; x_wconf 81' lang='lat' dir='ltr'>superpositi</span> <span class='ocrx_word' id='word_1_131' title='bbox 874 926 1072 973; x_wconf 84' lang='lat' dir='ltr'>aequaliter</span> <span class='ocrx_word' id='word_1_132' title='bbox 1093 933 1325 960; x_wconf 86' lang='lat' dir='ltr'>moveantur:</span> <span class='ocrx_word' id='word_1_133' title='bbox 1348 925 1411 960; x_wconf 87' lang='lat' dir='ltr'>sed</span> <span class='ocrx_word' id='word_1_134' title='bbox 1437 925 1498 960; x_wconf 92' lang='lat' dir='ltr'>ille</span> <span class='ocrx_word' id='word_1_135' title='bbox 1518 925 1682 959; x_wconf 88' lang='lat' dir='ltr'>velocius</span> <span class='ocrx_word' id='word_1_136' title='bbox 1703 936 1780 959; x_wconf 88' lang='lat' dir='ltr'>mo-</span> 
     </span>
     <span class='ocr_line' id='line_1_15' title="bbox 205 979 1780 1029; baseline -0.004 -11"><span class='ocrx_word' id='word_1_137' title='bbox 205 984 355 1025; x_wconf 85' lang='lat' dir='ltr'>vebitur,</span> <span class='ocrx_word' id='word_1_138' title='bbox 370 983 430 1029; x_wconf 85' lang='lat' dir='ltr'>qui</span> <span class='ocrx_word' id='word_1_139' title='bbox 453 982 597 1028; x_wconf 82' lang='lat' dir='ltr'>gravior</span> <span class='ocrx_word' id='word_1_140' title='bbox 619 982 685 1015; x_wconf 85' lang='lat' dir='ltr'>erit</span> <span class='ocrx_word' id='word_1_141' title='bbox 699 981 899 1015; x_wconf 90' lang='lat' dir='ltr'>secundum</span> <span class='ocrx_word' id='word_1_142' title='bbox 914 981 1174 1026; x_wconf 85' lang='lat' dir='ltr'>proprietatem</span> <span class='ocrx_word' id='word_1_143' title='bbox 1200 991 1286 1014; x_wconf 89' lang='lat' dir='ltr'>suae</span> <span class='ocrx_word' id='word_1_144' title='bbox 1306 987 1468 1021; x_wconf 86' lang='lat' dir='ltr'>naturae,</span> <span class='ocrx_word' id='word_1_145' title='bbox 1491 979 1549 1013; x_wconf 87' lang='lat' dir='ltr'>cui</span> <span class='ocrx_word' id='word_1_146' title='bbox 1566 979 1780 1025; x_wconf 80' lang='lat' dir='ltr'>relinquitur</span> 
     </span>
     <span class='ocr_line' id='line_1_16' title="bbox 205 1032 1781 1082; baseline -0.004 -10"><span class='ocrx_word' id='word_1_147' title='bbox 205 1045 349 1072; x_wconf 81' lang='lat' dir='ltr'>remoto</span> <span class='ocrx_word' id='word_1_148' title='bbox 365 1037 597 1082; x_wconf 82' lang='lat' dir='ltr'>prohibente3</span> <span class='ocrx_word' id='word_1_149' title='bbox 609 1035 658 1069; x_wconf 87' lang='lat' dir='ltr'>sic</span> <span class='ocrx_word' id='word_1_150' title='bbox 675 1035 795 1080; x_wconf 83' lang='lat' dir='ltr'>igitur,</span> <span class='ocrx_word' id='word_1_151' title='bbox 809 1042 951 1068; x_wconf 88' lang='lat' dir='ltr'>remota</span> <span class='ocrx_word' id='word_1_152' title='bbox 967 1033 1137 1080; x_wconf 83' lang='lat' dir='ltr'>originali</span> <span class='ocrx_word' id='word_1_153' title='bbox 1149 1033 1296 1079; x_wconf 87' lang='lat' dir='ltr'>justitia,</span> <span class='ocrx_word' id='word_1_154' title='bbox 1308 1041 1437 1067; x_wconf 86' lang='lat' dir='ltr'>natura</span> <span class='ocrx_word' id='word_1_155' title='bbox 1451 1033 1615 1079; x_wconf 85' lang='lat' dir='ltr'>corporis</span> <span class='ocrx_word' id='word_1_156' title='bbox 1628 1032 1781 1066; x_wconf 83' lang='lat' dir='ltr'>humani</span> 
     </span>
     <span class='ocr_line' id='line_1_17' title="bbox 208 1086 1780 1132; baseline -0.004 -6"><span class='ocrx_word' id='word_1_157' title='bbox 208 1091 330 1126; x_wconf 70' lang='lat' dir='ltr'>relicta</span> <span class='ocrx_word' id='word_1_158' title='bbox 347 1099 399 1125; x_wconf 87' lang='lat' dir='ltr'>est</span> <span class='ocrx_word' id='word_1_159' title='bbox 413 1090 495 1131; x_wconf 77' lang='lat' dir='ltr'>sibi3</span> <span class='ocrx_word' id='word_1_160' title='bbox 509 1097 544 1124; x_wconf 92' lang='lat' dir='ltr'>et</span> <span class='ocrx_word' id='word_1_161' title='bbox 554 1088 754 1123; x_wconf 87' lang='lat' dir='ltr'>secundum</span> <span class='ocrx_word' id='word_1_162' title='bbox 768 1088 840 1122; x_wconf 90' lang='lat' dir='ltr'>hoc</span> <span class='ocrx_word' id='word_1_163' title='bbox 856 1087 1058 1122; x_wconf 88' lang='lat' dir='ltr'>secundum</span> <span class='ocrx_word' id='word_1_164' title='bbox 1070 1087 1317 1122; x_wconf 81' lang='lat' dir='ltr'>diversitatem</span> <span class='ocrx_word' id='word_1_165' title='bbox 1331 1086 1505 1121; x_wconf 86' lang='lat' dir='ltr'>naturalis</span> <span class='ocrx_word' id='word_1_166' title='bbox 1517 1086 1780 1132; x_wconf 75' lang='lat' dir='ltr'>complexionis</span> 
     </span>
     <span class='ocr_line' id='line_1_18' title="bbox 207 1140 1782 1193; baseline -0.004 -13"><span class='ocrx_word' id='word_1_167' title='bbox 207 1145 451 1193; x_wconf 89' lang='lat' dir='ltr'>quorumdam</span> <span class='ocrx_word' id='word_1_168' title='bbox 474 1155 628 1190; x_wconf 86' lang='lat' dir='ltr'>corpora</span> <span class='ocrx_word' id='word_1_169' title='bbox 650 1142 811 1188; x_wconf 87' lang='lat' dir='ltr'>pluribus</span> <span class='ocrx_word' id='word_1_170' title='bbox 835 1142 1032 1176; x_wconf 83' lang='lat' dir='ltr'>defectibus</span> <span class='ocrx_word' id='word_1_171' title='bbox 1051 1142 1248 1187; x_wconf 79' lang='lat' dir='ltr'>subjacent,</span> <span class='ocrx_word' id='word_1_172' title='bbox 1266 1142 1510 1188; x_wconf 89' lang='lat' dir='ltr'>quorumdam</span> <span class='ocrx_word' id='word_1_173' title='bbox 1527 1152 1615 1175; x_wconf 90' lang='lat' dir='ltr'>vero</span> <span class='ocrx_word' id='word_1_174' title='bbox 1636 1140 1782 1187; x_wconf 89' lang='lat' dir='ltr'>paucio-</span> 
     </span>
     <span class='ocr_line' id='line_1_19' title="bbox 208 1195 1237 1244; baseline -0.005 -11"><span class='ocrx_word' id='word_1_175' title='bbox 208 1200 316 1240; x_wconf 85' lang='lat' dir='ltr'>ribus,</span> <span class='ocrx_word' id='word_1_176' title='bbox 339 1198 504 1244; x_wconf 77' lang='lat' dir='ltr'>quamvis</span> <span class='ocrx_word' id='word_1_177' title='bbox 528 1197 702 1231; x_wconf 79' lang='lat' dir='ltr'>existente</span> <span class='ocrx_word' id='word_1_178' title='bbox 726 1196 894 1242; x_wconf 80' lang='lat' dir='ltr'>originali</span> <span class='ocrx_word' id='word_1_179' title='bbox 912 1203 1063 1241; x_wconf 84' lang='lat' dir='ltr'>peccato</span> <span class='ocrx_word' id='word_1_180' title='bbox 1085 1195 1237 1241; x_wconf 88' lang='lat' dir='ltr'>aequali.</span> 
     </span>
    </p>

    <p class='ocr_par' dir='ltr' id='par_1_4' title="bbox 210 1247 1788 1717">
     <span class='ocr_line' id='line_1_20' title="bbox 280 1247 1781 1295; baseline -0.003 -9"><span class='ocrx_word' id='word_1_181' title='bbox 280 1253 339 1286; x_wconf 82' lang='lat' dir='ltr'>AD</span> <span class='ocrx_word' id='word_1_182' title='bbox 362 1261 570 1286; x_wconf 69' lang='lat' dir='ltr'>SECUNDUM</span> <span class='ocrx_word' id='word_1_183' title='bbox 590 1250 796 1290; x_wconf 84' lang='lat' dir='ltr'>dicendum,</span> <span class='ocrx_word' id='word_1_184' title='bbox 820 1249 917 1295; x_wconf 91' lang='lat' dir='ltr'>quod</span> <span class='ocrx_word' id='word_1_185' title='bbox 940 1249 1045 1294; x_wconf 88' lang='lat' dir='ltr'>culpa</span> <span class='ocrx_word' id='word_1_186' title='bbox 1068 1248 1267 1295; x_wconf 85' lang='lat' dir='ltr'>originalis,</span> <span class='ocrx_word' id='word_1_187' title='bbox 1288 1256 1322 1282; x_wconf 90' lang='lat' dir='ltr'>et</span> <span class='ocrx_word' id='word_1_188' title='bbox 1341 1247 1491 1282; x_wconf 86' lang='lat' dir='ltr'>actualis</span> <span class='ocrx_word' id='word_1_189' title='bbox 1509 1255 1718 1282; x_wconf 87' lang='lat' dir='ltr'>removetur</span> <span class='ocrx_word' id='word_1_190' title='bbox 1740 1247 1781 1281; x_wconf 86' lang='lat' dir='ltr'>ab</span> 
     </span>
     <span class='ocr_line' id='line_1_21' title="bbox 210 1301 1785 1351; baseline -0.004 -10"><span class='ocrx_word' id='word_1_191' title='bbox 210 1307 352 1347; x_wconf 80' lang='lat' dir='ltr'>eodem,</span> <span class='ocrx_word' id='word_1_192' title='bbox 377 1317 395 1339; x_wconf 88' lang='lat' dir='ltr'>a</span> <span class='ocrx_word' id='word_1_193' title='bbox 416 1316 487 1351; x_wconf 86' lang='lat' dir='ltr'>quo</span> <span class='ocrx_word' id='word_1_194' title='bbox 511 1304 621 1338; x_wconf 88' lang='lat' dir='ltr'>etiam</span> <span class='ocrx_word' id='word_1_195' title='bbox 643 1312 878 1337; x_wconf 79' lang='lat' dir='ltr'>removentur</span> <span class='ocrx_word' id='word_1_196' title='bbox 893 1311 928 1337; x_wconf 88' lang='lat' dir='ltr'>et</span> <span class='ocrx_word' id='word_1_197' title='bbox 941 1303 1154 1348; x_wconf 85' lang='lat' dir='ltr'>hujusmodi</span> <span class='ocrx_word' id='word_1_198' title='bbox 1172 1301 1344 1344; x_wconf 85' lang='lat' dir='ltr'>defectus,</span> <span class='ocrx_word' id='word_1_199' title='bbox 1363 1301 1567 1336; x_wconf 89' lang='lat' dir='ltr'>secundum</span> <span class='ocrx_word' id='word_1_200' title='bbox 1584 1301 1672 1335; x_wconf 89' lang='lat' dir='ltr'>illud</span> <span class='ocrx_word' id='word_1_201' title='bbox 1687 1301 1785 1346; x_wconf 89' lang='lat' dir='ltr'>Apo-</span> 
     </span>
     <span class='ocr_line' id='line_1_22' title="bbox 210 1356 1784 1403; baseline -0.003 -9"><span class='ocrx_word' id='word_1_202' title='bbox 210 1360 294 1395; x_wconf 91' lang='lat' dir='ltr'>stoli</span> <span class='ocrx_word' id='word_1_203' title='bbox 316 1360 423 1393; x_wconf 86' lang='lat' dir='ltr'>Rom.</span> <span class='ocrx_word' id='word_1_204' title='bbox 447 1358 500 1392; x_wconf 81' lang='lat'>8.:</span> <span class='ocrx_word' id='word_1_205' title='bbox 530 1358 722 1403; x_wconf 62' lang='lat' dir='ltr'>Vit&#39;ifisczliit</span> <span class='ocrx_word' id='word_1_206' title='bbox 744 1357 902 1391; x_wconf 71' lang='lat' dir='ltr'>mortalia</span> <span class='ocrx_word' id='word_1_207' title='bbox 921 1363 1063 1403; x_wconf 69' lang='lat' dir='ltr'>corpora</span> <span class='ocrx_word' id='word_1_208' title='bbox 1078 1361 1188 1390; x_wconf 65' lang='lat' dir='ltr'>vestra</span> <span class='ocrx_word' id='word_1_209' title='bbox 1204 1363 1269 1403; x_wconf 80' lang='lat' dir='ltr'>per</span> <span class='ocrx_word' id='word_1_210' title='bbox 1286 1356 1529 1391; x_wconf 52' lang='lat' dir='ltr'>‘inlmbitantem</span> <span class='ocrx_word' id='word_1_211' title='bbox 1542 1357 1698 1402; x_wconf 77' lang='lat' dir='ltr'>spiritum</span> <span class='ocrx_word' id='word_1_212' title='bbox 1716 1357 1784 1401; x_wconf 72' lang='lat' dir='ltr'>ejus</span> 
     </span>
     <span class='ocr_line' id='line_1_23' title="bbox 212 1409 1786 1457; baseline -0.004 -9"><span class='ocrx_word' id='word_1_213' title='bbox 212 1417 245 1448; x_wconf 70' lang='lat' dir='ltr'>in</span> <span class='ocrx_word' id='word_1_214' title='bbox 259 1415 373 1448; x_wconf 56' lang='lat' dir='ltr'>tubis:</span> <span class='ocrx_word' id='word_1_215' title='bbox 390 1412 451 1446; x_wconf 90' lang='lat' dir='ltr'>sed</span> <span class='ocrx_word' id='word_1_216' title='bbox 473 1420 666 1457; x_wconf 81' lang='lat' dir='ltr'>utrumque</span> <span class='ocrx_word' id='word_1_217' title='bbox 688 1410 726 1444; x_wconf 81' lang='lat' dir='ltr'>fit</span> <span class='ocrx_word' id='word_1_218' title='bbox 741 1410 943 1445; x_wconf 86' lang='lat' dir='ltr'>secundum</span> <span class='ocrx_word' id='word_1_219' title='bbox 959 1410 1127 1444; x_wconf 83' lang='lat' dir='ltr'>ordinem</span> <span class='ocrx_word' id='word_1_220' title='bbox 1147 1410 1289 1443; x_wconf 81' lang='lat' dir='ltr'>divinae</span> <span class='ocrx_word' id='word_1_221' title='bbox 1305 1409 1503 1454; x_wconf 84' lang='lat' dir='ltr'>sapientiae</span> <span class='ocrx_word' id='word_1_222' title='bbox 1519 1420 1682 1455; x_wconf 86' lang='lat' dir='ltr'>congruo</span> <span class='ocrx_word' id='word_1_223' title='bbox 1697 1416 1786 1442; x_wconf 89' lang='lat' dir='ltr'>tem-</span> 
     </span>
     <span class='ocr_line' id='line_1_24' title="bbox 210 1461 1785 1514; baseline -0.004 -12"><span class='ocrx_word' id='word_1_224' title='bbox 210 1479 319 1514; x_wconf 86' lang='lat' dir='ltr'>pore:</span> <span class='ocrx_word' id='word_1_225' title='bbox 339 1473 483 1512; x_wconf 85' lang='lat' dir='ltr'>oportet</span> <span class='ocrx_word' id='word_1_226' title='bbox 501 1465 610 1506; x_wconf 90' lang='lat' dir='ltr'>enim,</span> <span class='ocrx_word' id='word_1_227' title='bbox 630 1464 726 1510; x_wconf 89' lang='lat' dir='ltr'>quod</span> <span class='ocrx_word' id='word_1_228' title='bbox 741 1464 783 1497; x_wconf 79' lang='lat' dir='ltr'>acl</span> <span class='ocrx_word' id='word_1_229' title='bbox 795 1463 1122 1505; x_wconf 87' lang='lat' dir='ltr'>immortalitatem,</span> <span class='ocrx_word' id='word_1_230' title='bbox 1139 1471 1172 1497; x_wconf 92' lang='lat' dir='ltr'>et</span> <span class='ocrx_word' id='word_1_231' title='bbox 1189 1462 1516 1509; x_wconf 78' lang='lat' dir='ltr'>impassibilitatem</span> <span class='ocrx_word' id='word_1_232' title='bbox 1532 1461 1682 1508; x_wconf 85' lang='lat' dir='ltr'>gloriae,</span> <span class='ocrx_word' id='word_1_233' title='bbox 1693 1472 1785 1508; x_wconf 91' lang='lat' dir='ltr'>quae</span> 
     </span>
     <span class='ocr_line' id='line_1_25' title="bbox 211 1516 1785 1563; baseline -0.004 -8"><span class='ocrx_word' id='word_1_234' title='bbox 211 1523 247 1555; x_wconf 88' lang='lat' dir='ltr'>in</span> <span class='ocrx_word' id='word_1_235' title='bbox 270 1520 418 1555; x_wconf 87' lang='lat' dir='ltr'>Christo</span> <span class='ocrx_word' id='word_1_236' title='bbox 440 1519 613 1552; x_wconf 85' lang='lat' dir='ltr'>inchoata</span> <span class='ocrx_word' id='word_1_237' title='bbox 637 1526 700 1559; x_wconf 87' lang='lat' dir='ltr'>est,</span> <span class='ocrx_word' id='word_1_238' title='bbox 723 1525 757 1551; x_wconf 87' lang='lat' dir='ltr'>et</span> <span class='ocrx_word' id='word_1_239' title='bbox 779 1528 841 1563; x_wconf 90' lang='lat' dir='ltr'>per</span> <span class='ocrx_word' id='word_1_240' title='bbox 864 1517 1053 1551; x_wconf 77' lang='lat' dir='ltr'>Christum</span> <span class='ocrx_word' id='word_1_241' title='bbox 1079 1517 1184 1551; x_wconf 89' lang='lat' dir='ltr'>nobis</span> <span class='ocrx_word' id='word_1_242' title='bbox 1212 1516 1398 1562; x_wconf 89' lang='lat' dir='ltr'>acquisita,</span> <span class='ocrx_word' id='word_1_243' title='bbox 1420 1516 1674 1562; x_wconf 85' lang='lat' dir='ltr'>perveniamus</span> <span class='ocrx_word' id='word_1_244' title='bbox 1703 1526 1785 1549; x_wconf 90' lang='lat' dir='ltr'>con-</span> 
     </span>
     <span class='ocr_line' id='line_1_26' title="bbox 212 1568 1786 1619; baseline -0.003 -11"><span class='ocrx_word' id='word_1_245' title='bbox 212 1574 359 1609; x_wconf 85' lang='lat' dir='ltr'>formati</span> <span class='ocrx_word' id='word_1_246' title='bbox 376 1573 473 1619; x_wconf 87' lang='lat' dir='ltr'>prius</span> <span class='ocrx_word' id='word_1_247' title='bbox 488 1572 714 1618; x_wconf 87' lang='lat' dir='ltr'>passionibus</span> <span class='ocrx_word' id='word_1_248' title='bbox 737 1572 832 1616; x_wconf 81' lang='lat' dir='ltr'>ejus;</span> <span class='ocrx_word' id='word_1_249' title='bbox 852 1571 947 1605; x_wconf 85' lang='lat' dir='ltr'>unde</span> <span class='ocrx_word' id='word_1_250' title='bbox 968 1578 1122 1617; x_wconf 87' lang='lat' dir='ltr'>oportet,</span> <span class='ocrx_word' id='word_1_251' title='bbox 1138 1570 1235 1616; x_wconf 92' lang='lat' dir='ltr'>quod</span> <span class='ocrx_word' id='word_1_252' title='bbox 1255 1570 1298 1604; x_wconf 91' lang='lat' dir='ltr'>ad</span> <span class='ocrx_word' id='word_1_253' title='bbox 1313 1578 1457 1616; x_wconf 89' lang='lat' dir='ltr'>ternpus</span> <span class='ocrx_word' id='word_1_254' title='bbox 1480 1570 1556 1616; x_wconf 84' lang='lat' dir='ltr'>ejus</span> <span class='ocrx_word' id='word_1_255' title='bbox 1570 1568 1786 1616; x_wconf 83' lang='lat' dir='ltr'>passibilitas</span> 
     </span>
     <span class='ocr_line' id='line_1_27' title="bbox 212 1622 1788 1672; baseline -0.004 -10"><span class='ocrx_word' id='word_1_256' title='bbox 212 1630 249 1663; x_wconf 88' lang='lat' dir='ltr'>in</span> <span class='ocrx_word' id='word_1_257' title='bbox 266 1627 399 1662; x_wconf 83' lang='lat' dir='ltr'>nostris</span> <span class='ocrx_word' id='word_1_258' title='bbox 414 1626 625 1672; x_wconf 88' lang='lat' dir='ltr'>corporibus</span> <span class='ocrx_word' id='word_1_259' title='bbox 645 1632 830 1659; x_wconf 89' lang='lat' dir='ltr'>remaneat</span> <span class='ocrx_word' id='word_1_260' title='bbox 847 1625 890 1658; x_wconf 88' lang='lat' dir='ltr'>ad</span> <span class='ocrx_word' id='word_1_261' title='bbox 909 1623 1239 1670; x_wconf 85' lang='lat' dir='ltr'>impassibilitatem</span> <span class='ocrx_word' id='word_1_262' title='bbox 1254 1623 1393 1670; x_wconf 84' lang='lat' dir='ltr'>gloriae</span> <span class='ocrx_word' id='word_1_263' title='bbox 1407 1622 1689 1669; x_wconf 86' lang='lat' dir='ltr'>promerendam</span> <span class='ocrx_word' id='word_1_264' title='bbox 1704 1633 1788 1657; x_wconf 91' lang='lat' dir='ltr'>con-</span> 
     </span>
     <span class='ocr_line' id='line_1_28' title="bbox 212 1680 561 1717; baseline -0.011 0"><span class='ocrx_word' id='word_1_265' title='bbox 212 1682 376 1717; x_wconf 87' lang='lat' dir='ltr'>formiter</span> <span class='ocrx_word' id='word_1_266' title='bbox 400 1680 561 1714; x_wconf 86' lang='lat' dir='ltr'>Christo.</span> 
     </span>
    </p>

    <p class='ocr_par' dir='ltr' id='par_1_5' title="bbox 212 1729 1838 2104">
     <span class='ocr_line' id='line_1_29' title="bbox 286 1729 1838 1778; baseline -0.004 -9"><span class='ocrx_word' id='word_1_267' title='bbox 286 1736 345 1769; x_wconf 87' lang='lat' dir='ltr'>AD</span> <span class='ocrx_word' id='word_1_268' title='bbox 365 1744 538 1768; x_wconf 78' lang='lat' dir='ltr'>TERTIUM</span> <span class='ocrx_word' id='word_1_269' title='bbox 555 1732 761 1774; x_wconf 86' lang='lat' dir='ltr'>dicendum,</span> <span class='ocrx_word' id='word_1_270' title='bbox 781 1731 878 1778; x_wconf 91' lang='lat' dir='ltr'>quod</span> <span class='ocrx_word' id='word_1_271' title='bbox 892 1731 929 1765; x_wconf 92' lang='lat' dir='ltr'>in</span> <span class='ocrx_word' id='word_1_272' title='bbox 941 1738 1092 1777; x_wconf 89' lang='lat' dir='ltr'>peccato</span> <span class='ocrx_word' id='word_1_273' title='bbox 1108 1730 1241 1765; x_wconf 88' lang='lat' dir='ltr'>actuali</span> <span class='ocrx_word' id='word_1_274' title='bbox 1255 1730 1318 1764; x_wconf 79' lang='lat' dir='ltr'>cluo</span> <span class='ocrx_word' id='word_1_275' title='bbox 1333 1741 1528 1776; x_wconf 88' lang='lat' dir='ltr'>possumus</span> <span class='ocrx_word' id='word_1_276' title='bbox 1544 1729 1787 1771; x_wconf 87' lang='lat' dir='ltr'>considerare,</span> <span class='ocrx_word' id='word_1_277' title='bbox 1835 1746 1838 1748; x_wconf 36' lang='lat' dir='ltr'>v</span> 
     </span>
     <span class='ocr_line' id='line_1_30' title="bbox 213 1783 1789 1835; baseline -0.004 -11"><span class='ocrx_word' id='word_1_278' title='bbox 213 1790 369 1825; x_wconf 79' lang='lat' dir='ltr'>scilicet:</span> <span class='ocrx_word' id='word_1_279' title='bbox 393 1789 501 1835; x_wconf 73' lang='lat' dir='ltr'>ipsam</span> <span class='ocrx_word' id='word_1_280' title='bbox 521 1788 741 1822; x_wconf 70' lang='lat' dir='ltr'>substantiam.</span> <span class='ocrx_word' id='word_1_281' title='bbox 763 1791 867 1827; x_wconf 75' lang='lat' dir='ltr'>actus,</span> <span class='ocrx_word' id='word_1_282' title='bbox 892 1793 926 1819; x_wconf 88' lang='lat' dir='ltr'>et</span> <span class='ocrx_word' id='word_1_283' title='bbox 948 1787 1113 1820; x_wconf 71' lang='lat' dir='ltr'>rationem</span> <span class='ocrx_word' id='word_1_284' title='bbox 1136 1785 1272 1830; x_wconf 73' lang='lat' dir='ltr'>culpae:</span> <span class='ocrx_word' id='word_1_285' title='bbox 1287 1795 1330 1818; x_wconf 77' lang='lat' dir='ltr'>ex</span> <span class='ocrx_word' id='word_1_286' title='bbox 1351 1791 1452 1830; x_wconf 88' lang='lat' dir='ltr'>parte</span> <span class='ocrx_word' id='word_1_287' title='bbox 1467 1783 1614 1830; x_wconf 89' lang='lat' dir='ltr'>quidem</span> <span class='ocrx_word' id='word_1_288' title='bbox 1629 1783 1789 1818; x_wconf 87' lang='lat' dir='ltr'>substan-</span> 
     </span>
     <span class='ocr_line' id='line_1_31' title="bbox 212 1836 1784 1887; baseline -0.004 -10"><span class='ocrx_word' id='word_1_289' title='bbox 212 1845 282 1878; x_wconf 88' lang='lat' dir='ltr'>tiae</span> <span class='ocrx_word' id='word_1_290' title='bbox 311 1851 410 1876; x_wconf 84' lang='lat' dir='ltr'>actus</span> <span class='ocrx_word' id='word_1_291' title='bbox 432 1849 551 1887; x_wconf 88' lang='lat' dir='ltr'>potest</span> <span class='ocrx_word' id='word_1_292' title='bbox 576 1848 767 1887; x_wconf 88' lang='lat' dir='ltr'>peccatum</span> <span class='ocrx_word' id='word_1_293' title='bbox 795 1838 936 1873; x_wconf 78' lang='lat' dir='ltr'>actuale</span> <span class='ocrx_word' id='word_1_294' title='bbox 959 1838 1119 1885; x_wconf 88' lang='lat' dir='ltr'>aliquem</span> <span class='ocrx_word' id='word_1_295' title='bbox 1145 1837 1328 1872; x_wconf 88' lang='lat' dir='ltr'>defectum</span> <span class='ocrx_word' id='word_1_296' title='bbox 1357 1836 1588 1884; x_wconf 88' lang='lat' dir='ltr'>corporalem</span> <span class='ocrx_word' id='word_1_297' title='bbox 1615 1848 1784 1872; x_wconf 88' lang='lat' dir='ltr'>causare:</span> 
     </span>
     <span class='ocr_line' id='line_1_32' title="bbox 214 1890 1787 1942; baseline -0.003 -11"><span class='ocrx_word' id='word_1_298' title='bbox 214 1898 306 1932; x_wconf 88' lang='lat' dir='ltr'>sicut</span> <span class='ocrx_word' id='word_1_299' title='bbox 328 1907 369 1929; x_wconf 80' lang='lat' dir='ltr'>ex</span> <span class='ocrx_word' id='word_1_300' title='bbox 391 1894 572 1942; x_wconf 84' lang='lat' dir='ltr'>superfluo</span> <span class='ocrx_word' id='word_1_301' title='bbox 596 1894 676 1928; x_wconf 91' lang='lat' dir='ltr'>cibo</span> <span class='ocrx_word' id='word_1_302' title='bbox 697 1893 807 1939; x_wconf 82' lang='lat' dir='ltr'>aliqui</span> <span class='ocrx_word' id='word_1_303' title='bbox 824 1892 1063 1934; x_wconf 81' lang='lat' dir='ltr'>infirmantur,</span> <span class='ocrx_word' id='word_1_304' title='bbox 1087 1900 1122 1926; x_wconf 90' lang='lat' dir='ltr'>et</span> <span class='ocrx_word' id='word_1_305' title='bbox 1142 1892 1365 1926; x_wconf 88' lang='lat' dir='ltr'>moriuntur:</span> <span class='ocrx_word' id='word_1_306' title='bbox 1389 1891 1453 1926; x_wconf 90' lang='lat' dir='ltr'>sed</span> <span class='ocrx_word' id='word_1_307' title='bbox 1472 1902 1515 1926; x_wconf 87' lang='lat' dir='ltr'>ex</span> <span class='ocrx_word' id='word_1_308' title='bbox 1536 1898 1636 1937; x_wconf 90' lang='lat' dir='ltr'>parte</span> <span class='ocrx_word' id='word_1_309' title='bbox 1659 1890 1787 1937; x_wconf 88' lang='lat' dir='ltr'>culpae</span> 
     </span>
     <span class='ocr_line' id='line_1_33' title="bbox 215 1945 1790 1997; baseline -0.004 -13"><span class='ocrx_word' id='word_1_310' title='bbox 215 1952 331 1997; x_wconf 79' lang='lat' dir='ltr'>privat</span> <span class='ocrx_word' id='word_1_311' title='bbox 352 1949 518 1995; x_wconf 80' lang='lat' dir='ltr'>gratiam,</span> <span class='ocrx_word' id='word_1_312' title='bbox 534 1959 626 1994; x_wconf 87' lang='lat' dir='ltr'>quae</span> <span class='ocrx_word' id='word_1_313' title='bbox 644 1947 748 1981; x_wconf 86' lang='lat' dir='ltr'>datur</span> <span class='ocrx_word' id='word_1_314' title='bbox 766 1946 909 1980; x_wconf 87' lang='lat' dir='ltr'>homini</span> <span class='ocrx_word' id='word_1_315' title='bbox 924 1946 967 1979; x_wconf 93' lang='lat' dir='ltr'>ad</span> <span class='ocrx_word' id='word_1_316' title='bbox 989 1945 1265 1980; x_wconf 80' lang='lat' dir='ltr'>rectificandum</span> <span class='ocrx_word' id='word_1_317' title='bbox 1281 1945 1424 1980; x_wconf 87' lang='lat' dir='ltr'>animae</span> <span class='ocrx_word' id='word_1_318' title='bbox 1447 1953 1559 1987; x_wconf 89' lang='lat' dir='ltr'>actus,</span> <span class='ocrx_word' id='word_1_319' title='bbox 1573 1956 1648 1979; x_wconf 92' lang='lat' dir='ltr'>non</span> <span class='ocrx_word' id='word_1_320' title='bbox 1667 1953 1790 1979; x_wconf 86' lang='lat' dir='ltr'>autem</span> 
     </span>
     <span class='ocr_line' id='line_1_34' title="bbox 217 1999 1789 2046; baseline -0.003 -8"><span class='ocrx_word' id='word_1_321' title='bbox 217 2005 260 2038; x_wconf 80' lang='lat' dir='ltr'>ad</span> <span class='ocrx_word' id='word_1_322' title='bbox 280 2002 528 2037; x_wconf 90' lang='lat' dir='ltr'>cohibendum</span> <span class='ocrx_word' id='word_1_323' title='bbox 547 2000 707 2035; x_wconf 86' lang='lat' dir='ltr'>defectus</span> <span class='ocrx_word' id='word_1_324' title='bbox 724 1999 944 2046; x_wconf 83' lang='lat' dir='ltr'>corporales,</span> <span class='ocrx_word' id='word_1_325' title='bbox 963 2001 1055 2033; x_wconf 90' lang='lat' dir='ltr'>sicut</span> <span class='ocrx_word' id='word_1_326' title='bbox 1069 1999 1256 2045; x_wconf 84' lang='lat' dir='ltr'>originalis</span> <span class='ocrx_word' id='word_1_327' title='bbox 1269 1999 1403 2045; x_wconf 90' lang='lat' dir='ltr'>justitia</span> <span class='ocrx_word' id='word_1_328' title='bbox 1426 1999 1634 2033; x_wconf 83' lang='lat' dir='ltr'>cohibebat:</span> <span class='ocrx_word' id='word_1_329' title='bbox 1655 2007 1690 2034; x_wconf 86' lang='lat' dir='ltr'>et</span> <span class='ocrx_word' id='word_1_330' title='bbox 1706 1999 1789 2033; x_wconf 89' lang='lat' dir='ltr'>ideo</span> 
     </span>
     <span class='ocr_line' id='line_1_35' title="bbox 216 2051 1580 2104; baseline -0.004 -12"><span class='ocrx_word' id='word_1_331' title='bbox 216 2065 409 2104; x_wconf 86' lang='lat' dir='ltr'>peccatum</span> <span class='ocrx_word' id='word_1_332' title='bbox 431 2054 572 2090; x_wconf 88' lang='lat' dir='ltr'>actuale</span> <span class='ocrx_word' id='word_1_333' title='bbox 598 2066 674 2089; x_wconf 91' lang='lat' dir='ltr'>non</span> <span class='ocrx_word' id='word_1_334' title='bbox 696 2062 821 2088; x_wconf 85' lang='lat' dir='ltr'>causat</span> <span class='ocrx_word' id='word_1_335' title='bbox 847 2053 1059 2099; x_wconf 85' lang='lat' dir='ltr'>hujusmodi</span> <span class='ocrx_word' id='word_1_336' title='bbox 1081 2052 1254 2095; x_wconf 89' lang='lat' dir='ltr'>defectus,</span> <span class='ocrx_word' id='word_1_337' title='bbox 1276 2053 1369 2087; x_wconf 90' lang='lat' dir='ltr'>sicut</span> <span class='ocrx_word' id='word_1_338' title='bbox 1391 2051 1580 2099; x_wconf 85' lang='lat' dir='ltr'>originale.</span> 
     </span>
    </p>
   </div>
   <div class='ocr_carea' id='block_1_3' title="bbox 781 2179 1835 2253">
    <p class='ocr_par' dir='ltr' id='par_1_6' title="bbox 781 2179 1835 2253">
     <span class='ocr_line' id='line_1_36' title="bbox 781 2179 1835 2253; baseline -0.001 -15"><span class='ocrx_word' id='word_1_339' title='bbox 781 2194 1131 2240; x_wconf 83' lang='lat' dir='ltr'>ARTICULUS</span> <span class='ocrx_word' id='word_1_340' title='bbox 1158 2196 1235 2239; x_wconf 83' lang='lat' dir='ltr'>VI.</span> <span class='ocrx_word' id='word_1_341' title='bbox 1722 2217 1791 2253; x_wconf 75' lang='lat'>457</span> <span class='ocrx_word' id='word_1_342' title='bbox 1831 2179 1835 2191; x_wconf 84' lang='grc'><em>“</em></span> 
     </span>
    </p>
   </div>
   <div class='ocr_carea' id='block_1_4' title="bbox 321 2304 1690 2345">
    <p class='ocr_par' dir='ltr' id='par_1_7' title="bbox 321 2304 1690 2345">
     <span class='ocr_line' id='line_1_37' title="bbox 321 2304 1690 2345; baseline -0.001 -9"><span class='ocrx_word' id='word_1_343' title='bbox 321 2306 474 2337; x_wconf 81' lang='lat' dir='ltr'><strong>UTRUM</strong></span> <span class='ocrx_word' id='word_1_344' title='bbox 501 2305 628 2345; x_wconf 85' lang='lat' dir='ltr'>MoRs,</span> <span class='ocrx_word' id='word_1_345' title='bbox 647 2305 704 2334; x_wconf 89' lang='lat' dir='ltr'>ET</span> <span class='ocrx_word' id='word_1_346' title='bbox 731 2305 818 2334; x_wconf 84' lang='lat' dir='ltr'>ALII</span> <span class='ocrx_word' id='word_1_347' title='bbox 843 2305 1072 2334; x_wconf 86' lang='lat' dir='ltr'><strong>DEFECTUS</strong></span> <span class='ocrx_word' id='word_1_348' title='bbox 1102 2305 1200 2335; x_wconf 93' lang='lat' dir='ltr'>SINT</span> <span class='ocrx_word' id='word_1_349' title='bbox 1227 2305 1486 2336; x_wconf 88' lang='lat' dir='ltr'>NATURALES</span> <span class='ocrx_word' id='word_1_350' title='bbox 1514 2304 1690 2336; x_wconf 82' lang='lat' dir='ltr'><strong>HOMINI.</strong></span> 
     </span>
    </p>
   </div>
   <div class='ocr_carea' id='block_1_5' title="bbox 220 2391 1791 2495">
    <p class='ocr_par' dir='ltr' id='par_1_8' title="bbox 220 2391 1791 2495">
     <span class='ocr_line' id='line_1_38' title="bbox 601 2391 1417 2439; baseline 0 -13"><span class='ocrx_word' id='word_1_351' title='bbox 601 2392 647 2436; x_wconf 90' lang='lat'>(2.</span> <span class='ocrx_word' id='word_1_352' title='bbox 663 2392 750 2426; x_wconf 74' lang='lat' dir='ltr'>Dist.</span> <span class='ocrx_word' id='word_1_353' title='bbox 772 2404 823 2438; x_wconf 83' lang='lat'>30.</span> <span class='ocrx_word' id='word_1_354' title='bbox 847 2404 876 2437; x_wconf 84' lang='lat' dir='ltr'>q.</span> <span class='ocrx_word' id='word_1_355' title='bbox 900 2404 927 2427; x_wconf 89' lang='lat'>1.</span> <span class='ocrx_word' id='word_1_356' title='bbox 952 2397 1015 2426; x_wconf 74' lang='lat' dir='ltr'>art.</span> <span class='ocrx_word' id='word_1_357' title='bbox 1039 2404 1066 2427; x_wconf 76' lang='grc' dir='ltr'>Ι.</span> <span class='ocrx_word' id='word_1_358' title='bbox 1089 2398 1178 2439; x_wconf 83' lang='lat' dir='ltr'>corp.</span> <span class='ocrx_word' id='word_1_359' title='bbox 1192 2393 1257 2438; x_wconf 85' lang='lat' dir='ltr'>fin.</span> <span class='ocrx_word' id='word_1_360' title='bbox 1275 2397 1306 2427; x_wconf 78' lang='lat' dir='ltr'>et</span> <span class='ocrx_word' id='word_1_361' title='bbox 1326 2391 1370 2426; x_wconf 89' lang='lat' dir='ltr'>ad</span> <span class='ocrx_word' id='word_1_362' title='bbox 1389 2404 1417 2428; x_wconf 74' lang='grc' dir='ltr'>Ι.</span> 
     </span>
     <span class='ocr_line' id='line_1_39' title="bbox 220 2445 1791 2495; baseline -0.003 -11"><span class='ocrx_word' id='word_1_363' title='bbox 220 2454 248 2484; x_wconf 68' lang='lat' dir='ltr'>ut</span> <span class='ocrx_word' id='word_1_364' title='bbox 265 2461 293 2495; x_wconf 83' lang='lat'>3.</span> <span class='ocrx_word' id='word_1_365' title='bbox 318 2449 405 2483; x_wconf 74' lang='lat' dir='ltr'>Dist.</span> <span class='ocrx_word' id='word_1_366' title='bbox 427 2447 480 2482; x_wconf 84' lang='lat'>16.</span> <span class='ocrx_word' id='word_1_367' title='bbox 503 2458 533 2492; x_wconf 82' lang='lat' dir='ltr'>q.</span> <span class='ocrx_word' id='word_1_368' title='bbox 556 2458 582 2481; x_wconf 87' lang='lat'>1.</span> <span class='ocrx_word' id='word_1_369' title='bbox 605 2451 670 2480; x_wconf 75' lang='lat' dir='ltr'>art.</span> <span class='ocrx_word' id='word_1_370' title='bbox 698 2458 725 2480; x_wconf 89' lang='lat'>1.</span> <span class='ocrx_word' id='word_1_371' title='bbox 749 2445 791 2479; x_wconf 76' lang='lat' dir='ltr'>ad</span> <span class='ocrx_word' id='word_1_372' title='bbox 808 2458 836 2492; x_wconf 79' lang='lat'>3.</span> <span class='ocrx_word' id='word_1_373' title='bbox 860 2450 887 2479; x_wconf 68' lang='lat' dir='ltr'>at</span> <span class='ocrx_word' id='word_1_374' title='bbox 910 2446 993 2480; x_wconf 71' lang='lat' dir='ltr'>Mal.</span> <span class='ocrx_word' id='word_1_375' title='bbox 1010 2457 1038 2491; x_wconf 83' lang='lat' dir='ltr'>q.</span> <span class='ocrx_word' id='word_1_376' title='bbox 1058 2457 1086 2492; x_wconf 81' lang='lat'>5.</span> <span class='ocrx_word' id='word_1_377' title='bbox 1109 2451 1172 2480; x_wconf 80' lang='lat' dir='ltr'>art.</span> <span class='ocrx_word' id='word_1_378' title='bbox 1191 2458 1220 2492; x_wconf 84' lang='lat'>5.</span> <span class='ocrx_word' id='word_1_379' title='bbox 1243 2451 1273 2481; x_wconf 77' lang='lat' dir='ltr'>et</span> <span class='ocrx_word' id='word_1_380' title='bbox 1294 2447 1390 2482; x_wconf 87' lang='lat' dir='ltr'>Rom.</span> <span class='ocrx_word' id='word_1_381' title='bbox 1408 2457 1437 2493; x_wconf 86' lang='lat'>5.</span> <span class='ocrx_word' id='word_1_382' title='bbox 1453 2445 1566 2493; x_wconf 76' lang='lat' dir='ltr'>lect.3.</span> <span class='ocrx_word' id='word_1_383' title='bbox 1581 2446 1708 2482; x_wconf 76' lang='lat' dir='ltr'>etHeb.</span> <span class='ocrx_word' id='word_1_384' title='bbox 1727 2445 1791 2494; x_wconf 89' lang='lat'><em>9.).</em></span> 
     </span>
    </p>
   </div>
   <div class='ocr_carea' id='block_1_6' title="bbox 292 2533 1862 2580">
    <p class='ocr_par' dir='ltr' id='par_1_9' title="bbox 292 2533 1862 2580">
     <span class='ocr_line' id='line_1_40' title="bbox 292 2533 1862 2580; baseline -0.001 -9"><span class='ocrx_word' id='word_1_385' title='bbox 292 2537 352 2571; x_wconf 82' lang='lat' dir='ltr'>AD</span> <span class='ocrx_word' id='word_1_386' title='bbox 374 2546 529 2571; x_wconf 66' lang='lat' dir='ltr'>saxrurr</span> <span class='ocrx_word' id='word_1_387' title='bbox 553 2536 613 2568; x_wconf 74' lang='lat' dir='ltr'>⁷sic</span> <span class='ocrx_word' id='word_1_388' title='bbox 635 2534 852 2580; x_wconf 84' lang='lat' dir='ltr'>proceditur.</span> <span class='ocrx_word' id='word_1_389' title='bbox 888 2533 1051 2576; x_wconf 81' lang='lat' dir='ltr'>Videtur,</span> <span class='ocrx_word' id='word_1_390' title='bbox 1074 2534 1171 2580; x_wconf 90' lang='lat' dir='ltr'>quod</span> <span class='ocrx_word' id='word_1_391' title='bbox 1194 2545 1304 2577; x_wconf 87' lang='lat' dir='ltr'>mors,</span> <span class='ocrx_word' id='word_1_392' title='bbox 1327 2542 1362 2569; x_wconf 89' lang='lat' dir='ltr'>et</span> <span class='ocrx_word' id='word_1_393' title='bbox 1394 2534 1605 2580; x_wconf 86' lang='lat' dir='ltr'>hujusmodi</span> <span class='ocrx_word' id='word_1_394' title='bbox 1634 2533 1795 2569; x_wconf 87' lang='lat' dir='ltr'>defectus</span> <span class='ocrx_word' id='word_1_395' title='bbox 1839 2551 1862 2566; x_wconf 89' lang='lat'>.-</span> 
     </span>
    </p>
   </div>
   <div class='ocr_carea' id='block_1_7' title="bbox 221 2587 1848 2956">
    <p class='ocr_par' dir='ltr' id='par_1_10' title="bbox 221 2587 1848 2798">
     <span class='ocr_line' id='line_1_41' title="bbox 222 2587 1797 2635; baseline -0.002 -10"><span class='ocrx_word' id='word_1_396' title='bbox 222 2591 292 2626; x_wconf 89' lang='lat' dir='ltr'>sint</span> <span class='ocrx_word' id='word_1_397' title='bbox 313 2590 455 2624; x_wconf 88' lang='lat' dir='ltr'>homini</span> <span class='ocrx_word' id='word_1_398' title='bbox 477 2588 674 2623; x_wconf 84' lang='lat' dir='ltr'>naturales:</span> <span class='ocrx_word' id='word_1_399' title='bbox 701 2588 914 2634; x_wconf 66' lang='lat' dir='ltr'>corruptibile</span> <span class='ocrx_word' id='word_1_400' title='bbox 937 2588 1045 2629; x_wconf 86' lang='lat' dir='ltr'>enim,</span> <span class='ocrx_word' id='word_1_401' title='bbox 1069 2595 1104 2622; x_wconf 86' lang='lat' dir='ltr'>et</span> <span class='ocrx_word' id='word_1_402' title='bbox 1124 2589 1381 2635; x_wconf 78' lang='lat' dir='ltr'>incorruptibile</span> <span class='ocrx_word' id='word_1_403' title='bbox 1401 2587 1571 2623; x_wconf 85' lang='lat' dir='ltr'>differunt</span> <span class='ocrx_word' id='word_1_404' title='bbox 1592 2599 1737 2635; x_wconf 88' lang='lat' dir='ltr'>genere,</span> <span class='ocrx_word' id='word_1_405' title='bbox 1757 2595 1797 2622; x_wconf 90' lang='lat' dir='ltr'>ut</span> 
     </span>
     <span class='ocr_line' id='line_1_42' title="bbox 221 2641 1796 2688; baseline -0.002 -9"><span class='ocrx_word' id='word_1_406' title='bbox 221 2645 350 2680; x_wconf 78' lang='lat' dir='ltr'>dicitur</span> <span class='ocrx_word' id='word_1_407' title='bbox 373 2644 409 2677; x_wconf 92' lang='lat' dir='ltr'>in</span> <span class='ocrx_word' id='word_1_408' title='bbox 443 2653 494 2678; x_wconf 92' lang='lat'>10.</span> <span class='ocrx_word' id='word_1_409' title='bbox 517 2642 678 2687; x_wconf 86' lang='lat' dir='ltr'>Metaph.</span> <span class='ocrx_word' id='word_1_410' title='bbox 701 2641 783 2686; x_wconf 66' lang='lat' dir='ltr'>(tax.</span> <span class='ocrx_word' id='word_1_411' title='bbox 821 2642 919 2685; x_wconf 83' lang='lat'><em>26.):</em></span> <span class='ocrx_word' id='word_1_412' title='bbox 943 2641 1004 2675; x_wconf 87' lang='lat' dir='ltr'>sed</span> <span class='ocrx_word' id='word_1_413' title='bbox 1028 2642 1142 2675; x_wconf 85' lang='lat' dir='ltr'>homo</span> <span class='ocrx_word' id='word_1_414' title='bbox 1173 2649 1227 2676; x_wconf 88' lang='lat' dir='ltr'>est</span> <span class='ocrx_word' id='word_1_415' title='bbox 1247 2641 1410 2687; x_wconf 86' lang='lat' dir='ltr'>ejusdem</span> <span class='ocrx_word' id='word_1_416' title='bbox 1441 2642 1583 2688; x_wconf 87' lang='lat' dir='ltr'>generis</span> <span class='ocrx_word' id='word_1_417' title='bbox 1610 2653 1694 2676; x_wconf 90' lang='lat' dir='ltr'>cum</span> <span class='ocrx_word' id='word_1_418' title='bbox 1718 2641 1796 2676; x_wconf 89' lang='lat' dir='ltr'>aliis</span> 
     </span>
     <span class='ocr_line' id='line_1_43' title="bbox 222 2694 1848 2742; baseline -0.002 -10"><span class='ocrx_word' id='word_1_419' title='bbox 222 2697 449 2738; x_wconf 85' lang='lat' dir='ltr'>animalibus,</span> <span class='ocrx_word' id='word_1_420' title='bbox 478 2707 570 2742; x_wconf 89' lang='lat' dir='ltr'>quae</span> <span class='ocrx_word' id='word_1_421' title='bbox 597 2703 679 2730; x_wconf 91' lang='lat' dir='ltr'>sunt</span> <span class='ocrx_word' id='word_1_422' title='bbox 707 2694 919 2729; x_wconf 83' lang='lat' dir='ltr'>naturaliter</span> <span class='ocrx_word' id='word_1_423' title='bbox 946 2695 1216 2741; x_wconf 89' lang='lat' dir='ltr'>corruptibilia;</span> <span class='ocrx_word' id='word_1_424' title='bbox 1243 2706 1331 2741; x_wconf 84' lang='lat' dir='ltr'>ergo</span> <span class='ocrx_word' id='word_1_425' title='bbox 1360 2695 1476 2730; x_wconf 89' lang='lat' dir='ltr'>horno</span> <span class='ocrx_word' id='word_1_426' title='bbox 1503 2703 1557 2730; x_wconf 90' lang='lat' dir='ltr'>est</span> <span class='ocrx_word' id='word_1_427' title='bbox 1586 2694 1798 2730; x_wconf 86' lang='lat' dir='ltr'>naturaliter</span> <span class='ocrx_word' id='word_1_428' title='bbox 1839 2701 1848 2712; x_wconf 87' lang='lat'>·</span> 
     </span>
     <span class='ocr_line' id='line_1_44' title="bbox 224 2750 478 2798; baseline -0.008 -12"><span class='ocrx_word' id='word_1_429' title='bbox 224 2750 478 2798; x_wconf 88' lang='lat' dir='ltr'>corruptibilis.</span> 
     </span>
    </p>

    <p class='ocr_par' dir='ltr' id='par_1_11' title="bbox 226 2801 1798 2956">
     <span class='ocr_line' id='line_1_45' title="bbox 298 2801 1798 2848; baseline -0.003 -9"><span class='ocrx_word' id='word_1_430' title='bbox 298 2815 328 2839; x_wconf 82' lang='lat'>2.</span> <span class='ocrx_word' id='word_1_431' title='bbox 351 2805 588 2839; x_wconf 76' lang='lat' dir='ltr'>PRAETEREA.</span> <span class='ocrx_word' id='word_1_432' title='bbox 614 2802 749 2843; x_wconf 85' lang='lat' dir='ltr'>Omne,</span> <span class='ocrx_word' id='word_1_433' title='bbox 772 2802 869 2847; x_wconf 92' lang='lat' dir='ltr'>quod</span> <span class='ocrx_word' id='word_1_434' title='bbox 889 2808 942 2836; x_wconf 86' lang='lat' dir='ltr'>est</span> <span class='ocrx_word' id='word_1_435' title='bbox 964 2802 1211 2848; x_wconf 87' lang='lat' dir='ltr'>compositum</span> <span class='ocrx_word' id='word_1_436' title='bbox 1233 2813 1276 2836; x_wconf 84' lang='lat' dir='ltr'>ex</span> <span class='ocrx_word' id='word_1_437' title='bbox 1298 2802 1499 2844; x_wconf 85' lang='lat' dir='ltr'>contrariis,</span> <span class='ocrx_word' id='word_1_438' title='bbox 1514 2810 1568 2837; x_wconf 89' lang='lat' dir='ltr'>est</span> <span class='ocrx_word' id='word_1_439' title='bbox 1588 2801 1798 2837; x_wconf 84' lang='lat' dir='ltr'>naturaliter</span> 
     </span>
     <span class='ocr_line' id='line_1_46' title="bbox 226 2855 1798 2905; baseline -0.002 -12"><span class='ocrx_word' id='word_1_440' title='bbox 226 2857 470 2905; x_wconf 88' lang='lat' dir='ltr'>corruptibile,</span> <span class='ocrx_word' id='word_1_441' title='bbox 493 2857 595 2902; x_wconf 80' lang='lat' dir='ltr'>quasi</span> <span class='ocrx_word' id='word_1_442' title='bbox 608 2856 746 2890; x_wconf 86' lang='lat' dir='ltr'>habens</span> <span class='ocrx_word' id='word_1_443' title='bbox 769 2855 804 2889; x_wconf 90' lang='lat' dir='ltr'>in</span> <span class='ocrx_word' id='word_1_444' title='bbox 827 2866 864 2889; x_wconf 90' lang='lat' dir='ltr'>se</span> <span class='ocrx_word' id='word_1_445' title='bbox 879 2866 1026 2889; x_wconf 81' lang='lat' dir='ltr'>causam</span> <span class='ocrx_word' id='word_1_446' title='bbox 1051 2856 1292 2902; x_wconf 84' lang='lat' dir='ltr'>corruptionis</span> <span class='ocrx_word' id='word_1_447' title='bbox 1314 2867 1416 2890; x_wconf 88' lang='lat' dir='ltr'>suae:</span> <span class='ocrx_word' id='word_1_448' title='bbox 1436 2856 1499 2891; x_wconf 89' lang='lat' dir='ltr'>sed</span> <span class='ocrx_word' id='word_1_449' title='bbox 1519 2867 1651 2904; x_wconf 86' lang='lat' dir='ltr'>corpus</span> <span class='ocrx_word' id='word_1_450' title='bbox 1672 2855 1798 2891; x_wconf 83' lang='lat' dir='ltr'>huma-</span> 
     </span>
     <span class='ocr_line' id='line_1_47' title="bbox 226 2909 1319 2956; baseline -0.004 -9"><span class='ocrx_word' id='word_1_451' title='bbox 226 2923 314 2948; x_wconf 88' lang='lat' dir='ltr'>num</span> <span class='ocrx_word' id='word_1_452' title='bbox 337 2919 390 2946; x_wconf 86' lang='lat' dir='ltr'>est</span> <span class='ocrx_word' id='word_1_453' title='bbox 409 2910 639 2956; x_wconf 82' lang='lat' dir='ltr'>hujusmodi3</span> <span class='ocrx_word' id='word_1_454' title='bbox 662 2919 750 2954; x_wconf 85' lang='lat' dir='ltr'>ergo</span> <span class='ocrx_word' id='word_1_455' title='bbox 773 2917 826 2943; x_wconf 88' lang='lat' dir='ltr'>est</span> <span class='ocrx_word' id='word_1_456' title='bbox 844 2909 1054 2944; x_wconf 83' lang='lat' dir='ltr'>naturaliter</span> <span class='ocrx_word' id='word_1_457' title='bbox 1076 2909 1319 2955; x_wconf 84' lang='lat' dir='ltr'>corruptibile.</span> 
     </span>
    </p>
   </div>
   <div class='ocr_carea' id='block_1_8' title="bbox 1797 0 1875 3198">
    <p class='ocr_par' dir='ltr' id='par_1_12' title="bbox 1797 0 1875 3198">
     <span class='ocr_line' id='line_1_48' title="bbox 1797 0 1875 3198; baseline 0 0"><span class='ocrx_word' id='word_1_458' title='bbox 1797 0 1875 3198; x_wconf 95' lang='lat' dir='ltr'> </span> 
     </span>
    </p>
   </div>
  </div>
 </body>
</html>
