1907 3198
480 156 704 192 QUAESTIO
739 155 889 185 XXXVI.
923 154 1172 185 ARTICULUS
1206 153 1233 184 1.
1562 155 1648 198 275

69 252 226 284 cessum,
240 250 276 276 et
289 251 492 275 recessum:
513 250 681 274 accessus
699 249 763 285 per
777 249 815 273 se
833 237 980 284 respicit
992 236 1040 279 id,
1057 236 1155 283 quod
1171 244 1224 270 est
1240 236 1463 271 conveniens
1481 244 1651 271 naturae:

68 305 231 331 recessus
254 302 377 329 autem
400 305 463 341 per
489 304 527 328 se
553 293 700 339 respicit
724 292 772 334 id,
799 291 898 338 quod
925 299 980 326 est
1006 290 1250 326 contrarium:
1274 290 1367 325 sicut
1388 301 1498 336 grave
1525 302 1589 337 per
1615 302 1652 326 se

67 349 205 384 recedit
225 359 245 383 a
266 348 351 383 loco
373 347 564 394 superiori,
586 347 727 381 accedit
749 354 872 380 autem
894 344 1107 380 naturaliter
1129 345 1172 379 ad
1194 344 1321 379 locum
1339 343 1569 379 inferiorern:
1590 345 1652 380 sed

67 403 98 438 si
118 402 343 449 accipiamus
366 413 516 436 causam
538 401 725 447 utriusque
748 408 882 441 motus,
905 399 1045 434 scilicet
1066 398 1295 445 gravitatem,
1317 399 1395 444 ipsa
1414 399 1572 444 gravitas
1590 410 1654 445 per

66 457 166 505 prius
185 456 338 492 inclinat
358 456 402 490 ad
424 455 550 490 locum
572 455 758 496 deorsum,
780 465 892 501 quam
910 454 1031 488 trahat
1049 465 1069 487 a
1088 452 1173 487 loco
1196 464 1352 495 sursum,
1373 464 1392 486 a
1411 464 1484 499 quo
1503 453 1652 496 recedit,

0 534 3 557 ;
66 519 107 546 ut
125 511 299 546 deorsum
319 510 463 552 tendat3
486 509 536 544 sic
559 509 680 555 igitur,
700 520 785 544 cum
806 508 949 543 tristitia
977 508 1014 542 in
1042 507 1204 542 motibus
1232 507 1437 553 appetitivis
1459 519 1497 542 se
1519 508 1653 542 habeat

7 582 10 586 ’
66 575 131 613 per
151 564 305 600 modum
326 563 434 611 fugae
455 563 514 598 vel
536 574 711 605 recessus,
738 562 933 597 delectatio
962 570 1085 602 autem
1112 572 1175 608 per
1202 561 1357 596 modum
1383 562 1652 608 prosecutionis

65 618 126 654 vel
150 629 330 661 accessus,
352 618 446 653 sicut
466 616 660 652 delectatio
688 628 752 664 per
779 617 877 663 prius
904 615 1051 662 respicit
1076 616 1216 650 bonurn
1243 615 1416 662 adeptum
1443 617 1546 662 quasi
1573 627 1652 663 pro-

65 673 187 721 prium
207 673 413 719 objectum;
435 676 484 706 ita
505 671 650 706 tristitia
672 671 820 718 respicit
842 670 983 705 malum
1001 671 1259 715 conjunctum:
1283 669 1346 704 sed
1365 681 1475 704 causa
1497 669 1652 705 delecta-

65 727 188 770 tionis,
209 734 245 762 et
269 726 446 769 tristitiae,
472 725 611 761 scilicet
637 736 754 767 amor,
781 736 845 772 per
871 725 969 771 prius
995 724 1142 770 respicit
1168 724 1320 766 bonum,
1347 735 1459 770 quam
1486 724 1650 767 malurn3

66 781 117 817 sic
138 791 226 828 ergo
248 791 294 816 eo
315 780 429 815 modo
451 791 524 826 quo
547 779 734 825 objectum
755 786 809 813 est
827 789 937 813 causa
955 777 1147 824 passionis,
1166 777 1285 824 magis
1303 777 1448 824 proprie
1468 786 1522 812 est
1542 789 1651 813 causa

65 835 242 878 tristitiae,
262 833 323 870 vel
339 833 478 869 doloris
500 833 639 868 malum
662 834 914 879 conjunctum,
937 844 1048 879 quam
1073 832 1214 866 bonum
1236 832 1425 867 amissum.

138 889 200 925 At>
227 899 379 925 numum
406 899 494 935 ergo
521 887 729 930 dicendum,
756 887 854 934 quod
879 887 958 934 ipsa
985 886 1134 921 amissio
1161 886 1250 920 boni
1276 886 1559 933 apprehenditur
1584 886 1649 921 sub

66 943 208 979 ratione
230 942 342 985 mali;
364 942 458 978 sicut
475 951 511 977 et
533 941 683 976 amissio
706 941 794 976 mali
816 941 1099 988 apprehenditur
1117 940 1182 975 sub
1209 941 1350 975 ratione
1371 940 1477 983 boni;
1504 949 1541 976 et
1566 941 1649 976 ideo

66 998 163 1045 Aug.
185 997 284 1040 dicit,
306 996 475 1032 dolorem
496 996 689 1043 provenire
711 1007 754 1030 ex
777 995 975 1030 amissione
997 994 1259 1042 temporalium
1280 995 1476 1029 bonorum.

138 1052 201 1088 AD
227 1061 438 1087 SECUNDUM
464 1050 671 1092 dicendum,
698 1050 796 1096 quod
824 1049 1032 1091 delectatio,
1059 1057 1095 1083 et
1121 1048 1228 1083 dolor
1253 1049 1287 1083 ei
1314 1049 1517 1084 contrarius
1543 1049 1651 1096 respi-

67 1105 168 1142 ciunt
187 1106 298 1148 idern,
318 1105 382 1140 sed
403 1105 469 1140 sub
496 1104 678 1139 contraria
704 1104 863 1138 ratione:
890 1115 990 1145 nam,
1017 1105 1045 1138 si
1073 1103 1268 1138 delectatio
1295 1112 1350 1138 est
1375 1104 1419 1138 de
1446 1104 1650 1151 praesentia

68 1159 233 1207 alicujus,
253 1159 396 1194 tristitia
418 1167 472 1194 est
489 1158 533 1193 de
556 1158 718 1193 absentia
739 1158 915 1204 ejusdem,
937 1158 974 1191 in
997 1168 1070 1192 uno
1094 1166 1216 1192 autem
1244 1158 1515 1192 contrariorum
1540 1157 1652 1193 inclu-

68 1214 164 1250 ditur
182 1213 338 1262 privatio
361 1212 519 1255 alterius,
541 1220 580 1247 ut
600 1220 699 1259 patet
719 1212 755 1246 in
782 1222 834 1246 10.
857 1211 1018 1258 Metaph.
1041 1213 1119 1256 (tex.
1139 1213 1216 1257 15.);
1237 1220 1272 1246 et
1290 1211 1373 1246 inde
1394 1221 1458 1254 est,
1477 1212 1576 1259 quod
1594 1212 1653 1247 tri-

67 1268 176 1310 stitia,
197 1278 290 1315 quae
309 1274 364 1302 est
375 1266 420 1301 de
437 1266 634 1308 contrario,
649 1273 704 1300 est
717 1265 996 1312 quodammodo
1012 1265 1055 1299 de
1071 1265 1201 1300 eodem
1218 1265 1284 1300 sub
1300 1266 1483 1300 contraria
1497 1266 1649 1301 ratione.

138 1321 201 1357 AD
214 1331 388 1357 TERTIUM
401 1320 609 1362 dicendum,
619 1319 718 1366 quod
733 1319 880 1366 quando
896 1331 939 1354 ex
953 1331 1025 1353 una
1041 1330 1150 1354 causa
1164 1320 1385 1366 proveniunt
1398 1319 1505 1354 multi
1515 1329 1650 1363 motus,

67 1386 144 1411 non
165 1382 320 1422 oportet,
341 1374 439 1421 quod
461 1384 591 1409 omnes
612 1373 848 1420 principalius
870 1373 1066 1419 respiciant
1086 1373 1188 1415 illud,
1210 1374 1309 1420 quod
1336 1374 1573 1421 principalius
1599 1387 1651 1410 re-

65 1429 172 1477 spicit
191 1440 314 1472 causa,
334 1427 398 1463 sed
419 1428 557 1475 primus
577 1436 737 1462 tanturn:
757 1427 1005 1474 unusquisque
1025 1435 1147 1462 autem
1167 1427 1322 1462 aliorum
1346 1428 1583 1475 principalius
1601 1441 1651 1464 re-

65 1482 172 1531 spicit
190 1481 293 1526 illud,
314 1482 414 1530 quod
432 1490 487 1517 est
506 1482 539 1517 ei
560 1482 783 1517 conveniens
805 1481 1010 1516 secundum
1031 1482 1219 1529 propriam
1241 1482 1435 1517 rationem.

632 1625 983 1672 ARTICULUS
1012 1625 1069 1669 II.
1581 1648 1648 1684 207

323 1735 480 1768 UTRUM
503 1736 893 1767 CONCUPISCENTIA
916 1737 984 1767 SIT
1010 1736 1153 1767 CAUSA
1179 1736 1390 1767 DOLORIS.

656 1825 764 1873 (Insr.
786 1830 850 1861 art.
872 1837 906 1871 4.
926 1826 1047 1873 corp).

134 1913 197 1950 AD
218 1923 429 1950 SECUNDUM
450 1914 501 1950 sic
523 1915 745 1962 proceditur.
768 1915 933 1959 Videtur,
949 1915 1048 1963 quod
1070 1915 1371 1962 concupiscentia
1388 1927 1463 1950 non
1479 1915 1524 1950 sit
1538 1927 1650 1951 causa

63 1967 214 2011 doloris,
240 1979 304 2003 seu
330 1969 519 2004 tristitiae:
554 1969 698 2004 tristitia
720 1970 819 2005 enim
840 1982 905 2017 per
934 1982 972 2005 se
1002 1971 1149 2018 respicit
1182 1970 1335 2012 malum,
1363 1978 1403 2004 ut
1428 1970 1567 2005 dictum
1594 1979 1648 2005 est

64 2021 144 2067 (art.
160 2022 314 2070 praec.).·
343 2023 640 2070 concupiscentia
668 2033 791 2059 autem
814 2033 868 2059 est
889 2033 1012 2059 motus
1039 2024 1189 2072 quidam
1217 2024 1397 2071 appetitus
1424 2024 1461 2058 in
1488 2024 1648 2060 bonum:

61 2084 185 2112 motus
206 2084 342 2120 autern,
355 2078 417 2124 qui
439 2086 493 2113 est
514 2078 551 2112 in
573 2090 688 2113 unum
710 2079 948 2122 contrarium,
963 2090 1039 2114 non
1061 2088 1115 2114 est
1138 2090 1248 2114 causa
1270 2087 1404 2121 motus,
1420 2078 1483 2125 qui
1503 2079 1649 2126 respicit

38 2171 39 2174 Ἴ
63 2130 160 2166 aliud
183 2132 429 2175 contrarium
451 2143 540 2180 ergo
563 2133 864 2180 concupiscentia
884 2145 960 2167 non
984 2141 1038 2168 est
1059 2144 1170 2167 causa
1193 2132 1344 2168 doloris.

36 2230 40 2235 ἱ
134 2195 166 2220 2.
187 2185 428 2222 PRAETEREA.
449 2186 570 2222 Dolor
591 2187 796 2222 secundum
822 2187 1100 2222 Damascenum
1123 2187 1199 2232 (lib.
1221 2199 1252 2223 2.
1279 2187 1376 2223 Orth.
1398 2186 1474 2222 Fz'd.
1497 2194 1570 2234 cap.
1596 2199 1645 2223 12.

38 2262 43 2267 ·
61 2239 98 2275 in
108 2239 192 2287 fin.)
214 2247 269 2275 est
288 2239 333 2275 de
354 2241 555 2288 praesenti;
578 2241 878 2289 concupiscentia
904 2251 1028 2277 autem
1055 2250 1109 2277 est
1130 2241 1174 2276 de
1192 2241 1333 2285 futur03
1361 2252 1449 2288 ergo
1477 2242 1649 2289 concupi-

36 2294 50 2339 3.
61 2293 200 2329 scentia
221 2304 297 2329 non
317 2302 372 2329 est
392 2306 504 2330 causa
524 2294 675 2330 doloris.

39 2343 46 2356 ‘
139 2359 169 2395 3.
191 2347 432 2385 PRAETEREA.
455 2349 495 2384 Id
517 2349 615 2396 quod
637 2361 701 2397 per
721 2361 759 2385 se
782 2358 836 2384 est
856 2349 1083 2392 delectabile,
1102 2361 1177 2385 non
1200 2358 1254 2385 est
1275 2361 1385 2385 causa
1407 2349 1562 2385 doloris:
1585 2350 1648 2385 sed

36 2402 362 2450 t‘concupiscentia
395 2411 450 2440 est
482 2404 685 2439 secundum
707 2404 864 2452 seipsam
893 2404 1130 2447 delectabilis,
1157 2413 1196 2440 ut
1221 2404 1470 2452 Philosophus
1497 2405 1585 2439 dicit
1611 2405 1647 2439 in

44 2464 96 2493 v..1
115 2456 268 2494 Rhetor.
291 2458 382 2507 (cap.
404 2471 452 2495 rr.
473 2460 553 2495 circ.
571 2460 702 2507 princ.)
712 2472 725 2501 ;
749 2470 838 2507 ergo
861 2460 1159 2507 concupiscentia
1181 2471 1256 2495 non
1284 2467 1339 2494 est
1364 2471 1474 2494 causa
1496 2459 1647 2502 doloris,

40 2505 127 2550 {eeu
146 2512 324 2548 tristitiae.

49 2558 59 2576 ’·
134 2565 211 2603 SED
233 2577 392 2604 comui
414 2576 479 2611 est,
501 2568 599 2616 quod
621 2569 718 2616 Aug.
741 2568 829 2604 dicit
849 2569 886 2604 in
913 2569 1098 2604 enchirid.
1127 2569 1218 2617 (cap.
1246 2570 1342 2615 24.).·
1370 2568 1647 2604 Subintrantibus

42 2611 255 2678 §ignorantia
280 2621 485 2668 agendarum
510 2635 637 2664 rerum,
665 2628 696 2658 et
720 2625 987 2671 concupiscentia
1009 2624 1204 2665 noxiarum,
1233 2624 1367 2658 comitas
1392 2623 1648 2669 subinferuntur

47 2678 171 2726 ’μη-ον,
200 2680 231 2711 et
259 2675 376 2712 dolor.-
406 2676 470 2712 sed
498 2676 707 2724 ignorantia
733 2685 788 2713 est
816 2689 927 2712 causa
953 2678 1110 2720 erroris3
1140 2688 1229 2724 ergo
1261 2677 1561 2724 concupiscentia
1593 2685 1647 2712 est

47 2726 175 2776 {causa
196 2729 347 2766 doloris.

50 2776 77 2839 ζ·
134 2782 368 2820 RESPONDI-:o
382 2784 591 2828 dicendum,
606 2785 704 2833 quod
717 2785 861 2820 tristitia
879 2794 933 2821 est
951 2794 1074 2821 motus
1095 2785 1244 2833 quidam
1263 2785 1442 2832 appetitus
1458 2784 1645 2819 animalis:

48 2840 188 2878 luctus
208 2846 333 2874 autem
353 2839 570 2886 appetitivus
596 2839 718 2883 habet,
745 2840 838 2875 sicut
863 2840 1002 2875 dictum
1021 2848 1074 2875 est
1096 2841 1178 2884 (art.
1200 2840 1345 2887 praec),
1368 2838 1645 2873 similitudinem

51 2882 245 2941 &appetitus
261 2893 457 2938 naturalis;
479 2894 581 2941 cujus
595 2893 715 2942 duplex
733 2905 843 2930 causa
858 2894 1035 2942 assignari
1052 2902 1191 2941 potest:
1207 2906 1275 2929 una
1297 2905 1360 2941 per
1374 2893 1529 2928 modum
1547 2892 1644 2928 finis:

63 3026 74 3051 .⁴

48 3092 93 3198 ἰ,
