1875 3198
233 185 315 239 528
628 198 846 233 QUAESTIO
880 188 1027 227 LXXIII.
1062 198 1307 228 ARTICULUS
1341 199 1399 228 IX.

232 290 319 324 grav
323 287 442 313 aretur
464 290 505 313 ex
527 279 611 321 hoc,
627 280 722 325 quod
740 279 783 313 ali
776 280 867 325 quis
883 288 1011 325 peccat
1025 279 1060 313 in
1080 279 1240 339 aliquem
1252 279 1369 314 virum
1389 280 1536 325 justum,
1559 288 1594 314 et
1611 287 1796 314 sanctum:

231 332 292 366 sed
316 343 357 366 ex
379 332 450 366 hoc
473 344 547 366 non
570 342 787 378 aggravatur
808 341 1018 378 peccatum:
1043 333 1163 367 minus
1186 334 1283 367 enim
1306 333 1459 367 laeditur
1480 345 1522 367 ex
1543 333 1674 379 injuria
1698 332 1798 367 illata

230 386 423 428 virtuosus,
451 387 511 432 qui
531 387 794 432 aequanimiter
815 386 956 428 tolerat,
981 398 1090 432 quam
1113 386 1183 427 alii,
1200 387 1260 432 qui
1275 387 1384 421 etiam
1402 387 1551 421 interius
1566 386 1800 421 scandalizati

231 439 438 481 laeduntur,
462 451 548 485 ergo
566 440 724 474 conditio
741 451 929 486 personae,
942 440 977 473 in
993 452 1103 486 quarn
1122 448 1304 486 peccatur,
1319 452 1393 474 non
1409 449 1582 486 aggravat
1595 449 1798 487 peccatum.

303 503 333 526 2.
356 493 595 528 PRAETEREA.
619 493 657 527 Si
680 493 842 527 conditio
872 504 1048 539 personae
1079 502 1294 540 aggravaret
1319 502 1523 540 peccatum,
1553 494 1710 528 maxime
1743 505 1802 540 ag-

232 554 441 591 gravaretur
464 558 504 580 ex
527 547 814 592 propinquitate:
838 547 932 592 quia,
955 547 1047 580 sicut
1070 546 1214 581 Tullius
1237 547 1325 581 dicit
1353 548 1390 581 in
1412 547 1589 581 paradox.
1613 547 1750 594 (parad.
1768 559 1797 593 3.

231 600 273 633 czd
286 600 378 645 fin),
400 600 436 632 in
458 611 563 633 servo
578 600 744 634 necando
765 600 879 634 semel
901 609 1090 646 peccatur,
1112 601 1148 634 in
1172 601 1282 647 patris
1303 601 1377 635 vita
1397 601 1569 635 violanda
1583 601 1697 635 multa
1719 612 1798 647 pec-

232 662 379 687 cantur:
403 653 465 687 sed
488 654 736 700 propinquitas
758 665 947 699 personae,
969 654 1006 688 in
1028 666 1138 700 quarn
1159 663 1339 701 peccatur,
1354 666 1435 689 non·
1447 655 1588 689 videtur
1603 665 1801 701 aggravare

231 715 440 752 peccatum:
458 707 541 752 quia
556 708 800 753 unusquisque
816 708 883 741 sibi
901 709 966 753 ipsi
985 708 1141 742 maxime
1157 717 1208 743 est
1226 709 1467 755 propinquus3
1489 717 1524 743 et
1540 716 1663 743 tamen
1681 708 1801 742 minus

231 768 368 806 peccat,
388 761 448 806 qui
471 760 617 806 aliquod
640 761 813 795 damnum
838 761 904 795 sibi
926 761 1042 804 infert,
1065 774 1175 808 quam
1196 762 1226 796 si
1247 762 1392 796 inferret
1415 762 1536 806 alteri3
1558 770 1644 809 puta
1665 764 1693 797 si
1708 762 1802 796 occi-

232 813 332 847 deret
354 825 488 859 equum
515 825 633 856 suurn,
660 826 769 860 quarn
793 815 822 848 si
850 816 1031 849 occideret
1057 827 1191 862 equum
1220 815 1376 858 alterius,
1398 824 1437 850 ut
1456 824 1555 863 patet
1579 828 1642 862 per
1663 815 1800 850 Philos.

232 867 267 900 in
293 878 320 912 5.
345 867 460 901 Ethic.
486 867 575 915 (cap.
598 869 655 902 ult.
675 880 695 902 α
718 868 845 913 med.)‚·
870 880 956 915 ergo
979 871 1227 916 propinquitas
1249 881 1426 916 personae
1447 881 1522 904 non
1537 877 1710 916 aggravat
1723 880 1803 916 pec-

232 929 364 955 catum.

306 986 334 1020 3.
358 975 593 1010 PRAETEREA.
619 975 792 1010 Conditio
814 987 991 1022 personae
1013 977 1196 1023 peccantis
1215 977 1407 1024 praecipue
1423 985 1598 1023 aggravat
1610 985 1802 1024 peccatum

231 1028 370 1062 ratione
392 1028 586 1074 dignitatis,
607 1029 666 1063 vel
688 1030 872 1072 scientiae,
897 1030 1098 1064 secundum
1119 1030 1208 1064 illud
1232 1031 1314 1077 Sap.
1335 1030 1388 1066 6.:
1412 1031 1560 1066 Potentes
1574 1035 1725 1077 potenter
1739 1035 1804 1065 tor-

231 1087 341 1117 menta
362 1085 555 1129 patientum·
577 1092 611 1117 et
640 1084 727 1117 Luc.
763 1094 837 1118 12.:
866 1084 985 1119 Servus
1010 1086 1112 1119 sciam
1137 1085 1337 1119 voluntalem
1361 1084 1498 1126 domini,
1521 1089 1550 1120 et
1575 1097 1641 1118 non
1660 1085 1801 1131 faciens,

227 1136 336 1182 plagi5
354 1137 529 1183 tapzclabit
550 1138 679 1178 multis,¹
701 1149 788 1183 ergo
811 1138 887 1184 pari
910 1138 1048 1172 ratione
1071 1150 1113 1172 ex
1131 1147 1230 1185 parte
1246 1149 1434 1185 personae,
1448 1138 1485 1172 in
1499 1150 1609 1185 quam
1622 1145 1803 1184 peccatur,

233 1190 349 1235 magis
373 1201 508 1236 aggrav
513 1199 588 1225 aret
607 1199 800 1237 peccatum
815 1191 982 1237 dignitas,
999 1200 1058 1226 aut
1072 1192 1222 1226 scientia
1236 1203 1424 1237 personae,
1439 1192 1475 1226 in
1493 1203 1602 1238 quam
1616 1200 1803 1238 peccatur:

231 1218 317 1277 sedD
315 1255 389 1277 non
396 1218 553 1278 Dvidetur
576 1245 721 1290 gravius
743 1256 908 1291 peccare,
931 1246 990 1291 qui
1012 1245 1126 1280 facit
1118 1246 1289 1292 injuriam
1309 1257 1486 1292 personae
1508 1245 1640 1288 ditiori,
1666 1245 1724 1279 vel
1744 1256 1806 1292 po-

231 1297 388 1339 tentiori,
416 1309 526 1343 quarn
553 1298 660 1332 alicui
691 1299 861 1345 pauperi;
897 1300 981 1345 quia
1007 1311 1072 1334 non
1098 1305 1140 1334 est
1161 1307 1384 1347 personarum
1410 1301 1556 1347 acceptio
1581 1299 1670 1346 apud
1694 1300 1805 1334 Deam

233 1351 359 1396 (Colos.
378 1363 406 1398 3.
430 1353 493 1397 25.)
519 1353 720 1386 secundum
742 1354 842 1398 cujus
864 1353 1039 1398 judicium
1061 1353 1218 1398 gravitas
1239 1353 1380 1400 peccati
1400 1361 1594 1400 pensatur;
1615 1364 1703 1400 ergo
1723 1364 1807 1387 con-

233 1405 319 1438 ditio
336 1416 525 1451 personae,
547 1406 583 1439 in
606 1417 715 1451 quam
737 1415 918 1452 peccatur,
939 1418 1014 1440 non
1037 1415 1209 1453 aggravat
1230 1415 1431 1452 peccatum.

306 1458 380 1493 SED
405 1469 561 1493 CONTRA
577 1468 641 1502 est,
657 1460 754 1506 quod
769 1460 804 1493 in
822 1460 933 1494 Sacra
948 1460 1131 1507 Scriptura
1150 1460 1354 1507 specialiter
1367 1461 1589 1507 vituperatur
1602 1467 1805 1506 peccatum,

235 1513 331 1558 quod
360 1521 485 1546 contra
512 1524 636 1547 servos
662 1513 733 1547 Dei
761 1514 1022 1549 committitur:
1050 1515 1142 1549 sicut
1181 1514 1310 1548 dicitur
1335 1526 1363 1560 3.
1390 1514 1534 1560 Regum
1564 1525 1639 1561 19.:
1666 1514 1807 1548 Altaria

234 1571 290 1600 tua
312 1566 396 1601 ιῐωίι
400 1579 480 1601 [ιω
483 1572 551 1608 unt
578 1572 607 1602 et
624 1568 803 1614 p10pheta5·
830 1573 898 1602 tuos
920 1568 1109 1603 occiderunt
1127 1568 1248 1614 gladio
1271 1568 1505 1614 Vituperatur
1519 1568 1630 1602 etiarn
1647 1567 1806 1602 maxime

233 1627 425 1666 peccatum
448 1620 689 1654 commissum
711 1621 747 1654 in
768 1633 943 1667 personas
966 1622 1197 1668 propinquas,
1219 1622 1422 1656 secundum
1443 1621 1532 1656 illud
1551 1621 1663 1656 Mich.
1678 1632 1733 1667 7.:
1751 1622 1807 1656 Fi-

233 1674 294 1708 lias
317 1674 549 1708 contumeliam
571 1675 654 1718 facit
675 1676 783 1721 palti,
803 1675 882 1721 filia
908 1677 1074 1721 connctgit
1096 1675 1251 1711 adversus
1276 1681 1418 1710 matrem
1442 1687 1548 1710 suam.
1575 1674 1808 1721 Vituperatur

234 1728 344 1761 etiam
366 1727 571 1774 specialiter
593 1736 796 1773 peccatum,
824 1729 922 1774 quod
949 1729 1188 1763 committitur
1209 1729 1245 1763 in
1267 1740 1441 1776 personas
1466 1729 1504 1763 in
1525 1728 1699 1775 dignitate
1725 1739 1809 1763 con-

233 1781 385 1823 stitutas,
408 1790 446 1815 ut
468 1790 565 1827 patet
582 1782 648 1827 Job
675 1792 726 1828 54.
744 1794 750 1815 :
776 1783 847 1827 Qui
864 1782 943 1817 dicit
965 1784 1052 1829 regi:
1072 1788 1233 1829 apostata,
1254 1785 1311 1829 qui
1328 1789 1426 1818 vocat
1443 1783 1537 1818 duces
1558 1783 1698 1830 impios;
1719 1794 1806 1828 ergo

235 1835 396 1869 conditio
418 1847 609 1881 personae,
632 1836 667 1869 in
690 1847 798 1882 quarn
822 1845 1004 1883 peccatur,
1028 1846 1202 1883 aggravat
1220 1844 1423 1884 peccatum.

304 1889 534 1924 Rssspoxnsso
558 1890 764 1932 dicendum,
787 1890 884 1936 quod
907 1902 1073 1937 persona,
1089 1891 1124 1924 in
1139 1903 1248 1937 quarn
1264 1899 1446 1937 peccatur,
1463 1899 1516 1925 est
1531 1889 1806 1937 quodammodo

235 1943 419 1988 objectum
434 1944 585 1990 peccati.
602 1944 751 1978 Dictum
767 1953 819 1978 est
834 1953 955 1978 autem
971 1956 1077 1991 supra
1092 1945 1173 1990 (art.
1189 1957 1217 1992 3.
1240 1946 1310 1991 huj.
1326 1945 1384 1991 q.)‚
1408 1945 1505 1991 quod
1520 1944 1636 1991 prima
1651 1944 1808 1990 gravitas

234 1997 376 2043 peccati
403 1998 597 2032 attenditur
624 2009 665 2032 ex
691 2006 791 2044 parte
819 1998 973 2043 objecti3
1002 2011 1045 2033 ex
1072 2010 1143 2044 quo
1171 1999 1318 2045 quidem
1343 2007 1444 2033 tanto
1473 1998 1666 2033 attenditur
1692 1999 1809 2044 maj0r

236 2051 391 2097 gravitas
415 2051 451 2084 in
473 2060 638 2097 peccato,
661 2060 796 2098 quanto
825 2052 1007 2098 objectum
1031 2053 1105 2098 ejus
1128 2061 1180 2087 est
1201 2052 1433 2099 principalior
1454 2052 1556 2086 finis:
1579 2051 1668 2086 fines
1686 2059 1807 2086 autem

235 2104 452 2151 principales
474 2105 722 2139 humanorum
745 2115 892 2140 actuum
914 2114 997 2140 sunt
1017 2107 1118 2148 Deus,
1141 2106 1218 2153 ipse
1237 2107 1345 2148 homo,
1367 2114 1401 2141 et
1415 2107 1611 2152 proximus:
1635 2104 1808 2152 quidquid

237 2158 334 2192 enirn
356 2157 522 2201 facimus,
545 2167 691 2205 propter
713 2159 859 2206 aliquod
881 2160 1014 2194 horum
1038 2159 1203 2202 facimus,
1226 2160 1391 2206 quamvis
1413 2160 1523 2194 etiam
1545 2160 1678 2194 horum
1698 2159 1808 2193 trium

239 2223 352 2245 unum
374 2212 437 2246 sub
463 2212 575 2247 altero
599 2213 793 2248 ordinetur.
822 2214 947 2248 Potest
972 2214 1080 2259 igitur
1107 2226 1149 2248 ex
1174 2222 1274 2260 parte
1300 2214 1435 2248 horum
1461 2215 1566 2249 trium
1588 2213 1810 2248 considerari

238 2267 367 2311 major,
390 2265 448 2299 vel
470 2267 590 2301 minor
618 2267 774 2313 gravitas
801 2267 836 2301 in
863 2276 1013 2313 peccato
1041 2268 1242 2302 secundum
1270 2268 1520 2302 conditionem
1553 2277 1744 2314 personae,
1771 2266 1808 2300 in

239 2331 348 2366 quam
371 2328 552 2366 peccatur.
577 2321 690 2355 Primo
715 2320 862 2367 quidem
889 2334 931 2355 ex
954 2330 1053 2367 parte
1080 2322 1161 2364 Dei,
1185 2322 1242 2356 cui
1268 2330 1368 2356 tanto
1395 2322 1513 2367 magis
1536 2321 1664 2367 aliquis
1690 2321 1805 2355 homo

238 2374 481 2419 conjungitur,
505 2382 639 2419 quanto
664 2383 716 2408 est
736 2375 943 2416 virtuosior,
966 2375 1024 2410 vel
1046 2375 1126 2409 Deo
1149 2375 1345 2409 sacratior:
1370 2383 1405 2409 et
1422 2375 1504 2409 ideo
1523 2376 1651 2420 injuria
1671 2374 1812 2420 tulipar-

235 2439 333 2462 ςοηαε
360 2428 452 2461 illata
480 2430 583 2473 magis
607 2428 768 2463 redundat
795 2430 828 2462 in
851 2430 973 2471 Deum,
998 2429 1198 2463 secundum
1225 2429 1314 2463 illud
1341 2429 1490 2463 Zachar.
1513 2438 1568 2464 2.:
1598 2429 1668 2473 Qui
1687 2440 1746 2462 vos
1772 2432 1812 2462 te-

238 2482 358 2526 tigerit,
379 2483 485 2527 tangit
500 2482 665 2528 pupillam
694 2483 780 2516 oculi
799 2484 886 2522 mam
911 2483 1005 2516 unde
1029 2492 1220 2528 peccatum
1243 2482 1281 2516 fit
1298 2483 1444 2528 gravius
1463 2493 1504 2516 ex
1518 2482 1603 2524 hoc,
1617 2481 1714 2528 quod
1728 2492 1808 2528 pec-

238 2543 338 2568 catur
361 2535 395 2568 in
419 2546 615 2581 personam
639 2536 756 2581 magis
778 2536 858 2570 Deo
893 2537 1138 2581 conjunctam,
1159 2535 1218 2570 vel
1244 2536 1383 2571 ratione
1409 2535 1562 2578 virtutis,
1588 2535 1646 2570 vel
1671 2535 1810 2569 ratione
1857 2543 1859 2547 ·

239 2587 360 2622 officii.
385 2590 437 2623 Ex
452 2594 550 2635 pin-ta
578 2589 687 2623 etiam
716 2591 764 2623 sui
791 2591 889 2636 ipsius
916 2589 1148 2624 manifestum
1177 2598 1240 2632 est,
1264 2590 1361 2636 quod
1383 2598 1484 2624 tanto
1511 2588 1639 2635 aliquis
1666 2588 1811 2635 gravius

238 2650 375 2688 peccat,
398 2651 533 2688 quanto
557 2643 685 2689 aliquis
709 2644 824 2687 magis
848 2645 882 2677 in
907 2645 1117 2689 conjuntam
1141 2655 1334 2690 personam
1358 2655 1420 2678 seu
1441 2643 1597 2678 naturali
1619 2642 1812 2678 necessitu—

239 2696 332 2737 dine,
355 2708 416 2730 seu
439 2696 712 2738 bcneficiis,seu
736 2708 966 2743 quacumque
990 2698 1247 2742 conjunctione
1270 2697 1493 2744 peccaverit:
1512 2697 1595 2743 quia
1613 2696 1754 2731 videtur
1772 2696 1807 2730 in

239 2749 398 2795 seipsum
414 2750 530 2795 magis
546 2761 716 2796 peccar03
733 2758 767 2784 et
781 2762 845 2796 pro
861 2759 961 2785 tanto
974 2751 1118 2796 gravius
1131 2751 1475 2797 peccat,secundum
1487 2750 1575 2784 illud
1586 2749 1806 2792 Eccles.14.:

242 2804 311 2847 Qui
332 2805 394 2838 sibi
420 2816 559 2850 nequam
583 2809 638 2846 ast,
663 2805 716 2838 sui
739 2804 798 2837 alii
826 2806 926 2839 lvmms
947 2806 1040 2839 crit?
1067 2805 1118 2839 Ex
1137 2810 1234 2851 parta
1261 2815 1347 2838 vero
1368 2805 1521 2851 proximi
1542 2811 1643 2838 tanto
1665 2803 1809 2849 gravius

240 2865 421 2902 peccatur,
450 2866 585 2903 quanto
614 2865 805 2904 peccatum
834 2857 953 2904 plures
986 2858 1110 2904 tangit,
1137 2866 1171 2892 et
1198 2858 1280 2892 ideo
1301 2863 1487 2904 peccatum,
1515 2856 1601 2904 quod
1612 2857 1657 2904 fit
1682 2857 1716 2891 in
1736 2862 1812 2903 per-

239 2922 352 2945 sonam
368 2912 551 2957 publicam,
575 2920 660 2958 puta
683 2923 818 2957 regem,
841 2911 898 2945 vel
923 2911 1135 2957 principem,
1158 2911 1218 2958 qui
1239 2912 1331 2958 gerit
1348 2922 1543 2958 personam
1559 2910 1670 2946 totius
1693 2909 1797 2944 multi
1843 2943 1845 2945 ,

1796 3061 1851 3198 3
