1907 3198
535 216 758 253 QUAESTIO
792 218 907 249 inv.
943 218 1189 250 ARTICULUS
1224 220 1250 251 1.
1597 226 1681 268 439

102 297 318 345 pauperibus
340 306 393 334 est
413 297 676 346 perfectissima
699 300 960 345 misericordia,
983 301 1040 336 vel
1060 301 1275 346 liberalitas;
1299 315 1386 351 ergo
1406 304 1562 349 videtur,
1585 307 1683 354 quod

102 361 176 386 non
195 351 240 386 sit
260 352 304 387 de
325 353 465 388 ratione
487 353 627 388 virtutis
647 355 796 390 moralis
819 367 896 391 esse
919 356 955 390 in
979 357 1112 391 medio.

175 404 250 441 SED
278 417 433 442 CONTRA
456 415 520 450 est,
543 408 640 454 quod
663 408 800 444 Philos.
829 409 915 444 dicit
936 411 972 445 in
995 421 1026 444 2.
1050 410 1166 445 Ethic.
1190 413 1276 459 (cap.
1305 412 1338 448 6.
1360 418 1433 460 post
1452 414 1550 461 med.)
1585 416 1682 462 quod

99 458 211 494 virtus
233 460 382 495 moralis
405 469 458 496 est
479 461 622 497 habitus
645 462 818 498 electivus
840 464 876 498 in
899 464 1094 499 medietate
1118 465 1284 501 existens.

172 512 404 550 RESPONDEO
427 515 634 559 dicendum,
651 517 760 563 quod,
777 517 869 552 sicut
883 530 925 552 ex
949 519 1163 565 supradictis
1179 529 1277 566 patet
1295 520 1340 567 (q.
1353 533 1398 567 55.
1415 527 1480 557 art.
1493 523 1550 569 3.),
1570 523 1682 559 virtus

100 566 144 602 de
165 567 220 602 sui
238 568 376 603 ratione
399 569 543 604 ordinat
564 570 756 605 hominem
776 572 820 605 ad
843 572 998 606 bonum:
1024 573 1172 607 moralis
1193 582 1317 608 autem
1333 575 1444 610 virtus
1468 577 1612 624 proprie
1627 586 1680 613 est

98 619 293 668 perfectiva
316 623 533 669 appetitivae
555 625 665 670 partis
688 625 833 660 animae
857 626 952 660 circa
977 626 1135 673 aliquam
1161 627 1442 663 determinatam
1466 632 1679 675 materiam3

99 685 270 710 mensura
291 684 425 719 autern,
456 685 490 712 et
512 677 637 723 regula
666 679 850 725 appetitivi
879 688 1001 714 motus
1036 681 1132 715 circa
1161 682 1368 728 appetibilia
1399 692 1452 718 est
1473 684 1550 731 ipsa
1577 686 1680 721 ratio.

99 728 244 764 Bonum
266 737 389 765 autem
408 730 599 777 cujuslibet
617 733 829 776 mensurati,
845 741 880 768 et
898 734 1050 781 regulati
1074 736 1238 770 consistit
1253 736 1289 770 in
1313 736 1397 779 hoc,
1420 739 1517 784 quod
1541 739 1683 774 confor-

98 790 216 818 metur
233 794 320 819 suae
338 784 504 831 regulae:
528 785 621 820 sicut
635 786 774 821 bonum
796 788 833 822 in
853 787 1051 823 artificiatis
1067 797 1130 831 est,
1146 797 1183 823 ut
1202 798 1373 837 sequatur
1388 792 1552 837 regulam
1573 794 1657 828 artis
1672 806 1679 828 ε

98 836 237 872 malum
255 845 377 873 autem
392 850 456 886 per
475 850 703 887 consequens
718 841 754 875 in
777 841 989 888 hujusmodi
1012 851 1065 878 est
1079 854 1142 890 per
1163 843 1248 887 hoc,
1267 845 1364 891 quod
1389 845 1523 892 aliquid
1546 847 1681 882 discor-

98 890 158 926 dat
179 902 199 926 a
220 902 286 926 sua
307 891 444 940 regula,
467 893 526 928 vel
544 905 733 929 mensura:
757 896 855 942 quod
875 896 1023 944 quidem
1046 898 1226 945 contingit
1247 898 1304 933 vel
1326 911 1390 946 per
1411 900 1482 935 hoc
1506 902 1603 948 quod
1623 914 1679 937 su-

95 945 302 992 perexcedit
319 957 541 990 mensuram,
556 947 615 983 vel
633 960 697 995 per
713 949 785 984 hoc
809 951 906 997 quod
923 950 1044 986 deficit
1066 951 1108 986 ab
1125 962 1182 986 ea:
1207 952 1300 988 sicut
1314 953 1505 990 manifeste
1531 964 1680 1003 apparet

95 998 133 1034 in
155 999 325 1036 omnibus
345 1000 530 1048 regulatis,
553 1011 589 1037 et
610 1004 846 1047 mensuratis;
870 1012 905 1040 et
927 1005 1009 1040 ideo
1032 1013 1140 1052 patet,
1163 1007 1262 1053 quod
1280 1007 1418 1042 bonum
1437 1009 1577 1045 virtutis
1600 1022 1676 1046 mo-

95 1052 180 1088 ralis
201 1054 367 1090 consistit
383 1055 420 1090 in
435 1055 701 1104 adaequatione
724 1057 767 1092 ad
783 1069 994 1094 mensuram
1013 1059 1163 1095 rationis
1179 1072 1186 1094 ε
1210 1061 1446 1097 manifestum
1465 1072 1518 1099 est
1541 1073 1677 1109 autem,

95 1107 194 1154 quod
214 1107 307 1143 inter
329 1119 531 1153 excessum,
555 1118 590 1145 et
611 1110 794 1146 defectum
820 1113 984 1148 medium
1007 1122 1060 1149 est
1083 1114 1294 1161 aequalitas,
1317 1116 1392 1151 sive
1415 1117 1678 1164 conformitas;

95 1161 191 1197 unde
212 1161 402 1198 manifeste
425 1172 585 1211 apparet,
607 1165 705 1212 quod
727 1165 839 1201 virtus
859 1167 1009 1202 moralis
1031 1168 1068 1202 in
1090 1169 1213 1204 medio
1237 1170 1413 1206 consistit.

167 1215 227 1251 AD
252 1226 404 1252 PRIMUM
425 1229 514 1265 ergo
535 1218 743 1263 dicendum,
771 1221 869 1267 quod
890 1221 1003 1256 virtus
1025 1222 1175 1258 moralis
1202 1223 1406 1259 bonitatem
1428 1225 1538 1262 habet
1559 1239 1602 1263 ex
1624 1240 1676 1264 re-

97 1268 183 1316 gula
204 1269 374 1306 rationis:
396 1282 462 1318 pro
486 1273 636 1307 materia
672 1281 794 1309 autem
817 1275 926 1310 habet
947 1276 1147 1322 passiones,
1173 1276 1232 1311 vel
1254 1278 1504 1325 operationes;
1527 1281 1557 1316 si
1584 1293 1672 1329 ergo

96 1331 330 1371 comparetur
350 1325 462 1360 virtus
493 1326 643 1362 moralis
672 1327 716 1362 ad
738 1329 931 1372 rationem,
954 1330 1004 1364 sic
1027 1330 1230 1365 secundum
1252 1331 1287 1366 id
1310 1333 1407 1379 quod
1435 1334 1584 1370 rationis
1608 1345 1672 1379 est,

93 1376 204 1412 habet
223 1378 404 1413 rationem
427 1380 579 1414 extremi
600 1381 717 1424 unius,
739 1382 837 1429 quod
861 1391 915 1418 est
937 1383 1194 1419 conformitas:
1218 1397 1385 1422 excessus
1404 1399 1503 1431 vero,
1524 1397 1559 1424 et
1580 1390 1676 1426 defe-

95 1437 172 1467 ctus
193 1431 302 1467 habet
322 1433 503 1468 rationem
537 1433 683 1470 alterius
706 1437 868 1480 extremi,
893 1438 991 1484 quod
1014 1447 1067 1474 est
1089 1438 1322 1476 difformitas:
1348 1441 1378 1476 si
1399 1453 1486 1477 vero
1510 1444 1674 1479 conside-

93 1492 189 1520 retur
209 1485 320 1521 virtus
349 1487 498 1522 moralis
529 1489 732 1524 secundum
762 1502 867 1526 suam
889 1492 1094 1535 materiam,
1125 1493 1175 1528 sic
1200 1494 1311 1530 habet
1336 1496 1516 1532 rationem
1547 1499 1670 1542 medii,

91 1539 305 1586 inquantum
331 1543 540 1588 passionem
574 1543 712 1578 reducit
734 1544 778 1579 ad
812 1545 978 1591 regulam
1012 1547 1182 1590 rationis;
1217 1549 1311 1584 unde
1346 1549 1483 1586 Philos.
1519 1552 1605 1588 dicit
1633 1553 1669 1588 in

92 1603 124 1628 2.
146 1593 307 1630 Ethicor.
323 1595 413 1643 (cap.
436 1597 548 1644 6.post
569 1597 679 1642 med),
697 1599 795 1646 quod
809 1599 922 1635 virtus
937 1601 1138 1636 secundum
1157 1603 1397 1639 substantiam
1412 1606 1586 1642 medietas
1604 1616 1668 1651 est,

89 1647 306 1696 inquantum
327 1649 454 1697 regula
474 1651 614 1687 virtutis
637 1653 783 1699 ponitur
805 1654 901 1689 circa
921 1656 1106 1702 propriam
1129 1658 1341 1693 materiam:
1362 1661 1561 1695 secundum
1585 1665 1668 1709 opti-

90 1714 182 1738 mum
204 1711 338 1747 autem,
361 1712 396 1740 et
411 1706 485 1741 bene
507 1714 561 1741 est
583 1708 802 1751 extremitas,
818 1708 957 1744 scilicet
971 1710 1173 1745 secundum
1189 1711 1486 1749 conformitatem
1506 1716 1666 1752 rationis.

160 1757 222 1793 AD
240 1768 449 1794 SECUNDUM
463 1759 671 1804 dicendum,
689 1763 786 1809 quod
802 1763 977 1806 medium,
994 1773 1028 1799 et
1042 1773 1202 1800 extrema
1219 1767 1494 1803 considerantur
1508 1769 1543 1804 in
1560 1771 1671 1806 actio-

87 1810 204 1854 nibus,
227 1819 262 1847 et
281 1813 511 1860 passionibus
534 1816 737 1851 secundum
760 1817 919 1852 diversas
943 1819 1252 1864 circumstantia33
1275 1822 1370 1857 unde
1389 1823 1480 1857 nihil
1501 1825 1668 1871 prohibet

87 1864 124 1900 in
146 1865 267 1913 aliqua
286 1868 415 1902 virtute
431 1879 510 1904 esse
525 1877 730 1905 extremum
746 1872 948 1906 secundum
964 1884 1075 1907 unam
1092 1875 1418 1919 circumstantiam,
1433 1878 1530 1924 quod
1544 1887 1668 1915 tamen

87 1926 141 1954 est
161 1920 325 1955 medium
347 1922 550 1957 secundum
573 1923 661 1959 alias
685 1925 977 1961 circumstantias
1000 1939 1063 1973 per
1086 1927 1383 1964 conformitatem
1404 1931 1446 1965 ad
1466 1932 1665 1969 rationem:

87 1981 122 2008 et
143 1973 194 2008 sic
217 1982 271 2009 est
291 1976 327 2010 in
350 1976 635 2023 magnificentia,
657 1986 692 2013 et
714 1980 1035 2025 magnanimitate:
1059 1993 1145 2016 nam
1169 1983 1197 2017 si
1221 1984 1469 2020 consideretur
1487 1988 1666 2033 quantitas

87 2027 252 2063 absoluta
274 2029 361 2075 ejus,
383 2030 419 2064 in
443 2031 540 2077 quod
563 2032 679 2067 tendit
701 2033 930 2080 magnificus,
953 2043 987 2070 et
1009 2037 1278 2082 magnanimus,
1302 2039 1441 2074 dicetur
1466 2046 1663 2087 extranmm,

85 2089 121 2116 et
140 2083 348 2119 maximum:
371 2084 434 2119 sed
455 2085 484 2120 si
507 2086 758 2122 consideretur
782 2088 851 2122 hoc
876 2090 993 2135 ipsum
1013 2102 1076 2136 per
1095 2092 1411 2137 comparationem
1431 2095 1475 2128 ad
1495 2095 1582 2130 alias
1602 2097 1666 2131 cir-

85 2136 334 2180 cumstantias,
356 2137 407 2172 sic
435 2138 545 2174 habet
566 2140 747 2175 rationem
763 2142 881 2177 medii:
905 2143 988 2189 quia
1007 2143 1042 2178 in
1062 2144 1134 2179 hoc
1154 2146 1356 2181 maximum
1376 2149 1528 2184 tendunt
1545 2150 1666 2197 hujus-

85 2190 184 2225 modi
198 2190 348 2227 virtutes
363 2193 565 2228 secundum
579 2194 744 2242 regulam
760 2197 921 2240 rationis,
937 2198 1029 2234 idest
1046 2200 1106 2234 ubi
1122 2209 1276 2247 oportet,
1294 2210 1328 2236 et
1342 2204 1487 2250 quando
1508 2215 1662 2252 oportet,

84 2251 119 2280 et
132 2253 280 2292 propter
294 2247 391 2293 quod
406 2256 568 2294 oportet:
588 2260 756 2285 excessus
773 2259 906 2294 autem,
921 2252 1000 2287 siin
1017 2253 1087 2288 hoc
1106 2255 1306 2290 maximum
1321 2257 1499 2302 tendatur,
1515 2261 1660 2306 quando

82 2309 156 2333 non
179 2307 334 2346 oportet,
355 2300 415 2336 vel
445 2302 505 2336 ubi
532 2313 606 2337 non
629 2312 783 2350 oportet,
807 2305 864 2340 vel
896 2315 1042 2353 propter
1073 2309 1169 2355 quod
1204 2320 1278 2344 non
1309 2320 1470 2357 oportet:
1499 2313 1660 2350 defectus

83 2360 205 2388 autem
224 2361 287 2397 est,
309 2354 338 2389 si
360 2365 434 2389 non
456 2356 625 2391 tendatur
648 2359 682 2392 in
704 2358 774 2392 hoc
800 2359 1014 2403 maximum,
1030 2362 1089 2396 ubi
1109 2371 1265 2409 oportet,
1286 2372 1320 2399 et
1338 2366 1483 2411 quando
1500 2377 1660 2414 oportet;

82 2414 118 2441 et
138 2406 209 2442 hoc
233 2415 296 2450 est,
319 2408 416 2455 quod
439 2409 654 2457 Philosoph.
683 2412 769 2447 dicit
791 2413 825 2447 in
848 2423 881 2457 4.
913 2414 1030 2449 Ethic.
1055 2416 1143 2464 (scip.
1163 2429 1190 2463 3.
1210 2418 1312 2465 paulo
1342 2431 1361 2454 a
1384 2421 1527 2467 priua),
1561 2424 1658 2468 quod

81 2461 338 2508 magnanimus
366 2470 420 2498 est
440 2464 587 2510 quidem
611 2467 858 2512 magnitudine
882 2477 1074 2512 extremus,
1098 2482 1142 2505 eo
1166 2479 1286 2506 autem
1311 2474 1408 2520 quod
1436 2483 1473 2510 ut
1501 2485 1658 2523 oportet,

81 2515 234 2550 medius.

152 2569 213 2605 AD
241 2580 413 2606 TERTIUM
442 2571 650 2616 dicendum,
673 2575 770 2621 quod
794 2575 923 2611 eadem
956 2578 1049 2612 ratio
1073 2587 1126 2614 est
1149 2579 1192 2614 de
1214 2581 1432 2627 virginitate,
1455 2591 1490 2618 et
1512 2596 1660 2631 pauper-

79 2629 163 2666 tate,
177 2635 270 2671 quae
285 2633 338 2659 est
353 2625 396 2660 de
412 2627 732 2673 magnanimitate:
755 2629 906 2665 abstinet
921 2632 1018 2666 enim
1036 2633 1222 2678 virginitas
1239 2635 1280 2668 ab
1297 2636 1466 2671 omnibus
1481 2639 1658 2682 venereis,

80 2684 115 2712 et
135 2686 326 2725 paupertas
353 2679 395 2713 ab
423 2681 592 2716 omnibus
624 2682 756 2717 divitiis
784 2693 930 2730 propter
957 2687 1052 2732 quod
1085 2696 1239 2734 oportet,
1267 2697 1301 2723 et
1331 2691 1531 2726 secundum
1560 2694 1657 2739 quod

79 2739 234 2778 oportet,
256 2731 348 2767 idest
370 2734 570 2769 secundum
587 2736 800 2771 mandatum
816 2738 897 2781 Dei,
917 2747 950 2774 et
972 2748 1119 2787 propter
1134 2741 1246 2776 vitam
1263 2751 1465 2777 aeternam:
1486 2745 1512 2779 si
1534 2755 1655 2781 autem

78 2784 150 2820 hoc
170 2785 231 2820 fiat
249 2787 450 2822 secundum
469 2790 566 2835 quod
591 2801 664 2824 non
689 2799 842 2837 oportet,
859 2792 950 2827 idest
965 2795 1165 2829 secundum
1183 2796 1340 2843 aliquam
1358 2799 1652 2844 superstitionem

78 2838 255 2883 illicitam,
277 2840 336 2876 vel
358 2843 467 2876 etiam
486 2851 633 2890 propter
655 2844 800 2880 inanem
824 2846 992 2891 gloriam,
1016 2851 1081 2884 erit
1104 2850 1344 2897 superfluum:
1374 2852 1400 2885 si
1430 2861 1550 2888 autem
1580 2867 1653 2889 non

79 2891 151 2936 fiat,
173 2894 319 2941 quando
342 2904 498 2942 oportet,
520 2897 578 2933 vel
600 2899 799 2933 secundum
829 2902 924 2947 quod
954 2912 1110 2948 oportet,
1133 2912 1185 2938 est
1207 2905 1334 2938 vitium
1362 2917 1424 2951 per
1451 2907 1651 2944 defectum:

79 2954 116 2982 ut
137 2955 235 2994 patet
255 2948 291 2983 in
313 2950 658 2997 transgredientibus
680 2961 807 2987 votum
830 2954 1056 3001 virginitatis,
1080 2957 1136 2992 vel
1159 2959 1390 3005 paupertatis.
