1875 3198
203 181 286 237 830
634 192 855 229 QUAEs‘rro
891 190 976 221 ctx.
1012 188 1255 222 ARTiCULUs
1288 186 1331 219 11.

201 275 299 321 diget
320 274 527 309 conservari
547 274 584 308 in
606 274 703 308 bono
726 285 812 309 suae
832 281 981 307 naturae
1004 271 1235 307 convenienti
1257 271 1298 305 ab
1322 270 1414 304 alio:
1436 278 1556 316 potest
1576 270 1674 304 enim
1695 280 1759 316 per

201 328 357 374 seipsam
371 328 523 363 deficere
546 340 565 362 a
586 329 696 370 bono,
712 328 805 362 sicut
826 335 861 361 et
881 338 944 373 per
957 326 1114 373 seipsam
1128 333 1247 372 potest
1263 324 1418 359 deficere
1438 324 1475 357 in
1495 335 1570 358 non
1584 335 1673 366 esse,
1690 323 1761 357 nisi

200 381 368 416 divinitus
391 390 674 416 conservaretur.

271 436 330 470 AD
351 446 521 470 TERTmM
543 435 749 476 dicendum,
771 434 867 480 quod
890 434 998 467 etiam
1016 444 1144 467 verum
1164 443 1238 466 non
1260 440 1379 478 potest
1398 431 1514 466 homo
1536 441 1760 477 cognoscere

200 488 277 523 sine
299 489 431 523 auxilio
454 489 588 530 divino,
610 489 702 522 sicut
722 499 830 534 supra
856 488 993 521 dictum
1015 495 1069 521 est
1091 487 1169 531 (art.
1195 497 1224 520 Ι.
1251 487 1320 532 huj.
1347 486 1419 532 q.)‚·
1446 494 1481 520 et
1500 493 1624 520 tamen
1645 485 1761 531 magis

201 549 253 576 est
270 551 397 576 natura
419 543 579 576 humana
601 550 770 588 corrupta
784 552 847 587 per
860 549 1051 587 peccatum
1066 548 1241 586 quantum
1263 540 1307 574 ad
1322 539 1521 586 appetitum
1534 539 1632 581 boni,
1652 550 1761 584 quam

201 604 375 642 quantum
398 597 441 630 ad
465 596 714 641 cognitionem
734 595 821 629 veri.

762 726 1110 772 ARTchLus
1138 727 1218 770 111.
1697 738 1761 785 578

392 835 544 865 UTRUM
567 835 696 864 HOMO
724 836 875 865 POSSIT
903 836 1108 866 DILIGERE
1130 836 1254 865 DEUM
1277 836 1410 866 SUPER
1437 835 1579 866 OMNIA

558 901 612 929 EX
639 901 759 930 SOLIS
783 901 1085 931 NATURALIBUS
1113 901 1208 932 SINE
1236 901 1412 931 GRATIA.

299 987 406 1031 (Pari.
434 1000 460 1022 I.
483 999 512 1033 q.
537 988 593 1023 60.
617 993 680 1023 art.
706 1000 734 1023 1.
757 993 785 1022 et
806 1000 837 1023 2.
859 989 947 1023 Dist.
971 1001 998 1035 3.
1021 1000 1051 1034 q.
1077 999 1110 1033 4.
1133 994 1162 1023 et
1189 989 1275 1023 Veri.
1298 1000 1328 1034 q.
1350 1000 1381 1024 2.
1403 993 1467 1023 art.
1494 1000 1526 1023 2.
1547 987 1590 1023 ad
1614 988 1667 1024 16.

785 1047 813 1077 et
835 1041 957 1086 Quodl.
980 1054 1008 1077 Ι.
1030 1047 1094 1076 art.
1116 1042 1178 1087 8.).

272 1131 331 1164 AD
350 1140 521 1165 TERTIUM
536 1130 586 1164 sic
601 1130 818 1176 proceditur.
833 1130 997 1173 Videtur,
1012 1131 1109 1177 quod
1124 1131 1238 1165 homo
1257 1142 1332 1165 non
1347 1131 1460 1178 possit
1478 1130 1628 1177 diligere
1642 1130 1763 1164 Deum

201 1196 308 1231 super
329 1184 452 1218 omnia
468 1196 510 1218 ex
529 1185 615 1219 solis
633 1185 854 1219 naturalibus
870 1185 946 1219 sine
961 1186 1092 1231 gratia:
1109 1185 1258 1231 diligere
1273 1186 1371 1219 enim
1385 1185 1508 1219 Deum
1521 1196 1627 1231 super
1641 1184 1764 1219 omnia

201 1246 254 1272 est
275 1238 451 1284 proprius,
474 1246 508 1272 et
529 1238 735 1285 principalis
755 1239 938 1273 charitatis
961 1246 1076 1273 actus:
1100 1239 1162 1273 sed
1185 1239 1399 1273 charitatem
1416 1239 1533 1273 homo
1551 1249 1627 1272 non
1647 1246 1766 1284 potest

200 1292 333 1326 habere
360 1303 424 1338 per
449 1291 632 1338 seipsum3
660 1292 743 1338 quia
770 1292 915 1326 charitas
940 1293 1008 1326 Dei
1033 1292 1150 1338 diffusa
1171 1294 1270 1327 estin
1292 1292 1444 1327 cordibus
1469 1293 1589 1328 nostris
1608 1298 1670 1338 per
1694 1292 1765 1338 Spi-

202 1347 283 1380 ritus
303 1346 475 1388 Sanctum,
498 1347 556 1391 qui
573 1345 667 1380 datus
687 1351 731 1380 est
750 1347 854 1388 nobis,
878 1355 917 1380 ut
938 1346 1068 1380 dicitur
1085 1346 1193 1380 Rom.
1220 1356 1268 1391 5.;
1291 1357 1378 1392 ergo
1397 1346 1513 1380 homo
1535 1357 1578 1380 ex
1599 1345 1686 1380 solis
1707 1356 1767 1379 na-

200 1399 372 1433 turalibus
393 1410 468 1433 non
488 1407 607 1445 potest
624 1399 745 1433 Deum
767 1399 916 1445 diligere
937 1411 1043 1446 super
1065 1399 1200 1434 omnia.

273 1463 303 1487 2.
319 1453 554 1487 PRAETEREA.
574 1452 683 1486 Nulla
698 1461 823 1487 natura
839 1461 957 1499 potest
978 1464 1083 1499 supra
1102 1453 1276 1499 seipsam:
1296 1453 1359 1488 sed
1373 1453 1522 1499 diligere
1538 1452 1672 1499 aliquid
1685 1452 1765 1499 plus

202 1518 311 1553 quarn
333 1518 382 1548 se,
404 1514 457 1540 est
477 1506 624 1541 tendere
645 1506 681 1540 in
704 1506 837 1552 aliquid
860 1518 965 1552 supra
987 1507 1166 1553 seipsum3
1189 1518 1276 1553 ergo
1294 1506 1394 1541 nulla
1415 1514 1544 1541 natura
1566 1514 1686 1541 creata
1706 1517 1768 1553 po-

201 1569 272 1595 test
292 1561 413 1594 Deum
435 1560 582 1606 diligere
597 1571 703 1606 supra
725 1561 882 1606 seipsam
904 1561 980 1594 sine
1003 1560 1136 1594 auxilio
1159 1561 1307 1607 gratiae.

278 1626 306 1661 3.
333 1614 569 1649 PRAETEREA.
596 1614 690 1656 Deo,
713 1625 797 1648 curn
824 1614 868 1648 sit
894 1626 1081 1648 summum
1106 1614 1257 1656 bonum,
1284 1614 1434 1648 debetur
1459 1625 1623 1649 summus
1650 1624 1765 1655 amor,

203 1668 264 1714 qui
285 1676 348 1710 est,
371 1676 409 1702 ut
430 1679 536 1714 super
557 1668 681 1701 omnia
703 1667 886 1713 diligatur:
910 1668 971 1702 sed
995 1668 1038 1702 ad
1060 1679 1245 1702 summum
1269 1679 1434 1702 amorem
1455 1668 1536 1702 Deo
1558 1667 1769 1714 impenden-

203 1722 300 1764 dum,
323 1722 383 1768 qui
405 1722 437 1755 ei
457 1733 475 1755 a
496 1721 601 1755 nobis
623 1721 781 1763 debetur,
804 1721 919 1755 homo
941 1733 1015 1755 non
1038 1720 1169 1756 sufficit
1190 1721 1266 1756 sine
1293 1721 1430 1768 gratia3
1453 1721 1614 1768 alioquin
1635 1720 1764 1755 frustra

203 1776 392 1810 adderetur
413 1775 544 1821 gratia3
567 1786 653 1821 ergo
675 1775 790 1809 homo
809 1786 884 1809 non
905 1783 1026 1821 potest
1043 1775 1119 1810 sine
1141 1775 1256 1821 gratia
1279 1786 1321 1810 ex
1342 1774 1430 1810 solis
1450 1774 1673 1810 naturalibus
1695 1774 1769 1808 dili-

203 1840 286 1875 gere
305 1829 425 1863 Deum
447 1840 556 1875 super
578 1829 712 1862 omnia.

274 1882 348 1917 SED
372 1893 537 1917 CONTRA.
560 1882 702 1916 Primus
724 1882 839 1916 homo
862 1882 897 1916 in
919 1881 1006 1916 solis
1027 1882 1249 1916 naturalibus
1271 1882 1486 1917 constitutus
1503 1881 1582 1924 fuit,
1600 1889 1640 1916 ut
1657 1893 1677 1916 a
1696 1881 1770 1928 qui-

202 1936 354 1971 busdam
368 1936 531 1983 ponitur:
550 1936 586 1970 in
606 1947 677 1982 quo
697 1944 789 1970 statu
809 1935 1042 1970 manifestum
1057 1944 1121 1978 est,
1140 1935 1237 1982 quod
1256 1935 1459 1982 aliqualiter
1483 1936 1605 1970 Deum
1626 1935 1767 1970 dilexit:

203 1990 265 2025 sed
286 2001 361 2024 non
383 1989 504 2024 dilexit
529 1990 652 2024 Deum
673 1989 871 2036 aequaliter
889 1990 966 2031 sibi,
981 1989 1040 2024 vel
1059 1990 1178 2024 minus
1200 2000 1257 2032 se;
1279 1990 1363 2036 quia
1384 1989 1586 2024 secundum
1603 1989 1675 2024 hoc
1690 2000 1769 2036 pec-

204 2052 338 2086 casset3
361 2055 447 2089 ergo
470 2042 592 2078 dilexit
612 2043 734 2077 Deum
755 2054 862 2089 supra
888 2054 945 2086 se;
974 2054 1061 2089 ergo
1089 2043 1204 2078 homo
1227 2054 1269 2078 ex
1292 2043 1378 2078 solis
1399 2042 1620 2078 naturalibus
1646 2042 1768 2077 Deum

204 2107 322 2145 potest
343 2098 491 2143 diligere
510 2097 589 2144 plus
611 2109 720 2143 quam
742 2109 792 2140 se,
815 2106 849 2131 et
870 2109 977 2144 super
999 2097 1134 2131 omnia.

274 2152 503 2187 RESPONDEO
527 2151 731 2193 dicendum,
754 2151 862 2198 quod,
891 2151 983 2186 sicut
1004 2162 1112 2197 supra
1135 2150 1273 2185 dictum
1299 2159 1353 2185 est
1373 2151 1409 2184 in
1436 2161 1464 2185 1.
1488 2149 1534 2196 (q.
1557 2151 1614 2186 60.
1635 2155 1701 2186 art.
1719 2150 1768 2196 5.)

204 2208 239 2241 in
270 2217 342 2252 quo
377 2206 486 2240 etiarn
515 2205 609 2239 circa
643 2205 844 2239 naturalem
872 2204 1106 2240 dilectionem
1133 2204 1363 2251 Angelorum
1389 2204 1551 2238 diversae
1579 2204 1769 2251 opiniones

205 2269 287 2295 sunt
308 2260 458 2305 positae,
480 2259 594 2293 homo
613 2259 647 2292 in
671 2267 763 2293 statu
782 2266 930 2293 naturae
949 2259 1110 2304 integrae
1133 2266 1275 2304 poterat
1296 2257 1437 2304 operari
1457 2257 1588 2292 virtute
1609 2269 1694 2292 suae
1710 2268 1770 2292 na-

204 2322 304 2348 turae
326 2314 475 2356 bonum,
498 2313 594 2358 quod
617 2320 670 2347 est
691 2312 757 2346 sibi
780 2312 1025 2354 connaturale,
1045 2312 1177 2358 absque
1198 2311 1486 2358 seperadditione
1508 2311 1654 2358 gratuiti
1671 2311 1769 2354 doni,

204 2367 289 2402 licet
310 2379 383 2401 non
411 2367 544 2412 absque
568 2365 700 2400 auxilio
726 2366 796 2400 Dei
824 2366 1020 2400 moventis:
1045 2365 1193 2411 diligere
1217 2374 1337 2399 autem
1364 2365 1484 2400 Deum
1506 2375 1614 2412 super
1633 2365 1770 2407 omnia,

206 2430 259 2456 est
284 2421 455 2468 quiddam
478 2419 713 2454 connaturale
735 2419 888 2461 homini,
912 2428 946 2454 et
968 2420 1078 2454 etiam
1105 2419 1251 2453 cuilibet
1273 2426 1457 2453 creaturae
1479 2429 1553 2453 non
1575 2418 1697 2453 solum
1718 2430 1771 2461 ra:

204 2475 342 2517 tionali,
365 2475 426 2509 sed
449 2473 658 2515 irrationali,
687 2481 721 2507 et
747 2473 856 2507 etiam
884 2473 1104 2507 inanimatae
1132 2472 1332 2507 secundum
1355 2472 1506 2506 modum
1529 2473 1676 2515 amoris,
1707 2473 1769 2519 qui

205 2529 397 2575 unicuique
421 2536 604 2562 creaturae
627 2536 835 2573 competere
858 2535 987 2572 potest.
1012 2527 1125 2572 Cujus
1148 2526 1239 2561 ratio
1263 2534 1326 2568 est,
1349 2526 1431 2572 quia
1453 2526 1647 2573 unicuique
1673 2535 1772 2561 natu-

205 2583 278 2617 rale
306 2591 369 2625 est,
397 2583 492 2628 quod
521 2589 674 2628 appetat,
703 2589 736 2615 et
764 2589 860 2615 amet
889 2580 1034 2626 aliquid,
1062 2580 1263 2615 secundum
1291 2579 1387 2626 quod
1415 2587 1539 2626 aptum
1564 2587 1691 2614 natum
1718 2588 1771 2615 est

209 2649 304 2672 csse:
327 2637 377 2671 sic
401 2637 496 2670 enim
521 2636 637 2681 agitur
658 2634 955 2680 unumquodque,
978 2643 1084 2680 prout
1107 2642 1230 2680 aptum
1253 2641 1378 2668 natum
1401 2641 1454 2668 est
1475 2644 1565 2676 esse,
1587 2642 1626 2668 ut
1643 2634 1772 2669 dicitur

205 2692 240 2726 in
264 2702 294 2725 2.
318 2691 426 2737 Phys,
449 2691 530 2735 (th.
554 2689 635 2736 78).
664 2688 898 2722 Manifestum
921 2696 972 2722 est
995 2696 1127 2729 autem,
1150 2688 1246 2734 quod
1268 2688 1405 2721 bonum
1428 2687 1537 2734 partis
1556 2695 1609 2722 est
1627 2695 1773 2734 propter

206 2746 343 2779 bonum
361 2744 492 2785 totius3
516 2743 608 2777 unde
631 2742 785 2776 naturali
801 2742 970 2788 appetitu,
986 2742 1041 2775 vel
1063 2753 1188 2775 amore
1211 2752 1448 2787 unaquaeque
1469 2752 1526 2776 res
1547 2741 1772 2788 particularis

209 2807 305 2833 amat
325 2799 462 2832 bonum
486 2809 591 2831 suum
614 2796 799 2843 proprium
823 2803 967 2842 propter
982 2795 1119 2829 bonum
1143 2806 1340 2829 commune
1362 2794 1472 2829 totius
1494 2794 1650 2829 universi
1673 2795 1769 2841 quod

209 2861 261 2887 cst
282 2853 400 2887 Deus:
421 2852 513 2885 unde
536 2859 570 2885 ct
591 2851 742 2897 Dionys.
765 2850 849 2884 dicit
872 2849 905 2883 in
929 2849 987 2883 lib.
1010 2849 1053 2883 de
1076 2849 1156 2882 Div.
1181 2848 1290 2882 Nom.
1313 2848 1403 2895 (cap.
1425 2858 1457 2892 4.
1480 2847 1550 2883 lect.
1572 2848 1650 2893 11.)‚
1673 2848 1770 2895 quod

210 2907 299 2941 Dms
321 2907 480 2941 conwrlil
503 2906 613 2939 omnia
631 2904 673 2938 ad
692 2915 836 2938 asnorum
861 2904 911 2937 sui
932 2904 1054 2949 ipsius:
1079 2902 1171 2936 unde
1198 2902 1312 2936 homo
1335 2903 1370 2936 in
1392 2908 1485 2936 statu
1511 2909 1661 2937 naturae
1687 2902 1774 2944 inte2
