1907 3182
251 169 332 223 164
666 178 891 215 QUAESTIO
924 178 1012 208 XIX.
1047 177 1291 208 ARTICULUS
1323 179 1363 208 V.

245 261 403 308 speciem
425 260 601 295 malitiae:
623 269 707 307 puta
730 260 759 294 si
781 260 870 294 ratio
894 270 1016 294 errans
1038 267 1131 293 errat
1145 261 1180 293 in
1195 259 1278 300 hoc,
1300 259 1396 305 quod
1411 258 1507 294 dicat
1528 271 1606 294 esse
1627 260 1803 295 fornican-

246 316 344 357 dum,
364 314 532 349 voluntas
555 315 641 360 ejus,
664 314 724 360 qui
738 313 909 349 fornicari
923 324 997 347 non
1015 312 1102 354 vult,
1119 313 1162 347 ad
1176 312 1316 346 nullam
1338 311 1515 348 malitiam
1528 314 1651 348 reduci
1665 322 1802 360 potest3

246 380 333 416 ergo
354 368 521 403 voluntas
544 368 752 402 discordans
776 379 794 400 a
816 367 955 400 ratione
978 374 1117 400 errante
1139 377 1213 400 non
1233 373 1286 400 est
1307 365 1414 400 mala.

317 423 390 457 SED
413 432 579 457 CONTRA.
603 422 704 455 Sicut
724 421 760 454 in
782 422 899 466 primo
922 420 1055 453 dictum
1081 428 1133 453 est
1156 419 1199 465 (q.
1224 430 1277 465 79.
1296 424 1359 453 art.
1381 420 1456 466 13),
1479 420 1701 455 conscientia
1713 420 1805 455 nihil

246 475 339 510 aliud
364 483 428 518 est,
451 487 560 522 quam
582 474 774 521 applicatio
790 473 960 507 scientiae
976 473 1019 506 ad
1036 473 1193 518 aliquem
1216 481 1356 507 actum:
1380 473 1529 508 scientia
1551 482 1673 508 autem
1694 474 1731 508 in
1753 485 1805 508 ra-

244 531 343 565 tione
359 538 429 572 est3
444 529 611 563 voluntas
626 539 712 574 ergo
729 527 938 561 discordans
955 538 974 560 a
996 527 1134 561 ratione
1157 534 1296 560 errante
1311 535 1364 560 est
1382 534 1506 561 contra
1525 528 1804 563 conscientiam:

245 584 307 618 sed
330 584 449 618 omnis
462 583 543 617 talis
564 582 731 616 voluntas
747 589 799 614 est
813 580 928 615 mala:
952 580 1079 614 dicitur
1101 580 1198 614 enim
1220 580 1327 613 Rom.
1355 590 1425 622 14.:
1444 580 1550 615 Omne
1571 581 1656 627 quod
1677 593 1742 615 non
1763 586 1806 616 est

244 650 283 672 ax
295 637 374 683 fide,
391 642 564 683 peccatum
582 641 636 677 est,
653 635 754 676 idest,
778 645 887 668 omne
910 633 1006 680 quod
1030 642 1082 668 est
1098 642 1223 668 contra
1240 633 1520 677 conscientiam3
1536 645 1623 681 ergo
1637 635 1805 670 voluntas

247 691 456 726 discordans
479 702 498 724 a
519 690 658 724 ratione
680 696 819 723 errante
842 696 896 722 est
917 687 1024 721 mala.

316 744 544 779 RESPONDEO
560 742 764 783 dicendum,
777 741 872 787 quod
884 753 967 775 cum
979 741 1198 775 conscientia
1214 740 1258 774 sit
1272 740 1546 786 quodammodo
1560 741 1741 776 dictamen
1756 753 1807 776 ra-

245 799 373 841 tionis;
396 806 449 832 est
472 798 568 831 enirn
591 795 770 842 quaedam
792 794 984 841 applicatio
1007 795 1179 829 scientiae
1202 794 1245 828 ad
1265 802 1397 836 actum,
1424 801 1463 828 ut
1482 795 1518 828 in
1536 795 1653 841 primo
1669 796 1805 830 dictum

247 860 300 887 est
323 852 400 896 (loc.
422 858 490 898 sup.
514 851 582 896 cit.)
594 863 606 891 ,⁴
630 850 726 883 idern
748 856 801 883 est
823 859 1015 894 quaerere:
1045 856 1165 882 utrum
1194 847 1361 882 voluntas
1389 847 1599 883 discordans
1621 860 1641 882 a
1667 851 1805 884 ratione

247 913 386 940 errante
401 906 445 939 sit
459 904 566 946 mala,
589 903 685 949 quod
708 913 897 948 quaerere:
921 910 1040 936 utrum
1057 902 1278 936 conscientia
1293 913 1414 936 errans
1430 901 1576 947 obliget.
1592 902 1699 936 Circa
1710 903 1807 948 quod

247 959 357 1005 aliqui
379 958 613 993 distinxerunt
642 958 709 991 tria
731 967 864 1002 genera
895 963 1052 989 actuum.
1069 955 1219 999 Quidam
1245 955 1342 988 enirn
1368 963 1451 989 sunt
1475 955 1563 989 boni
1589 966 1631 989 ex
1655 967 1806 1001 genere:

245 1013 381 1059 quidam
403 1020 485 1046 sunt
505 1010 769 1045 indifferentes:
788 1009 923 1055 quidam
944 1017 1026 1043 sunt
1048 1009 1135 1042 mali
1157 1020 1197 1043 ex
1217 1020 1368 1053 genere:
1391 1009 1515 1043 dicunt
1535 1019 1636 1055 ergo,
1663 1010 1760 1055 quod
1779 1011 1808 1044 si

245 1067 348 1108 ratio,
370 1065 428 1100 vel
452 1064 674 1099 conscientia
701 1063 797 1098 dicat
824 1061 958 1108 aliquid
987 1073 1063 1097 esse
1085 1061 1303 1104 faciendum,
1328 1062 1425 1108 quod
1447 1062 1492 1096 sit
1511 1062 1650 1097 bonum
1671 1073 1714 1097 ex
1739 1074 1806 1097 suo

245 1131 389 1166 genere,
411 1130 486 1153 non
508 1126 562 1153 est
581 1118 630 1151 ibi
653 1128 769 1152 error:
793 1116 957 1150 similiter
978 1116 1117 1150 sidicat
1138 1115 1272 1162 aliquid
1287 1127 1361 1149 non
1377 1126 1454 1150 esse
1474 1115 1694 1159 faciendum,
1710 1116 1807 1162 quod

245 1181 299 1208 est
319 1172 458 1208 malum
480 1183 521 1206 ex
536 1183 602 1206 suo
617 1182 759 1217 genere.
778 1170 915 1204 Eadem
931 1169 1028 1204 enim
1046 1170 1185 1204 ratione
1201 1169 1468 1216 praecipiuntur
1480 1170 1588 1212 bona,
1603 1181 1673 1216 qua
1690 1170 1809 1216 prohi-

245 1228 375 1262 bentur
396 1225 510 1260 mala:
533 1225 595 1260 sed
618 1225 648 1259 si
668 1225 771 1266 ratio,
797 1223 856 1258 vel
886 1223 1108 1258 conscientia
1129 1223 1225 1257 dicat
1246 1223 1365 1265 alicui,
1387 1223 1485 1269 quod
1511 1222 1584 1265 illa,
1607 1235 1699 1270 quae
1726 1231 1809 1258 sunt

245 1280 445 1316 secundum
468 1291 505 1314 se
528 1278 636 1321 mala,
657 1278 772 1312 homo
802 1285 942 1312 tenetur
968 1277 1086 1311 facere
1110 1288 1151 1311 ex
1172 1284 1385 1323 praecepto;
1412 1276 1471 1311 vel
1492 1276 1589 1323 quod
1615 1276 1688 1319 illa,
1715 1288 1807 1323 quae

245 1342 326 1370 sunt
347 1333 546 1369 secundum
567 1343 604 1367 se
627 1333 732 1374 bona,
754 1332 824 1366 sint
850 1331 1040 1377 prohibita,
1071 1331 1136 1365 erit
1156 1330 1259 1372 ratio,
1282 1330 1340 1365 vel
1362 1330 1584 1364 conscientia
1606 1341 1746 1365 errans:
1773 1338 1808 1365 et

246 1387 411 1424 similiter
432 1387 462 1422 si
482 1386 586 1428 ratio,
607 1385 666 1420 vel
687 1385 909 1426 conscientia
931 1385 1026 1419 dicat
1048 1384 1165 1426 alicui,
1188 1384 1285 1430 quod
1306 1384 1354 1426 id,
1376 1384 1473 1430 quod
1488 1391 1541 1419 est
1555 1384 1756 1419 secundum
1770 1396 1808 1419 se

248 1441 466 1483 indifferens,
485 1448 523 1474 ut
543 1439 663 1474 levare
684 1439 861 1473 festucam
884 1438 926 1472 de
948 1446 1054 1480 terra,
1076 1438 1120 1472 sit
1140 1438 1374 1484 prohibitum,
1396 1437 1454 1472 vel
1475 1446 1721 1484 praeceptum,
1743 1438 1809 1473 erit

248 1496 351 1537 ratio,
370 1494 428 1529 vel
449 1493 671 1528 conscientia
693 1504 824 1526 errans.
846 1492 983 1526 Dicunt
1004 1503 1104 1535 ergo,
1127 1491 1223 1537 quod
1251 1491 1354 1533 ratio,
1369 1490 1427 1525 vel
1442 1491 1665 1526 conscientia
1687 1502 1808 1526 errans

248 1550 343 1584 circa
369 1547 621 1589 indifferentia,
643 1547 718 1581 sive
740 1545 1007 1592 praecipiendo,
1030 1545 1104 1579 sive
1131 1544 1369 1591 prohibendo,
1400 1543 1537 1590 obligat
1556 1545 1606 1579 ita
1627 1545 1724 1591 quod
1749 1556 1810 1580 vo-

248 1603 366 1638 luntas
388 1601 597 1636 discordans
620 1612 639 1634 a
667 1599 731 1635 tali
757 1600 896 1634 ratione
920 1606 1060 1633 errante
1092 1599 1157 1632 erit
1183 1598 1291 1640 mala,
1314 1606 1350 1632 et
1377 1606 1588 1644 peccatum:
1616 1598 1678 1633 sed
1704 1598 1808 1641 ratio,

245 1656 303 1692 vel
325 1655 547 1691 conscientia
570 1665 690 1688 errans
712 1653 966 1700 praecipiendo
990 1663 1042 1694 ea,
1058 1663 1149 1698 quae
1165 1660 1247 1686 sunt
1260 1663 1324 1698 per
1337 1662 1375 1686 se
1389 1651 1498 1694 mala,
1511 1651 1571 1686 vel
1582 1652 1808 1698 prohibendo

247 1722 300 1753 ea,
323 1721 413 1756 quae
437 1716 517 1743 sunt
538 1720 600 1754 per
634 1719 670 1741 se
700 1708 806 1748 bona,
837 1714 871 1741 et
900 1705 1101 1740 necessaria
1124 1705 1167 1739 ad
1190 1705 1355 1748 salutern,
1376 1717 1451 1739 non
1481 1705 1635 1752 obligat:
1657 1706 1751 1740 unde
1772 1706 1809 1740 in

248 1764 378 1799 talibus
399 1762 567 1796 voluntas
590 1760 798 1795 discordans
824 1772 842 1793 a
864 1760 1015 1800 ratione,
1037 1758 1095 1793 vel
1122 1759 1345 1793 conscientia
1367 1767 1510 1794 errante
1530 1770 1605 1794 non
1627 1767 1681 1794 est
1701 1759 1808 1794 mala.

319 1817 389 1852 Sed
403 1817 474 1850 hoc
490 1814 780 1849 irrationabiliter
795 1813 933 1848 dicitur.
949 1813 989 1846 In
1004 1811 1289 1847 indifferentibus
1305 1813 1402 1847 enim
1416 1812 1584 1848 voluntas
1600 1813 1810 1848 discordans

247 1883 267 1905 a
288 1871 439 1912 ratione,
461 1869 518 1904 vel
541 1868 763 1903 conscientia
786 1875 926 1901 errante
949 1875 1002 1901 est
1024 1866 1120 1901 mala
1142 1866 1264 1912 aliquo
1287 1860 1402 1900 modo'
1418 1874 1564 1913 propter
1579 1867 1775 1913 objectum,
1790 1878 1810 1901 a

247 1936 318 1972 quo
340 1924 494 1965 bonitas,
522 1922 581 1957 vel
610 1921 747 1956 malitia
777 1920 972 1955 voluntatis
994 1919 1183 1966 dependet,
1205 1931 1278 1957 non
1307 1928 1428 1954 autem
1454 1928 1600 1966 propter
1627 1920 1810 1966 objectum

247 1978 447 2014 secundum
469 1978 522 2011 sui
543 1984 721 2017 naturam,
744 1975 806 2009 sed
828 1974 1029 2009 secundum
1052 1974 1148 2019 quod
1164 1985 1226 2019 per
1241 1974 1408 2008 accidens
1423 1985 1442 2007 a
1458 1974 1596 2008 ratione
1615 1974 1811 2020 apprehen-

248 2033 341 2066 ditur
363 2040 401 2066 ut
422 2032 570 2072 bonum,
592 2029 649 2063 vel
672 2028 810 2063 malum
833 2028 875 2062 ad
898 2027 1116 2069 faciendum,
1130 2027 1189 2061 vel
1204 2027 1248 2061 ad
1261 2027 1466 2061 vitandum:
1483 2036 1515 2062 et
1530 2028 1614 2074 quia
1627 2028 1810 2074 objectum

247 2085 443 2120 voluntatis
463 2092 516 2119 est
537 2084 583 2125 id,
606 2083 702 2129 quod
725 2083 939 2129 proponitur
962 2094 980 2115 a
1007 2081 1158 2123 ratione,
1180 2089 1220 2115 ut
1242 2081 1378 2115 dictum
1402 2089 1455 2115 est
1476 2082 1523 2128 (q.
1546 2082 1577 2117 8.
1600 2086 1663 2116 art.
1682 2083 1739 2126 1.),
1767 2093 1809 2115 ex

249 2151 320 2186 quo
344 2138 477 2184 aliquid
504 2137 718 2184 proponitur
744 2148 763 2170 a
786 2136 937 2178 ratione,
963 2143 1002 2169 ut
1028 2134 1177 2177 malum,
1199 2134 1380 2177 voluntas,
1407 2135 1492 2168 dum
1514 2135 1550 2169 in
1572 2134 1661 2169 illud
1687 2134 1810 2177 fertur,

250 2193 381 2239 accipit
401 2192 580 2226 rationem
603 2190 706 2224 mali:
729 2191 800 2224 hoc
825 2198 945 2223 autem
963 2189 1139 2234 contingit
1160 2200 1234 2223 non
1249 2188 1369 2223 solum
1384 2189 1420 2223 in
1434 2187 1730 2230 indifferentibus,
1749 2189 1810 2223 sed

250 2247 359 2281 etiam
381 2246 416 2279 in
439 2257 502 2291 per
520 2256 557 2279 se
578 2244 694 2285 bonis,
716 2243 774 2277 vel
803 2242 917 2276 malis.
944 2243 1030 2276 Non
1057 2242 1176 2276 solum
1204 2243 1301 2276 enim
1327 2242 1362 2276 id
1390 2242 1486 2288 quod
1513 2250 1566 2276 est
1591 2241 1810 2284 indifferens,

248 2307 367 2347 potest
388 2299 551 2345 accipere
573 2298 752 2332 rationem
774 2297 871 2338 boni,
894 2296 952 2330 vel
974 2296 1061 2330 mali
1082 2308 1145 2342 per
1167 2296 1350 2331 accidens:
1374 2296 1436 2330 sed
1459 2296 1568 2330 etiam
1589 2296 1624 2330 id
1639 2296 1736 2342 quod
1759 2304 1812 2330 est

249 2355 399 2395 bonum,
421 2360 539 2398 potest
562 2353 724 2397 accipere
747 2351 926 2384 rationem
949 2350 1048 2391 mali,
1066 2349 1124 2384 vel
1139 2349 1228 2384 illud
1255 2350 1352 2396 quod
1379 2357 1432 2384 est
1456 2349 1608 2392 malum,
1633 2350 1811 2385 rationem

249 2407 347 2449 boni,
370 2414 516 2453 propter
537 2404 863 2451 apprehensionem
886 2404 1034 2438 rationis
1050 2416 1057 2439 ι
1081 2411 1165 2449 puta
1181 2403 1358 2438 abstinere
1373 2415 1392 2438 a
1405 2403 1658 2446 fornicatione,
1672 2403 1810 2438 bonurn

251 2461 437 2508 quoddam
460 2467 528 2494 est:
551 2467 674 2493 tamen
696 2459 730 2492 in
746 2458 816 2491 hoc
831 2458 968 2491 bonum
983 2468 1058 2491 non
1074 2457 1183 2491 fertur
1203 2457 1389 2492 voluntas:
1403 2457 1471 2491 nisi
1492 2457 1693 2492 secundum
1714 2457 1811 2503 quod

249 2527 268 2549 a
291 2515 429 2548 ratione
452 2512 682 2559 proponitur3
705 2512 732 2545 si
756 2522 842 2555 ergo
865 2519 1087 2557 proponatur
1109 2519 1147 2545 ut
1168 2511 1307 2545 malum
1330 2522 1349 2544 a
1370 2511 1507 2545 ratione
1529 2518 1681 2553 errante,
1702 2510 1812 2545 fertur

249 2569 283 2602 in
306 2568 377 2602 hoc
406 2567 469 2601 sub
501 2566 639 2600 ratione
668 2565 774 2606 mali3
797 2565 890 2598 unde
917 2565 1083 2598 voluntas
1111 2565 1176 2599 erit
1203 2564 1316 2600 mala:
1344 2565 1426 2611 quia
1452 2565 1529 2599 vult
1558 2564 1708 2606 malum,
1736 2575 1809 2599 non

250 2622 396 2668 quidem
419 2621 452 2655 id
476 2620 571 2666 quod
596 2627 648 2654 est
670 2619 807 2653 malum
831 2630 892 2664 per
914 2630 962 2660 se,
986 2620 1046 2652 sed
1063 2619 1095 2652 id
1119 2619 1214 2664 qnod
1238 2627 1291 2653 est
1313 2618 1450 2652 malum
1469 2630 1532 2665 per
1553 2618 1719 2652 accidens
1734 2629 1812 2664 pro-

249 2684 325 2722 pter
348 2674 674 2721 apprehensionem
705 2673 871 2707 rationis:
905 2680 939 2706 ct
968 2672 1131 2706 similiter
1160 2673 1304 2707 credere
1336 2673 1372 2706 in
1395 2671 1583 2707 Christum
1605 2680 1658 2706 est
1683 2683 1746 2718 per
1771 2683 1809 2705 se

249 2730 399 2770 bonum,
422 2737 455 2762 et
477 2727 719 2762 necessarium
743 2727 785 2760 ad
810 2725 979 2765 salutmn3
1003 2725 1063 2759 sed
1086 2725 1252 2759 voluntas
1275 2737 1347 2760 non
1370 2725 1480 2760 fertur
1501 2726 1536 2759 in
1558 2725 1642 2766 hoc,
1669 2725 1735 2758 nisi
1761 2736 1812 2759 sc-

252 2783 409 2817 cundum
433 2782 528 2828 quod
553 2793 571 2815 a
594 2781 731 2814 ratione
755 2779 983 2826 proponitur3
1007 2779 1099 2813 unde
1124 2779 1151 2813 si
1169 2791 1186 2812 a
1210 2780 1348 2814 ratione
1371 2787 1592 2825 proponatur
1607 2787 1644 2812 ut
1659 2778 1810 2819 malum,

250 2836 417 2871 voluntas
439 2836 570 2870 seretur
592 2835 626 2868 in
649 2835 719 2868 hoc
743 2842 780 2868 ut
802 2833 955 2875 xnalum3
978 2844 1051 2866 non
1075 2833 1157 2878 quia
1185 2833 1271 2866 illud
1299 2833 1343 2867 sit
1370 2832 1507 2866 malum
1534 2832 1733 2867 secundum
1761 2843 1810 2873 se,

251 2890 312 2925 sed
335 2890 417 2936 quia
439 2898 491 2924 est
513 2888 649 2923 malum
672 2899 734 2934 per
756 2887 922 2922 accidens
942 2898 983 2920 ex
1006 2887 1291 2932 apprehensione
1318 2886 1478 2921 rationis.
1500 2885 1544 2920 Et
1565 2885 1647 2920 ideo
1674 2884 1809 2920 Philos.
