1907 3198
500 164 724 203 QUAESTIO
759 164 830 194 xx.
864 163 1112 194 ARTICULUS
1146 163 1203 192 v1.
1562 163 1640 205 179

63 251 138 297 (tex.
157 262 209 297 39.
227 253 257 284 et
277 248 366 294 40.):
389 247 452 282 sed
475 259 567 282 unus
590 254 714 281 motus
737 246 931 280 continuus
954 252 1074 292 potest
1095 255 1174 279 esse
1192 244 1323 286 bonuS‚
1344 251 1378 278 et
1399 242 1537 277 malus:
1558 251 1643 288 puta

60 306 90 341 si
111 303 238 350 aliquis
260 303 431 337 continue
455 301 499 336 ad
521 300 718 336 ecclesiam
738 300 875 334 vadens
900 299 1017 346 primo
1037 299 1185 346 quidem
1207 298 1372 333 intendat
1393 297 1542 331 inanem
1567 297 1643 343 glo-

58 359 160 400 riam,
175 365 302 403 postea
316 356 480 391 intendat
493 356 575 390 Deo
591 355 747 396 servire;
763 365 850 400 ergo
866 365 958 388 unus
975 361 1076 387 actus
1091 361 1211 399 potest
1225 363 1304 387 esse
1319 352 1449 393 bonus,
1461 359 1495 386 et
1511 351 1641 385 malus.

129 422 161 446 2.
183 411 422 446 PRAETEREA.
455 409 667 444 Secundum
694 407 832 442 Philos.
856 408 892 442 in
919 419 947 454 3.
982 407 1129 454 Physic.
1158 407 1239 452 (tax.
1262 418 1317 442 20.
1340 411 1368 440 et
1389 407 1457 451 21.)
1489 407 1591 448 ασίἱο,
1614 410 1644 440 et

51 467 162 515 passio
182 470 259 501 sunt
283 476 367 500 unus
393 469 505 499 actus:
535 463 596 498 sed
627 471 747 510 potest
775 473 853 496 esse
884 462 1005 508 passio
1028 462 1137 503 bona,
1168 461 1261 495 sicut
1292 460 1450 501 Christi;
1481 468 1516 494 et
1546 460 1642 494 actio

57 519 165 563 mala,
187 519 280 555 sicut
295 518 540 565 Judaeorum;
564 528 652 563 ergo
675 527 768 551 unus
791 523 892 550 actus
915 523 1035 562 potest
1056 526 1134 549 esse
1156 515 1286 557 bonus,
1310 523 1345 549 et
1366 513 1496 548 malus.

130 585 159 620 3.
182 573 422 608 PRAETEREA.
447 571 545 606 Cum
568 582 693 606 servus
708 570 753 605 sit
768 570 871 617 quasi
893 570 1179 604 instrumentum
1198 569 1351 611 domini,
1368 568 1464 602 actio
1480 568 1573 602 servi
1589 576 1643 602 est

56 627 152 663 actio
173 627 337 669 domini;
360 626 454 661 sicut
468 625 564 660 actio
580 624 813 659 instrumenti
828 632 881 658 est
900 623 996 658 actio
1013 623 1177 658 artificis:
1202 623 1264 658 sed
1279 630 1400 670 potest
1415 624 1641 668 contingere,

55 682 153 730 quod
175 681 271 716 actio
292 680 387 715 servi
409 679 585 727 procedat
613 691 655 714 ex
684 679 781 713 bona
807 677 997 713 voluntate
1028 678 1181 720 domini,
1205 686 1239 712 et
1262 678 1311 712 sic
1335 677 1380 712 sit
1400 677 1518 719 bona;
1542 685 1577 711 et
1599 688 1641 711 ex

13 754 15 758 v
53 736 241 772 voluntate
262 734 361 770 mala
382 735 488 777 servi,
511 742 545 769 et
567 734 617 768 sic
641 733 685 769 sit
707 732 825 776 mala3
846 744 934 779 ergo
958 732 1055 767 idem
1079 741 1180 767 actus
1211 740 1331 779 potest
1353 742 1431 766 esse
1452 731 1583 774 bonus,
1607 740 1641 766 et

55 790 184 826 malus.
835 790 838 794 '

126 845 202 880 SED
224 852 392 880 CONTRA.
417 842 613 878 Contraria
629 853 704 877 non
723 850 877 889 possunt
891 853 970 876 esse
990 842 1025 876 in
1046 841 1197 876 eodem:
1222 841 1284 876 sed
1305 842 1439 884 bonum,
1460 848 1494 875 et
1512 840 1640 875 malum

54 907 138 935 sunt
157 898 359 941 contraria3
382 909 470 944 ergo
493 908 586 931 unus
610 905 711 931 actus
733 908 808 931 non
830 904 950 943 potest
973 908 1051 931 esse
1074 896 1204 938 bonus,
1229 904 1263 930 et
1285 895 1415 930 malus.

126 953 358 989 RESPONDEO
381 951 590 993 dicendum,
610 950 707 998 quod
725 950 818 985 nihil
837 950 1016 998 prohibet,
1037 950 1171 997 aliquid
1192 961 1270 985 esse
1290 962 1417 992 unum,
1435 949 1638 984 secundum

53 1007 151 1055 quod
173 1015 228 1042 est
247 1006 285 1042 in
306 1017 380 1041 uno
403 1016 548 1052 genere,
571 1013 606 1040 et
628 1016 706 1040 esse
729 1004 931 1052 multiplex,
953 1005 1158 1039 secundum
1177 1005 1275 1052 quod
1298 1004 1450 1039 refertur
1473 1004 1517 1038 ad
1541 1003 1639 1038 aliud

53 1073 186 1108 genus:
210 1063 303 1097 sicut
329 1060 539 1108 superficies
568 1060 742 1094 continua
775 1068 828 1094 est
857 1071 941 1103 una,
968 1060 1172 1094 secundum
1200 1060 1297 1107 quod
1325 1059 1577 1094 consideratur
1603 1059 1639 1093 in

52 1127 186 1163 genere
207 1115 439 1163 quantitatis:
461 1123 586 1150 tamen
614 1123 668 1149 est
694 1113 896 1161 multiplex,
924 1114 1127 1149 secundum
1151 1114 1248 1161 quod
1271 1113 1424 1148 refertur
1451 1113 1495 1148 ad
1524 1124 1638 1159 genus

53 1169 201 1213 coloris,
219 1170 250 1205 si
270 1169 403 1216 partim
425 1169 472 1204 sit
493 1168 586 1211 alba,
609 1176 644 1203 et
665 1169 799 1215 partim
821 1168 936 1214 nigra.
960 1168 1005 1202 Et
1025 1169 1229 1202 secundum
1252 1168 1324 1202 hoc
1347 1167 1439 1202 nihil
1458 1167 1639 1214 prohibet,

52 1223 209 1271 aliquem
234 1232 357 1258 actum
385 1234 463 1258 esse
489 1234 615 1265 unum,
643 1222 846 1257 secundum
867 1222 965 1269 quod
993 1221 1146 1257 refertur
1174 1223 1217 1257 ad
1246 1234 1360 1269 genus
1387 1230 1551 1264 naturae,
1578 1222 1640 1268 qui

51 1287 175 1314 tamen
196 1289 273 1313 non
292 1286 346 1313 est
364 1289 469 1320 unus,
488 1277 693 1312 secundum
711 1276 809 1323 quod
829 1275 981 1311 refertur
1000 1277 1044 1310 ad
1064 1288 1178 1323 genus
1198 1277 1328 1311 moris:
1353 1277 1446 1311 sicut
1465 1284 1499 1311 et
1518 1287 1536 1311 e
1556 1287 1640 1310 con-

50 1344 170 1376 verso,
192 1340 230 1367 ut
252 1332 391 1368 dictum
409 1339 464 1367 est
480 1333 562 1377 (art.
580 1344 609 1378 3.
633 1331 702 1377 huj.
722 1332 768 1377 q.)
783 1344 793 1366 .·
817 1330 1019 1365 ambulatio
1040 1332 1138 1366 enim
1159 1331 1333 1366 continua
1353 1339 1407 1366 est
1425 1343 1516 1365 unus
1537 1339 1638 1365 actus

50 1386 253 1424 secundum
272 1398 373 1434 genus
392 1391 555 1421 naturaa:
577 1393 700 1432 potest
715 1393 840 1420 tamen
857 1385 1082 1432 contingere,
1099 1386 1196 1432 quod
1212 1386 1285 1420 sint
1297 1385 1418 1432 plures
1435 1385 1636 1420 secundum

49 1453 150 1489 genus
169 1442 284 1484 moris,
302 1440 334 1476 si
348 1448 509 1475 mutetur
527 1438 747 1474 ambulantis
765 1438 948 1482 voluntas,
968 1451 1061 1487 quae
1081 1448 1135 1474 est
1152 1440 1374 1487 principium
1393 1448 1542 1474 actuum
1561 1451 1639 1474 mo-

51 1495 194 1530 ralium.
217 1495 258 1530 Si
279 1506 367 1542 ergo
387 1494 586 1542 accipiatur
604 1505 696 1529 unus
716 1502 829 1538 actus,
849 1503 958 1541 prout
980 1502 1034 1529 est
1054 1495 1091 1528 in
1114 1506 1247 1541 genere
1266 1497 1391 1538 moris,
1409 1494 1635 1542 impossibile

50 1557 116 1592 est,
137 1550 235 1597 quod
257 1549 302 1584 sit
322 1549 452 1591 bonus,
474 1556 510 1583 et
531 1548 649 1583 malus
675 1548 849 1591 bonitate,
874 1556 907 1583 et
930 1548 1070 1583 malitia
1097 1549 1254 1585 morali:
1276 1551 1306 1584 si
1327 1558 1452 1584 tamen
1475 1549 1521 1583 sit
1542 1560 1636 1583 unus

51 1604 188 1639 unitate
208 1612 370 1647 naturae,
393 1611 428 1638 et
448 1614 524 1638 non
545 1603 682 1638 unitate
704 1603 830 1645 moris,
852 1611 972 1650 potest
995 1615 1072 1638 esse
1094 1603 1224 1647 bonus,
1247 1612 1282 1639 et
1303 1603 1432 1638 malus.

120 1658 182 1694 AD
203 1668 356 1694 PR1MUM
370 1669 458 1704 ergo
474 1657 684 1700 dicendum,
699 1657 796 1704 quod
810 1657 872 1692 ille
888 1666 1010 1692 motus
1026 1658 1233 1701 continuus,
1256 1660 1314 1705 qui
1338 1658 1505 1706 procedit
1531 1669 1574 1693 ex
1589 1658 1637 1692 di-

50 1723 154 1747 versa
168 1712 382 1755 intentione,
397 1711 483 1746 licet
497 1711 542 1747 sit
556 1723 649 1746 unus
663 1713 790 1747 unitata
805 1717 959 1755 naturae,
976 1723 1051 1747 non
1066 1721 1120 1747 est
1133 1721 1258 1748 tamen
1273 1725 1366 1748 unus
1382 1714 1507 1748 unitato⁷
1520 1714 1634 1747 moris.

119 1766 181 1802 AD
203 1777 413 1802 SECUNDUM
435 1765 645 1809 dicendum,
667 1766 765 1813 quod
788 1767 896 1809 actio,
916 1775 951 1801 et
969 1768 1090 1813 passio
1109 1769 1292 1814 pertinent
1311 1768 1355 1802 ad
1375 1779 1490 1814 genus
1509 1767 1634 1809 moris,

48 1819 265 1868 inquantum
285 1820 422 1855 habent
443 1820 627 1855 rationem
648 1819 866 1863 voluntarii3
889 1828 924 1855 et
945 1821 1041 1864 ideo,
1065 1822 1267 1856 secundum
1290 1823 1388 1868 quod
1411 1822 1554 1856 diversa
1574 1833 1636 1856 vo-

47 1873 185 1910 luntate
207 1874 376 1910 dicuntur
396 1874 615 1919 voluntaria,
638 1875 842 1909 secundum
865 1875 937 1910 hoc
957 1884 1041 1910 sunt
1062 1876 1134 1910 duo
1158 1876 1367 1920 moraliter3
1390 1884 1424 1911 et
1446 1884 1567 1924 potest
1593 1888 1635 1910 ex

49 1940 120 1964 una
141 1937 242 1976 parte
263 1929 383 1965 inesse
405 1930 542 1973 bonum,
567 1937 603 1964 et
624 1941 667 1964 ex
690 1929 761 1964 alia
782 1930 921 1965 malum.

119 1983 179 2019 AD
203 1994 377 2020 TERTIUM
399 1983 608 2027 dicendum,
631 1984 730 2031 quod
753 1993 854 2019 actus
878 1985 984 2028 servi,
1011 1986 1229 2033 inquantum
1256 1986 1421 2033 procedit
1443 1998 1486 2021 ex
1507 1986 1636 2021 volun-

46 2045 119 2073 tate
141 2039 247 2083 servi,
268 2049 344 2074 non
367 2046 421 2074 est
443 2046 543 2073 actus
567 2038 719 2081 domini,
743 2039 806 2074 sed
828 2038 950 2074 solum
969 2040 1185 2087 inquantum
1207 2041 1371 2087 procedit
1394 2052 1436 2076 ex
1458 2040 1633 2075 mandato

47 2091 208 2136 domini;
229 2092 326 2128 unde
348 2092 399 2128 sic
422 2103 498 2128 non
519 2091 606 2128 facit
627 2093 747 2140 ipsum
769 2092 908 2128 malum
931 2093 1028 2129 mala
1049 2094 1220 2130 voluntas
1242 2095 1346 2130 servi.

575 2301 936 2363 QUAESTIO
978 2303 1118 2352 XXI.

207 2420 273 2453 DE
311 2420 404 2460 HIS,
447 2420 578 2462 QUAE
618 2420 1009 2463 CONSEQUUNTUR
1048 2424 1199 2457 ACTUS
1238 2426 1477 2460 HUMANOS

372 2493 586 2525 RATIONE
625 2493 892 2534 BONITATIS,
934 2496 1027 2527 VEL
1064 2497 1314 2538 MALITIAE,

432 2564 484 2596 IN
517 2564 748 2606 QUATUOR
773 2567 1039 2600 ARTICULOS
1066 2569 1243 2602 DIVISA.

118 2668 260 2706 Deinde
282 2670 594 2706 considerandum
617 2680 671 2708 est
692 2672 736 2708 de
757 2673 827 2717 his,
850 2686 945 2722 quae
965 2685 1239 2724 consequuntur
1257 2685 1359 2712 actus
1377 2677 1561 2714 humanos
1579 2691 1632 2715 ra-

46 2720 147 2759 tione
167 2723 354 2768 bonitatis,
375 2724 436 2761 vel
458 2725 631 2761 malitiae.

517 2787 557 2822 Et
579 2788 670 2822 circa
692 2787 750 2824 hoc
772 2795 981 2836 quaeruntur
1003 2797 1159 2837 quatuor.

117 2842 255 2880 Primo.
278 2845 413 2881 Utrum
440 2854 542 2881 actus
568 2846 764 2891 humanus,
786 2849 1003 2897 inquantum
1031 2860 1085 2887 est
1109 2852 1239 2896 bonus,
1261 2853 1320 2889 vel
1342 2853 1472 2897 malus,
1496 2854 1630 2892 habeat

48 2897 228 2937 rationem
254 2901 492 2947 rectitudinis,
510 2901 569 2938 vel
590 2904 743 2951 peccati.
