1907 3182
240 185 327 229 204
657 186 878 221 QUAESTIO
913 187 1013 215 XXV.
1047 186 1293 216 ARTICULUS
1327 186 1387 215 111.

239 267 534 314 proportionatur
560 267 658 301 enim
685 275 806 301 motus
833 267 1048 313 appetitivae
1076 267 1198 313 partis,
1223 278 1298 300 non
1325 266 1472 313 quidem
1499 268 1616 302 motui
1640 264 1806 309 naturali,

239 321 302 355 sed
323 321 515 355 intentioni
533 328 693 362 naturae,
713 332 805 366 quae
824 332 887 366 per
905 321 1001 366 prius
1020 320 1172 354 intendit
1191 319 1314 362 finem,
1333 331 1443 365 quam
1462 321 1706 355 remotionem
1725 331 1808 354 con-

238 374 348 416 trarii,
371 385 462 420 quae
484 385 558 407 non
581 374 776 419 quaeritur,
797 374 864 407 nisi
887 381 1033 419 propter
1056 373 1288 419 adeptionem
1310 373 1401 407 finis.

810 502 1157 547 ARTICULUS
1190 503 1267 545 iv.
1743 524 1807 560 149

405 610 559 640 UTRUM
583 610 708 639 ISTAE
732 610 831 639 SINT
855 609 1070 644 QUATUOR
1091 609 1369 639 PRINCIPALES
1393 610 1646 640 PASSIONESt

590 675 808 713 GAUDIUM,
831 674 1068 713 TRisTITIA,
1095 675 1209 714 SPES,
1233 674 1289 703 ET
1313 674 1466 704 TIMOR.

287 761 391 807 (Infr.
414 773 443 806 q.
466 762 522 805 84.
542 766 606 795 art.
628 772 663 805 4.
685 761 726 794 ad
747 772 778 795 2.
801 766 830 795 et
851 772 916 796 2-2.
939 773 968 806 q.
991 772 1057 807 123.
1080 766 1143 795 art.
1163 773 1213 796 12.
1235 761 1277 795 ad
1298 774 1324 796 Ι.
1348 766 1376 796 et
1397 773 1426 807 q.
1448 772 1518 806 141.
1537 767 1602 796 art.
1625 772 1655 808 7.
1675 761 1718 796 ad
1734 773 1763 808 3.

807 819 834 848 et
863 815 949 848 Veri.
972 826 1002 860 q.
1025 814 1080 849 26.
1103 819 1167 849 art.
1186 815 1243 860 5.).

313 903 372 936 AD
400 912 589 941 QUARTUM
616 902 666 936 sic
693 902 914 948 proceditur.
936 902 1099 945 Videtur,
1123 902 1220 949 quod
1241 913 1317 937 non
1339 902 1410 937 sint
1430 903 1518 936 istae
1541 910 1696 948 quatuor
1721 902 1813 948 prin-

241 955 374 1001 cipales
397 955 605 1000 passiones:
626 955 798 1000 gaudium,
822 963 857 989 et
878 957 1026 998 tristitia,
1044 962 1123 1002 spes,
1144 963 1179 990 et
1200 957 1318 992 timor:
1333 955 1558 1001 Augustinus
1579 955 1677 989 enim
1697 955 1735 989 in
1760 965 1811 998 14.

241 1008 284 1042 de
308 1008 386 1043 Civ.
406 1009 476 1042 Dei
498 1011 586 1055 (cap.
610 1019 639 1054 7.
662 1014 690 1043 ct
712 1009 762 1054 9.)
785 1020 859 1042 non
881 1009 983 1054 ponit
1004 1020 1119 1054 spem,
1141 1009 1204 1043 sed
1228 1008 1465 1055 cupiditatem
1486 1008 1571 1042 loco
1595 1009 1682 1054 ejus.

312 1072 343 1095 2.
367 1062 603 1096 PRAETEREA.
625 1061 666 1095 In
688 1062 915 1107 passionibus
938 1062 1082 1096 animae
1104 1070 1157 1096 est
1178 1062 1297 1108 duplex
1316 1061 1419 1104 ordo,
1442 1061 1814 1104 scilicet:intentionis,

241 1123 275 1149 et
296 1116 538 1156 consecutionis,
563 1125 625 1148 seu
648 1115 905 1160 generationis.
927 1115 1002 1149 Aut
1024 1127 1112 1161 ergo
1134 1114 1352 1161 principales
1373 1115 1561 1160 passiones
1589 1114 1814 1161 accipiuntur

239 1168 440 1202 secundum
462 1168 628 1202 ordinem
650 1169 862 1209 intentionis;
887 1176 921 1202 et
942 1169 992 1203 sic
1014 1176 1156 1202 tantum
1179 1168 1365 1214 gaudium,
1388 1176 1423 1202 et
1443 1167 1598 1210 tristitia,
1616 1179 1709 1214 quae
1732 1175 1815 1202 sunt

240 1220 377 1262 finales,
401 1229 504 1255 erunt
525 1221 742 1266 principales
764 1222 969 1267 passiones:
995 1230 1055 1256 aut
1075 1222 1277 1256 secundum
1296 1222 1464 1256 ordinem
1483 1223 1729 1263 consecutionis,
1749 1233 1813 1256 seu

241 1274 497 1320 generationis,
530 1282 565 1308 et
591 1274 641 1308 sic
670 1275 736 1308 erit
764 1286 867 1309 amor
894 1274 1100 1321 principalis
1127 1276 1271 1321 passio:
1298 1274 1400 1309 nullo
1427 1285 1516 1320 ergo
1543 1275 1655 1308 modo
1683 1275 1816 1309 debent

240 1327 311 1360 dici
331 1332 475 1372 quatuor
495 1328 682 1374 passiones
703 1328 792 1362 istae
814 1328 1051 1374 principales:
1073 1328 1244 1374 δ,σιιιιιῖίιιηῃ
1270 1336 1304 1363 et
1326 1329 1473 1369 tristitia,
1495 1334 1574 1374 spes,
1599 1336 1633 1362 et
1655 1329 1768 1362 timor.

317 1391 345 1425 3.
367 1380 604 1415 PRAETEREA.
629 1380 731 1415 Sicut
753 1381 904 1415 audacia
928 1389 1096 1416 causatur
1118 1393 1160 1416 ex
1181 1393 1256 1428 spe,
1277 1381 1326 1415 ita
1348 1382 1459 1416 timor
1481 1392 1523 1415 ex
1542 1381 1814 1427 desperatione:

243 1441 304 1467 aut
334 1444 421 1479 ergo
451 1445 543 1479 spes,
575 1442 610 1468 et
639 1434 842 1479 desperatio
874 1434 1005 1469 debent
1035 1435 1122 1480 poni
1152 1434 1367 1480 principales
1401 1435 1600 1481 passiones,
1626 1442 1815 1481 tamquam

243 1498 396 1529 causae,
421 1495 480 1521 aut
503 1498 596 1532 spes,
619 1495 653 1521 et
675 1487 837 1529 audacia,
859 1495 1049 1533 tamquam
1071 1488 1138 1522 sibi
1158 1488 1244 1534 ipsis
1264 1487 1400 1522 affines.

315 1540 389 1574 SED
413 1551 568 1575 CONTRA
591 1549 645 1575 est
665 1540 766 1582 illud,
789 1541 886 1586 quod
910 1541 1057 1575 Boetius
1077 1542 1113 1574 in
1132 1541 1191 1575 lib.
1211 1552 1239 1576 1.
1259 1541 1302 1575 de
1324 1540 1514 1575 Consolat.
1537 1541 1647 1585 (metr.
1664 1543 1710 1587 7.)
1735 1552 1818 1576 enu-

243 1604 387 1627 merans
402 1601 556 1639 quatuor
571 1593 786 1639 principales
802 1594 1002 1639 passiones,
1019 1594 1121 1628 dicit:
1141 1595 1277 1629 Gaudia
1287 1595 1383 1641 pelle,
1394 1595 1477 1640 pelle
1491 1596 1655 1636 timorem,
1667 1602 1815 1641 spemque:

235 1647 371 1692 fugato,
394 1658 450 1680 nac
472 1646 565 1680 dolor
583 1647 675 1681 adsit.

315 1699 545 1734 RESPONDEO
573 1699 781 1741 dicendum,
803 1700 900 1745 quod
922 1700 991 1734 hae
1015 1709 1169 1746 quatuor
1200 1700 1387 1746 passiones
1418 1701 1665 1735 communiter
1691 1701 1818 1746 princi-

243 1752 342 1799 pales
365 1764 442 1787 esse
465 1753 642 1795 dicuntur,
671 1764 825 1798 quarum
847 1753 958 1801 dua'e3
989 1754 1144 1788 scilicet:
1171 1754 1342 1799 gaudium,
1371 1762 1406 1788 et
1428 1755 1576 1796 tristitia,
1599 1753 1818 1800 principales

243 1806 428 1848 dicuntum
452 1806 536 1851 quia
554 1813 635 1840 sunt
658 1806 913 1852 completivae,
935 1814 970 1840 et
991 1806 1117 1841 finales
1137 1807 1352 1853 simpliciter
1370 1815 1536 1852 respectu
1556 1807 1723 1841 omnium
1741 1818 1818 1854 pas-

243 1861 408 1902 sionum3
424 1860 518 1894 unde
535 1861 576 1894 ad
594 1872 723 1894 omnes
741 1861 927 1906 passiones
947 1868 1229 1906 consequuntur,
1245 1869 1282 1894 ut
1296 1860 1426 1894 dicitur
1440 1861 1477 1894 in
1493 1871 1524 1894 2.
1540 1860 1656 1895 Ethic.
1671 1862 1748 1908 (cap
1760 1862 1818 1907 5.).

250 1915 366 1948 Timor
389 1922 522 1955 autem,
551 1921 585 1948 et
609 1920 677 1960 spes
699 1921 782 1948 sunt
808 1914 1038 1959 principales,
1060 1925 1135 1948 non
1163 1914 1310 1960 quidem
1337 1914 1439 1960 quasi
1466 1913 1709 1960 completivae
1736 1915 1819 1948 sim-

245 1967 395 2012 pliciter,
418 1967 480 2001 sed
508 1967 591 2013 quia
618 1975 702 2001 sunt
728 1966 971 2013 completivae
1003 1968 1037 2001 in
1069 1979 1200 2013 genere
1232 1975 1353 2001 motus
1382 1967 1566 2013 appetitivi
1594 1967 1637 2001 ad
1664 1967 1817 2014 aliquid:

243 2032 329 2054 nam
351 2028 514 2066 respectu
536 2020 622 2054 boni
644 2021 768 2066 incipit
790 2028 910 2054 motus
930 2020 966 2054 in
989 2032 1125 2063 amore,
1150 2029 1184 2054 et
1206 2021 1369 2066 procedit
1386 2021 1423 2054 in
1443 2021 1675 2063 desiderium,
1695 2029 1730 2055 et
1748 2029 1816 2055 ter-

246 2074 403 2107 minatur
424 2075 459 2107 in
483 2085 563 2118 spe:
588 2082 753 2119 respectu
775 2085 862 2107 vero
886 2073 973 2107 mali
995 2075 1119 2120 incipit
1136 2075 1173 2108 in
1195 2074 1292 2117 odio,
1315 2082 1350 2108 et
1371 2074 1534 2120 procedit
1557 2074 1600 2108 ad
1622 2073 1760 2120 fugam,
1783 2082 1818 2108 et

245 2128 460 2162 terminatur
482 2128 517 2161 in
539 2127 683 2162 timore.

319 2181 363 2214 Et
383 2180 464 2214 ideo
489 2180 581 2214 solet
602 2181 732 2214 harum
760 2186 902 2226 quatuor
929 2181 1140 2227 passionum
1167 2193 1340 2216 numerus
1364 2181 1477 2227 accipi
1499 2182 1700 2216 secundum
1722 2180 1820 2215 diffe-

247 2234 399 2268 rentiam
422 2234 630 2280 pmesentis,
653 2242 687 2268 et
712 2233 840 2268 futuri:
864 2243 984 2269 motus
1011 2235 1109 2269 enim
1130 2235 1275 2281 respicit
1297 2234 1469 2276 futurum,
1496 2235 1557 2269 scd
1585 2235 1686 2281 quies
1710 2242 1762 2269 est
1784 2235 1820 2269 in

249 2287 369 2333 aliquo
392 2287 585 2333 praesenti:
610 2288 653 2321 de
675 2288 773 2320 bono
792 2287 900 2332 igitur
918 2289 1098 2333 praesenti
1120 2296 1173 2323 est
1192 2288 1366 2333 gaudium,
1383 2289 1426 2322 de
1445 2287 1544 2322 malo
1564 2288 1743 2334 praesenti
1766 2296 1819 2322 est

249 2342 398 2382 tsislitt'iz,
423 2341 465 2374 de
487 2341 584 2374 bono
607 2339 726 2374 suturo
743 2348 796 2374 est
807 2348 886 2387 spes,
904 2341 946 2374 de
966 2341 1064 2375 malo
1087 2341 1207 2375 futuro
1227 2349 1280 2376 est
1295 2343 1417 2376 timor:
1437 2352 1565 2375 omnes
1588 2349 1710 2376 autem
1730 2341 1821 2375 aliae

248 2395 448 2440 passiones,
466 2405 557 2439 quae
580 2401 662 2427 sunt
684 2393 727 2427 de
749 2395 860 2436 bono,
875 2394 932 2427 vel
955 2395 997 2428 de
1021 2394 1118 2428 malo
1142 2395 1333 2441 praesenti,
1348 2394 1406 2428 vel
1427 2394 1560 2436 futuro,
1577 2395 1619 2428 ad
1641 2395 1706 2429 has
1726 2406 1823 2429 com-

248 2447 380 2494 pletive
404 2448 632 2481 reducuntur.
657 2447 762 2481 Unde
786 2448 894 2481 etiam
922 2459 941 2480 a
970 2448 1185 2493 quibusdam
1208 2448 1375 2482 dicuntur
1396 2447 1612 2494 principales
1634 2448 1704 2482 hae
1726 2459 1823 2494 prae-

249 2501 366 2534 dictae
386 2505 529 2545 ‹Jmttzwr
547 2500 743 2546 passiones,
763 2501 845 2545 quia
865 2509 946 2534 sunt
966 2501 1165 2544 generales,
1186 2502 1282 2547 quod
1302 2501 1449 2547 quidem
1463 2513 1592 2535 verum
1606 2509 1670 2543 est,
1685 2501 1716 2535 si
1729 2512 1822 2547 spes,

250 2562 285 2588 ct
306 2554 415 2588 timor
437 2554 628 2597 designant
651 2562 792 2587 motum
816 2554 993 2599 appetitus
1017 2555 1261 2589 communiter
1282 2555 1492 2589 tendentem
1510 2555 1546 2589 in
1567 2554 1702 2601 aliquid
1720 2566 1824 2601 appe-

250 2608 412 2648 tendum,
435 2607 491 2641 vel
514 2606 737 2651 fugiendum.

324 2661 382 2694 An
411 2671 560 2694 PRIMUM
584 2671 671 2703 ergo
695 2661 900 2701 dicendum,
929 2661 1024 2706 quod
1048 2661 1274 2704 Augustinus
1302 2661 1404 2707 ponit
1426 2661 1664 2702 desiderium3
1687 2661 1744 2696 vel
1767 2672 1824 2695 cu-

252 2714 437 2759 piditatem
461 2713 545 2747 loco
568 2714 655 2759 spei,
678 2713 890 2759 inquantum
916 2715 958 2748 ad
981 2714 1075 2748 idem
1100 2715 1277 2760 pertinere
1299 2715 1476 2756 videntur,
1498 2714 1590 2749 idest
1616 2715 1659 2749 ad
1686 2715 1822 2748 bonum

254 2766 423 2801 futurum.

326 2821 384 2854 Al)
413 2831 617 2854 steexnt‘m
646 2820 851 2861 dicendum,
879 2821 974 2866 quod
1004 2821 1188 2866 passiones
1217 2821 1304 2855 istae
1332 2821 1500 2855 dicuntur
1530 2820 1746 2867 principales
1773 2832 1824 2856 se-

254 2874 411 2907 cundum
436 2875 599 2908 ordinem
623 2874 842 2915 intentionis,
864 2883 897 2907 et
917 2874 1196 2919 coinpleinenti3
1220 2883 1253 2908 et
1276 2875 1441 2920 quamvis
1461 2875 1581 2916 timor,
1596 2882 1631 2909 et
1649 2886 1730 2921 spes
1749 2885 1822 2909 non
