<?xml version="1.0" encoding="UTF-8"?>
<!DOCTYPE html PUBLIC "-//W3C//DTD XHTML 1.0 Transitional//EN"
    "http://www.w3.org/TR/xhtml1/DTD/xhtml1-transitional.dtd">
<html xmlns="http://www.w3.org/1999/xhtml" xml:lang="en" lang="en">
 <head>
  <title>
</title>
<meta http-equiv="Content-Type" content="text/html;charset=utf-8" />
  <meta name='ocr-system' content='tesseract 3.04.00' />
  <meta name='ocr-capabilities' content='ocr_page ocr_carea ocr_par ocr_line ocrx_word'/>
</head>
<body>
  <div class='ocr_page' id='page_1' title='image "./divithomaeaquina02thomuoft_0436.png"; bbox 0 0 1907 3182; ppageno 0'>
   <div class='ocr_carea' id='block_1_1' title="bbox 264 190 1393 234">
    <p class='ocr_par' dir='ltr' id='par_1_1' title="bbox 264 190 1393 234">
     <span class='ocr_line' id='line_1_1' title="bbox 264 190 1393 234; baseline 0 -14"><span class='ocrx_word' id='word_1_1' title='bbox 264 191 347 234; x_wconf 74' lang='grc'>432</span> <span class='ocrx_word' id='word_1_2' title='bbox 671 191 890 226; x_wconf 88' lang='lat' dir='ltr'>QUAESTIO</span> <span class='ocrx_word' id='word_1_3' title='bbox 924 190 1025 219; x_wconf 82' lang='lat' dir='ltr'>LXII.</span> <span class='ocrx_word' id='word_1_4' title='bbox 1060 190 1302 220; x_wconf 87' lang='lat' dir='ltr'>ARTICULUS</span> <span class='ocrx_word' id='word_1_5' title='bbox 1337 190 1393 220; x_wconf 85' lang='lat' dir='ltr'>IV.</span> 
     </span>
    </p>
   </div>
   <div class='ocr_carea' id='block_1_2' title="bbox 257 270 1833 1972">
    <p class='ocr_par' dir='ltr' id='par_1_2' title="bbox 257 270 1827 1170">
     <span class='ocr_line' id='line_1_2' title="bbox 335 270 1820 318; baseline 0 -12"><span class='ocrx_word' id='word_1_6' title='bbox 335 272 563 307; x_wconf 79' lang='lat' dir='ltr'><strong>RESPONDEO</strong></span> <span class='ocrx_word' id='word_1_7' title='bbox 591 272 796 314; x_wconf 85' lang='lat' dir='ltr'>dicendum,</span> <span class='ocrx_word' id='word_1_8' title='bbox 819 271 926 318; x_wconf 89' lang='lat' dir='ltr'>quod,</span> <span class='ocrx_word' id='word_1_9' title='bbox 948 271 1064 317; x_wconf 69' lang='lat' dir='ltr'>duplex</span> <span class='ocrx_word' id='word_1_10' title='bbox 1086 279 1139 305; x_wconf 88' lang='lat' dir='ltr'>est</span> <span class='ocrx_word' id='word_1_11' title='bbox 1160 271 1261 313; x_wconf 86' lang='lat' dir='ltr'>ordo,</span> <span class='ocrx_word' id='word_1_12' title='bbox 1288 270 1425 305; x_wconf 89' lang='lat' dir='ltr'>scilicet</span> <span class='ocrx_word' id='word_1_13' title='bbox 1444 272 1674 317; x_wconf 69' lang='lat' dir='ltr'><em>generationis,</em></span> <span class='ocrx_word' id='word_1_14' title='bbox 1697 279 1732 305; x_wconf 89' lang='lat' dir='ltr'>et</span> <span class='ocrx_word' id='word_1_15' title='bbox 1746 277 1820 318; x_wconf 84' lang='lat' dir='ltr'>per-</span> 
     </span>
     <span class='ocr_line' id='line_1_3' title="bbox 257 324 1820 371; baseline -0.001 -12"><span class='ocrx_word' id='word_1_16' title='bbox 257 326 432 371; x_wconf 70' lang='lat' dir='ltr'>fectionis:</span> <span class='ocrx_word' id='word_1_17' title='bbox 456 325 579 359; x_wconf 82' lang='lat' dir='ltr'>ordine</span> <span class='ocrx_word' id='word_1_18' title='bbox 611 325 756 371; x_wconf 90' lang='lat' dir='ltr'>quidem</span> <span class='ocrx_word' id='word_1_19' title='bbox 779 325 1032 370; x_wconf 80' lang='lat' dir='ltr'>generationis,</span> <span class='ocrx_word' id='word_1_20' title='bbox 1059 335 1131 370; x_wconf 88' lang='lat' dir='ltr'>quo</span> <span class='ocrx_word' id='word_1_21' title='bbox 1159 324 1309 358; x_wconf 86' lang='lat' dir='ltr'>materia</span> <span class='ocrx_word' id='word_1_22' title='bbox 1343 332 1395 358; x_wconf 92' lang='lat' dir='ltr'>est</span> <span class='ocrx_word' id='word_1_23' title='bbox 1428 324 1525 370; x_wconf 88' lang='lat' dir='ltr'>prior</span> <span class='ocrx_word' id='word_1_24' title='bbox 1546 324 1676 366; x_wconf 90' lang='lat' dir='ltr'>forma,</span> <span class='ocrx_word' id='word_1_25' title='bbox 1698 332 1733 358; x_wconf 87' lang='lat' dir='ltr'>et</span> <span class='ocrx_word' id='word_1_26' title='bbox 1753 324 1820 358; x_wconf 89' lang='lat' dir='ltr'>im-</span> 
     </span>
     <span class='ocr_line' id='line_1_4' title="bbox 264 377 1820 424; baseline -0.001 -12"><span class='ocrx_word' id='word_1_27' title='bbox 264 378 462 424; x_wconf 85' lang='lat' dir='ltr'>perfectum</span> <span class='ocrx_word' id='word_1_28' title='bbox 485 377 654 424; x_wconf 87' lang='lat' dir='ltr'>perfecto,</span> <span class='ocrx_word' id='word_1_29' title='bbox 669 378 704 411; x_wconf 90' lang='lat' dir='ltr'>in</span> <span class='ocrx_word' id='word_1_30' title='bbox 724 389 796 411; x_wconf 92' lang='lat' dir='ltr'>uno</span> <span class='ocrx_word' id='word_1_31' title='bbox 811 385 844 411; x_wconf 90' lang='lat' dir='ltr'>et</span> <span class='ocrx_word' id='word_1_32' title='bbox 860 378 990 411; x_wconf 92' lang='lat' dir='ltr'>eodem</span> <span class='ocrx_word' id='word_1_33' title='bbox 1011 377 1099 411; x_wconf 89' lang='lat' dir='ltr'>fides</span> <span class='ocrx_word' id='word_1_34' title='bbox 1122 377 1303 423; x_wconf 86' lang='lat' dir='ltr'>praecedit</span> <span class='ocrx_word' id='word_1_35' title='bbox 1317 389 1432 423; x_wconf 86' lang='lat' dir='ltr'>spem,</span> <span class='ocrx_word' id='word_1_36' title='bbox 1454 385 1488 411; x_wconf 92' lang='lat' dir='ltr'>et</span> <span class='ocrx_word' id='word_1_37' title='bbox 1506 389 1584 424; x_wconf 91' lang='lat' dir='ltr'>spes</span> <span class='ocrx_word' id='word_1_38' title='bbox 1607 377 1820 411; x_wconf 89' lang='lat' dir='ltr'>charitatem</span> 
     </span>
     <span class='ocr_line' id='line_1_5' title="bbox 264 430 1821 477; baseline -0.001 -11"><span class='ocrx_word' id='word_1_39' title='bbox 264 431 463 466; x_wconf 86' lang='lat' dir='ltr'>secundum</span> <span class='ocrx_word' id='word_1_40' title='bbox 486 439 585 465; x_wconf 88' lang='lat' dir='ltr'>actus</span> <span class='ocrx_word' id='word_1_41' title='bbox 601 443 607 464; x_wconf 90' lang='lat'>:</span> <span class='ocrx_word' id='word_1_42' title='bbox 627 443 713 464; x_wconf 89' lang='lat' dir='ltr'>nam</span> <span class='ocrx_word' id='word_1_43' title='bbox 731 431 873 464; x_wconf 89' lang='lat' dir='ltr'>habitus</span> <span class='ocrx_word' id='word_1_44' title='bbox 888 430 995 465; x_wconf 87' lang='lat' dir='ltr'>simul</span> <span class='ocrx_word' id='word_1_45' title='bbox 1016 430 1265 464; x_wconf 85' lang='lat' dir='ltr'>infunduntur:</span> <span class='ocrx_word' id='word_1_46' title='bbox 1281 441 1354 464; x_wconf 90' lang='lat' dir='ltr'>non</span> <span class='ocrx_word' id='word_1_47' title='bbox 1377 431 1474 464; x_wconf 89' lang='lat' dir='ltr'>enim</span> <span class='ocrx_word' id='word_1_48' title='bbox 1489 438 1608 477; x_wconf 86' lang='lat' dir='ltr'>potest</span> <span class='ocrx_word' id='word_1_49' title='bbox 1627 431 1665 464; x_wconf 89' lang='lat' dir='ltr'>in</span> <span class='ocrx_word' id='word_1_50' title='bbox 1687 430 1821 477; x_wconf 89' lang='lat' dir='ltr'>aliquid</span> 
     </span>
     <span class='ocr_line' id='line_1_6' title="bbox 265 483 1823 531; baseline 0 -13"><span class='ocrx_word' id='word_1_51' title='bbox 265 493 385 518; x_wconf 89' lang='lat' dir='ltr'>motus</span> <span class='ocrx_word' id='word_1_52' title='bbox 416 485 627 531; x_wconf 90' lang='lat' dir='ltr'>appetitivus</span> <span class='ocrx_word' id='word_1_53' title='bbox 647 484 794 518; x_wconf 88' lang='lat' dir='ltr'>tendere</span> <span class='ocrx_word' id='word_1_54' title='bbox 821 483 878 518; x_wconf 88' lang='lat' dir='ltr'>vel</span> <span class='ocrx_word' id='word_1_55' title='bbox 904 483 1093 530; x_wconf 88' lang='lat' dir='ltr'>sperando,</span> <span class='ocrx_word' id='word_1_56' title='bbox 1123 483 1181 518; x_wconf 88' lang='lat' dir='ltr'>vel</span> <span class='ocrx_word' id='word_1_57' title='bbox 1216 484 1384 526; x_wconf 89' lang='lat' dir='ltr'>amando,</span> <span class='ocrx_word' id='word_1_58' title='bbox 1404 484 1473 518; x_wconf 90' lang='lat' dir='ltr'>nisi</span> <span class='ocrx_word' id='word_1_59' title='bbox 1504 484 1600 530; x_wconf 91' lang='lat' dir='ltr'>quod</span> <span class='ocrx_word' id='word_1_60' title='bbox 1623 492 1676 518; x_wconf 89' lang='lat' dir='ltr'>est</span> <span class='ocrx_word' id='word_1_61' title='bbox 1701 494 1823 530; x_wconf 86' lang='lat' dir='ltr'>appre-</span> 
     </span>
     <span class='ocr_line' id='line_1_7' title="bbox 264 536 1822 583; baseline 0 -12"><span class='ocrx_word' id='word_1_62' title='bbox 264 538 418 572; x_wconf 89' lang='lat' dir='ltr'>hensum</span> <span class='ocrx_word' id='word_1_63' title='bbox 441 549 558 579; x_wconf 89' lang='lat' dir='ltr'>sensu,</span> <span class='ocrx_word' id='word_1_64' title='bbox 582 545 642 571; x_wconf 88' lang='lat' dir='ltr'>aut</span> <span class='ocrx_word' id='word_1_65' title='bbox 663 536 866 571; x_wconf 85' lang='lat' dir='ltr'>intellectu:</span> <span class='ocrx_word' id='word_1_66' title='bbox 894 548 956 583; x_wconf 89' lang='lat' dir='ltr'>per</span> <span class='ocrx_word' id='word_1_67' title='bbox 990 536 1099 571; x_wconf 88' lang='lat' dir='ltr'>fidem</span> <span class='ocrx_word' id='word_1_68' title='bbox 1133 545 1253 570; x_wconf 86' lang='lat' dir='ltr'>autem</span> <span class='ocrx_word' id='word_1_69' title='bbox 1284 537 1520 583; x_wconf 82' lang='lat' dir='ltr'>apprehendit</span> <span class='ocrx_word' id='word_1_70' title='bbox 1540 536 1742 571; x_wconf 88' lang='lat' dir='ltr'>intellectus</span> <span class='ocrx_word' id='word_1_71' title='bbox 1768 548 1822 578; x_wconf 87' lang='lat' dir='ltr'>ea,</span> 
     </span>
     <span class='ocr_line' id='line_1_8' title="bbox 266 590 1824 637; baseline 0 -13"><span class='ocrx_word' id='word_1_72' title='bbox 266 602 356 637; x_wconf 88' lang='lat' dir='ltr'>quae</span> <span class='ocrx_word' id='word_1_73' title='bbox 383 599 511 636; x_wconf 81' lang='lat' dir='ltr'>sperat,</span> <span class='ocrx_word' id='word_1_74' title='bbox 531 599 566 625; x_wconf 91' lang='lat' dir='ltr'>et</span> <span class='ocrx_word' id='word_1_75' title='bbox 587 598 703 632; x_wconf 79' lang='lat' dir='ltr'>amat3</span> <span class='ocrx_word' id='word_1_76' title='bbox 726 590 819 624; x_wconf 90' lang='lat' dir='ltr'>unde</span> <span class='ocrx_word' id='word_1_77' title='bbox 843 598 994 636; x_wconf 85' lang='lat' dir='ltr'>oportet,</span> <span class='ocrx_word' id='word_1_78' title='bbox 1018 590 1113 636; x_wconf 89' lang='lat' dir='ltr'>quod</span> <span class='ocrx_word' id='word_1_79' title='bbox 1129 590 1253 624; x_wconf 82' lang='lat' dir='ltr'>ordine</span> <span class='ocrx_word' id='word_1_80' title='bbox 1269 590 1509 636; x_wconf 83' lang='lat' dir='ltr'>generationis</span> <span class='ocrx_word' id='word_1_81' title='bbox 1523 590 1610 625; x_wconf 89' lang='lat' dir='ltr'>fides</span> <span class='ocrx_word' id='word_1_82' title='bbox 1631 590 1824 637; x_wconf 83' lang='lat' dir='ltr'>praecedat</span> 
     </span>
     <span class='ocr_line' id='line_1_9' title="bbox 266 643 1825 691; baseline -0.001 -12"><span class='ocrx_word' id='word_1_83' title='bbox 266 656 378 691; x_wconf 90' lang='lat' dir='ltr'>spem,</span> <span class='ocrx_word' id='word_1_84' title='bbox 405 653 439 678; x_wconf 90' lang='lat' dir='ltr'>et</span> <span class='ocrx_word' id='word_1_85' title='bbox 466 644 688 677; x_wconf 86' lang='lat' dir='ltr'>charitatem.</span> <span class='ocrx_word' id='word_1_86' title='bbox 718 643 891 677; x_wconf 85' lang='lat' dir='ltr'>Similiter</span> <span class='ocrx_word' id='word_1_87' title='bbox 921 651 1041 677; x_wconf 88' lang='lat' dir='ltr'>autem</span> <span class='ocrx_word' id='word_1_88' title='bbox 1064 656 1105 678; x_wconf 87' lang='lat' dir='ltr'>ex</span> <span class='ocrx_word' id='word_1_89' title='bbox 1126 644 1198 677; x_wconf 85' lang='lat' dir='ltr'>hoc</span> <span class='ocrx_word' id='word_1_90' title='bbox 1220 644 1336 677; x_wconf 88' lang='lat' dir='ltr'>horno</span> <span class='ocrx_word' id='word_1_91' title='bbox 1364 643 1496 690; x_wconf 89' lang='lat' dir='ltr'>aliquid</span> <span class='ocrx_word' id='word_1_92' title='bbox 1519 652 1627 686; x_wconf 84' lang='lat' dir='ltr'>amat,</span> <span class='ocrx_word' id='word_1_93' title='bbox 1649 644 1746 690; x_wconf 91' lang='lat' dir='ltr'>quod</span> <span class='ocrx_word' id='word_1_94' title='bbox 1767 655 1825 690; x_wconf 90' lang='lat' dir='ltr'>ap-</span> 
     </span>
     <span class='ocr_line' id='line_1_10' title="bbox 266 696 1825 744; baseline 0.001 -14"><span class='ocrx_word' id='word_1_95' title='bbox 266 697 455 744; x_wconf 85' lang='lat' dir='ltr'>prehendit</span> <span class='ocrx_word' id='word_1_96' title='bbox 476 696 563 731; x_wconf 91' lang='lat' dir='ltr'>illud</span> <span class='ocrx_word' id='word_1_97' title='bbox 585 705 623 731; x_wconf 88' lang='lat' dir='ltr'>ut</span> <span class='ocrx_word' id='word_1_98' title='bbox 644 697 781 730; x_wconf 88' lang='lat' dir='ltr'>bonum</span> <span class='ocrx_word' id='word_1_99' title='bbox 803 708 927 731; x_wconf 90' lang='lat' dir='ltr'>suum:</span> <span class='ocrx_word' id='word_1_100' title='bbox 951 709 1013 743; x_wconf 92' lang='lat' dir='ltr'>per</span> <span class='ocrx_word' id='word_1_101' title='bbox 1034 697 1105 731; x_wconf 89' lang='lat' dir='ltr'>hoc</span> <span class='ocrx_word' id='word_1_102' title='bbox 1122 704 1244 731; x_wconf 85' lang='lat' dir='ltr'>autem</span> <span class='ocrx_word' id='word_1_103' title='bbox 1263 697 1359 743; x_wconf 91' lang='lat' dir='ltr'>quod</span> <span class='ocrx_word' id='word_1_104' title='bbox 1373 697 1488 731; x_wconf 91' lang='lat' dir='ltr'>homo</span> <span class='ocrx_word' id='word_1_105' title='bbox 1504 697 1545 731; x_wconf 88' lang='lat' dir='ltr'>ab</span> <span class='ocrx_word' id='word_1_106' title='bbox 1568 697 1688 743; x_wconf 86' lang='lat' dir='ltr'>aliquo</span> <span class='ocrx_word' id='word_1_107' title='bbox 1707 705 1825 744; x_wconf 85' lang='lat' dir='ltr'>sperat</span> 
     </span>
     <span class='ocr_line' id='line_1_11' title="bbox 266 750 1825 797; baseline 0 -12"><span class='ocrx_word' id='word_1_108' title='bbox 266 763 304 785; x_wconf 88' lang='lat' dir='ltr'>se</span> <span class='ocrx_word' id='word_1_109' title='bbox 325 751 462 784; x_wconf 90' lang='lat' dir='ltr'>bonum</span> <span class='ocrx_word' id='word_1_110' title='bbox 486 750 658 795; x_wconf 83' lang='lat' dir='ltr'>consequi</span> <span class='ocrx_word' id='word_1_111' title='bbox 680 761 798 796; x_wconf 85' lang='lat' dir='ltr'>posse,</span> <span class='ocrx_word' id='word_1_112' title='bbox 817 757 956 796; x_wconf 86' lang='lat' dir='ltr'>reputat</span> <span class='ocrx_word' id='word_1_113' title='bbox 982 750 1111 796; x_wconf 90' lang='lat' dir='ltr'>ipsum,</span> <span class='ocrx_word' id='word_1_114' title='bbox 1138 750 1174 784; x_wconf 91' lang='lat' dir='ltr'>in</span> <span class='ocrx_word' id='word_1_115' title='bbox 1201 761 1272 796; x_wconf 90' lang='lat' dir='ltr'>quo</span> <span class='ocrx_word' id='word_1_116' title='bbox 1299 761 1399 797; x_wconf 87' lang='lat' dir='ltr'>spem</span> <span class='ocrx_word' id='word_1_117' title='bbox 1420 750 1540 793; x_wconf 89' lang='lat' dir='ltr'>habet,</span> <span class='ocrx_word' id='word_1_118' title='bbox 1561 751 1745 797; x_wconf 88' lang='lat' dir='ltr'>quoddam</span> <span class='ocrx_word' id='word_1_119' title='bbox 1765 751 1825 785; x_wconf 91' lang='lat' dir='ltr'>bo-</span> 
     </span>
     <span class='ocr_line' id='line_1_12' title="bbox 267 803 1824 850; baseline -0.001 -12"><span class='ocrx_word' id='word_1_120' title='bbox 267 815 355 838; x_wconf 90' lang='lat' dir='ltr'>num</span> <span class='ocrx_word' id='word_1_121' title='bbox 389 815 512 838; x_wconf 89' lang='lat' dir='ltr'>suum:</span> <span class='ocrx_word' id='word_1_122' title='bbox 547 804 641 837; x_wconf 90' lang='lat' dir='ltr'>unde</span> <span class='ocrx_word' id='word_1_123' title='bbox 664 814 705 837; x_wconf 85' lang='lat' dir='ltr'>ex</span> <span class='ocrx_word' id='word_1_124' title='bbox 731 803 802 837; x_wconf 90' lang='lat' dir='ltr'>hoc</span> <span class='ocrx_word' id='word_1_125' title='bbox 837 804 915 849; x_wconf 92' lang='lat' dir='ltr'>ipso</span> <span class='ocrx_word' id='word_1_126' title='bbox 949 803 1046 849; x_wconf 88' lang='lat' dir='ltr'>quod</span> <span class='ocrx_word' id='word_1_127' title='bbox 1075 803 1191 837; x_wconf 88' lang='lat' dir='ltr'>homo</span> <span class='ocrx_word' id='word_1_128' title='bbox 1221 811 1340 849; x_wconf 82' lang='lat' dir='ltr'>sperat</span> <span class='ocrx_word' id='word_1_129' title='bbox 1372 803 1415 837; x_wconf 90' lang='lat' dir='ltr'>de</span> <span class='ocrx_word' id='word_1_130' title='bbox 1443 803 1576 850; x_wconf 87' lang='lat' dir='ltr'>aliquo,</span> <span class='ocrx_word' id='word_1_131' title='bbox 1597 803 1761 850; x_wconf 84' lang='lat' dir='ltr'>procedit</span> <span class='ocrx_word' id='word_1_132' title='bbox 1781 803 1824 837; x_wconf 92' lang='lat' dir='ltr'>ad</span> 
     </span>
     <span class='ocr_line' id='line_1_13' title="bbox 268 857 1826 904; baseline 0.001 -14"><span class='ocrx_word' id='word_1_133' title='bbox 268 857 464 891; x_wconf 87' lang='lat' dir='ltr'>amandum</span> <span class='ocrx_word' id='word_1_134' title='bbox 486 857 622 903; x_wconf 85' lang='lat' dir='ltr'>ipsum:</span> <span class='ocrx_word' id='word_1_135' title='bbox 655 865 688 891; x_wconf 87' lang='lat' dir='ltr'>et</span> <span class='ocrx_word' id='word_1_136' title='bbox 714 858 763 891; x_wconf 87' lang='lat' dir='ltr'>sic</span> <span class='ocrx_word' id='word_1_137' title='bbox 786 857 911 890; x_wconf 89' lang='lat' dir='ltr'>ordine</span> <span class='ocrx_word' id='word_1_138' title='bbox 933 857 1175 903; x_wconf 84' lang='lat' dir='ltr'>generationis</span> <span class='ocrx_word' id='word_1_139' title='bbox 1197 857 1395 891; x_wconf 88' lang='lat' dir='ltr'>secundum</span> <span class='ocrx_word' id='word_1_140' title='bbox 1424 865 1522 891; x_wconf 89' lang='lat' dir='ltr'>actus</span> <span class='ocrx_word' id='word_1_141' title='bbox 1544 868 1622 904; x_wconf 87' lang='lat' dir='ltr'>spes</span> <span class='ocrx_word' id='word_1_142' title='bbox 1644 857 1826 904; x_wconf 87' lang='lat' dir='ltr'>praecedit</span> 
     </span>
     <span class='ocr_line' id='line_1_14' title="bbox 268 909 1824 956; baseline 0 -12"><span class='ocrx_word' id='word_1_143' title='bbox 268 911 492 944; x_wconf 86' lang='lat' dir='ltr'>charitatem.</span> <span class='ocrx_word' id='word_1_144' title='bbox 517 910 654 945; x_wconf 89' lang='lat' dir='ltr'>Ordine</span> <span class='ocrx_word' id='word_1_145' title='bbox 677 921 764 944; x_wconf 84' lang='lat' dir='ltr'>vero</span> <span class='ocrx_word' id='word_1_146' title='bbox 795 909 1024 956; x_wconf 89' lang='lat' dir='ltr'>perfectionis</span> <span class='ocrx_word' id='word_1_147' title='bbox 1048 911 1202 944; x_wconf 86' lang='lat' dir='ltr'>charitas</span> <span class='ocrx_word' id='word_1_148' title='bbox 1228 910 1410 956; x_wconf 90' lang='lat' dir='ltr'>praecedit</span> <span class='ocrx_word' id='word_1_149' title='bbox 1435 910 1556 953; x_wconf 86' lang='lat' dir='ltr'>fidem,</span> <span class='ocrx_word' id='word_1_150' title='bbox 1579 919 1614 945; x_wconf 88' lang='lat' dir='ltr'>et</span> <span class='ocrx_word' id='word_1_151' title='bbox 1634 921 1758 956; x_wconf 82' lang='lat' dir='ltr'>spem3</span> <span class='ocrx_word' id='word_1_152' title='bbox 1781 921 1824 944; x_wconf 89' lang='lat' dir='ltr'>eo</span> 
     </span>
     <span class='ocr_line' id='line_1_15' title="bbox 267 963 1826 1010; baseline 0 -13"><span class='ocrx_word' id='word_1_153' title='bbox 267 964 362 1010; x_wconf 86' lang='lat' dir='ltr'>quod</span> <span class='ocrx_word' id='word_1_154' title='bbox 376 972 451 998; x_wconf 89' lang='lat' dir='ltr'>tam</span> <span class='ocrx_word' id='word_1_155' title='bbox 467 963 565 1005; x_wconf 90' lang='lat' dir='ltr'>fides,</span> <span class='ocrx_word' id='word_1_156' title='bbox 592 975 700 1009; x_wconf 86' lang='lat' dir='ltr'>quam</span> <span class='ocrx_word' id='word_1_157' title='bbox 723 975 802 1010; x_wconf 86' lang='lat' dir='ltr'>spes</span> <span class='ocrx_word' id='word_1_158' title='bbox 824 975 887 1010; x_wconf 89' lang='lat' dir='ltr'>per</span> <span class='ocrx_word' id='word_1_159' title='bbox 909 964 1121 998; x_wconf 88' lang='lat' dir='ltr'>charitatem</span> <span class='ocrx_word' id='word_1_160' title='bbox 1142 963 1329 1006; x_wconf 87' lang='lat' dir='ltr'>formatur,</span> <span class='ocrx_word' id='word_1_161' title='bbox 1352 972 1387 998; x_wconf 90' lang='lat' dir='ltr'>et</span> <span class='ocrx_word' id='word_1_162' title='bbox 1407 963 1666 1010; x_wconf 87' lang='lat' dir='ltr'>perfectionem</span> <span class='ocrx_word' id='word_1_163' title='bbox 1687 963 1826 998; x_wconf 84' lang='lat' dir='ltr'>virtutis</span> 
     </span>
     <span class='ocr_line' id='line_1_16' title="bbox 268 1017 1827 1063; baseline 0 -12"><span class='ocrx_word' id='word_1_164' title='bbox 268 1017 436 1063; x_wconf 83' lang='lat' dir='ltr'>acquirit:</span> <span class='ocrx_word' id='word_1_165' title='bbox 455 1017 504 1051; x_wconf 89' lang='lat' dir='ltr'>sic</span> <span class='ocrx_word' id='word_1_166' title='bbox 528 1017 624 1050; x_wconf 90' lang='lat' dir='ltr'>enirn</span> <span class='ocrx_word' id='word_1_167' title='bbox 648 1017 802 1051; x_wconf 89' lang='lat' dir='ltr'>charitas</span> <span class='ocrx_word' id='word_1_168' title='bbox 826 1025 878 1051; x_wconf 87' lang='lat' dir='ltr'>est</span> <span class='ocrx_word' id='word_1_169' title='bbox 899 1025 1014 1051; x_wconf 87' lang='lat' dir='ltr'>mater</span> <span class='ocrx_word' id='word_1_170' title='bbox 1036 1018 1200 1051; x_wconf 89' lang='lat' dir='ltr'>omnium</span> <span class='ocrx_word' id='word_1_171' title='bbox 1222 1017 1406 1059; x_wconf 82' lang='lat' dir='ltr'>virtutum,</span> <span class='ocrx_word' id='word_1_172' title='bbox 1428 1025 1462 1051; x_wconf 90' lang='lat' dir='ltr'>et</span> <span class='ocrx_word' id='word_1_173' title='bbox 1482 1017 1592 1059; x_wconf 74' lang='lat' dir='ltr'>radiX‚</span> <span class='ocrx_word' id='word_1_174' title='bbox 1614 1019 1827 1063; x_wconf 89' lang='lat' dir='ltr'>inquantum</span> 
     </span>
     <span class='ocr_line' id='line_1_17' title="bbox 267 1069 1826 1117; baseline -0.001 -12"><span class='ocrx_word' id='word_1_175' title='bbox 267 1079 320 1105; x_wconf 89' lang='lat' dir='ltr'>est</span> <span class='ocrx_word' id='word_1_176' title='bbox 346 1071 511 1104; x_wconf 90' lang='lat' dir='ltr'>omnium</span> <span class='ocrx_word' id='word_1_177' title='bbox 544 1071 717 1104; x_wconf 87' lang='lat' dir='ltr'>virtutum</span> <span class='ocrx_word' id='word_1_178' title='bbox 743 1069 872 1112; x_wconf 88' lang='lat' dir='ltr'>forma,</span> <span class='ocrx_word' id='word_1_179' title='bbox 911 1079 949 1105; x_wconf 90' lang='lat' dir='ltr'>ut</span> <span class='ocrx_word' id='word_1_180' title='bbox 974 1070 1065 1104; x_wconf 89' lang='lat' dir='ltr'>infra</span> <span class='ocrx_word' id='word_1_181' title='bbox 1100 1071 1237 1105; x_wconf 88' lang='lat' dir='ltr'>dicetur</span> <span class='ocrx_word' id='word_1_182' title='bbox 1259 1072 1304 1117; x_wconf 83' lang='lat' dir='ltr'>(q.</span> <span class='ocrx_word' id='word_1_183' title='bbox 1332 1070 1386 1106; x_wconf 90' lang='lat'>62.</span> <span class='ocrx_word' id='word_1_184' title='bbox 1417 1075 1482 1106; x_wconf 85' lang='lat' dir='ltr'>art.</span> <span class='ocrx_word' id='word_1_185' title='bbox 1508 1082 1541 1115; x_wconf 84' lang='lat'>4.</span> <span class='ocrx_word' id='word_1_186' title='bbox 1568 1075 1596 1105; x_wconf 81' lang='lat' dir='ltr'>et</span> <span class='ocrx_word' id='word_1_187' title='bbox 1620 1082 1685 1106; x_wconf 88' lang='lat'><em>2-2.</em></span> <span class='ocrx_word' id='word_1_188' title='bbox 1716 1082 1746 1117; x_wconf 82' lang='lat' dir='ltr'>q.</span> <span class='ocrx_word' id='word_1_189' title='bbox 1779 1082 1826 1117; x_wconf 80' lang='lat'>23.</span> 
     </span>
     <span class='ocr_line' id='line_1_18' title="bbox 267 1125 523 1170; baseline -0.008 -11"><span class='ocrx_word' id='word_1_190' title='bbox 267 1129 331 1159; x_wconf 82' lang='lat' dir='ltr'>art.</span> <span class='ocrx_word' id='word_1_191' title='bbox 359 1135 388 1170; x_wconf 90' lang='lat'>7.</span> <span class='ocrx_word' id='word_1_192' title='bbox 415 1129 444 1158; x_wconf 71' lang='lat' dir='ltr'>ct</span> <span class='ocrx_word' id='word_1_193' title='bbox 462 1125 523 1169; x_wconf 79' lang='grc'><strong><em>8.).</em></strong></span> 
     </span>
    </p>

    <p class='ocr_par' dir='ltr' id='par_1_3' title="bbox 338 1177 1137 1224">
     <span class='ocr_line' id='line_1_19' title="bbox 338 1177 1137 1224; baseline 0.001 -13"><span class='ocrx_word' id='word_1_194' title='bbox 338 1177 381 1211; x_wconf 88' lang='lat' dir='ltr'>Et</span> <span class='ocrx_word' id='word_1_195' title='bbox 401 1188 462 1224; x_wconf 89' lang='lat' dir='ltr'>per</span> <span class='ocrx_word' id='word_1_196' title='bbox 483 1177 554 1211; x_wconf 88' lang='lat' dir='ltr'>hoc</span> <span class='ocrx_word' id='word_1_197' title='bbox 577 1185 675 1223; x_wconf 89' lang='lat' dir='ltr'>patet</span> <span class='ocrx_word' id='word_1_198' title='bbox 696 1177 884 1223; x_wconf 88' lang='lat' dir='ltr'>responsio</span> <span class='ocrx_word' id='word_1_199' title='bbox 906 1188 956 1212; x_wconf 81' lang='lat' dir='ltr'>AD</span> <span class='ocrx_word' id='word_1_200' title='bbox 978 1188 1137 1212; x_wconf 83' lang='lat' dir='ltr'>PRIMUM.</span> 
     </span>
    </p>

    <p class='ocr_par' dir='ltr' id='par_1_4' title="bbox 269 1230 1830 1479">
     <span class='ocr_line' id='line_1_20' title="bbox 340 1230 1830 1277; baseline 0 -12"><span class='ocrx_word' id='word_1_201' title='bbox 340 1232 398 1265; x_wconf 87' lang='lat' dir='ltr'>AD</span> <span class='ocrx_word' id='word_1_202' title='bbox 421 1241 627 1265; x_wconf 76' lang='lat' dir='ltr'>SECUNDUM</span> <span class='ocrx_word' id='word_1_203' title='bbox 650 1231 854 1272; x_wconf 88' lang='lat' dir='ltr'>dicendum,</span> <span class='ocrx_word' id='word_1_204' title='bbox 867 1231 963 1276; x_wconf 90' lang='lat' dir='ltr'>quod</span> <span class='ocrx_word' id='word_1_205' title='bbox 985 1231 1209 1277; x_wconf 88' lang='lat' dir='ltr'>Augustinus</span> <span class='ocrx_word' id='word_1_206' title='bbox 1231 1230 1389 1277; x_wconf 90' lang='lat' dir='ltr'>loquitur</span> <span class='ocrx_word' id='word_1_207' title='bbox 1410 1230 1453 1265; x_wconf 90' lang='lat' dir='ltr'>de</span> <span class='ocrx_word' id='word_1_208' title='bbox 1475 1241 1548 1277; x_wconf 92' lang='lat' dir='ltr'>spe,</span> <span class='ocrx_word' id='word_1_209' title='bbox 1571 1242 1640 1277; x_wconf 90' lang='lat' dir='ltr'>qua</span> <span class='ocrx_word' id='word_1_210' title='bbox 1662 1230 1740 1277; x_wconf 92' lang='lat' dir='ltr'>quis</span> <span class='ocrx_word' id='word_1_211' title='bbox 1755 1242 1830 1277; x_wconf 86' lang='lat' dir='ltr'>spe-</span> 
     </span>
     <span class='ocr_line' id='line_1_21' title="bbox 269 1284 1830 1330; baseline -0.001 -12"><span class='ocrx_word' id='word_1_212' title='bbox 269 1292 323 1318; x_wconf 87' lang='lat' dir='ltr'>rat</span> <span class='ocrx_word' id='word_1_213' title='bbox 356 1296 398 1318; x_wconf 83' lang='lat' dir='ltr'>ex</span> <span class='ocrx_word' id='word_1_214' title='bbox 428 1284 565 1318; x_wconf 85' lang='lat' dir='ltr'>meritis</span> <span class='ocrx_word' id='word_1_215' title='bbox 587 1285 660 1330; x_wconf 86' lang='lat' dir='ltr'>jam</span> <span class='ocrx_word' id='word_1_216' title='bbox 685 1284 815 1318; x_wconf 84' lang='lat' dir='ltr'>habitis</span> <span class='ocrx_word' id='word_1_217' title='bbox 838 1295 874 1318; x_wconf 89' lang='lat' dir='ltr'>se</span> <span class='ocrx_word' id='word_1_218' title='bbox 903 1284 946 1318; x_wconf 87' lang='lat' dir='ltr'>ad</span> <span class='ocrx_word' id='word_1_219' title='bbox 968 1284 1227 1318; x_wconf 83' lang='lat' dir='ltr'>beatitudinem</span> <span class='ocrx_word' id='word_1_220' title='bbox 1254 1292 1528 1330; x_wconf 87' lang='lat' dir='ltr'>perventurum;</span> <span class='ocrx_word' id='word_1_221' title='bbox 1551 1285 1647 1330; x_wconf 94' lang='lat' dir='ltr'>quod</span> <span class='ocrx_word' id='word_1_222' title='bbox 1677 1292 1730 1319; x_wconf 91' lang='lat' dir='ltr'>est</span> <span class='ocrx_word' id='word_1_223' title='bbox 1755 1284 1830 1330; x_wconf 88' lang='lat' dir='ltr'>spei</span> 
     </span>
     <span class='ocr_line' id='line_1_22' title="bbox 269 1336 1829 1384; baseline -0.001 -12"><span class='ocrx_word' id='word_1_224' title='bbox 269 1338 457 1379; x_wconf 83' lang='lat' dir='ltr'>formatae,</span> <span class='ocrx_word' id='word_1_225' title='bbox 478 1349 567 1383; x_wconf 88' lang='lat' dir='ltr'>quae</span> <span class='ocrx_word' id='word_1_226' title='bbox 590 1337 750 1383; x_wconf 87' lang='lat' dir='ltr'>sequitur</span> <span class='ocrx_word' id='word_1_227' title='bbox 772 1338 1003 1371; x_wconf 81' lang='lat' dir='ltr'>charitatem:</span> <span class='ocrx_word' id='word_1_228' title='bbox 1020 1345 1138 1383; x_wconf 87' lang='lat' dir='ltr'>potest</span> <span class='ocrx_word' id='word_1_229' title='bbox 1161 1346 1281 1371; x_wconf 84' lang='lat' dir='ltr'>autem</span> <span class='ocrx_word' id='word_1_230' title='bbox 1309 1336 1436 1383; x_wconf 89' lang='lat' dir='ltr'>aliquis</span> <span class='ocrx_word' id='word_1_231' title='bbox 1458 1348 1612 1383; x_wconf 90' lang='lat' dir='ltr'>sperare,</span> <span class='ocrx_word' id='word_1_232' title='bbox 1635 1345 1829 1384; x_wconf 85' lang='lat' dir='ltr'>antequam</span> 
     </span>
     <span class='ocr_line' id='line_1_23' title="bbox 270 1391 1830 1437; baseline 0 -12"><span class='ocrx_word' id='word_1_233' title='bbox 270 1392 401 1426; x_wconf 89' lang='lat' dir='ltr'>habeat</span> <span class='ocrx_word' id='word_1_234' title='bbox 431 1391 655 1433; x_wconf 86' lang='lat' dir='ltr'>charitatem,</span> <span class='ocrx_word' id='word_1_235' title='bbox 685 1402 759 1424; x_wconf 91' lang='lat' dir='ltr'>non</span> <span class='ocrx_word' id='word_1_236' title='bbox 782 1403 823 1425; x_wconf 80' lang='lat' dir='ltr'>ex</span> <span class='ocrx_word' id='word_1_237' title='bbox 846 1391 992 1433; x_wconf 84' lang='lat' dir='ltr'>meritis,</span> <span class='ocrx_word' id='word_1_238' title='bbox 1015 1402 1105 1437; x_wconf 88' lang='lat' dir='ltr'>quae</span> <span class='ocrx_word' id='word_1_239' title='bbox 1131 1392 1204 1436; x_wconf 86' lang='lat' dir='ltr'>jam</span> <span class='ocrx_word' id='word_1_240' title='bbox 1226 1391 1345 1433; x_wconf 82' lang='lat' dir='ltr'>habet,</span> <span class='ocrx_word' id='word_1_241' title='bbox 1372 1391 1433 1425; x_wconf 90' lang='lat' dir='ltr'>sed</span> <span class='ocrx_word' id='word_1_242' title='bbox 1455 1401 1546 1437; x_wconf 84' lang='lat' dir='ltr'>quae</span> <span class='ocrx_word' id='word_1_243' title='bbox 1568 1399 1687 1437; x_wconf 88' lang='lat' dir='ltr'>sperat</span> <span class='ocrx_word' id='word_1_244' title='bbox 1712 1402 1748 1425; x_wconf 90' lang='lat' dir='ltr'>se</span> <span class='ocrx_word' id='word_1_245' title='bbox 1771 1391 1830 1425; x_wconf 90' lang='lat' dir='ltr'>ha-</span> 
     </span>
     <span class='ocr_line' id='line_1_24' title="bbox 270 1446 438 1479; baseline -0.006 0"><span class='ocrx_word' id='word_1_246' title='bbox 270 1446 438 1479; x_wconf 88' lang='lat' dir='ltr'>biturum.</span> 
     </span>
    </p>

    <p class='ocr_par' dir='ltr' id='par_1_5' title="bbox 273 1497 1833 1972">
     <span class='ocr_line' id='line_1_25' title="bbox 343 1497 1830 1544; baseline -0.001 -12"><span class='ocrx_word' id='word_1_247' title='bbox 343 1499 402 1532; x_wconf 84' lang='lat' dir='ltr'>AD</span> <span class='ocrx_word' id='word_1_248' title='bbox 426 1508 595 1532; x_wconf 76' lang='lat' dir='ltr'>TERTIUM</span> <span class='ocrx_word' id='word_1_249' title='bbox 626 1497 831 1539; x_wconf 85' lang='lat' dir='ltr'>dicendum,</span> <span class='ocrx_word' id='word_1_250' title='bbox 847 1497 955 1543; x_wconf 87' lang='lat' dir='ltr'>quod,</span> <span class='ocrx_word' id='word_1_251' title='bbox 977 1498 1068 1531; x_wconf 88' lang='lat' dir='ltr'>sicut</span> <span class='ocrx_word' id='word_1_252' title='bbox 1090 1509 1195 1544; x_wconf 87' lang='lat' dir='ltr'>supra</span> <span class='ocrx_word' id='word_1_253' title='bbox 1215 1497 1347 1531; x_wconf 85' lang='lat' dir='ltr'>dictum</span> <span class='ocrx_word' id='word_1_254' title='bbox 1369 1506 1420 1531; x_wconf 90' lang='lat' dir='ltr'>est</span> <span class='ocrx_word' id='word_1_255' title='bbox 1437 1497 1482 1543; x_wconf 75' lang='lat' dir='ltr'>(q.</span> <span class='ocrx_word' id='word_1_256' title='bbox 1501 1509 1557 1542; x_wconf 76' lang='lat'>40.</span> <span class='ocrx_word' id='word_1_257' title='bbox 1577 1503 1642 1532; x_wconf 75' lang='lat' dir='ltr'>art.</span> <span class='ocrx_word' id='word_1_258' title='bbox 1665 1498 1728 1544; x_wconf 89' lang='lat'><em>7.);</em></span> <span class='ocrx_word' id='word_1_259' title='bbox 1747 1509 1830 1531; x_wconf 86' lang='lat' dir='ltr'>cum</span> 
     </span>
     <span class='ocr_line' id='line_1_26' title="bbox 273 1550 1830 1597; baseline 0 -12"><span class='ocrx_word' id='word_1_260' title='bbox 273 1551 315 1586; x_wconf 90' lang='lat' dir='ltr'>de</span> <span class='ocrx_word' id='word_1_261' title='bbox 338 1551 562 1597; x_wconf 87' lang='lat' dir='ltr'>passionibus</span> <span class='ocrx_word' id='word_1_262' title='bbox 587 1559 760 1597; x_wconf 76' lang='lat' dir='ltr'>ageretur,</span> <span class='ocrx_word' id='word_1_263' title='bbox 792 1562 871 1597; x_wconf 83' lang='lat' dir='ltr'>spes</span> <span class='ocrx_word' id='word_1_264' title='bbox 910 1551 1053 1596; x_wconf 89' lang='lat' dir='ltr'>respicit</span> <span class='ocrx_word' id='word_1_265' title='bbox 1079 1550 1167 1585; x_wconf 77' lang='lat' dir='ltr'>duo:</span> <span class='ocrx_word' id='word_1_266' title='bbox 1196 1563 1297 1584; x_wconf 65' lang='lat' dir='ltr'>uniam</span> <span class='ocrx_word' id='word_1_267' title='bbox 1331 1551 1477 1596; x_wconf 85' lang='lat' dir='ltr'>quidem</span> <span class='ocrx_word' id='word_1_268' title='bbox 1512 1551 1604 1585; x_wconf 86' lang='lat' dir='ltr'>sicut</span> <span class='ocrx_word' id='word_1_269' title='bbox 1634 1551 1830 1597; x_wconf 84' lang='lat' dir='ltr'>principale</span> 
     </span>
     <span class='ocr_line' id='line_1_27' title="bbox 273 1604 1832 1651; baseline 0 -13"><span class='ocrx_word' id='word_1_270' title='bbox 273 1605 467 1650; x_wconf 77' lang='lat' dir='ltr'>objectum,</span> <span class='ocrx_word' id='word_1_271' title='bbox 501 1604 638 1639; x_wconf 85' lang='lat' dir='ltr'>scilicet</span> <span class='ocrx_word' id='word_1_272' title='bbox 670 1605 807 1638; x_wconf 87' lang='lat' dir='ltr'>bonum</span> <span class='ocrx_word' id='word_1_273' title='bbox 841 1604 937 1650; x_wconf 89' lang='lat' dir='ltr'>quod</span> <span class='ocrx_word' id='word_1_274' title='bbox 960 1612 1131 1649; x_wconf 84' lang='lat' dir='ltr'>speratur,</span> <span class='ocrx_word' id='word_1_275' title='bbox 1166 1613 1199 1638; x_wconf 91' lang='lat' dir='ltr'>et</span> <span class='ocrx_word' id='word_1_276' title='bbox 1236 1612 1399 1650; x_wconf 85' lang='lat' dir='ltr'>respectu</span> <span class='ocrx_word' id='word_1_277' title='bbox 1421 1604 1527 1650; x_wconf 83' lang='lat' dir='ltr'>hujus</span> <span class='ocrx_word' id='word_1_278' title='bbox 1560 1615 1703 1651; x_wconf 84' lang='lat' dir='ltr'>semper</span> <span class='ocrx_word' id='word_1_279' title='bbox 1729 1615 1832 1638; x_wconf 89' lang='lat' dir='ltr'>amor</span> 
     </span>
     <span class='ocr_line' id='line_1_28' title="bbox 273 1657 1832 1705; baseline -0.001 -13"><span class='ocrx_word' id='word_1_280' title='bbox 273 1658 452 1705; x_wconf 87' lang='lat' dir='ltr'>praecedit</span> <span class='ocrx_word' id='word_1_281' title='bbox 474 1669 597 1704; x_wconf 90' lang='lat' dir='ltr'>spem:</span> <span class='ocrx_word' id='word_1_282' title='bbox 624 1669 822 1703; x_wconf 85' lang='lat' dir='ltr'>numquam</span> <span class='ocrx_word' id='word_1_283' title='bbox 844 1657 939 1691; x_wconf 87' lang='lat' dir='ltr'>enim</span> <span class='ocrx_word' id='word_1_284' title='bbox 963 1665 1122 1703; x_wconf 87' lang='lat' dir='ltr'>speratur</span> <span class='ocrx_word' id='word_1_285' title='bbox 1151 1657 1296 1703; x_wconf 85' lang='lat' dir='ltr'>aliquod</span> <span class='ocrx_word' id='word_1_286' title='bbox 1321 1657 1471 1699; x_wconf 89' lang='lat' dir='ltr'>bonum,</span> <span class='ocrx_word' id='word_1_287' title='bbox 1492 1657 1559 1692; x_wconf 87' lang='lat' dir='ltr'>nisi</span> <span class='ocrx_word' id='word_1_288' title='bbox 1578 1657 1832 1699; x_wconf 83' lang='lat' dir='ltr'>desideratum,</span> 
     </span>
     <span class='ocr_line' id='line_1_29' title="bbox 274 1710 1832 1757; baseline 0 -12"><span class='ocrx_word' id='word_1_289' title='bbox 274 1720 308 1746; x_wconf 87' lang='lat' dir='ltr'>et</span> <span class='ocrx_word' id='word_1_290' title='bbox 330 1720 501 1745; x_wconf 85' lang='lat' dir='ltr'>amatum.</span> <span class='ocrx_word' id='word_1_291' title='bbox 523 1711 682 1757; x_wconf 81' lang='lat' dir='ltr'>Respicit</span> <span class='ocrx_word' id='word_1_292' title='bbox 700 1713 798 1745; x_wconf 69' lang='lat' dir='ltr'>etium</span> <span class='ocrx_word' id='word_1_293' title='bbox 815 1722 894 1756; x_wconf 85' lang='lat' dir='ltr'>spes</span> <span class='ocrx_word' id='word_1_294' title='bbox 914 1710 1028 1752; x_wconf 89' lang='lat' dir='ltr'>illum,</span> <span class='ocrx_word' id='word_1_295' title='bbox 1044 1722 1062 1744; x_wconf 86' lang='lat' dir='ltr'>a</span> <span class='ocrx_word' id='word_1_296' title='bbox 1082 1722 1153 1756; x_wconf 90' lang='lat' dir='ltr'>quo</span> <span class='ocrx_word' id='word_1_297' title='bbox 1174 1722 1210 1744; x_wconf 87' lang='lat' dir='ltr'>se</span> <span class='ocrx_word' id='word_1_298' title='bbox 1232 1719 1350 1756; x_wconf 84' lang='lat' dir='ltr'>sperat</span> <span class='ocrx_word' id='word_1_299' title='bbox 1364 1721 1469 1756; x_wconf 88' lang='lat' dir='ltr'>posse</span> <span class='ocrx_word' id='word_1_300' title='bbox 1489 1711 1662 1757; x_wconf 88' lang='lat' dir='ltr'>consequi</span> <span class='ocrx_word' id='word_1_301' title='bbox 1682 1711 1832 1753; x_wconf 91' lang='lat' dir='ltr'>bonum,</span> 
     </span>
     <span class='ocr_line' id='line_1_30' title="bbox 273 1763 1833 1811; baseline -0.001 -11"><span class='ocrx_word' id='word_1_302' title='bbox 273 1773 307 1800; x_wconf 86' lang='lat' dir='ltr'>et</span> <span class='ocrx_word' id='word_1_303' title='bbox 328 1774 490 1810; x_wconf 86' lang='lat' dir='ltr'>respectu</span> <span class='ocrx_word' id='word_1_304' title='bbox 517 1765 622 1809; x_wconf 81' lang='lat' dir='ltr'>hujus</span> <span class='ocrx_word' id='word_1_305' title='bbox 646 1765 760 1810; x_wconf 84' lang='lat' dir='ltr'>primo</span> <span class='ocrx_word' id='word_1_306' title='bbox 783 1764 928 1810; x_wconf 82' lang='lat' dir='ltr'>quidem</span> <span class='ocrx_word' id='word_1_307' title='bbox 955 1775 1033 1810; x_wconf 85' lang='lat' dir='ltr'>spes</span> <span class='ocrx_word' id='word_1_308' title='bbox 1059 1763 1241 1810; x_wconf 86' lang='lat' dir='ltr'>praecedit</span> <span class='ocrx_word' id='word_1_309' title='bbox 1263 1774 1446 1806; x_wconf 82' lang='lat' dir='ltr'>amorem3</span> <span class='ocrx_word' id='word_1_310' title='bbox 1466 1765 1631 1810; x_wconf 87' lang='lat' dir='ltr'>quamvis</span> <span class='ocrx_word' id='word_1_311' title='bbox 1646 1772 1771 1811; x_wconf 86' lang='lat' dir='ltr'>postea</span> <span class='ocrx_word' id='word_1_312' title='bbox 1791 1777 1833 1799; x_wconf 76' lang='lat' dir='ltr'>ex</span> 
     </span>
     <span class='ocr_line' id='line_1_31' title="bbox 274 1817 1833 1865; baseline 0 -13"><span class='ocrx_word' id='word_1_313' title='bbox 274 1819 350 1864; x_wconf 88' lang='lat' dir='ltr'>ipso</span> <span class='ocrx_word' id='word_1_314' title='bbox 371 1830 494 1852; x_wconf 86' lang='lat' dir='ltr'>amore</span> <span class='ocrx_word' id='word_1_315' title='bbox 522 1830 601 1864; x_wconf 84' lang='lat' dir='ltr'>spes</span> <span class='ocrx_word' id='word_1_316' title='bbox 622 1826 811 1863; x_wconf 80' lang='lat' dir='ltr'>augeatur:</span> <span class='ocrx_word' id='word_1_317' title='bbox 835 1818 977 1863; x_wconf 86' lang='lat' dir='ltr'>perhoc</span> <span class='ocrx_word' id='word_1_318' title='bbox 998 1817 1094 1851; x_wconf 89' lang='lat' dir='ltr'>enim</span> <span class='ocrx_word' id='word_1_319' title='bbox 1115 1817 1210 1864; x_wconf 89' lang='lat' dir='ltr'>quod</span> <span class='ocrx_word' id='word_1_320' title='bbox 1230 1817 1358 1863; x_wconf 90' lang='lat' dir='ltr'>aliquis</span> <span class='ocrx_word' id='word_1_321' title='bbox 1379 1826 1519 1864; x_wconf 90' lang='lat' dir='ltr'>reputat</span> <span class='ocrx_word' id='word_1_322' title='bbox 1540 1830 1600 1864; x_wconf 92' lang='lat' dir='ltr'>per</span> <span class='ocrx_word' id='word_1_323' title='bbox 1623 1817 1781 1865; x_wconf 86' lang='lat' dir='ltr'>aliquem</span> <span class='ocrx_word' id='word_1_324' title='bbox 1795 1829 1833 1853; x_wconf 87' lang='lat' dir='ltr'>se</span> 
     </span>
     <span class='ocr_line' id='line_1_32' title="bbox 274 1871 1833 1919; baseline 0 -13"><span class='ocrx_word' id='word_1_325' title='bbox 274 1883 378 1918; x_wconf 86' lang='lat' dir='ltr'>posse</span> <span class='ocrx_word' id='word_1_326' title='bbox 402 1872 574 1917; x_wconf 87' lang='lat' dir='ltr'>consequi</span> <span class='ocrx_word' id='word_1_327' title='bbox 596 1871 741 1917; x_wconf 78' lang='lat' dir='ltr'>aliquod</span> <span class='ocrx_word' id='word_1_328' title='bbox 765 1872 913 1912; x_wconf 86' lang='lat' dir='ltr'>bonum,</span> <span class='ocrx_word' id='word_1_329' title='bbox 943 1871 1068 1917; x_wconf 84' lang='lat' dir='ltr'>incipit</span> <span class='ocrx_word' id='word_1_330' title='bbox 1102 1882 1222 1905; x_wconf 85' lang='lat' dir='ltr'>amare</span> <span class='ocrx_word' id='word_1_331' title='bbox 1247 1871 1380 1918; x_wconf 88' lang='lat' dir='ltr'>ipsum:</span> <span class='ocrx_word' id='word_1_332' title='bbox 1408 1879 1442 1905; x_wconf 88' lang='lat' dir='ltr'>et</span> <span class='ocrx_word' id='word_1_333' title='bbox 1469 1883 1511 1906; x_wconf 84' lang='lat' dir='ltr'>ex</span> <span class='ocrx_word' id='word_1_334' title='bbox 1537 1871 1608 1906; x_wconf 92' lang='lat' dir='ltr'>hoc</span> <span class='ocrx_word' id='word_1_335' title='bbox 1636 1872 1714 1918; x_wconf 92' lang='lat' dir='ltr'>ipso</span> <span class='ocrx_word' id='word_1_336' title='bbox 1737 1871 1833 1919; x_wconf 86' lang='lat' dir='ltr'>quod</span> 
     </span>
     <span class='ocr_line' id='line_1_33' title="bbox 274 1923 1100 1972; baseline 0 -14"><span class='ocrx_word' id='word_1_337' title='bbox 274 1926 392 1972; x_wconf 89' lang='lat' dir='ltr'>ipsum</span> <span class='ocrx_word' id='word_1_338' title='bbox 415 1933 522 1968; x_wconf 80' lang='lat' dir='ltr'>amat,</span> <span class='ocrx_word' id='word_1_339' title='bbox 546 1933 670 1971; x_wconf 86' lang='lat' dir='ltr'>postea</span> <span class='ocrx_word' id='word_1_340' title='bbox 689 1923 814 1958; x_wconf 89' lang='lat' dir='ltr'>fortius</span> <span class='ocrx_word' id='word_1_341' title='bbox 842 1925 884 1959; x_wconf 87' lang='lat' dir='ltr'>de</span> <span class='ocrx_word' id='word_1_342' title='bbox 907 1936 950 1958; x_wconf 86' lang='lat' dir='ltr'>eo</span> <span class='ocrx_word' id='word_1_343' title='bbox 973 1932 1100 1970; x_wconf 85' lang='lat' dir='ltr'>sperat.</span> 
     </span>
    </p>
   </div>
   <div class='ocr_carea' id='block_1_3' title="bbox 777 2193 1344 2254">
    <p class='ocr_par' dir='ltr' id='par_1_6' title="bbox 777 2193 1344 2254">
     <span class='ocr_line' id='line_1_34' title="bbox 777 2193 1344 2254; baseline -0.002 -13"><span class='ocrx_word' id='word_1_344' title='bbox 777 2193 1131 2254; x_wconf 73' lang='lat' dir='ltr'>QUAESTIO</span> <span class='ocrx_word' id='word_1_345' title='bbox 1172 2193 1344 2241; x_wconf 89' lang='lat' dir='ltr'>LXIII.</span> 
     </span>
    </p>
   </div>
   <div class='ocr_carea' id='block_1_4' title="bbox 383 2316 1736 2357">
    <p class='ocr_par' dir='ltr' id='par_1_7' title="bbox 383 2316 1736 2357">
     <span class='ocr_line' id='line_1_35' title="bbox 383 2316 1736 2357; baseline 0.001 -11"><span class='ocrx_word' id='word_1_346' title='bbox 383 2316 445 2346; x_wconf 73' lang='lat' dir='ltr'>DE</span> <span class='ocrx_word' id='word_1_347' title='bbox 473 2316 623 2347; x_wconf 59' lang='lat' dir='ltr'>CAUSA</span> <span class='ocrx_word' id='word_1_348' title='bbox 651 2317 912 2355; x_wconf 62' lang='lat' dir='ltr'>YIRTUTUM,</span> <span class='ocrx_word' id='word_1_349' title='bbox 943 2318 991 2348; x_wconf 85' lang='lat' dir='ltr'>IN</span> <span class='ocrx_word' id='word_1_350' title='bbox 1019 2317 1247 2357; x_wconf 76' lang='lat' dir='ltr'>QUATUOR</span> <span class='ocrx_word' id='word_1_351' title='bbox 1275 2317 1536 2349; x_wconf 77' lang='lat' dir='ltr'>ARTICULOS</span> <span class='ocrx_word' id='word_1_352' title='bbox 1563 2317 1736 2348; x_wconf 78' lang='lat' dir='ltr'>DIVISA.</span> 
     </span>
    </p>
   </div>
   <div class='ocr_carea' id='block_1_5' title="bbox 351 2456 1284 2492">
    <p class='ocr_par' dir='ltr' id='par_1_8' title="bbox 351 2456 1284 2492">
     <span class='ocr_line' id='line_1_36' title="bbox 351 2456 1284 2492; baseline 0.003 -3"><span class='ocrx_word' id='word_1_353' title='bbox 351 2456 490 2490; x_wconf 86' lang='lat' dir='ltr'>Deinde</span> <span class='ocrx_word' id='word_1_354' title='bbox 510 2456 810 2491; x_wconf 79' lang='lat' dir='ltr'>considerandum</span> <span class='ocrx_word' id='word_1_355' title='bbox 834 2465 885 2491; x_wconf 87' lang='lat' dir='ltr'>est</span> <span class='ocrx_word' id='word_1_356' title='bbox 908 2457 950 2492; x_wconf 80' lang='lat' dir='ltr'>de</span> <span class='ocrx_word' id='word_1_357' title='bbox 974 2469 1081 2491; x_wconf 84' lang='lat' dir='ltr'>causa</span> <span class='ocrx_word' id='word_1_358' title='bbox 1102 2458 1284 2492; x_wconf 70' lang='lat' dir='ltr'>virtutum.</span> 
     </span>
    </p>
   </div>
   <div class='ocr_carea' id='block_1_6' title="bbox 743 2547 1374 2592">
    <p class='ocr_par' dir='ltr' id='par_1_9' title="bbox 743 2547 1374 2592">
     <span class='ocr_line' id='line_1_37' title="bbox 743 2547 1374 2592; baseline 0.003 -13"><span class='ocrx_word' id='word_1_359' title='bbox 743 2547 784 2580; x_wconf 81' lang='lat' dir='ltr'>Et</span> <span class='ocrx_word' id='word_1_360' title='bbox 803 2547 891 2580; x_wconf 68' lang='lat' dir='ltr'>circu</span> <span class='ocrx_word' id='word_1_361' title='bbox 914 2547 972 2580; x_wconf 68' lang='lat' dir='ltr'>hoc</span> <span class='ocrx_word' id='word_1_362' title='bbox 995 2552 1200 2592; x_wconf 68' lang='lat' dir='ltr'>quaeruntur</span> <span class='ocrx_word' id='word_1_363' title='bbox 1221 2552 1374 2592; x_wconf 78' lang='lat' dir='ltr'>quatuor.</span> 
     </span>
    </p>
   </div>
   <div class='ocr_carea' id='block_1_7' title="bbox 352 2615 1835 2770">
    <p class='ocr_par' dir='ltr' id='par_1_10' title="bbox 352 2615 1835 2770">
     <span class='ocr_line' id='line_1_38' title="bbox 352 2615 1217 2651; baseline 0.001 -2"><span class='ocrx_word' id='word_1_364' title='bbox 352 2615 485 2649; x_wconf 87' lang='lat' dir='ltr'>Primo.</span> <span class='ocrx_word' id='word_1_365' title='bbox 510 2616 639 2650; x_wconf 82' lang='lat' dir='ltr'>Utrum</span> <span class='ocrx_word' id='word_1_366' title='bbox 661 2617 771 2649; x_wconf 74' lang='lat' dir='ltr'>virtus</span> <span class='ocrx_word' id='word_1_367' title='bbox 794 2617 836 2650; x_wconf 84' lang='lat' dir='ltr'>sit</span> <span class='ocrx_word' id='word_1_368' title='bbox 860 2617 892 2649; x_wconf 85' lang='lat' dir='ltr'>in</span> <span class='ocrx_word' id='word_1_369' title='bbox 916 2617 1018 2649; x_wconf 79' lang='lat' dir='ltr'>nobis</span> <span class='ocrx_word' id='word_1_370' title='bbox 1041 2628 1058 2650; x_wconf 65' lang='grc' dir='ltr'>ςι</span> <span class='ocrx_word' id='word_1_371' title='bbox 1083 2625 1217 2651; x_wconf 83' lang='lat' dir='ltr'>natura.</span> 
     </span>
     <span class='ocr_line' id='line_1_39' title="bbox 353 2669 1835 2717; baseline 0.001 -15"><span class='ocrx_word' id='word_1_372' title='bbox 353 2670 532 2703; x_wconf 81' lang='lat' dir='ltr'>Secundo.</span> <span class='ocrx_word' id='word_1_373' title='bbox 559 2670 687 2703; x_wconf 83' lang='lat' dir='ltr'>Utrum</span> <span class='ocrx_word' id='word_1_374' title='bbox 712 2669 826 2714; x_wconf 75' lang='lat' dir='ltr'>aliqua</span> <span class='ocrx_word' id='word_1_375' title='bbox 852 2670 961 2703; x_wconf 61' lang='lat' dir='ltr'>virtus</span> <span class='ocrx_word' id='word_1_376' title='bbox 985 2679 1149 2704; x_wconf 69' lang='lat' dir='ltr'>causetur</span> <span class='ocrx_word' id='word_1_377' title='bbox 1172 2671 1204 2704; x_wconf 86' lang='lat' dir='ltr'>in</span> <span class='ocrx_word' id='word_1_378' title='bbox 1228 2670 1331 2704; x_wconf 87' lang='lat' dir='ltr'>nobis</span> <span class='ocrx_word' id='word_1_379' title='bbox 1355 2682 1395 2705; x_wconf 75' lang='lat' dir='ltr'>ex</span> <span class='ocrx_word' id='word_1_380' title='bbox 1418 2670 1646 2705; x_wconf 84' lang='lat' dir='ltr'>assuetudine</span> <span class='ocrx_word' id='word_1_381' title='bbox 1673 2680 1835 2717; x_wconf 86' lang='lat' dir='ltr'>operum.</span> 
     </span>
     <span class='ocr_line' id='line_1_40' title="bbox 354 2722 1764 2770; baseline 0.001 -15"><span class='ocrx_word' id='word_1_382' title='bbox 354 2722 489 2756; x_wconf 73' lang='lat' dir='ltr'>Tertio.</span> <span class='ocrx_word' id='word_1_383' title='bbox 515 2723 644 2757; x_wconf 82' lang='lat' dir='ltr'>Utrum</span> <span class='ocrx_word' id='word_1_384' title='bbox 668 2722 807 2768; x_wconf 69' lang='lat' dir='ltr'>aliquae</span> <span class='ocrx_word' id='word_1_385' title='bbox 831 2723 976 2756; x_wconf 72' lang='lat' dir='ltr'>virtutes</span> <span class='ocrx_word' id='word_1_386' title='bbox 1002 2724 1157 2757; x_wconf 74' lang='lat' dir='ltr'>morales</span> <span class='ocrx_word' id='word_1_387' title='bbox 1179 2725 1247 2758; x_wconf 86' lang='lat' dir='ltr'>sint</span> <span class='ocrx_word' id='word_1_388' title='bbox 1270 2724 1304 2757; x_wconf 89' lang='lat' dir='ltr'>in</span> <span class='ocrx_word' id='word_1_389' title='bbox 1327 2724 1430 2757; x_wconf 84' lang='lat' dir='ltr'>nobis</span> <span class='ocrx_word' id='word_1_390' title='bbox 1453 2736 1514 2770; x_wconf 85' lang='lat' dir='ltr'>per</span> <span class='ocrx_word' id='word_1_391' title='bbox 1535 2723 1764 2758; x_wconf 83' lang='lat' dir='ltr'>infusionem.</span> 
     </span>
    </p>
   </div>
   <div class='ocr_carea' id='block_1_8' title="bbox 283 2776 1837 2875">
    <p class='ocr_par' dir='ltr' id='par_1_11' title="bbox 283 2776 1837 2875">
     <span class='ocr_line' id='line_1_41' title="bbox 355 2776 1837 2824; baseline 0.002 -15"><span class='ocrx_word' id='word_1_392' title='bbox 355 2776 507 2816; x_wconf 76' lang='lat' dir='ltr'>Quarto.</span> <span class='ocrx_word' id='word_1_393' title='bbox 533 2776 660 2810; x_wconf 84' lang='lat' dir='ltr'>Utrum</span> <span class='ocrx_word' id='word_1_394' title='bbox 684 2777 806 2818; x_wconf 74' lang='lat' dir='ltr'>virtus,</span> <span class='ocrx_word' id='word_1_395' title='bbox 829 2788 935 2821; x_wconf 74' lang='lat' dir='ltr'>quam</span> <span class='ocrx_word' id='word_1_396' title='bbox 961 2777 1179 2822; x_wconf 73' lang='lat' dir='ltr'>acquirimus</span> <span class='ocrx_word' id='word_1_397' title='bbox 1202 2790 1242 2811; x_wconf 73' lang='lat' dir='ltr'>ex</span> <span class='ocrx_word' id='word_1_398' title='bbox 1266 2777 1493 2812; x_wconf 82' lang='lat' dir='ltr'>assuetudine</span> <span class='ocrx_word' id='word_1_399' title='bbox 1516 2788 1678 2824; x_wconf 86' lang='lat' dir='ltr'>operum,</span> <span class='ocrx_word' id='word_1_400' title='bbox 1694 2777 1736 2811; x_wconf 81' lang='lat' dir='ltr'>sit</span> <span class='ocrx_word' id='word_1_401' title='bbox 1751 2777 1837 2822; x_wconf 77' lang='lat' dir='ltr'>ejus-</span> 
     </span>
     <span class='ocr_line' id='line_1_42' title="bbox 283 2829 918 2875; baseline 0.002 -13"><span class='ocrx_word' id='word_1_402' title='bbox 283 2829 364 2862; x_wconf 82' lang='lat' dir='ltr'>dem</span> <span class='ocrx_word' id='word_1_403' title='bbox 389 2830 518 2875; x_wconf 79' lang='lat' dir='ltr'>speciei</span> <span class='ocrx_word' id='word_1_404' title='bbox 543 2841 624 2864; x_wconf 80' lang='lat' dir='ltr'>cum</span> <span class='ocrx_word' id='word_1_405' title='bbox 644 2830 771 2864; x_wconf 81' lang='lat' dir='ltr'>virtute</span> <span class='ocrx_word' id='word_1_406' title='bbox 794 2829 918 2863; x_wconf 69' lang='lat' dir='ltr'>infusa.</span> 
     </span>
    </p>
   </div>
  </div>
 </body>
</html>
