1907 3198
494 139 719 176 QUAESTIO
754 139 857 170 XLII.
892 138 1141 170 ARTICULUS
1174 139 1233 169 VI.
1575 141 1656 184 311

22 222 358 260 “circumstantias
388 221 628 265 diuturnita33
658 222 718 258 vel
740 223 851 258 etiam
885 222 1108 270 perpetuitas
1137 221 1256 269 magis
1287 221 1430 256 videtur
1458 221 1580 257 facere
1617 223 1662 257 ad

67 285 308 326 augmentum
335 276 444 311 mali:
474 288 517 311 ea
549 277 660 319 enim,
692 289 784 324 quae
807 285 891 312 sunt
918 277 955 311 in
985 284 1165 323 ternpore,
1198 277 1402 311 secundum
1430 276 1663 311 durationem

65 333 242 380 temporis
264 331 543 378 quodammodo
567 340 840 366 mensurantur:
865 332 971 374 unde,
995 333 1025 366 si
1047 331 1122 378 pati
1144 330 1281 378 aliquid
1303 331 1340 365 in
1362 339 1530 378 tempore
1557 340 1660 367 tanto

67 395 121 424 est
141 385 292 432 malum,
314 386 389 433 pati
406 385 505 420 idem
527 386 564 420 in
587 385 698 433 duplo
721 394 889 434 tempore
912 386 1198 433 apprehenditur
1220 394 1258 420 ut
1280 385 1472 432 duplatum
1488 386 1662 433 (duplica-

67 442 172 485 tum).·
196 449 232 476 et
260 441 465 476 secundum
491 441 587 475 hanc
611 442 795 476 rationem
817 442 891 489 pati
921 441 1020 476 idern
1042 441 1080 475 in
1102 440 1245 475 infinito
1272 448 1452 487 ternpore,
1481 441 1579 488 quod
1608 449 1663 477 est

65 503 240 545 perpetuo
262 495 348 542 pati,
370 495 482 529 habet
502 496 782 542 quodammodo
805 495 990 530 infinitum
1009 503 1262 541 augmentum.
1286 494 1384 529 Mala
1408 503 1543 538 autem,
1567 507 1662 542 quae

64 558 260 600 postquam
282 549 506 592 advenerint,
525 561 601 584 non
623 558 776 596 possunt
797 551 932 585 habere
952 550 1169 592 remedium,
1192 548 1252 584 vel
1273 561 1348 584 non
1372 549 1416 584 de
1438 549 1549 593 facili,
1567 550 1662 585 acci-

65 606 212 654 piuntur
232 611 271 639 ut
291 612 478 651 perpetua,
500 603 560 638 vel
582 604 763 639 diuturna.
788 605 832 640 Et
852 605 936 640 ideo
959 604 1119 639 maxime
1142 603 1341 638 redduntur
1362 604 1537 639 timenda.

136 659 197 694 AD
219 669 372 694 PRIMUM
393 669 482 705 ergo
505 658 714 701 dicendum,
739 659 836 706 quod
858 659 1065 694 remedium
1093 657 1182 693 mali
1205 666 1258 693 est
1279 658 1409 705 duplex.
1439 659 1565 702 Unum,
1595 670 1660 706 per

66 712 164 761 quod
185 712 384 760 impeditur
403 712 567 747 futurum
582 712 735 756 malum,
756 725 801 748 ne
818 713 999 756 adveniat,
1015 721 1050 748 et
1064 713 1128 748 tali
1143 712 1308 747 remedio
1327 712 1484 756 sublato,
1501 712 1661 748 aufertur

64 779 159 816 spes,
175 775 210 802 et
227 778 291 815 per
305 778 535 814 consequens
549 767 681 804 timor:
698 768 793 802 unde
811 768 854 802 de
869 767 933 803 tali
948 767 1112 802 remedio
1128 779 1224 802 nunc
1244 779 1319 802 non
1338 767 1536 814 loquimur.
1553 768 1660 803 Aliud

64 821 268 857 remedium
287 821 376 856 mali
398 830 462 864 est,
486 833 559 869 quo
581 821 724 856 malum
745 823 819 868 jam
841 833 1014 870 praesens
1036 830 1260 865 removetur,
1283 829 1318 857 et
1340 821 1384 856 de
1406 821 1471 856 tali
1493 822 1659 857 remedio

65 887 161 912 nunc
183 875 381 923 loquimur.

136 931 198 966 AD
218 941 429 966 SECUNDUM
444 930 654 974 dicendum,
670 931 768 977 quod
791 930 877 966 licet
892 942 992 966 mors
1012 931 1057 966 sit
1068 930 1337 966 irremediabile
1353 930 1511 965 malum:
1535 939 1660 966 tamen

65 985 151 1034 quia
171 997 248 1021 non
265 985 436 1020 imminet
450 986 492 1020 de
515 997 642 1033 prope,
664 997 739 1020 non
761 986 921 1029 timetur,
939 994 976 1020 ut
990 998 1098 1033 supra
1121 986 1259 1020 dictum
1283 993 1336 1020 est
1356 986 1438 1031 (art.
1455 997 1486 1021 2.
1503 985 1574 1032 huj.
1598 986 1658 1032 q).

137 1040 198 1076 AD
221 1051 396 1076 TERTIUM
426 1040 636 1083 dicendum,
658 1040 756 1087 quod
779 1040 918 1075 Philos.
942 1041 989 1075 ibi
1016 1040 1179 1087 loquitur
1201 1040 1244 1074 de
1272 1051 1335 1087 per
1362 1051 1399 1074 se
1421 1040 1533 1083 bono,
1561 1039 1660 1086 quod

65 1102 119 1130 est
138 1095 278 1130 bonum
301 1095 504 1130 secundum
523 1095 684 1142 speciem
704 1107 828 1130 suam:
844 1095 895 1130 sic
912 1103 1035 1130 autem
1057 1107 1132 1129 non
1155 1095 1194 1129 fit
1209 1094 1344 1141 aliquid
1364 1095 1483 1141 magis
1506 1095 1660 1137 bonum,

64 1158 213 1198 propter
233 1150 520 1193 diuturnitatem,
542 1149 602 1185 vel
623 1150 917 1197 perpetuitatem,
940 1150 1003 1185 sed
1025 1158 1173 1197 propter
1194 1157 1364 1184 naturam
1391 1149 1503 1196 ipsius
1526 1149 1624 1184 boni.

574 1439 938 1502 QUAESTIO
980 1439 1158 1488 XLIII.

245 1567 311 1599 DE
337 1566 492 1599 CAUSA
516 1565 728 1605 TIMORIS,
758 1566 810 1597 IN
836 1565 964 1598 DUOS
990 1565 1258 1599 ARTICULOS
1285 1567 1464 1598 DIVISA.

135 1692 280 1728 Deinde
302 1691 612 1728 considerandum
634 1699 688 1727 est
709 1691 753 1726 de
776 1702 887 1727 causa
907 1691 1062 1727 timoris.

578 1784 624 1820 Et
645 1785 737 1819 circa
758 1784 817 1819 hoc
839 1788 1050 1830 quaeruntur
1071 1783 1148 1819 duo.

137 1855 276 1891 Primo.
298 1855 434 1892 Utrum
455 1867 566 1891 causa
587 1856 731 1891 timoris
754 1858 799 1891 sit
821 1867 937 1891 amor.

138 1910 323 1946 Secundo.
346 1910 480 1946 Utrum
504 1922 614 1946 causa
634 1910 778 1946 timoris
797 1911 844 1946 sit
865 1910 1038 1946 defectus.

655 2054 1007 2100 ARTICULUS
1037 2055 1070 2098 I.
1589 2079 1653 2113 241

457 2164 614 2195 UTRUM
642 2164 786 2195 CAUSA
813 2164 994 2195 TIMORIS
1019 2165 1088 2195 SIT
1115 2165 1252 2196 AMOR.

283 2252 388 2301 (Infr.
410 2259 474 2289 art.
495 2265 527 2290 2.
546 2260 638 2302 corp.
661 2259 692 2289 et
712 2265 778 2290 2-2.
801 2266 831 2300 q.
854 2266 905 2301 19.
929 2259 994 2289 art.
1018 2266 1050 2301 9.
1073 2254 1116 2290 ad
1131 2267 1158 2301 3.
1181 2259 1210 2290 et
1230 2255 1320 2290 Psal.
1339 2256 1425 2301 28).

139 2343 200 2379 AD
222 2354 374 2379 PRIMUM
395 2343 447 2379 sic
473 2344 692 2392 proceditur.
724 2343 890 2387 Videtur,
924 2344 1023 2391 quod
1047 2341 1254 2380 amor'non
1277 2345 1322 2380 sit
1353 2357 1462 2380 causa
1492 2346 1655 2381 timoris:

66 2395 156 2433 illud
176 2398 287 2441 enim,
309 2398 408 2446 quod
429 2398 628 2434 introducit
651 2398 800 2445 aliquid,
822 2406 876 2433 est
904 2409 1014 2434 causa
1035 2399 1129 2445 ejus:
1153 2400 1216 2434 sed
1239 2401 1340 2434 timor
1363 2400 1547 2436 introducit
1565 2413 1658 2436 amo-

67 2464 138 2488 rem
157 2452 343 2496 charitatis,
366 2460 405 2487 ut
425 2452 582 2500 August.
605 2452 692 2488 dicit
713 2464 822 2500 super
849 2452 1082 2488 Canonicam
1104 2454 1209 2500 Joan.
1238 2454 1352 2500 (tract.
1377 2467 1409 2501 9.
1433 2460 1508 2490 anta
1530 2455 1654 2502 νικῶ),-

68 2516 156 2554 ergo
175 2506 289 2542 timor
310 2514 364 2541 est
389 2518 499 2542 causa
522 2507 670 2550 amoris,
697 2514 732 2541 et
752 2518 828 2541 non
855 2518 874 2542 e
897 2519 1088 2542 converso.

127 2570 172 2610 ¹2.
186 2560 426 2597 PRAETEREA.
446 2560 586 2595 Philos.
606 2561 693 2596 dicit
706 2561 742 2595 in
759 2561 952 2596 2.Rhetor.
967 2562 1055 2610 (cap.
1067 2575 1096 2609 5.
1113 2567 1188 2598 ante
1200 2562 1298 2609 med.)
1316 2562 1413 2609 quod
1430 2562 1481 2597 illi
1496 2564 1656 2598 maxime

66 2613 252 2659 timentur,
271 2626 292 2650 a
312 2615 442 2663 quibus
463 2623 699 2662 expectamus
714 2615 907 2651 imminere
928 2616 1034 2651 nobis
1054 2616 1175 2663 aliqua
1198 2616 1317 2651 mala:
1335 2617 1397 2652 sed
1417 2626 1564 2664 propter
1583 2618 1655 2652 hoc

68 2668 166 2717 quod
185 2669 227 2704 ab
250 2668 373 2717 aliquo
393 2677 627 2716 expectamus
650 2669 802 2713 malum,
817 2671 935 2717 magis
954 2682 1202 2718 provocamur
1225 2671 1269 2705 ad
1289 2671 1417 2706 odium
1441 2672 1529 2718 ejus,
1545 2683 1656 2719 quarn

70 2722 115 2758 ad
132 2735 316 2767 amorem;
339 2735 427 2771 ergo
454 2723 566 2758 timor
588 2724 707 2771 magis
726 2733 896 2760 causatur
918 2725 961 2760 ab
990 2725 1088 2768 odio,
1104 2737 1216 2773 quam
1239 2726 1281 2760 ab
1311 2737 1448 2760 amore.

144 2789 174 2825 3.
195 2777 435 2814 PRAETEREA.
451 2777 731 2825 Supradictum
750 2787 804 2814 est
826 2779 872 2826 (q.
892 2791 948 2825 42.
968 2785 1032 2814 art.
1049 2780 1096 2827 3.)
1116 2780 1214 2827 quod
1230 2791 1283 2823 ea,
1306 2792 1399 2827 quae
1415 2788 1498 2815 sunt
1517 2792 1536 2815 a
1550 2781 1656 2816 nobis

68 2829 167 2879 ipsis,
191 2843 267 2867 non
287 2832 424 2867 habent
444 2832 627 2867 rationem
648 2832 882 2868 terribilium:
899 2833 962 2869 sed
985 2845 1039 2876 ea,
1058 2845 1151 2881 quac
1167 2842 1250 2869 sunt
1272 2845 1314 2869 ex
1337 2845 1476 2877 amore,
1496 2835 1656 2870 maxime

70 2885 288 2933 proveniunt
308 2897 351 2921 ex
373 2885 504 2921 intimo
527 2886 665 2930 cordis;
687 2897 776 2934 ergo
795 2887 906 2922 timor
927 2899 970 2923 ex
993 2899 1120 2924 amore
1142 2899 1217 2924 non
1241 2896 1422 2924 causatur.
