1875 3198
233 186 317 238 630
598 195 816 231 QUAESTIO
849 195 1057 224 LXXXVIII.
1086 195 1330 225 ARTICULUS
1363 195 1408 224 ΙΙ.

231 277 267 310 in
289 284 407 322 parte3
430 278 466 311 in
488 284 587 323 parte
610 277 768 322 quidem,
791 277 882 310 sicut
905 288 989 310 cum
1011 276 1120 310 habet
1141 276 1177 310 in
1200 287 1237 310 se
1260 275 1394 322 aliquid
1417 275 1623 310 diminuens
1639 275 1802 322 culpam3

231 338 269 365 ut
290 342 374 364 cum
396 330 434 364 fit
455 342 497 364 ex
518 330 737 371 infirmitate,
760 329 817 363 vel
843 330 1066 375 ignorantia:
1088 336 1122 363 et
1143 330 1214 364 hoc
1238 329 1367 363 dicitur
1388 328 1529 364 veniale
1552 341 1594 364 ex
1617 341 1744 364 causa:
1766 330 1803 364 in

229 391 308 418 toto
331 393 453 418 autem
476 395 517 417 ex
540 395 583 417 eo
606 383 703 428 quod
725 394 798 416 non
813 382 908 416 tollit
930 383 1097 416 ordinem
1119 383 1162 416 ad
1185 382 1356 417 ultimum
1378 383 1505 424 finem3
1528 383 1622 417 unde
1637 394 1713 417 non
1731 395 1806 418 me-

230 445 327 471 retur
348 448 506 483 poenam
528 444 723 477 aeternam,
746 436 807 470 sed
834 435 1096 481 temporalem:
1120 444 1155 470 et
1177 436 1219 470 de
1241 436 1313 470 hoc
1336 436 1470 470 veniali
1492 436 1536 470 ad
1559 448 1730 481 praesens
1752 437 1806 470 in-

227 491 426 525 tendimus:
451 490 493 524 de
516 490 640 536 primis
663 489 760 523 enim
782 489 921 523 duobus
950 497 1102 531 constat,
1135 489 1232 535 quod
1254 500 1329 523 non
1354 489 1490 524 habent
1513 501 1628 535 genus
1653 489 1802 536 aliquod

231 543 521 578 determinatum.

302 597 374 631 Sed
384 596 526 631 veniale
540 596 646 630 tertio
659 596 770 630 modo
786 596 923 630 dictum
934 603 1051 643 potest
1065 596 1197 630 habere
1210 608 1323 641 genus
1335 597 1633 639 determinatum,
1648 597 1696 632 ita
1707 599 1804 644 quod

231 650 377 696 aliquod
399 659 590 696 peccatum
613 650 749 683 dicatur
770 649 913 684 veniale
936 662 977 684 ex
1001 661 1144 695 genere,
1172 658 1206 684 et
1233 649 1379 696 aliquod
1406 650 1561 684 mortale
1589 662 1631 684 ex
1658 662 1801 697 genere,

231 704 432 738 secundum
451 704 547 749 quod
570 714 695 749 genus,
714 702 772 737 vel
790 703 928 749 species
947 711 1047 737 actus
1071 703 1331 737 determinatur
1353 714 1395 737 ex
1417 704 1578 749 objecto:
1601 715 1686 738 cum
1705 704 1802 738 enim

230 757 398 792 voluntas
419 756 529 791 fertur
550 757 587 790 in
614 756 760 802 aliquid,
790 756 886 802 quod
909 757 1109 791 secundum
1136 767 1174 790 se
1204 764 1380 802 repugnat
1403 757 1579 799 charitati,
1608 769 1671 804 per
1693 769 1803 804 quam

230 812 344 845 homo
369 811 553 844 ordinatur
575 810 610 843 in
633 809 803 844 ultimum
822 810 944 852 finem,
960 809 1047 844 illud
1062 818 1254 856 peccatum
1276 821 1317 844 ex
1332 821 1398 844 suo
1422 811 1566 856 objecto
1582 811 1691 845 habet
1706 811 1803 857 quod

227 865 272 898 sit
288 864 452 906 mortale,
467 863 561 898 unde
577 871 629 897 est
643 863 796 897 mortale
816 875 857 897 ex
875 875 1025 908 genere3
1048 865 1122 897 sive
1145 863 1188 897 sit
1204 871 1330 897 contra
1353 863 1588 898 dilectionem
1610 864 1691 906 Dei,
1707 864 1802 898 sicut

230 917 466 964 blasphemia,
489 917 697 963 perjurium,
721 925 755 951 et
772 917 994 962 hujusmodi,
1016 917 1090 951 sive
1114 925 1239 951 contra
1265 916 1499 951 dilectionem
1520 918 1689 963 proximi,
1712 918 1804 952 sicut

229 972 483 1013 homicidium,
508 970 735 1012 adulterium,
763 979 797 1005 et
819 970 970 1005 similia:
994 970 1088 1004 unde
1110 971 1322 1015 hujusmodi
1348 978 1430 1004 sunt
1455 978 1605 1017 peccata
1632 970 1801 1005 mortalia

231 1039 273 1061 ex
288 1038 352 1061 suo
372 1038 514 1072 genere.
533 1025 764 1071 Quandoque
779 1036 865 1059 vero
885 1025 1054 1059 voluntas
1069 1025 1251 1070 peccantis
1269 1023 1380 1058 fertur
1395 1026 1430 1058 in
1443 1025 1489 1066 id,
1505 1024 1602 1071 quod
1616 1025 1653 1058 in
1667 1036 1706 1059 se
1721 1036 1805 1059 con-

229 1081 319 1115 tinet
346 1080 543 1126 quamdam
578 1079 896 1120 inordinationem,
923 1089 998 1112 non
1025 1086 1148 1112 tamen
1176 1078 1416 1112 contrariatur
1444 1077 1631 1112 dilectioni
1655 1078 1736 1120 Dei,
1771 1086 1806 1112 et

229 1134 404 1180 proximi,
427 1133 519 1167 sicut
541 1133 691 1166 verbum
714 1132 886 1174 otiosum,
909 1133 999 1166 risus
1021 1131 1234 1178 superfluus,
1258 1139 1291 1165 et
1313 1131 1383 1165 alia
1409 1131 1639 1176 hujusmodi:
1663 1139 1698 1166 et
1718 1131 1804 1166 talia

230 1196 312 1222 sunt
330 1194 478 1234 peccata
499 1186 654 1220 venialia
682 1198 723 1220 ex
743 1197 808 1219 suo
832 1197 974 1231 genere,
999 1193 1037 1219 ut
1059 1197 1165 1230 supra
1185 1185 1322 1219 dictum
1345 1193 1398 1219 est
1418 1185 1462 1230 (q.
1491 1185 1544 1231 87.
1572 1190 1638 1220 art.
1650 1186 1708 1231 5).
1730 1185 1803 1219 Sed

231 1242 314 1288 quia
334 1249 433 1275 actus
457 1240 614 1274 morales
636 1239 813 1284 recipiunt
840 1239 1018 1273 rationem
1039 1238 1137 1280 boni,
1166 1246 1201 1272 et
1227 1238 1315 1272 mali
1340 1249 1415 1272 non
1439 1238 1560 1272 solum
1582 1249 1624 1272 ex
1647 1239 1805 1284 objecto,

230 1295 292 1329 sed
315 1295 424 1329 etiam
447 1306 488 1328 ex
511 1293 630 1339 aliqua
654 1292 889 1338 dispositione
913 1292 1064 1338 agentis,
1087 1300 1125 1326 ut
1146 1303 1254 1338 supra
1276 1292 1441 1326 habitum
1464 1300 1518 1326 est
1535 1292 1583 1337 (q.
1607 1303 1659 1338 77.
1682 1297 1745 1326 art.
1770 1292 1802 1326 6.

230 1354 258 1383 et
280 1361 309 1394 q.
330 1349 382 1394 78.
406 1353 470 1382 art.
494 1349 559 1392 4.),
584 1346 762 1391 contingit
781 1346 998 1391 quandoque
1014 1345 1110 1391 quod
1134 1345 1168 1379 id
1192 1345 1288 1391 quod
1312 1352 1364 1379 est
1385 1353 1577 1391 peccatum
1599 1344 1741 1379 veniale
1764 1356 1805 1379 ex

231 1413 374 1448 genere,
397 1401 536 1435 ratione
558 1401 612 1434 sui
635 1400 778 1445 objecti,
801 1400 844 1433 sit
867 1398 1020 1433 mortale
1043 1410 1084 1432 ex
1106 1406 1206 1445 parte
1229 1399 1388 1444 agentis;
1410 1398 1469 1432 vel
1491 1398 1574 1444 quia
1593 1399 1630 1432 in
1656 1410 1700 1433 eo
1723 1410 1805 1433 con-

231 1456 344 1490 stituit
365 1455 475 1489 finem
490 1454 678 1495 ultimum;
700 1452 758 1487 vel
780 1453 863 1499 quia
884 1453 1026 1486 ordinat
1047 1452 1166 1498 ipsum
1187 1452 1229 1486 ad
1253 1451 1399 1498 aliquid,
1422 1452 1518 1498 quod
1543 1460 1596 1486 est
1614 1460 1805 1498 peccatum

231 1508 387 1543 mortale
410 1520 451 1542 ex
467 1519 616 1554 genere:
640 1515 724 1553 puta
747 1518 831 1540 cum
854 1506 981 1552 aliquis
1005 1506 1146 1540 ordinat
1161 1506 1311 1539 verbum
1336 1505 1496 1539 otiosum
1519 1505 1563 1539 ad
1587 1505 1805 1540 adulterium

232 1562 548 1597 committendum.
566 1560 741 1595 Similiter
764 1560 873 1594 etiam
896 1571 938 1594 ex
961 1568 1060 1605 parte
1081 1559 1219 1605 agentis
1235 1559 1423 1604 contingit,
1443 1559 1541 1604 quod
1561 1558 1707 1605 aliquod
1726 1570 1807 1605 pec-

231 1625 365 1658 catum,
388 1616 484 1662 quod
508 1628 549 1649 ex
571 1626 636 1648 suo
657 1625 789 1660 genere
809 1621 862 1648 est
881 1613 1046 1655 mortale,
1068 1613 1107 1647 fit
1120 1612 1274 1655 veniale,
1295 1621 1440 1659 propter
1462 1613 1533 1647 hoc
1556 1613 1694 1648 scilicet
1708 1613 1805 1659 quod

233 1678 333 1705 actus
356 1678 409 1703 est
430 1668 674 1714 imperfectus,
696 1668 788 1701 idest
809 1678 883 1701 non
906 1667 1122 1701 deliberatus
1144 1667 1294 1708 ratione,
1318 1678 1409 1712 quae
1425 1675 1478 1700 est
1492 1667 1710 1713 principium
1729 1678 1808 1712 pro·

234 1725 351 1770 prium
372 1722 458 1756 mali
481 1730 593 1764 actus,
616 1722 708 1756 sicut
730 1732 836 1767 supra
858 1720 996 1754 dictum
1024 1728 1076 1754 est
1100 1720 1144 1766 (q.
1173 1731 1226 1766 74.
1249 1725 1314 1755 art.
1336 1721 1403 1765 ιο.)
1427 1719 1471 1754 de
1493 1720 1618 1754 subitis
1645 1721 1804 1755 motibus

236 1777 466 1811 infidelitatis.

304 1831 364 1865 AD
383 1841 533 1865 PRIMUM
549 1840 637 1875 ergo
660 1828 867 1869 dicendum,
890 1827 986 1873 quod
1010 1839 1051 1862 ex
1066 1827 1137 1862 hoc
1153 1828 1231 1873 ipso
1247 1827 1343 1873 quod
1367 1826 1495 1873 aliquis
1517 1827 1618 1873 eligit
1638 1827 1685 1869 id,
1708 1827 1805 1874 quod

230 1892 409 1931 repugnat
435 1883 577 1917 divinae
613 1883 789 1924 charitati,
818 1881 1046 1915 convincitur
1071 1881 1251 1926 praeferre
1278 1880 1366 1914 illud
1395 1880 1562 1915 charitati
1595 1881 1748 1923 divinae,
1772 1889 1806 1915 et

234 1950 297 1985 per
319 1948 545 1983 consequens
568 1936 647 1982 plus
675 1947 797 1969 amare
819 1935 949 1981 ipsum,
972 1946 1081 1980 quam
1104 1935 1242 1976 Deum;
1274 1943 1309 1968 et
1331 1934 1412 1967 ideo
1436 1933 1555 1980 aliqua
1588 1942 1738 1979 peccata
1765 1946 1806 1968 ex

235 2003 379 2037 genere,
403 2002 493 2037 quae
518 1990 578 2035 [al.
601 1990 700 2036 quod]
725 1989 768 2023 de
791 2000 828 2023 se
854 1996 1058 2034 repugnant
1093 1988 1271 2030 charitati,
1294 1988 1428 2021 habent
1458 1987 1555 2033 quod
1577 1987 1710 2034 aliquid
1733 1988 1809 2022 dili-

234 2054 339 2091 gatur
360 2056 467 2090 supra
490 2045 631 2078 Deum:
655 2051 689 2077 et
711 2043 761 2077 sic
784 2050 866 2076 sunt
888 2053 930 2075 ex
953 2053 1085 2087 genere
1107 2053 1173 2076 suo
1196 2041 1375 2076 mortalia.

304 2099 363 2133 An
399 2108 606 2132 SECUNDUM
641 2096 847 2137 dicendum,
882 2095 979 2142 quod
1013 2097 1104 2129 ratio
1132 2095 1193 2129 illa
1220 2095 1383 2141 procedit
1412 2094 1455 2128 de
1487 2101 1638 2140 peccato
1665 2094 1806 2129 veniale

232 2164 274 2187 ex
301 2163 419 2186 causa.

308 2206 368 2240 AD
384 2215 555 2239 TERTIUM
571 2203 776 2245 dicendum,
793 2203 889 2249 quod
900 2203 991 2237 ratio
1007 2202 1067 2236 illa
1083 2202 1246 2249 procedit
1261 2202 1303 2236 de
1317 2210 1481 2248 peccato,
1493 2202 1589 2248 quod
1601 2210 1653 2236 est
1667 2202 1806 2237 veniale

233 2267 381 2305 propter
403 2257 720 2304 imperfectionem
740 2265 850 2290 actus.

804 2398 1152 2442 ARTICULUS
1182 2398 1260 2441 ΙΙΙ.
1739 2418 1808 2454 470

357 2508 509 2538 UTRUM
538 2507 778 2538 PECCATUM
798 2506 986 2537 VENIALE
1014 2506 1080 2536 εῖτ
1109 2506 1360 2536 DISPOSITIO
1381 2506 1440 2535 AD
1463 2505 1685 2535 MORTALE.

512 2596 599 2640 (2-2.
623 2607 652 2640 q.
676 2606 728 2639 24.
754 2600 816 2628 art.
839 2606 887 2629 ιο.
912 2601 1004 2640 corp.
1019 2595 1082 2639 fin.
1105 2599 1134 2628 ct
1156 2606 1186 2639 q.
1208 2594 1283 2629 186.
1299 2598 1363 2628 art.
1386 2605 1418 2639 9.
1441 2599 1529 2640 corp.

234 2656 263 2685 et
279 2663 304 2684 l.
317 2650 462 2684 Dist16.
479 2661 507 2694 q.
523 2661 553 2684 2.
569 2654 631 2683 art.
644 2660 671 2694 5.
688 2649 847 2694 sot·p.si11.
859 2653 887 2682 ct
899 2659 928 2682 2.
945 2648 1033 2682 Dist.
1050 2659 1186 2693 4241.
1203 2652 1266 2682 art.
1279 2659 1305 2693 3.
1320 2652 1348 2681 ct
1365 2647 1496 2692 l'er1'.q.
1513 2651 1642 2690 24.‹1rt.
1655 2646 1688 2681 6.
1699 2645 1742 2680 ad
1754 2645 1806 2680 16.

379 2708 407 2738 ut
430 2703 514 2737 Mal.
541 2715 570 2748 q.
593 2714 622 2748 7.
646 2707 710 2736 art.
734 2714 760 2736 I.
780 2701 822 2735 nil
844 2713 873 2747 7.
896 2706 925 2735 ct
947 2707 1010 2735 ιιιἸ.
1028 2713 1054 2746 3.
1076 2708 1164 2747 (orsu
1192 2706 1222 2735 ct
1243 2700 1285 2735 ‹zd
1303 2713 1330 2735 ι.
1353 2705 1382 2735 ct
1400 2711 1427 2746 3.
1450 2704 1514 2734 art.
1530 2701 1562 2734 6.
1586 2699 1628 2733 ad
1643 2711 1672 2745 5.

539 2771 541 2773 ·
809 2760 837 2789 cl
859 2766 888 2800 ‹J-
909 2766 958 2798 14.
987 2759 1050 2788 αιἸ.
1071 2766 1100 2789 2.
1124 2754 1244 2800 corp).

311 2846 370 2879 Ao
400 2855 571 2880 'rssR'rmM
594 2844 643 2879 sic
671 2843 888 2890 proceditur.
911 2842 1072 2884 Videtur,
1095 2842 1191 2888 quod
1216 2850 1406 2888 peccatum
1427 2841 1570 2876 veniale
1591 2851 1665 2875 non
1687 2840 1732 2874 sit
1759 2839 1807 2874 di-

239 2899 392 2946 spositio
412 2899 456 2934 ad
480 2897 654 2933 mortale:
679 2908 790 2932 unum
813 2897 910 2931 enim
933 2896 1140 2943 oppositum
1163 2907 1236 2931 non
1258 2895 1417 2942 disponit
1439 2895 1483 2930 ad
1505 2894 1621 2929 aliud:
1644 2893 1705 2929 scd
1728 2903 1807 2940 pec·
