1907 3198
8 457 22 506 ‚⁹

6 515 27 632 Ξ

8 647 26 714 ,ἰ

5 722 23 760 ἰ(

497 156 721 192 QUAESTIO
755 156 872 186 XLVI.
907 156 1157 187 ARTICULUS
1191 157 1219 186 Ι.
1557 159 1638 202 323

556 400 919 462 QUAESTIO
962 401 1145 449 XLVI.

205 526 269 558 DE
297 525 379 556 IRA
405 526 669 558 SECUNDUM
698 526 766 565 SE,
798 526 850 557 IN
878 525 1002 558 OCTO
1030 526 1297 559 ARTICULOS
1325 527 1502 559 DIVISA.

131 667 275 703 Deinde
303 667 611 703 considerandum
639 677 693 703 cst
714 668 757 704 de
780 670 844 711 ira,
866 676 901 704 et
918 670 1030 715 primo
1053 668 1096 703 de
1119 668 1172 703 ira
1194 669 1397 704 secundum
1424 682 1479 705 se:
1501 670 1642 706 secundo

59 721 104 758 de
126 733 237 758 causa
257 721 391 757 factiva
412 722 500 765 irae,
520 731 555 757 et
577 722 741 757 remedio
765 724 859 770 ejus:
884 725 979 759 tertio
1002 723 1045 758 de
1068 722 1198 758 effectu
1222 724 1309 770 ejus.

549 813 653 848 Circa
669 814 823 860 primum
845 819 1058 860 quaeruntur
1078 818 1160 849 octo.

130 883 269 919 Primo.
293 884 426 920 Utrum
449 884 501 919 ira
523 885 568 920 sit
588 885 710 932 passio
733 885 913 932 specialis.

130 938 314 974 Secundo.
337 939 471 974 Utrum
494 939 680 986 objectum
702 940 776 974 irae
799 941 844 975 sit
864 940 1016 983 bonurn,
1039 952 1084 975 an
1107 940 1260 976 malum.

131 991 273 1032 Tertio.
296 993 430 1028 Utrum
452 994 505 1028 ira
531 993 576 1028 sit
598 995 633 1029 in
657 994 944 1041 concupiscibili.

131 1047 287 1090 Quarto.
311 1047 445 1084 Utrum
466 1048 518 1082 ira
541 1048 586 1083 sit
608 1060 693 1083 cum
716 1049 868 1083 ratione.

132 1101 285 1144 Quinto.
305 1102 440 1137 Utrum
461 1102 514 1137 ira
536 1102 581 1138 sit
602 1102 814 1146 naturalior,
837 1115 948 1150 quam
971 1103 1280 1151 concupiscentia.

129 1155 253 1191 Sexto.
277 1156 411 1192 Utrum
432 1156 485 1191 ira
507 1156 552 1191 sit
573 1157 731 1203 gravior,
754 1168 865 1204 quarn
888 1157 1026 1192 odium.

130 1210 309 1258 Septimo.
333 1211 468 1246 Utrum
490 1211 543 1245 ira
565 1210 687 1246 solum
709 1211 754 1246 sit
777 1211 820 1245 ad
842 1210 938 1254 illos,
961 1212 1006 1247 ad
1029 1223 1120 1259 quos
1143 1221 1198 1248 est
1217 1213 1364 1260 justitia.

131 1264 289 1301 Octavo.
307 1265 364 1301 De
386 1265 575 1313 speciebus
596 1265 682 1300 irae.

635 1408 987 1455 ARTICULUS
1017 1410 1051 1455 I.
1573 1435 1638 1470 251

452 1518 608 1550 UTRUM
634 1519 708 1550 IRA
735 1519 804 1550 SIT
831 1519 1053 1550 SPECIALIS
1080 1520 1248 1551 PASSIO·

280 1606 367 1653 (2-2.
388 1619 420 1655 q.
441 1608 509 1655 158.
531 1613 598 1644 art.
620 1608 653 1644 8.
675 1614 768 1656 corp.
789 1613 821 1645 et
835 1620 865 1656 3.
887 1609 977 1644 Dist.
995 1621 1024 1656 5.
1044 1620 1074 1656 q.
1097 1620 1129 1644 2.
1152 1614 1217 1644 art.
1239 1620 1270 1645 2.
1294 1610 1414 1657 corp).

126 1697 188 1734 AD
209 1708 362 1734 PRIMUM
382 1697 434 1733 sic
455 1698 676 1746 proceditur.
698 1697 864 1742 Videtur,
886 1698 984 1746 quod
1006 1699 1059 1733 ira
1080 1710 1155 1734 non
1178 1699 1223 1734 sit
1243 1699 1365 1746 passio
1388 1699 1575 1747 specialis;
1599 1701 1642 1735 ab

54 1751 108 1788 ira
130 1754 228 1788 enim
250 1752 510 1788 denominatur
535 1753 699 1800 potentia
726 1753 935 1788 irascibilis:
958 1753 1020 1788 sed
1046 1753 1155 1800 hujus
1181 1754 1367 1801 potentiae
1393 1765 1468 1789 non
1496 1763 1550 1790 est
1570 1767 1644 1790 una

20 1820 26 1823 Α
55 1815 198 1843 tantum
219 1807 354 1855 passio,
376 1807 440 1843 sed
462 1807 618 1851 multae3
641 1819 730 1855 ergo
752 1808 805 1842 ira
827 1819 902 1843 non
925 1816 979 1843 est
1001 1808 1122 1855 passio
1145 1807 1325 1855 specialis.

128 1873 160 1898 2.
180 1861 421 1898 PRAETEREA.
445 1861 606 1898 Cuilibet
627 1863 789 1910 passioni
817 1862 967 1909 speciali
985 1871 1038 1898 est
1066 1862 1201 1910 aliquid
1225 1863 1463 1906 contrarium,
1486 1871 1524 1898 ut
1545 1872 1645 1911 patet

55 1916 241 1952 inducenti
267 1928 331 1964 per
352 1915 512 1963 singula:
535 1916 598 1952 sed
620 1916 695 1951 irae
717 1928 792 1951 non
816 1925 869 1951 est
896 1916 1016 1964 aliqua
1038 1917 1160 1964 passio
1184 1917 1378 1960 contraria,
1402 1926 1439 1953 ut
1460 1929 1569 1966 supra
1596 1918 1645 1953 di-

56 1979 156 2007 ctum
178 1979 232 2006 est
254 1971 300 2018 (q.
322 1983 371 2018 23.
393 1976 460 2007 art.
480 1971 549 2018 3.),·
572 1982 660 2018 ergo
684 1971 736 2005 ira
758 1982 833 2006 non
857 1979 910 2006 est
931 1971 1052 2018 passio
1076 1971 1256 2018 specialis.

130 2037 159 2074 3.
181 2025 421 2062 PRAETEREA.
444 2025 530 2061 Una
550 2024 719 2073 specialis
741 2025 862 2073 passio
885 2037 961 2060 non
983 2025 1137 2060 includit
1164 2025 1292 2061 aliam:
1322 2026 1384 2061 sed
1411 2026 1464 2061 ira
1491 2025 1644 2063 includit

56 2080 190 2116 multas
210 2080 416 2128 passiones:
440 2088 494 2115 est
511 2081 610 2116 enim
633 2092 719 2115 curn
740 2080 895 2123 tristitia,
918 2088 953 2114 et
975 2091 1059 2115 cum
1079 2091 1153 2127 spe,
1173 2089 1208 2115 et
1226 2092 1311 2115 curn
1330 2080 1586 2125 delectatione,
1605 2089 1644 2117 ut

55 2143 155 2184 patet
173 2146 238 2182 per
258 2133 397 2170 Philos.
419 2135 457 2169 in
479 2145 510 2170 2.
533 2134 685 2170 Rhetor.
710 2134 798 2182 (cap.
821 2135 893 2180 2.);
918 2146 1006 2181 ergo
1029 2135 1081 2169 ira
1103 2143 1157 2169 est
1178 2135 1299 2182 passio
1321 2135 1502 2182 specialis.

128 2189 204 2226 SED
226 2199 384 2226 CONTRA
402 2198 468 2232 est,
490 2189 588 2237 quod
609 2188 865 2224 Damascenus
889 2187 962 2234 (lib.
980 2201 1012 2225 2.
1035 2189 1133 2225 Orth.
1152 2189 1227 2224 Fid.
1247 2197 1319 2237 cap.
1338 2191 1407 2236 16.)
1428 2190 1532 2237 ponit
1550 2191 1641 2226 iram

56 2243 255 2291 specialem
275 2243 507 2290 passionem:
531 2252 567 2278 et
587 2242 755 2278 similiter
770 2242 915 2278 Tullius
928 2254 961 2287 4.
977 2243 1021 2279 de
1038 2243 1149 2278 Tusc.
1169 2243 1259 2286 QQ.
1277 2244 1456 2291 (aliquant.
1470 2247 1641 2293 aprina).

125 2297 360 2334 RESPONDEO
382 2297 592 2340 dicendum,
614 2297 712 2344 quod
736 2297 871 2345 aliquid
894 2297 1026 2333 dicitur
1047 2298 1218 2345 generale
1237 2297 1435 2346 dupliciter:
1457 2312 1523 2335 uno
1545 2300 1642 2335 modo

56 2361 121 2401 per
140 2351 468 2400 praedicationem,
490 2352 584 2388 sicut
606 2351 744 2386 animal
766 2360 820 2387 est
841 2351 1012 2399 generale
1035 2352 1079 2387 ad
1102 2353 1228 2387 omnia
1251 2353 1443 2388 animalia:
1464 2354 1530 2389 alio
1545 2354 1642 2389 modo

56 2417 121 2455 per
141 2417 309 2450 causam;
330 2406 425 2442 sicut
445 2405 502 2441 sol
523 2414 578 2442 est
599 2417 710 2440 causa
737 2405 918 2453 generalis
946 2406 1127 2450 omnium,
1155 2419 1247 2454 quae
1276 2416 1495 2454 generantur
1522 2408 1558 2442 in
1585 2408 1641 2444 his

56 2458 300 2504 inferioribus,
321 2459 525 2496 secundum
545 2459 770 2507 Dionysium
791 2459 828 2495 in
849 2470 883 2504 4.
907 2471 984 2507 cap.
1008 2460 1052 2495 de
1074 2461 1158 2496 Div.
1180 2461 1292 2496 Nom.
1312 2462 1417 2509 (part.
1441 2475 1468 2498 ι.
1491 2462 1561 2498 lact.
1580 2464 1642 2510 3.):

55 2513 151 2551 sicut
170 2514 270 2549 enim
291 2525 407 2562 genus
429 2513 593 2549 continet
615 2512 748 2549 multas
770 2513 992 2549 differentias
1014 2522 1194 2562 potestate
1216 2516 1419 2551 secundum
1442 2515 1644 2552 similitudi-

57 2578 143 2604 nem
161 2568 355 2604 materiae:
378 2568 427 2603 ita
450 2579 561 2602 causa
583 2579 695 2615 agens
718 2568 882 2603 continet
902 2568 1040 2603 multos
1062 2567 1213 2604 effectus
1240 2570 1443 2604 secundum
1470 2570 1642 2605 virtutem

59 2621 227 2658 activam.
250 2621 445 2669 Contingit
466 2630 602 2664 autem,
629 2621 791 2669 aliquem
817 2621 990 2658 effectum
1019 2634 1061 2657 ex
1092 2634 1273 2658 concursu
1305 2623 1531 2658 diversarum
1562 2635 1643 2658 cau-

58 2684 182 2712 sarum
202 2675 374 2724 produci:
397 2684 433 2711 et
453 2675 538 2723 quia
561 2675 682 2711 omnis
705 2687 815 2711 causa
838 2675 961 2724 aliquo
985 2676 1098 2711 modo
1130 2677 1166 2711 in
1197 2676 1328 2712 effectu
1358 2685 1495 2720 manet,
1522 2685 1643 2724 potest

59 2729 168 2766 etiam
191 2730 263 2766 dici
284 2731 378 2766 tertio
399 2729 511 2773 modo,
534 2730 632 2776 quod
655 2729 805 2766 effectus
833 2741 875 2765 ex
903 2730 1191 2778 congregatione
1219 2731 1418 2766 multarum
1447 2742 1640 2766 causarum

58 2784 256 2841 productus
277 2784 388 2820 habet
409 2784 609 2831 quamdam
631 2784 920 2831 generalitatem,
941 2784 1158 2832 inquantum
1178 2785 1341 2819 continet
1360 2785 1493 2820 multas
1513 2797 1641 2821 causas

60 2837 337 2886 quodammodo
359 2837 396 2872 in
419 2845 512 2872 actu.
535 2837 652 2873 Primo
675 2849 762 2885 ergo
782 2838 877 2874 modo
891 2839 944 2873 ira
958 2850 1033 2874 non
1051 2847 1104 2874 est
1117 2839 1239 2886 passio
1255 2839 1448 2886 generalis,
1471 2839 1533 2874 sed
1558 2850 1642 2874 con-

61 2888 174 2929 divisa
189 2891 267 2929 aliis
285 2891 526 2941 passionibus,
545 2899 583 2926 ut
601 2903 709 2940 supra
727 2892 865 2928 dictum
884 2901 938 2928 est
952 2893 999 2939 (q.
1014 2905 1061 2940 23.
1077 2898 1141 2928 art.
1155 2906 1183 2929 1.
1198 2898 1226 2928 ct
1239 2893 1302 2939 4.).
1327 2892 1502 2929 Similiter
1517 2901 1640 2929 autem
