1907 3182
207 130 284 160 120
624 127 843 164 QUAESTIO
878 128 968 157 XIII.
1001 127 1245 158 ARTICULUS
1278 127 1336 157 VI.

201 212 230 246 si
257 219 505 257 proponantur
532 210 614 252 duo,
636 210 694 244 vel
719 210 798 252 tria,
824 209 883 243 vel
904 209 1017 255 plura,
1047 209 1140 243 inter
1168 220 1259 255 quae
1288 220 1401 242 unum
1432 209 1547 255 majus
1580 218 1760 256 appareat,

198 264 421 311 impossibile
452 272 504 298 est
534 263 679 310 aliquod
708 263 862 297 aliorum
893 262 1045 308 eligere3
1074 273 1161 308 ergo
1193 274 1234 296 ex
1263 262 1475 296 necessitate
1498 262 1640 308 eligitur
1660 262 1760 305 illud,

200 318 295 364 quod
319 318 534 352 eminentius
562 325 724 363 apparet:
755 316 816 350 sed
847 316 965 350 omnis
997 315 1126 350 electio
1161 324 1214 350 est
1235 315 1277 349 de
1301 315 1402 349 omni
1420 326 1476 358 eo,
1498 316 1595 362 quod
1621 316 1762 350 videtur

200 371 321 417 aliquo
344 371 455 405 modo
478 370 624 412 melius,
649 382 735 415 ergo
759 370 878 403 omnis
901 369 1030 403 electio
1054 377 1106 403 est
1127 380 1169 403 ex
1191 369 1415 402 necessitate.

272 425 345 459 SED
366 435 520 459 CONTRA
537 432 598 466 est,
615 424 710 470 quod
734 423 863 457 electio
884 431 937 457 est
955 431 1055 457 actus
1074 423 1257 469 potentiae
1277 421 1473 465 rationalis,
1489 433 1580 468 quae
1598 433 1635 457 se
1653 422 1762 458 habet

200 478 243 512 ad
267 479 443 525 opposita,
466 477 665 511 secundum
688 476 956 523 Philosophum
980 477 1109 523 (lil2.·9.
1132 477 1211 511 Mat.
1232 481 1292 511 tex.
1312 476 1370 522 3.).

270 532 498 566 RssspoNDEo
521 531 726 572 dicendum,
742 530 837 576 quod
857 530 971 564 homo
991 541 1065 564 non
1088 542 1129 564 ex
1150 529 1363 564 necessitate
1387 528 1501 575 eligit:
1525 537 1560 563 et
1579 529 1651 563 hoc
1666 528 1761 572 ideo,

199 585 281 632 quia
303 585 399 631 quod
421 584 665 631 possibile-est
685 596 759 618 non
782 596 870 626 esse,
888 595 962 617 non
983 595 1131 618 necesse
1154 591 1207 617 est
1229 594 1316 625 esse,
1332 582 1429 628 quod
1448 591 1570 616 autem
1590 582 1761 628 possibile

199 640 243 674 sit
254 650 327 672 non
338 637 547 683 eligere,vel
562 637 706 683 eligere,
719 638 823 683 hujus
840 638 929 671 ratio
948 649 989 671 ex
998 636 1289 683 duplicihominis
1304 643 1481 682 potestate
1496 636 1611 682 accipi
1624 643 1760 682 potest:

199 700 316 739 potest
335 692 431 726 enirn
452 692 566 725 homo
589 691 692 733 velle,
709 699 743 725 et
760 703 834 725 non
849 691 954 733 velle,
970 702 1089 736 agere,
1105 699 1139 724 et
1159 701 1233 723 non
1256 700 1379 735 agere:
1403 697 1521 735 potest
1542 689 1651 724 etiam
1665 689 1759 723 velle

198 747 282 788 hoc,
305 754 365 780 aut
388 745 492 779 illud:
517 747 616 791 cujus
639 745 729 779 ratio
753 757 794 779 ex
816 745 892 791 ipsa
913 745 1042 779 virtute
1065 744 1214 778 rationis
1242 743 1435 789 accipitur:
1463 742 1635 789 quidquid
1661 743 1759 777 enim

200 800 290 834 ratio
313 807 431 846 potest
453 799 720 846 apprehendere
743 807 780 833 ut
801 799 950 840 bonum,
972 798 1007 831 in
1029 798 1100 831 hoc
1122 797 1291 831 voluntas
1314 796 1459 830 tendere
1481 805 1614 843 potest:
1642 804 1761 843 potest

201 861 321 888 autem
344 853 433 887 ratio
457 853 725 899 apprehendere
741 860 778 886 ut
793 852 941 893 bonurn,
957 863 1031 885 non
1046 850 1166 885 solum
1180 851 1252 884 hoc
1269 849 1365 896 quod
1380 858 1433 884 est
1445 849 1550 892 velle,
1566 858 1627 884 aut
1642 861 1760 896 agere,

200 907 261 941 sed
283 907 354 941 hoc
377 906 486 940 etiam
509 906 604 952 quod
627 914 679 940 est
699 917 773 939 non
795 905 900 947 velle,
917 913 951 939 et
971 916 1045 938 non
1069 915 1185 950 agere.
1208 903 1252 937 Et
1273 914 1416 937 rursum
1438 903 1474 937 in
1497 903 1666 937 omnibus
1685 915 1761 950 par-

198 960 405 995 ticularibus
426 960 530 994 bonis
552 967 670 1006 potest
692 958 920 993 considerare
942 958 1121 992 rationem
1143 957 1229 990 boni
1251 956 1413 1002 alicujus,
1436 964 1471 990 et
1492 956 1674 991 defectum
1702 956 1762 990 ali-

199 1016 299 1060 cujus
319 1014 416 1056 boni,
432 1013 527 1059 quod
542 1013 651 1046 habet
664 1012 844 1046 rationem
863 1011 967 1046 mali:
983 1019 1017 1045 et
1031 1010 1232 1045 secundum
1250 1010 1321 1044 hoc
1341 1017 1460 1056 potest
1474 1010 1760 1056 unumquodque

198 1068 408 1113 hujusmodi
433 1068 615 1101 bonorum
643 1065 913 1112 apprehendere
944 1072 983 1099 ut
1012 1063 1181 1110 eligibile,
1209 1063 1268 1098 vel
1293 1062 1460 1109 fugibile:
1490 1063 1611 1097 solum
1639 1071 1761 1098 autem

197 1120 396 1168 perfectum
417 1121 566 1162 bonum,
589 1120 685 1166 quod
708 1127 761 1153 est
780 1118 976 1160 beatitudo,
995 1129 1069 1152 non
1092 1125 1210 1164 potest
1228 1118 1319 1151 ratio
1340 1117 1609 1163 apprehendere
1628 1117 1691 1151 sub
1711 1129 1763 1151 ra-

197 1175 295 1209 tione
318 1174 416 1216 mali,
439 1181 498 1207 aut
519 1173 670 1218 alicujus
693 1172 869 1207 defectus:
893 1180 928 1207 et
945 1172 1026 1206 ideo
1050 1183 1093 1206 ex
1114 1171 1328 1206 necessitate
1357 1170 1618 1205 beatitudinem
1644 1171 1760 1205 homo

198 1228 283 1270 vult,
306 1239 371 1262 nec
394 1235 512 1274 potest
532 1226 624 1261 velle
647 1238 721 1260 non
744 1237 820 1260 esse
843 1226 978 1267 beatus,
1007 1233 1066 1260 aut
1093 1237 1170 1260 esse
1201 1225 1321 1258 miser.
1350 1224 1489 1258 Electio
1521 1232 1654 1267 autern,
1678 1236 1762 1259 cum

197 1293 271 1315 non
287 1281 330 1316 sit
344 1281 386 1316 de
402 1281 483 1323 fine,
498 1281 559 1314 sed
575 1281 617 1314 de
632 1280 687 1314 his
703 1292 793 1326 quae
809 1288 890 1314 sunt
905 1280 947 1313 ad
963 1279 1086 1321 finem,
1108 1287 1145 1313 ut
1166 1280 1240 1324 jam
1256 1278 1393 1312 dictum
1416 1285 1468 1312 est
1481 1279 1562 1323 (art.
1573 1290 1601 1324 3.
1617 1278 1685 1324 huj.
1701 1280 1760 1324 q.),

198 1347 271 1369 non
287 1343 339 1369 est
353 1334 500 1381 perfecti
515 1335 610 1376 boni,
627 1334 723 1380 quod
739 1340 791 1368 est
805 1333 1000 1375 beatitudo,
1016 1333 1077 1367 sed
1094 1332 1250 1366 aliorum
1265 1331 1538 1378 particularium
1559 1332 1760 1375 bonorum3

199 1396 233 1423 et
252 1389 334 1422 ideo
356 1389 469 1422 homo
492 1399 565 1422 non
588 1399 629 1421 ex
651 1387 875 1429 necessitate,
897 1387 959 1421 sed
981 1386 1091 1420 libere
1114 1386 1224 1431 eligit.

272 1442 332 1476 AD
354 1453 503 1476 PRxMUM
525 1453 611 1487 ergo
635 1440 839 1482 dicendum,
855 1440 951 1486 quod
974 1451 1047 1474 non
1070 1451 1213 1486 semper
1231 1450 1273 1473 ex
1292 1439 1475 1485 principiis
1491 1449 1532 1472 ex
1547 1439 1761 1474 necessitate

198 1496 361 1542 procedit
383 1495 582 1536 conclusio,
604 1495 665 1528 sed
687 1503 771 1529 tunc
791 1494 923 1535 solum,
946 1493 1090 1539 quando
1113 1492 1289 1539 principia
1308 1503 1383 1526 non
1402 1500 1553 1538 possunt
1571 1503 1648 1527 esse
1664 1504 1760 1535 vera,

198 1550 227 1583 si
249 1549 435 1583 conclusio
457 1561 531 1583 non
553 1549 597 1583 sit
617 1560 713 1590 vera,
737 1556 771 1582 et
792 1547 955 1581 similiter
976 1558 1050 1581 non
1073 1554 1227 1593 oportet,
1247 1546 1344 1592 quod
1367 1557 1510 1592 semper
1530 1557 1572 1580 ex
1589 1546 1659 1580 fine
1678 1547 1761 1581 insit

198 1603 339 1637 homini
357 1603 551 1637 necessitas
567 1603 609 1636 ad
625 1601 834 1647 eligendum
850 1612 891 1635 ea
907 1612 998 1647 quae
1020 1608 1103 1635 sunt
1125 1600 1168 1634 ad
1190 1599 1299 1633 finem
1315 1612 1323 1642 3
1346 1599 1429 1645 quia
1446 1611 1521 1634 non
1540 1611 1649 1634 omne
1665 1600 1761 1646 quod

197 1665 250 1691 est
272 1656 314 1690 ad
338 1656 458 1698 finem,
479 1655 550 1690 tale
572 1664 635 1697 est,
658 1655 754 1701 quod
781 1655 856 1688 sine
879 1666 922 1688 eo
946 1654 1025 1688 finis
1051 1654 1176 1688 haberi
1205 1664 1279 1687 non
1309 1653 1442 1700 possit3
1473 1661 1534 1688 aut
1554 1653 1584 1688 si
1600 1653 1672 1688 tale
1703 1656 1759 1696 sit,

196 1722 270 1744 non
292 1721 434 1756 semper
455 1710 517 1744 sub
541 1710 603 1744 tali
625 1709 762 1743 ratione
785 1708 1043 1742 consideratur.

267 1764 326 1798 AD
349 1775 555 1798 sECUNDUM
578 1763 783 1804 dicendum,
806 1762 903 1808 quod
925 1761 1114 1804 sententia,
1135 1761 1211 1796 sive
1233 1760 1408 1807 judicium
1427 1760 1576 1795 rationis
1595 1761 1638 1795 de
1656 1761 1760 1796 rebus

197 1818 344 1863 agendis
366 1826 419 1852 est
440 1818 535 1851 circa
558 1817 816 1862 contingentia,
839 1827 931 1862 quae
955 1827 974 1849 a
995 1815 1099 1849 nobis
1118 1815 1195 1849 fieri
1213 1822 1385 1861 possunt‚·
1409 1814 1445 1848 in
1467 1815 1595 1861 quibus
1615 1814 1760 1849 conclu-

196 1871 316 1905 siones
338 1883 411 1905 non
434 1882 476 1905 ex
498 1870 710 1905 necessitate
734 1877 930 1916 sequuntur
953 1880 994 1903 ex
1016 1869 1198 1915 principiis
1220 1868 1433 1902 necessariis
1453 1867 1618 1903 absoluta
1639 1879 1761 1903 neces-

196 1925 310 1967 sitate,
332 1925 393 1959 sed
415 1924 626 1959 necessariis
650 1923 770 1958 solum
792 1935 834 1958 ex
857 1923 1083 1958 conditione:
1112 1931 1160 1964 ut,
1183 1922 1211 1956 si
1235 1922 1355 1964 currit,
1378 1930 1556 1956 movetur.

267 1979 326 2012 AD
349 1989 519 2013 TERTIUM
543 1977 748 2019 dicendum,
772 1977 868 2023 quod
889 1976 981 2010 nihil
1003 1976 1180 2023 prohibet,
1203 1975 1233 2010 si
1255 1975 1375 2022 aliqua
1396 1975 1468 2009 duo
1492 1974 1657 2022 aequalia
1679 1987 1759 2022 pro-

197 2041 375 2078 ponantur
396 2032 595 2066 secundum
622 2042 731 2066 unam
754 2030 1097 2072 considerationem,
1119 2030 1205 2076 quin
1225 2029 1319 2063 circa
1342 2028 1494 2063 alterum
1515 2029 1761 2064 consideretur

198 2085 316 2132 aliqua
333 2086 505 2128 conditio,
520 2097 582 2132 per
597 2096 706 2131 quam
722 2086 889 2127 emineat,
906 2091 940 2118 et
954 2083 1070 2129 magis
1085 2083 1248 2118 flectatur
1265 2081 1433 2117 voluntas
1452 2083 1488 2117 in
1505 2083 1636 2130 ipsum,
1651 2094 1760 2130 quam

197 2139 233 2173 in
256 2139 362 2173 aliud.

711 2313 1066 2374 QUAESTIO
1108 2312 1243 2360 XIV.

419 2428 481 2458 DE
509 2426 741 2464 CONSILIO,
773 2426 904 2465 QUOD
933 2425 1237 2456 ELECTIONEM
1265 2424 1544 2464 PRAECEDIT,

658 2498 708 2528 IN
735 2497 819 2528 SEX
848 2496 1108 2527 ARTICULOS
1135 2496 1309 2528 DIVISA.

267 2605 406 2639 Deinde
430 2603 733 2638 considerandum
757 2611 808 2637 est
831 2603 872 2636 de
897 2602 1060 2636 consilio.

698 2670 738 2703 Et
765 2670 853 2703 circii
881 2669 938 2703 hoc
966 2674 1169 2714 qaizcrmttur
1194 2680 1258 2703 sex.

266 2731 400 2764 Primo.
425 2730 556 2765 Utrum
579 2728 772 2763 consilium
794 2728 837 2762 sit
859 2728 1053 2774 inquisitio.

268 2785 448 2818 Secundo.
484 2784 615 2818 Utrum
643 2782 835 2817 consilium
863 2782 906 2816 sit
933 2782 975 2816 de
1003 2781 1084 2823 sine,
1111 2780 1169 2815 vel
1195 2780 1314 2815 solum
1341 2780 1384 2815 de
1411 2780 1466 2814 his
1492 2790 1583 2827 quae
1609 2786 1692 2814 sunt
1717 2779 1760 2814 ad

198 2838 316 2872 finem.
