1875 3198
241 188 325 241 596
635 198 857 234 QUAESTIO
891 198 1070 227 LXXXIII.
1105 199 1349 228 ARTICULUS
1383 199 1409 227 I.

311 281 370 315 AD
392 291 541 315 PRIMUM
563 291 649 326 ergo
672 280 878 321 dicendum,
900 279 997 325 quod
1019 279 1111 314 sicut
1132 279 1285 326 August.
1309 279 1395 314 dicit
1414 279 1450 313 in
1472 279 1531 314 lib.
1558 291 1586 315 1.
1600 280 1798 315 Retractat.

238 335 325 380 (cap.
347 345 399 380 27.
426 346 539 368 versus
553 334 616 380 fin.
647 338 675 367 et
701 334 756 367 lili.
776 334 823 379 83.
845 333 925 377 QQ.
945 345 974 378 q.
998 332 1055 368 66.
1077 344 1097 366 ιι
1118 333 1244 378 med.):
1267 333 1394 379 Apost.
1417 332 1574 379 loquitur
1595 333 1644 367 ibi
1665 334 1708 367 de
1729 334 1794 368 ho-

239 387 336 421 mine
357 387 429 432 jam
452 387 652 432 redempto,
675 386 735 432 qui
757 385 927 420 liberatus
950 393 1002 420 est
1028 397 1048 419 a
1075 385 1192 432 culpa,
1219 386 1281 420 sed
1303 386 1464 432 subiacet
1485 397 1636 432 poenae,
1657 387 1798 422 ratione

238 441 338 486 cujus
364 448 555 486 peccatum
582 440 710 473 dicitur
736 439 898 472 habitare
925 439 961 472 in
989 450 1112 481 carne3
1136 439 1230 473 unde
1253 451 1296 473 ex
1319 439 1391 473 hoc
1413 450 1488 473 non
1510 441 1681 485 sequitur,
1703 440 1800 486 quod

240 505 323 528 caro
343 494 386 528 sit
408 494 612 539 subjectum
635 492 773 538 culpae,
796 492 858 526 sed
880 491 1000 526 solum
1022 503 1173 538 poenae.

310 547 369 581 AD
397 557 604 582 SECUNDUM
631 546 837 587 dicendum,
860 545 957 591 quod
979 554 1170 591 peccatum
1193 545 1369 591 originale
1396 553 1563 580 causatur
1589 557 1631 580 ex
1652 548 1802 589 semine,

238 601 330 635 sicut
351 612 393 634 ex
415 611 523 634 causa
537 598 822 633 instrumentali:
846 610 921 633 non
937 607 1058 633 autem
1077 607 1231 645 oportet,
1247 599 1343 645 quod
1360 598 1494 645 aliquid
1511 599 1556 633 sit
1568 599 1801 646 principalius

238 655 275 688 in
298 665 406 688 causa
429 652 705 694 instrumentali‚
729 664 837 698 quam
861 654 896 686 in
926 652 1067 695 effectu,
1096 652 1158 686 sed
1188 651 1309 686 solum
1334 653 1371 686 in
1399 664 1507 686 causa
1533 652 1740 698 principali:
1769 662 1805 687 et

239 708 310 741 hoc
338 707 448 741 modo
477 714 668 753 peccatum
696 705 873 751 originale
900 706 1033 751 potiori
1060 705 1172 740 modo
1194 705 1260 740 fuit
1281 705 1317 739 in
1338 705 1471 748 Adam,
1498 707 1535 740 in
1561 717 1633 752 quo
1660 705 1726 740 fuit
1753 717 1803 740 se-

240 760 398 795 cundum
418 760 598 794 rationem
620 759 770 793 actualis
795 759 947 805 peccati.

311 814 370 848 AD
394 824 565 848 TERTIUM
587 813 793 854 dicendum,
821 812 918 858 quod
948 812 1068 846 anima
1097 812 1204 858 hujus
1224 812 1386 847 hominis
1407 823 1482 846 non
1508 811 1574 846 fuit
1599 813 1800 847 secundum

238 867 426 902 seminalem
453 868 614 901 rationem
636 866 672 899 in
700 865 821 900 Adam
842 874 1028 912 peccante,
1050 866 1143 900 sicut
1163 866 1199 899 in
1226 865 1404 912 principio
1427 864 1606 907 effectivo,
1627 865 1692 901 sed
1714 866 1805 900 sicut

240 921 276 954 in
291 920 467 967 principio
487 919 718 966 dispositivo;
741 930 785 953 eo
808 919 905 965 quod
921 930 1045 953 semen
1065 919 1266 965 corporale,
1285 919 1382 965 quod
1401 930 1443 953 ex
1458 918 1580 952 Adam
1594 919 1802 961 traducitur,

239 986 305 1009 sua
326 975 455 1008 virtute
477 985 552 1007 non
574 972 683 1007 efficit
704 973 865 1006 animam
888 972 1117 1014 rationalem,
1139 973 1202 1007 sed
1224 972 1268 1006 ad
1292 983 1374 1006 eam
1396 972 1565 1018 disponit.

312 1027 371 1062 AD
395 1037 584 1066 QUARTUM
608 1026 813 1068 dicendum,
836 1026 933 1072 quod
954 1025 1104 1060 infectio
1120 1025 1306 1071 originalis
1320 1026 1461 1072 peccati
1478 1024 1579 1060 nullo
1599 1025 1711 1060 modo
1727 1037 1807 1060 cau-

240 1089 338 1116 satur
361 1092 380 1114 a
401 1080 495 1122 Deo,
517 1079 581 1114 sed
604 1091 646 1114 ex
667 1079 748 1114 solo
764 1081 915 1125 peccato
931 1079 1037 1125 primi
1055 1079 1212 1125 parentis
1228 1090 1290 1126 per
1309 1079 1494 1113 carnalem
1513 1078 1804 1125 generationem,

241 1143 275 1169 et
296 1134 392 1176 ideo,
415 1145 499 1168 cum
522 1133 656 1168 creatio
679 1133 850 1179 importet
873 1141 1075 1179 respectum
1092 1133 1234 1167 animae
1250 1132 1294 1166 ad
1309 1132 1429 1167 solum
1443 1133 1577 1175 Deum,
1594 1143 1669 1167 non
1686 1140 1806 1179 potest

241 1188 321 1230 dici,
338 1188 434 1234 quod
454 1187 575 1221 anima
590 1198 631 1221 ex
646 1198 709 1221 sua
732 1188 914 1220 creatione
929 1186 1152 1232 inquinetur:
1175 1186 1237 1220 sed
1260 1185 1391 1220 infusio
1413 1186 1586 1232 importat
1600 1194 1805 1232 respectum

241 1250 275 1276 et
298 1241 341 1275 ad
362 1241 485 1275 Deum
504 1240 766 1282 infundentem,
784 1247 818 1274 et
833 1240 876 1274 ad
892 1251 1051 1281 carnem,
1071 1239 1128 1273 cui
1143 1239 1341 1274 infunditur
1357 1239 1496 1282 anima3
1519 1246 1553 1274 et
1571 1239 1666 1281 ideo,
1680 1239 1804 1284 habito

240 1302 403 1341 respectu
427 1294 471 1328 ad
492 1294 614 1328 Deum
632 1293 896 1335 infundentem,
918 1304 992 1327 non
1014 1301 1133 1340 potest
1154 1293 1236 1335 dici,
1256 1292 1353 1339 quod
1369 1293 1490 1327 anima
1504 1303 1566 1339 per
1583 1292 1804 1328 infusionem

241 1348 453 1390 maculetur,
476 1347 538 1382 sed
561 1347 682 1382 solum
703 1347 827 1381 habito
850 1355 1015 1393 respectu
1040 1346 1082 1381 ad
1106 1358 1249 1393 corpus,
1272 1347 1330 1381 cui
1350 1346 1560 1380 infunditur.

313 1402 372 1436 AD
400 1412 580 1441 QUINTUM
604 1401 809 1443 dicendum,
837 1401 933 1446 quod
959 1401 1098 1435 bonum
1125 1412 1322 1434 commune
1348 1399 1547 1447 praefertur
1568 1400 1666 1435 bono
1688 1400 1807 1446 singu-

243 1455 325 1499 lari;
348 1456 442 1490 unde
464 1456 564 1489 Deus
586 1454 786 1489 secundum
809 1466 913 1488 suam
939 1454 1155 1500 sapientiam
1182 1465 1256 1488 non
1283 1454 1537 1500 praetermittit
1562 1454 1805 1488 universalem

244 1510 408 1544 ordinem
431 1520 563 1551 rerum,
586 1508 646 1554 qui
668 1516 720 1542 est
742 1516 779 1542 ut
800 1508 863 1542 tali
885 1508 1029 1554 corpori
1049 1507 1129 1542 talis
1154 1507 1275 1541 anima
1295 1507 1514 1550 infundatur,
1529 1515 1567 1542 ut
1586 1507 1718 1542 vitetur
1739 1508 1807 1542 sin·
1849 1527 1852 1533 r

248 1563 382 1609 gularis
408 1562 556 1597 infectio
586 1562 693 1608 hujus
724 1562 886 1604 animae3
917 1561 1128 1607 praesertim
1151 1573 1234 1595 cum
1255 1568 1383 1595 natura
1405 1561 1548 1595 animae
1569 1560 1640 1595 hoc
1662 1561 1805 1602 habeat,

244 1625 282 1651 ut
304 1628 379 1651 esse
398 1628 472 1650 non
495 1616 642 1662 incipiat
662 1616 730 1650 nisi
752 1616 787 1649 in
811 1626 975 1661 corpore,
998 1622 1035 1649 ut
1058 1616 1093 1648 in
1120 1625 1146 1648 1.
1170 1614 1333 1648 habitum
1349 1622 1401 1649 est
1425 1613 1470 1660 (q.
1486 1615 1554 1650 HS.
1567 1619 1630 1649 art.
1647 1614 1713 1661 3.):
1734 1626 1805 1649 me-

242 1671 308 1704 lius
332 1679 383 1705 est
406 1678 527 1704 autem
550 1669 582 1703 ei
604 1671 653 1703 sic
677 1681 754 1703 esse
777 1668 977 1703 secundum
1000 1676 1179 1710 naturam,
1202 1679 1312 1714 quam
1333 1667 1434 1702 nullo
1458 1667 1570 1703 modo
1586 1679 1686 1711 esse;
1707 1679 1808 1714 prae-

242 1724 365 1759 sertim
388 1735 469 1759 cum
493 1723 606 1770 possit
626 1734 688 1769 per
711 1723 865 1769 gratiam
887 1721 1163 1756 damnationem
1186 1721 1349 1756 evadere.

812 1870 1158 1916 ARTICULUS
1188 1870 1244 1914 Π.
1738 1892 1803 1927 443
1840 1921 1843 1926 ,

243 1995 396 2025 UTRUM
424 1993 663 2024 PECCATUM
691 1993 930 2023 ORIGINALE
960 1993 1027 2022 SIT
1055 1993 1133 2022 PER
1159 1992 1282 2022 PRIUS
1311 1993 1353 2023 IN
1380 1993 1590 2024 ESSENTIA
1622 1992 1805 2032 ANIMAE,

785 2059 910 2094 QUAM
937 2058 981 2089 IN
1014 2058 1261 2089 POTENTIIS.

310 2159 412 2205 (Insr.
436 2164 500 2193 art.
521 2171 547 2204 3.
571 2164 662 2205 corp.
684 2164 714 2193 et
734 2170 765 2193 2.
787 2159 878 2193 Dz'st.
897 2171 942 2205 31.
965 2170 994 2204 q.
1022 2170 1052 2193 2.
1075 2163 1140 2193 art.
1163 2171 1189 2193 1.
1212 2163 1240 2193 et
1268 2158 1354 2193 Veri.
1376 2170 1406 2204 q.
1425 2170 1473 2204 25.
1501 2164 1566 2194 art.
1590 2160 1623 2194 6.
1645 2165 1736 2206 corp.

597 2217 627 2246 et
647 2224 676 2257 q.
699 2223 750 2257 27.
774 2217 839 2247 art.
862 2212 894 2246 6.
918 2211 959 2246 ad
981 2223 1011 2247 2.
1034 2217 1063 2246 ct
1085 2212 1168 2246 Mal.
1192 2223 1221 2258 q.
1243 2222 1276 2256 4.
1303 2216 1367 2246 art.
1390 2213 1446 2257 L).

317 2314 376 2348 AD
404 2323 609 2347 SECUNDUM
638 2312 688 2346 sic
712 2312 928 2358 proceditur.
952 2312 1114 2354 Videtur,
1138 2312 1234 2358 quod
1258 2319 1448 2358 peccatum
1471 2312 1648 2358 originale
1670 2324 1744 2347 non
1763 2313 1808 2348 sit

245 2380 307 2414 per
329 2368 424 2414 prius
446 2367 481 2400 in
505 2366 657 2401 essentia
686 2366 840 2407 animae,
863 2378 972 2412 quam
994 2366 1030 2400 in
1058 2366 1246 2412 potentiis:
1275 2366 1395 2400 anima
1422 2366 1520 2400 enim
1546 2374 1629 2401 nata
1656 2374 1707 2401 est
1729 2378 1807 2402 esse

246 2421 445 2466 subjectum
462 2420 600 2467 peccati
620 2427 793 2465 quantum
812 2420 853 2453 ad
870 2420 916 2462 id,
936 2420 1032 2466 quod
1053 2428 1170 2466 potest
1187 2431 1205 2453 a
1227 2419 1414 2454 voluntate
1429 2420 1584 2454 moveri:
1604 2420 1668 2455 sed
1687 2420 1808 2455 anima

245 2487 317 2508 non
342 2483 509 2509 movetur
531 2485 550 2507 a
573 2473 758 2507 voluntate
781 2473 981 2507 secundum
1009 2485 1111 2507 suam
1140 2473 1346 2515 essentiam,
1368 2473 1429 2507 sed
1459 2473 1579 2508 solum
1607 2474 1807 2508 secundum

246 2529 443 2575 potentias,
467 2540 553 2573 ergo
577 2535 765 2573 peecatum
789 2527 966 2571 originale
989 2539 1061 2561 non
1082 2535 1134 2561 est
1150 2527 1184 2561 in
1207 2527 1328 2561 anima
1351 2527 1550 2562 secundum
1572 2538 1675 2562 suam
1693 2539 1810 2562 essen·
1846 2570 1849 2573 K

245 2583 344 2625 tiam,
367 2583 428 2617 sed
452 2582 570 2616 solum
594 2580 793 2615 secundum
817 2581 1005 2625 potentias.

317 2647 347 2670 2.
371 2637 605 2670 Piraei-enm.
634 2635 830 2668 Peccatum
854 2634 1030 2679 originale
1054 2634 1249 2680 opponitur
1271 2633 1438 2680 originali
1461 2634 1637 2679 justitiae:
1661 2634 1722 2669 sed
1742 2633 1809 2668 ori-

247 2689 375 2734 ginalis
398 2689 529 2735 justitia
552 2696 627 2722 erat
650 2688 684 2721 in
709 2687 826 2733 aliqua
856 2688 1015 2733 potentia
1043 2688 1198 2729 animae,
1226 2699 1317 2733 quae
1340 2695 1393 2722 cst
1425 2688 1627 2733 subjectum
1649 2687 1806 2729 virtutis;

247 2755 334 2788 ergo
363 2751 396 2777 et
429 2751 619 2789 peccatum
650 2741 826 2786 originale
857 2750 910 2775 est
941 2742 1056 2785 magis
1087 2743 1120 2775 in
1150 2742 1309 2786 potentia
1341 2741 1496 2783 animae,
1526 2753 1634 2788 quam
1664 2741 1700 2775 in
1731 2741 1806 2786 ejus

247 2797 411 2831 essentia.

322 2863 349 2896 3.
373 2851 608 2885 Plkiffsstiiizn.
633 2850 734 2883 Sicut
756 2860 773 2882 ai
802 2860 906 2882 carne
935 2856 1124 2894 peccatum
1152 2848 1328 2893 originale
1357 2848 1536 2883 derivatur
1563 2849 1606 2882 ad
1634 2847 1806 2888 animam,

248 2904 294 2938 ita
318 2905 359 2938 ab
383 2904 536 2939 essentia
559 2906 700 2938 animae
724 2903 903 2937 derivatur
926 2902 968 2936 aul
985 2903 1182 2947 potentias:
1205 2903 1266 2937 sed
1286 2910 1479 2949 peccatum
1499 2901 1675 2948 originale
1692 2900 1807 2947 magis
