1875 3198
239 215 324 267 506
651 224 869 260 QUAESTIO
901 224 1033 253 LXXII.
1066 224 1310 254 ARTICULUS
1343 224 1387 254 ΙΙ.

239 313 371 348 catum,
393 305 490 352 quod
512 305 711 339 secundum
731 316 877 338 carnem
901 304 1150 346 committitur,
1173 316 1191 338 a
1214 304 1353 338 ratione
1376 304 1555 338 derivatur
1568 315 1631 350 per
1649 315 1799 338 consen-

238 370 340 393 sum:
371 360 453 405 quia
480 359 674 404 superioris
702 358 851 391 rationis
874 366 927 391 est
957 357 1161 391 consentire
1191 357 1227 390 in
1251 365 1372 392 actum
1393 357 1544 403 peccati,
1570 365 1609 391 ut
1633 356 1724 391 infra
1750 357 1798 391 di-

239 419 338 446 cetur
360 412 404 457 (q.
428 423 481 458 74.
504 417 567 445 art.
591 413 635 457 7.)
648 424 660 451 ;
683 422 769 456 ergo
793 411 920 444 eadem
942 418 1091 456 peccata
1113 418 1194 444 sunt
1221 409 1389 452 carnalia,
1416 418 1452 444 et
1476 409 1696 456 spiritualia:
1722 421 1797 444 non

238 476 324 510 ergo
347 473 428 498 sunt
450 464 703 509 distinguenda
722 464 763 497 ab
791 464 958 497 invicem.

307 528 340 560 4.
362 518 597 552 PRAETEREA.
622 517 659 550 Si
682 516 801 562 aliqua
822 525 970 562 peccata
992 515 1193 561 specialiter
1213 524 1295 550 sunt
1317 515 1486 558 carnalia,
1507 516 1579 550 hoc
1608 514 1798 562 potissime

236 570 510 616 intelligendum
532 570 671 603 videtur
692 569 735 603 de
757 569 826 603 illis
845 569 1013 615 peccatis,
1029 569 1154 614 quibus
1178 569 1214 603 in
1238 580 1365 615 corpus
1384 580 1489 603 suum
1510 576 1636 614 peccat
1650 568 1796 614 aliquis:

237 623 310 665 sed,
332 624 424 657 sicut
444 622 644 669 Apostolus
672 622 758 656 dicit
790 633 818 656 1.
853 622 896 656 ad
926 621 1012 656 Cor.
1037 621 1087 656 6.:
1122 622 1228 657 Omne
1244 627 1417 669 peccatum
1438 621 1661 667 quodcumque
1679 621 1799 667 feccrit

236 676 343 718 homo,
367 682 461 710 extra
483 682 600 722 corpus
621 680 686 710 est:
715 677 771 721 qui
792 680 898 709 auum
913 675 1119 721 fornicatur,
1142 677 1176 709 in
1197 682 1314 721 corpus
1334 687 1428 709 suum
1443 680 1582 721 peccat,·
1607 685 1693 720 ergo
1720 673 1798 707 sola

235 728 426 763 fornicatio
450 737 542 763 esset
562 736 753 774 peccatum
772 727 934 770 carnale3
958 739 1041 762 cum
1064 736 1185 762 tamen
1206 727 1407 774 Apostolus
1429 728 1472 762 ad
1487 727 1617 774 Ephes.
1637 738 1665 772 5.
1689 727 1798 761 etiam

237 782 424 816 avaritiam
446 782 647 816 carnalibus
673 781 830 828 peccatis
853 790 1075 815 annumeret.

308 836 381 870 SED
405 846 559 870 CONTRA
587 844 650 876 est,
673 835 769 881 quod
793 834 946 880 Gregor.
973 845 1025 880 31.
1047 833 1176 868 Moral.
1202 833 1289 880 (cap.
1308 845 1356 880 17.
1375 840 1499 880 parum
1520 838 1594 868 ante
1605 833 1682 877 fin.)
1701 833 1798 875 dicit,

236 888 332 935 quod
355 896 493 934 septem
517 887 725 934 capitalium
746 887 918 922 vitiorum
939 887 1097 933 quinque
1119 895 1201 921 sunt
1221 886 1430 933 spiritualia,
1453 894 1488 922 et
1509 886 1581 920 duo
1604 885 1773 920 carnalia.

307 942 535 976 RESPONDEO
558 942 763 983 dicendum,
787 941 894 987 quod,
917 941 1009 975 sicut
1038 941 1174 974 dictum
1196 949 1250 974 est
1269 939 1346 984 (art.
1365 941 1509 986 praec),
1537 947 1686 986 peccata
1713 938 1799 973 reci-

236 996 337 1042 piunt
357 995 517 1040 speciem
539 1006 581 1029 ex
603 995 770 1039 objectis:
807 1005 915 1028 omne
943 1003 1064 1028 autem
1086 1001 1278 1040 peccatum
1305 993 1469 1027 consistit
1494 993 1531 1027 in
1553 992 1712 1039 appetitu
1741 991 1800 1025 ali-

237 1050 336 1094 cujus
360 1047 627 1083 commutabilis
649 1048 746 1088 boni,
769 1047 865 1093 quod
888 1047 1090 1081 inordinate
1107 1047 1305 1093 appetitur3
1328 1054 1362 1080 et
1378 1057 1441 1092 per
1455 1056 1683 1091 consequens
1697 1045 1733 1078 in
1755 1056 1798 1079 eo

235 1103 309 1147 jam
330 1102 453 1135 habito
476 1101 677 1135 inordinate
701 1100 828 1146 aliquis
843 1100 1060 1143 delectatur;
1083 1108 1120 1134 ut
1134 1109 1255 1134 autem
1270 1111 1312 1134 ex
1326 1099 1569 1146 superioribus
1583 1106 1680 1145 patet
1695 1097 1739 1144 (q.
1751 1111 1798 1144 31.

237 1159 298 1189 art.
317 1155 374 1201 3.),
394 1154 511 1200 duplex
525 1163 576 1188 est
598 1154 809 1188 delectatio:
833 1165 898 1188 mm
917 1154 1063 1199 quidem
1079 1153 1258 1195 animalis,
1273 1164 1364 1199 quae
1380 1159 1654 1187 consummatur
1671 1151 1708 1185 in
1722 1150 1800 1185 sola

237 1207 522 1254 apprehensione
545 1207 694 1252 alicujus
717 1208 766 1240 rei
789 1207 832 1240 ad
854 1215 981 1241 votum
1002 1207 1167 1241 habitae:
1192 1215 1227 1240 et
1247 1207 1337 1240 haec
1360 1214 1479 1252 potest
1507 1205 1578 1239 dici
1608 1203 1799 1238 delectatio

235 1261 437 1307 spiritualis:
460 1260 551 1294 sicut
574 1272 656 1294 cum
684 1259 810 1306 aliquis
833 1259 1030 1294 delectatur
1050 1260 1087 1293 in
1104 1259 1210 1294 laude
1225 1260 1398 1302 humana,
1416 1259 1474 1293 vel
1491 1259 1528 1293 in
1547 1258 1667 1304 aliquo
1682 1258 1802 1303 hujus-

237 1314 358 1348 modi:
381 1314 449 1348 alia
463 1325 550 1348 vero
567 1313 757 1348 delectatio
773 1321 825 1347 est
836 1313 1045 1359 corporalis,
1064 1312 1139 1347 sive
1161 1312 1344 1354 naturalis,
1357 1323 1447 1359 quae
1465 1313 1502 1346 in
1520 1313 1598 1359 ipso
1613 1320 1710 1347 tactu
1725 1322 1802 1345 cor-

237 1367 352 1413 porali
373 1367 563 1413 perficitur,
586 1378 676 1413 quae
698 1374 816 1412 potest
838 1367 947 1400 etiam
969 1366 1039 1400 dici
1059 1365 1251 1400 delectatio
1267 1366 1421 1401 carnalis.
1446 1365 1505 1400 Sic
1521 1366 1629 1412 igitur
1646 1365 1707 1400 illa
1723 1375 1802 1410 pec-

239 1429 329 1462 cata,
352 1432 442 1466 quae
464 1420 696 1466 perficiuntur
717 1420 752 1453 in
775 1419 1014 1453 delectatione
1029 1419 1215 1466 spirituali,
1229 1427 1405 1453 vocantur
1419 1428 1568 1465 peccata
1582 1417 1799 1466 spiritualia:

237 1473 298 1507 illa
320 1484 419 1515 vero,
439 1485 529 1519 quae
553 1473 784 1519 perficiuntur
797 1473 833 1506 in
849 1472 1087 1506 delectatione
1103 1472 1249 1514 carnali,
1264 1480 1441 1506 vocantur
1453 1480 1603 1518 peccata
1618 1471 1776 1506 carnalia
1793 1483 1802 1513 ;

240 1527 332 1561 sicut
353 1527 448 1572 gula,
464 1538 554 1572 quae
578 1526 759 1572 perficitur
774 1526 809 1559 in
825 1526 1063 1560 delectatione
1080 1526 1262 1568 ciborum3
1285 1534 1320 1560 et
1339 1525 1490 1568 luxuria,
1505 1537 1597 1573 quae
1619 1525 1800 1573 perficitur

241 1580 277 1613 in
300 1580 538 1614 delectatione
552 1590 814 1613 venereorum:
838 1579 932 1613 unde
947 1588 981 1613 et
995 1579 1195 1626 Apostolus
1211 1579 1297 1613 dicit
1318 1589 1349 1613 2.
1366 1579 1408 1613 ad
1425 1579 1592 1614 Corinth.
1608 1590 1639 1625 7.
1654 1591 1660 1612 ε
1676 1580 1803 1614 Emun-

243 1633 352 1668 demus
373 1645 429 1667 nos
451 1635 490 1668 ab
514 1635 603 1667 omni
625 1634 870 1678 inquinanwnlo
893 1634 1013 1675 carnis,
1038 1637 1066 1667 et
1086 1634 1229 1679 spiritus.

308 1687 368 1721 AD
383 1697 530 1721 PRIMUM
547 1698 633 1732 ergo
649 1686 854 1727 dicendum,
870 1687 979 1732 quod,
994 1686 1086 1720 sicut
1102 1686 1222 1721 Gloss.
1244 1686 1330 1731 (ord.
1342 1698 1381 1721 ex
1396 1687 1483 1732 Aug.
1502 1698 1554 1731 14.
1577 1686 1614 1721 de
1638 1685 1714 1721 Civ.
1735 1686 1801 1720 Dei

239 1747 308 1787 cap.
339 1752 368 1775 2.
400 1741 478 1774 circ.
499 1741 578 1786 fin.)
603 1740 736 1773 ibidem
758 1739 854 1781 dicit,
877 1739 937 1773 illa
959 1739 1044 1773 vitia
1072 1739 1237 1773 dicuntur
1267 1747 1368 1786 opera
1395 1741 1527 1781 σαι-υἱέ,-
1558 1751 1632 1774 non
1655 1739 1737 1785 quia
1764 1739 1799 1772 in

238 1793 422 1839 voluptate
445 1793 561 1826 carnis
582 1792 829 1839 perficiantur3
851 1793 913 1827 sed
936 1804 1014 1827 raro
1036 1794 1189 1827 sumitur
1210 1793 1258 1826 ibi
1280 1804 1344 1839 pro
1373 1793 1534 1835 homine,
1557 1793 1618 1839 qui
1639 1793 1726 1826 dum
1752 1803 1802 1826 se-

240 1847 398 1881 cundum
421 1858 457 1880 se
479 1846 577 1888 vivit,
605 1846 806 1880 secundum
837 1857 982 1880 carnem
1010 1845 1130 1880 vivere
1158 1845 1298 1888 dicitur,
1328 1854 1366 1880 ut
1393 1846 1502 1880 etiam
1531 1846 1685 1892 August.
1716 1845 1803 1879 dicit

245 1910 295 1942 14.
318 1900 360 1933 de
384 1899 463 1934 Civ.
483 1900 552 1933 Dei
574 1899 671 1944 (ibid.
686 1904 713 1933 et
728 1906 798 1945 cap.
817 1912 844 1946 3.
864 1912 883 1934 α
897 1899 1020 1944 υωιῐ.),·
1045 1907 1079 1933 et
1099 1899 1205 1945 hujus
1227 1899 1318 1933 ratio
1341 1907 1394 1934 est
1412 1911 1454 1933 ex
1472 1899 1556 1942 hoc,
1570 1899 1667 1946 quod
1682 1899 1802 1933 omnis

240 1953 387 1987 rationis
408 1953 590 1986 humanae
613 1951 773 1987 defectus
796 1964 837 1986 ex
860 1964 966 1987 sensu
989 1952 1124 1986 carnali
1147 1952 1268 1998 aliquo
1292 1953 1404 1987 modo
1426 1952 1569 1987 initium
1590 1953 1710 1987 habet.

312 2006 355 2040 Et
376 2018 437 2052 per
458 2007 529 2040 hoc
553 2006 660 2040 etiam
684 2013 781 2052 patet
803 2005 990 2052 responsio
1013 2017 1063 2040 AD
1086 2016 1305 2040 SECUNDUM.

312 2061 370 2093 AD
399 2070 568 2094 TERTmM
584 2059 788 2101 dicendum,
805 2059 902 2105 quod
917 2059 953 2092 in
969 2059 1126 2105 peccatis
1141 2059 1251 2093 etiam
1270 2058 1472 2093 carnalibus
1491 2067 1544 2093 est
1558 2058 1686 2105 aliquis
1703 2066 1802 2092 actus

241 2112 443 2160 spiritualis,
465 2112 603 2146 scilicet
624 2120 724 2146 actus
747 2112 912 2154 rationis3
935 2113 996 2146 sed
1019 2112 1098 2146 finis
1119 2112 1253 2146 horum
1275 2119 1521 2159 peccatorum,
1548 2123 1568 2146 a
1595 2123 1666 2158 quo
1695 2111 1803 2146 deno-

242 2167 434 2207 minantur,
457 2174 510 2199 est
531 2165 723 2199 delectatio
748 2166 875 2200 carnis.

311 2220 371 2253 AD
394 2229 580 2258 QUARTUM
603 2219 809 2261 dicendum,
832 2219 941 2265 quod,
963 2219 1055 2253 sicut
1075 2218 1206 2253 Glossa
1229 2218 1439 2264 (ordinaria)
1458 2218 1592 2253 ibidem
1611 2218 1707 2259 dicit,
1727 2229 1804 2264 spe-

243 2273 379 2307 cialiter
400 2273 434 2305 in
456 2271 703 2306 fornicationis
726 2280 876 2318 peccato
896 2272 1003 2306 servit
1026 2272 1145 2306 anima
1169 2272 1324 2318 corpori,
1346 2271 1524 2306 intantum
1543 2280 1581 2306 ut
1598 2271 1689 2305 nihil
1707 2271 1803 2305 aliud

243 2327 277 2360 in
299 2327 377 2372 ipso
401 2334 589 2359 momento
613 2326 772 2370 cogitare
791 2326 933 2359 homini
952 2325 1074 2360 liceat:
1095 2326 1288 2360 delectatio
1309 2333 1430 2359 autem
1449 2324 1566 2370 gulae,
1585 2325 1651 2359 etsi
1669 2325 1712 2359 sit
1731 2335 1804 2358 car-

242 2379 344 2421 nalis,
365 2390 438 2412 non
463 2379 508 2412 ita
532 2379 697 2412 absorbet
720 2379 908 2413 rationem.
932 2379 1000 2413 Vel
1023 2387 1140 2425 potest
1161 2379 1243 2421 dici,
1265 2378 1361 2425 quod
1380 2379 1416 2412 in
1434 2378 1504 2412 hoc
1524 2387 1674 2424 peccato
1693 2379 1803 2412 etiam

244 2433 419 2478 quaedam
437 2432 565 2476 injuria
581 2431 618 2465 sit
633 2433 787 2478 corpori,
803 2432 888 2466 dum
904 2433 1107 2466 inordinate
1124 2432 1346 2474 maculatum
1366 2440 1401 2466 et
1419 2431 1500 2466 ideo
1520 2443 1582 2478 per
1595 2431 1665 2465 hoc
1683 2431 1802 2466 solum

244 2494 433 2532 peccatum
461 2485 589 2519 dicitur
616 2485 817 2531 speci-„iliter
845 2486 958 2519 homo
986 2485 1020 2519 in
1050 2497 1180 2531 corpus
1208 2496 1381 2532 peccare:
1409 2485 1557 2519 avaritia
1583 2495 1682 2526 vero,
1711 2495 1803 2531 quae

245 2538 446 2572 carnalibus
477 2539 634 2583 peccatis
665 2547 958 2580 connumeratur,
990 2551 1053 2585 pro
1086 2539 1261 2573 adulterio
1291 2538 1447 2584 ponitur,
1469 2538 1565 2584 quod
1595 2546 1647 2573 est
1674 2537 1803 2583 injusta

245 2592 426 2637 usurpatio
449 2591 568 2625 uxoris
592 2591 740 2625 alienae.
764 2591 831 2625 Vel
854 2600 971 2637 potest
994 2592 1075 2633 dici,
1098 2592 1194 2638 quod
1218 2603 1284 2633 res,
1305 2592 1339 2625 in
1359 2603 1428 2638 qua
1447 2591 1646 2626 delectatur
1665 2602 1803 2632 avarus,

245 2645 432 2690 corporale
456 2645 639 2690 quoddam
662 2653 732 2683 est;
755 2652 788 2678 et
810 2653 983 2690 quantum
1014 2645 1056 2678 ad
1086 2646 1154 2679 lroc
1187 2653 1470 2679 connumeratur
1499 2645 1655 2691 peccatis
1685 2655 1806 2678 carna·

245 2699 353 2732 libus:
377 2698 437 2732 sed
461 2699 535 2744 ipsa
559 2697 750 2732 delectatio
774 2709 845 2731 non
870 2699 1021 2744 pertinet
1045 2699 1086 2732 ad
1110 2709 1268 2739 carnem,
1291 2699 1352 2732 sed
1380 2698 1422 2732 ad
1451 2698 1634 2745 spiritum;
1661 2705 1695 2732 et
1721 2697 1804 2732 ideo

246 2751 398 2796 Gregor.
419 2751 504 2785 dicit
527 2750 598 2795 (Iilr.
618 2763 663 2797 31.
688 2751 811 2785 Mor-ul.
835 2758 905 2798 cup.
929 2763 975 2797 17·
999 2758 1072 2786 unte
1093 2753 1178 2796 litu),
1197 2751 1294 2798 quod
1317 2760 1369 2786 est
1389 2751 1558 2798 spirituale
1572 2756 1756 2797 peccatum.
