1907 3198
559 189 781 227 ouans-rm
815 189 886 220 cx.
920 186 1164 219 narremus
1197 185 1225 216 1.
1590 172 1670 228 843

110 275 228 318 ralem,
248 272 302 309 sed
327 272 414 320 quod
438 272 624 319 specialiter
642 273 769 317 gratiae
790 271 921 305 nomine
942 270 1161 305 remissionem
1179 266 1415 313 significaverit
1437 270 1648 312 peccatorum
1660 278 1672 306 ;

111 339 186 364 non
200 338 288 374 ergo
310 326 388 362 sola
410 326 575 360 remissio
598 334 830 372 peccatorum
854 324 897 358 ad
914 323 1066 367 gratiam
1082 322 1245 369 pertinet,
1261 320 1321 354 sed
1338 320 1447 354 etiam
1471 319 1583 354 multa
1607 319 1676 353 alia

110 381 181 417 Dei
201 381 316 416 dona:
335 388 370 415 et
391 380 472 414 ideo
495 379 659 414 remissio
682 387 915 426 peccatorum
937 388 1010 411 non
1026 376 1063 411 lit
1081 376 1157 411 sine
1172 375 1293 421 aliquo
1308 373 1438 408 effectu
1453 373 1622 407 divinitus
1638 373 1673 406 in

112 435 215 471 uobis
232 442 394 476 causato,
415 441 454 468 ut
474 433 565 468 infra
586 433 719 480 patebit
741 432 785 479 (q.
810 444 870 479 ¹¹3·
893 437 958 466 art.
980 430 1042 475 2.)-

676 591 1022 638 ARTICULUS
1050 591 1105 635 11.
1610 599 1673 645 587

455 713 608 744 UTRUM
631 713 793 744 GRATIA
818 713 886 743 SIT
910 711 1129 749 QUALITAS
1152 710 1329 741 ANIMAE.

646 812 693 857 (2.
715 812 804 847 Dist.
826 812 881 847 26.
904 824 934 858 q.
954 824 980 847 1.
1003 815 1066 846 art.
1090 810 1150 852 2.).

184 916 244 951 AD
271 924 480 950 SECUNDUM
501 913 553 949 sic
575 913 792 961 proceditur.
823 911 985 953 Videtur,
1012 911 1109 958 quod
1132 911 1246 955 gratia
1267 920 1342 944 non
1363 909 1409 943 sit
1429 908 1584 955 qualitas
1606 907 1680 942 ani·

113 977 215 1002 mae:
235 967 333 1003 nulla
353 968 452 1003 enim
470 967 624 1014 qualitas
646 967 720 1013 agit
741 967 776 1000 in
803 977 909 1000 suum
931 965 1153 1011 subjectum;
1175 964 1259 1010 quia
1281 963 1376 998 actio
1395 961 1578 1009 qualitatis
1603 972 1678 996 non

112 1028 167 1056 est
178 1020 310 1068 absque
324 1021 467 1056 actione
482 1021 650 1066 subjecti;
666 1028 701 1055 et
714 1020 764 1054 sic
781 1018 1082 1066 oporteret,quod
1097 1018 1300 1062 subjectum
1316 1024 1439 1062 ageret
1452 1016 1486 1050 in
1499 1016 1672 1061 seipsum:

111 1074 175 1110 sed
195 1075 308 1121 gratia
329 1075 404 1121 agit
424 1075 460 1109 in
483 1075 656 1116 animam,
678 1073 906 1119 justificando
930 1073 1065 1119 ipsam3
1088 1082 1175 1117 ergo
1198 1072 1311 1115 gratia
1333 1081 1406 1104 non
1430 1077 1484 1104 est
1512 1068 1677 1116 qualitas.

183 1137 216 1163 2.
236 1128 472 1164 PRAETEREA.
500 1128 708 1163 Substantia
736 1136 790 1162 est
809 1126 968 1161 nobilior
989 1125 1178 1172 qualitate:
1205 1125 1267 1159 sed
1290 1124 1404 1170 gratia
1431 1131 1484 1158 est
1509 1123 1678 1165 nobilior,

110 1192 222 1229 quam
242 1189 368 1217 natura
390 1182 551 1217 animae:
570 1181 684 1216 multa
699 1182 797 1216 enim
813 1190 1006 1226 possumus
1022 1190 1084 1225 per
1106 1178 1272 1225 gratiam,
1292 1178 1335 1211 ad
1354 1188 1446 1224 quae
1460 1186 1587 1211 natura
1602 1187 1675 1210 non

111 1234 254 1278 sufficit,
276 1243 316 1270 ut
334 1247 442 1282 supra
463 1235 598 1270 dictum
613 1244 667 1270 est
682 1237 728 1282 (q.
746 1247 820 1281 109.
836 1239 901 1269 art.
917 1246 944 1269 1.
959 1245 989 1269 2.
1003 1238 1032 1268 et
1042 1234 1110 1280 3.),·
1127 1243 1214 1279 ergo
1230 1232 1344 1278 gratia
1359 1242 1432 1266 non
1448 1239 1502 1265 est
1515 1230 1679 1277 qualitas.

133 1315 141 1323 .
185 1300 215 1336 3.
236 1288 474 1324 ΡιιΑΕτΕκεΑ.
496 1288 606 1324 Nulla
619 1288 773 1335 qualitas
792 1295 966 1329 remanet,
985 1295 1180 1332 postquam
1199 1285 1329 1320 desinit
1347 1296 1425 1320 esse
1444 1285 1479 1318 in
1497 1284 1679 1329 subjecto:

110 1342 173 1378 sed
194 1342 310 1389 gratia
330 1350 512 1378 remanet:
534 1353 608 1377 non
631 1342 728 1376 enim
750 1341 1014 1387 corrumpitur;
1036 1340 1119 1386 quia
1141 1339 1192 1374 sic
1214 1339 1250 1373 'm
1271 1338 1426 1373 nihilum
1446 1338 1680 1383 redigeretur,

111 1395 204 1431 sicut
223 1407 266 1431 ex
286 1395 402 1431 nihilo
423 1403 583 1430 creatur:
619 1395 714 1430 unde
744 1403 780 1430 et
806 1395 936 1430 dicitur
963 1405 1051 1428 nova
1080 1397 1235 1428 creatura
1265 1392 1308 1426 ad
1338 1391 1457 1427 Galat.
1480 1391 1563 1434 ult.;
1591 1402 1679 1438 ergo

111 1449 227 1497 gratia
247 1459 321 1484 non
344 1457 398 1484 est
418 1449 583 1496 qualitas.

182 1502 258 1538 szn
284 1512 440 1538 CONTRA
467 1511 531 1546 est,
557 1503 654 1550 quod
681 1514 788 1550 super
813 1501 901 1537 illud
928 1501 986 1537 Ps.
1013 1512 1109 1547 103.:
1143 1501 1186 1536 Ut
1211 1500 1372 1536 exhilaret
1385 1500 1511 1547 faciem
1536 1501 1569 1534 in
1596 1500 1677 1542 oleo,

110 1556 197 1592 dicit
209 1555 330 1592 Gloss.
345 1555 433 1602 (ord.
449 1557 568 1604 Aug),
585 1557 682 1604 quod
697 1557 812 1604 gratia
827 1564 881 1591 est
895 1556 990 1590 nitor
1012 1555 1167 1597 animae,
1182 1563 1347 1589 sanctum
1364 1553 1564 1588 concilians
1580 1565 1679 1588 amo-

110 1621 206 1646 rem:
228 1611 291 1646 sed
310 1610 408 1646 nitor
428 1610 572 1646 animae
595 1618 648 1646 est
669 1611 850 1658 quaedam
872 1609 1038 1657 qualitas,
1060 1610 1153 1644 sicut
1175 1617 1209 1644 et
1235 1608 1469 1656 pulchritudo
1496 1608 1679 1654 corporis;

110 1674 199 1712 ergo
220 1663 335 1711 gratia
355 1671 410 1699 est
429 1664 610 1711 quaedam
632 1664 796 1711 qualitas.

181 1717 411 1754 Rtsvoum-:o
432 1718 640 1761 dicendum,
661 1719 771 1766 quod,
793 1719 886 1753 sicut
907 1719 980 1764 jam
1002 1717 1139 1752 dictum
1165 1724 1220 1752 est
1241 1716 1478 1763 (art.pracc.)‚
1498 1716 1532 1750 in
1548 1727 1605 1758 eo,
1619 1715 1680 1762 qui

112 1771 243 1808 dicitur
263 1772 417 1819 gratiam
439 1772 510 1808 Dei
535 1772 680 1815 habere,
714 1772 935 1819 significatur
962 1783 1039 1806 esse
1061 1770 1209 1817 quidam
1237 1769 1386 1805 effectus
1408 1770 1584 1815 gratuitae
1610 1769 1681 1804 Dei

109 1824 325 1862 voluntatis:
346 1826 484 1861 dictum
505 1833 559 1861 est
580 1834 702 1861 autem
721 1837 826 1873 supra
848 1826 896 1872 (q.
914 1837 986 1871 109.
1003 1830 1067 1860 art.
1088 1824 1146 1869 1.)‚
1166 1824 1262 1870 quod
1278 1823 1453 1871 dupliciter
1468 1835 1510 1858 ex
1525 1823 1679 1869 gratuita

109 1878 180 1914 Dei
199 1878 386 1915 voluntate
404 1879 520 1914 homo
535 1880 742 1925 adjuvatur:
762 1892 825 1914 uno
840 1879 948 1921 modo,
966 1879 1179 1925 inquantum
1199 1878 1321 1912 anima
1337 1877 1496 1912 hominis
1511 1885 1679 1912 movetur

110 1943 131 1968 a
151 1933 234 1969 Deo
255 1934 299 1969 ad
320 1933 455 1981 aliquid
476 1933 789 1980 cognoscendum,
811 1933 868 1968 vel
891 1932 1100 1975 volendum,
1122 1931 1179 1966 vel
1203 1931 1403 1977 agendum:
1423 1939 1458 1966 et
1475 1931 1545 1965 hoc
1566 1931 1678 1965 modo

110 1986 186 2035 ipse
207 1988 382 2034 gratuitus
404 1986 554 2023 effectus
576 1987 611 2022 in
633 1987 783 2022 homine
805 1998 877 2021 non
899 1994 951 2021 est
969 1985 1134 2033 qualitas,
1149 1985 1210 2020 sed
1226 1993 1347 2019 motus
1361 1985 1508 2031 quidam
1524 1984 1680 2027 animae,

111 2048 212 2076 actus
232 2041 330 2077 enim
351 2041 532 2076 moventis
554 2041 589 2075 in
612 2050 716 2076 moto
738 2049 790 2076 est
820 2049 954 2082 motus,
977 2048 1015 2074 ut
1036 2039 1167 2074 dicitur
1188 2039 1223 2073 in
1250 2050 1278 2085 3.
1306 2039 1450 2085 Physic.
1481 2039 1561 2082 (tex.
1581 2039 1646 2084 18.)
1667 2050 1678 2073 .·

110 2094 178 2130 alio
197 2094 295 2131 modo
316 2095 506 2142 adjuvatur
523 2095 639 2130 homo
661 2106 702 2129 ex
721 2095 875 2141 gratuita
895 2094 963 2129 Dei
983 2093 1181 2135 voluntate,
1200 2094 1399 2128 secundum
1419 2093 1514 2139 quod
1532 2092 1678 2139 aliquod

110 2147 295 2184 habituale
314 2148 454 2184 donum
476 2159 496 2183 a
517 2148 598 2183 Deo
622 2148 765 2183 animae
787 2148 1000 2182 infunditur:
1025 2155 1059 2182 et
1080 2147 1151 2182 hoc
1171 2147 1266 2188 ideo,
1285 2147 1369 2193 quia
1387 2157 1461 2181 non
1479 2155 1532 2181 est
1550 2157 1680 2181 conve-

111 2202 228 2245 niens,
248 2202 346 2249 quod
366 2201 468 2237 Deus
489 2201 608 2237 minus
631 2202 820 2249 provideat
841 2202 909 2243 his,
931 2212 1022 2248 quos
1044 2201 1160 2247 diligit
1182 2201 1224 2235 ad
1248 2200 1519 2247 supernaturale
1540 2201 1677 2235 bonum

111 2254 333 2299 habendum,
353 2266 464 2302 quam
486 2256 669 2298 creaturis,
691 2267 780 2302 quas
798 2255 914 2302 diligit
932 2255 975 2290 ad
994 2255 1131 2289 bonum
1151 2253 1314 2289 naturale
1334 2254 1561 2288 habendum:
1585 2265 1681 2289 crea-

110 2309 200 2345 turia
221 2317 344 2345 autem
362 2308 585 2344 naturalibus
607 2309 656 2344 sic
680 2309 854 2356 providet,
878 2317 914 2343 ut
935 2320 1008 2343 non
1032 2309 1151 2344 solum
1174 2316 1321 2343 moveat
1343 2319 1403 2342 eas
1431 2308 1474 2341 ad
1503 2316 1603 2342 actus
1621 2318 1679 2342 na·

111 2361 258 2406 uitales,
278 2362 340 2399 sed
362 2362 472 2398 etiam
494 2362 666 2409 largiatur
687 2364 737 2397 eis
761 2362 908 2405 formas,
931 2371 965 2398 et
986 2363 1134 2397 virtutes
1156 2363 1344 2408 quasdam,
1366 2373 1458 2408 quae
1481 2369 1563 2396 sunt
1585 2361 1677 2408 prin-

112 2415 207 2464 cipia
227 2424 387 2459 actuum,
408 2424 446 2452 ut
467 2417 666 2452 secundum
700 2416 837 2463 seipsas
859 2416 1075 2451 inclinentur
1097 2416 1140 2450 ad
1167 2415 1377 2460 hujusmodi
1400 2423 1538 2457 motus;
1566 2423 1600 2449 et
1626 2414 1676 2449 sic

112 2477 246 2514 motus,
271 2470 399 2518 quibus
422 2481 441 2505 a
467 2470 548 2505 Deo
571 2478 774 2512 moventur,
801 2469 890 2505 fiunt
916 2470 1087 2505 creaturis
1114 2468 1379 2510 connaturales,
1407 2477 1441 2503 et
1463 2468 1599 2510 faciles,
1626 2479 1678 2504 sc-

112 2523 270 2560 cundum
292 2523 380 2559 illud
403 2523 487 2570 Sap.
509 2524 561 2559 8.:
584 2524 626 2559 Ee
639 2524 782 2571 disponit
800 2525 914 2558 omnia
928 2525 1085 2559 suaviter.
1099 2523 1217 2558 Multo
1238 2523 1345 2567 igitur
1360 2522 1475 2566 magis
1491 2521 1572 2563 illis',
1587 2533 1678 2568 quos

111 2586 238 2614 movet
265 2577 311 2614 ad
335 2577 632 2625 consequendum
661 2578 799 2612 bonum
827 2577 1098 2624 supernaturale
1129 2586 1328 2617 aeternum,
1358 2575 1511 2610 infundit
1539 2576 1677 2622 aliquas

110 2631 260 2675 formas,
279 2641 343 2667 seu
369 2631 559 2679 qualitates
585 2630 885 2678 supernaturales,
913 2631 1112 2666 secundum
1140 2642 1228 2677 quas
1255 2630 1422 2670 suaviter,
1450 2638 1483 2664 et
1511 2639 1677 2676 prompte

112 2684 157 2721 ab
177 2685 258 2732 ipso
278 2693 494 2721 moveantur
512 2685 555 2720 ad
570 2685 706 2719 bonum
727 2693 911 2720 aeternum
931 2685 1250 2731 conseque-minim
1273 2692 1307 2718 et
1321 2684 1369 2717 sic
1388 2684 1523 2717 donum
1540 2684 1676 2729 gratiae

111 2738 265 2787 qualitas
276 2738 465 2786 'quaedam
488 2746 552 2774 cst.

183 2791 244 2828 An
258 2801 407 2829 vntum(
429 2803 516 2838 ergo
538 2792 747 2834 dicendum,
769 2792 864 2839 quod
888 2793 1013 2838 gratia,
1036 2792 1234 2827 secundum
1258 2792 1353 2838 quod
1375 2800 1427 2826 est
1446 2791 1611 2838 qualitaS,
1630 2792 1678 2826 di·

113 2845 333 2894 eitur'agere
353 2846 389 2882 in
411 2846 585 2887 animam,
620 2856 693 2881 non
718 2857 779 2892 per
800 2847 960 2881 modum·
973 2857 1104 2881 causae
1123 2845 1322 2886 efficientis,
1349 2846 1410 2881 sed
1438 2857 1499 2892 per
1525 2846 1675 2880 modum

113 2909 246 2936 causae
264 2898 445 2936 formalis:
468 2901 562 2935 sicut
583 2899 712 2935 albedo
734 2899 818 2935 facit
838 2899 975 2943 album,
996 2908 1030 2935 ct
1051 2900 1183 2946 justitia
1203 2900 1347 2945 justum.
