1907 3182
252 171 334 214 332
672 172 895 207 QUAESTIO
930 172 1060 202 XLVII.
1095 172 1337 202 ARTICULUS
1370 173 1397 202 1.

731 395 1085 455 QUAESTIO
1126 395 1327 443 XLVII.

392 520 454 551 DE
483 520 634 552 CAUSA
661 520 921 550 EFFECTIVA
947 520 1072 558 IRAE,
1111 520 1170 551 ET
1196 521 1258 551 DE
1285 520 1510 552 REMEDIIS
1536 520 1658 561 EJUS,

630 591 681 621 IN
709 590 936 630 QUATUOR
956 591 1217 623 ARTICULOS
1243 591 1417 622 DIVISA.

320 730 460 765 Deinde
483 730 786 765 considerandum
805 739 857 765 est
878 731 921 766 de
944 742 1052 765 causa
1071 730 1237 765 effectiva
1258 731 1343 774 irae,
1365 739 1400 766 et
1421 731 1464 766 de
1485 732 1652 767 remediis
1674 733 1760 778 ejus.

710 821 753 855 Et
774 821 864 855 circa
886 820 944 855 hoc
967 826 1175 867 quaeruntur
1195 826 1348 867 quatuor.

321 890 455 925 Primo.
480 890 611 925 Utrum
629 902 773 938 semper
794 892 973 926 motivum
993 892 1067 926 irae
1089 892 1134 926 sit
1155 892 1288 938 aliquid
1302 891 1439 926 factum
1461 900 1586 927 contra
1608 903 1704 935 eum,
1725 893 1810 939 quid

249 952 424 979 irascitur.

322 997 503 1032 Secundo.
523 998 655 1032 Utrum
673 998 751 1032 sola
773 999 1013 1045 parvipensio,
1034 998 1092 1033 vel
1113 999 1297 1046 despectio
1319 999 1364 1034 sit
1384 999 1563 1034 motivum
1583 1000 1668 1035 irae.

322 1050 460 1085 Tertio.
487 1052 542 1085 De
565 1063 673 1086 causa
694 1052 768 1086 irae
790 1063 831 1086 ex
849 1060 948 1098 parte
969 1052 1166 1087 irascentis.

322 1104 476 1144 Quarto.
497 1105 554 1139 De
577 1116 686 1140 causa
707 1105 781 1140 irae
803 1117 845 1140 ex
867 1114 966 1152 parte
988 1107 1074 1152 ejus,
1097 1115 1223 1141 contra
1243 1118 1352 1153 quem
1375 1106 1502 1154 aliquis
1523 1107 1698 1142 irascitur.

825 1230 1169 1275 ARTICULUS
1199 1231 1232 1274 Ι.
1743 1253 1810 1289 259

427 1333 581 1363 UTRUM
608 1333 772 1363 SEMPER
798 1333 1001 1363 MOTIVUM
1027 1333 1126 1363 IRAE
1149 1334 1215 1363 SIT
1243 1333 1426 1370 ALIQUID
1454 1334 1635 1364 FACTUM

689 1398 868 1428 CONTRA
889 1399 992 1439 EUM,
1022 1400 1098 1434 QUI
1126 1399 1368 1429 IRASCITUR.

322 1480 380 1513 AD
407 1490 555 1514 PR1MUM
581 1480 631 1514 sic
659 1480 875 1526 proceditur.
902 1481 1064 1523 Videtur,
1093 1481 1189 1527 quod
1215 1492 1290 1515 non
1316 1492 1459 1528 semper
1486 1481 1613 1528 aliquis
1639 1482 1814 1516 irascatur

251 1542 397 1579 propter
419 1533 552 1580 aliquid
575 1542 700 1568 contra
722 1546 758 1568 se
779 1534 934 1569 factum:
957 1535 1071 1569 homo
1099 1535 1195 1569 enim
1223 1535 1408 1580 peccando
1431 1535 1522 1569 nihil
1544 1543 1670 1570 contra
1691 1536 1812 1569 Deum

250 1586 367 1621 facere
386 1595 518 1633 potest:
535 1588 663 1621 dicitur
684 1589 781 1621 enim
795 1588 861 1633 Job
886 1599 954 1633 35.:
972 1589 1009 1623 St
1030 1589 1265 1634 mallzfflicatae
1278 1589 1409 1634 fuerint
1426 1590 1612 1634 iniquitates
1633 1594 1717 1631 tuae,
1736 1588 1814 1634 qnid

243 1641 349 1686 facies
375 1646 490 1675 contra
516 1641 636 1676 illum?
658 1642 786 1675 dicitur
811 1650 934 1675 tamen
960 1642 1060 1676 Deus
1087 1642 1193 1675 irasci
1220 1650 1346 1685 contra
1372 1642 1540 1676 homines
1566 1650 1712 1688 propter
1737 1653 1815 1687 pec·

251 1703 341 1736 cata,
363 1695 562 1728 secundum
584 1694 671 1728 illud
698 1694 791 1728 Psal.
823 1705 916 1739 105.:
944 1695 1055 1729 Iratus
1077 1700 1121 1729 est
1133 1695 1253 1741 surore
1274 1696 1440 1729 Dominus
1460 1697 1496 1729 in
1511 1696 1671 1742 populum
1695 1707 1812 1736 Μυκη,-

251 1759 337 1792 ergo
359 1758 433 1781 non
455 1759 597 1793 semper
619 1747 747 1793 aliquis
768 1748 932 1782 irascitur
954 1756 1099 1794 propter
1122 1748 1255 1794 aliquid
1278 1756 1404 1782 contra
1425 1759 1463 1782 se
1483 1747 1631 1783 factum.

322 1801 601 1835 2.PRAETEREA.
622 1801 677 1834 Ira
697 1809 749 1835 est
770 1801 946 1848 appetitus
967 1802 1160 1844 vindictae,
1183 1809 1221 1836 ut
1242 1813 1349 1848 supra
1372 1810 1436 1836 art.
1458 1812 1490 1836 2.
1513 1804 1600 1848 (arg.
1621 1803 1674 1837 sed
1691 1803 1812 1848 contr.)

251 1854 396 1888 definita
417 1862 488 1889 est:
510 1854 571 1888 sed
599 1854 726 1900 aliquis
754 1856 887 1901 appetit
911 1855 1109 1889 vindictam
1135 1855 1253 1890 facere
1276 1856 1385 1890 etiam
1407 1856 1451 1890 de
1481 1856 1548 1898 his,
1575 1867 1667 1903 quae
1689 1865 1815 1891 contra

252 1908 341 1942 alios
364 1908 470 1950 fiunt;
493 1919 580 1953 ergo
602 1920 676 1942 non
698 1920 842 1954 semper
863 1909 1041 1943 motivum
1064 1911 1137 1943 irae
1159 1917 1212 1943 est
1233 1909 1367 1955 aliquid
1389 1918 1515 1944 contra
1536 1921 1604 1944 nos
1625 1910 1772 1944 factum.

326 1973 353 2007 3.
376 1962 612 1996 PRAETEREA.
633 1962 735 1996 Sicut
748 1962 884 1996 Philos.
905 1962 991 1996 dicit
1004 1963 1039 1996 in
1055 1973 1085 1996 2.
1102 1963 1251 1997 Rhetor.
1271 1964 1358 2010 (cap.
1377 1975 1408 1998 2.
1422 1968 1496 2009 post
1515 1963 1630 2008 med),
1645 1964 1814 1998 homines

251 2017 453 2051 irascuntur
474 2018 666 2063 praecipue
691 2025 816 2051 contra
843 2028 918 2059 eos,
945 2017 1005 2063 qui
1031 2017 1233 2063 despiciunt
1254 2028 1307 2058 ea,
1330 2017 1425 2050 circa
1447 2028 1539 2063 quae
1565 2017 1632 2063 ipsi
1658 2018 1815 2051 maxime

251 2071 411 2106 student:
435 2071 527 2104 sicut
549 2071 609 2116 qui
631 2071 775 2104 student
798 2071 832 2104 in
855 2070 1098 2116 philosophia,
1120 2070 1321 2104 irascuntur
1336 2078 1461 2105 contra
1481 2081 1555 2112 eos,
1577 2070 1638 2116 qui
1659 2070 1816 2117 philoso-

250 2125 375 2169 phiam
397 2124 616 2170 despiciunt:
641 2132 675 2158 et
696 2124 812 2158 simile
835 2133 887 2158 est
909 2126 943 2158 in
966 2124 1060 2157 aliis:
1084 2123 1145 2157 sed
1169 2123 1352 2169 despicere
1373 2123 1647 2170 philosophiam
1667 2135 1741 2158 non
1762 2131 1815 2158 est

250 2189 382 2212 nocere
405 2178 470 2223 ipsi
498 2178 678 2219 studenti;
705 2189 779 2211 non
807 2189 893 2223 ergo
925 2189 1067 2224 semper
1094 2177 1282 2211 irascimur
1309 2185 1456 2224 propter
1484 2177 1532 2219 id,
1560 2177 1656 2224 quod
1689 2186 1814 2212 contra

251 2242 318 2265 nos
340 2230 389 2265 sit.

321 2295 354 2327 4.
370 2285 605 2319 PRAETEREA.
626 2284 701 2325 Ille,
716 2285 776 2330 qui
791 2293 885 2319 tacet
900 2292 1026 2318 contra
1040 2283 1376 2326 contumeliantem‚
1395 2284 1511 2330 magis
1529 2284 1648 2330 ipsum
1663 2283 1706 2318 ad
1724 2284 1815 2318 iram

251 2347 437 2384 provocat,
465 2346 502 2372 ut
529 2339 615 2372 dicit
642 2338 791 2384 Chrys:
814 2338 875 2372 sed
898 2338 933 2372 in
956 2338 1026 2372 hoc
1055 2346 1181 2372 contra
1207 2338 1326 2384 ipsum
1352 2337 1443 2371 nihil
1469 2338 1553 2383 agit,
1581 2338 1677 2384 quod
1699 2345 1814 2380 tacet;

252 2403 338 2437 ergo
353 2403 427 2426 non
443 2403 585 2437 semper
600 2392 650 2425 ira
666 2391 816 2436 alicujus
830 2400 1050 2437 provocatur
1063 2399 1208 2437 propter
1225 2391 1370 2437 aliquid,
1385 2391 1482 2437 quod
1497 2399 1623 2425 contra
1635 2391 1750 2437 ipsum
1766 2390 1814 2425 fit.

323 2446 396 2480 SED
413 2456 566 2480 CONTRA
585 2453 647 2485 est,
663 2446 759 2491 quod
776 2445 1019 2491 Philosophus
1042 2445 1128 2479 dicit
1143 2445 1179 2478 in
1196 2455 1226 2478 2.
1248 2444 1433 2478 Rhetoric.
1451 2444 1538 2491 (cap.
1556 2456 1589 2488 4.
1604 2451 1710 2491 prope
1719 2444 1815 2490 sim),

252 2499 348 2545 quod
375 2499 426 2533 ira
454 2499 492 2533 fit
518 2510 661 2544 semper
683 2510 723 2532 ex
747 2499 813 2539 his,
835 2510 927 2544 quae
955 2499 998 2532 ad
1024 2498 1201 2543 seipsum;
1228 2498 1418 2532 inimicitia
1445 2505 1566 2532 autem
1589 2505 1625 2532 et
1645 2498 1721 2532 sine
1748 2497 1815 2540 his,

252 2564 342 2598 quae
366 2553 408 2586 ad
431 2553 568 2598 ipsum:
593 2552 621 2585 si
643 2552 739 2585 enim
763 2560 929 2597 putemus
951 2551 1060 2586 taleni
1083 2562 1172 2593 esse,
1195 2551 1350 2586 odimus.

323 2606 551 2640 Ri-:sponozo
574 2605 778 2646 dicendum,
801 2605 910 2650 quod,
931 2605 1023 2639 sicut
1045 2617 1150 2651 supra
1171 2605 1308 2639 dictum
1328 2613 1381 2639 est
1395 2604 1440 2650 (q.
1455 2605 1512 2649 46.
1530 2610 1594 2640 art.
1613 2605 1675 2649 6.)‚
1694 2605 1746 2639 ira
1765 2610 1816 2639 est

253 2661 427 2706 appetitus
442 2659 598 2693 nocendi
614 2658 714 2692 alteri
729 2659 791 2691 sub
808 2659 946 2692 ratione
962 2660 1042 2702 justi
1054 2659 1278 2692 vindicativi:
1295 2658 1453 2692 vindicta
1469 2667 1589 2692 autem
1605 2658 1728 2692 locum
1742 2668 1814 2692 non

253 2713 371 2753 habet,
398 2713 465 2746 nisi
493 2713 550 2746 ubi
579 2712 772 2758 praecessit
794 2711 932 2755 iniuria,
955 2723 1021 2745 nec
1045 2712 1172 2756 injuria
1195 2712 1314 2745 omnis
1342 2711 1385 2745 ad
1411 2711 1608 2746 vindictam
1631 2719 1815 2758 provocat,

253 2767 313 2800 sed
336 2766 395 2800 illu
419 2765 507 2806 sola,
531 2777 621 2811 quae
645 2765 687 2798 ad
704 2776 785 2798 eum
807 2765 969 2810 pertinet,
992 2765 1051 2810 qui
1072 2765 1204 2810 appetit
1223 2765 1440 2806 vindictam3
1463 2765 1555 2799 sicut
1573 2765 1670 2799 enim
1693 2775 1816 2799 unum-

253 2819 421 2865 quodque
448 2818 657 2852 naturaliter
680 2817 812 2864 appetit
839 2818 1022 2863 proprium
1048 2818 1205 2859 honu1n;
1232 2818 1279 2852 ita
1307 2818 1415 2852 etiam
1443 2817 1652 2852 naturaliter
1678 2817 1816 2864 repellit

253 2874 438 2920 proprium
455 2872 610 2906 malum:
635 2872 761 2917 injuria
781 2879 900 2906 autern
925 2872 966 2905 ab
990 2871 1111 2917 aliquo
1128 2871 1220 2906 sacta
1239 2883 1311 2906 non
1334 2872 1485 2918 pertinet
1500 2871 1543 2906 ad
1560 2871 1729 2918 aliquem,
1747 2871 1814 2906 nisi
