1907 3198
533 176 756 213 QUAESTIO
789 177 831 206 X.
866 175 1112 207 ARTICULUS
1145 176 1189 206 11.
1566 178 1641 208 101

147 271 179 296 2.
200 260 436 296 PRAETEREA.
465 258 567 293 Sicut
591 257 760 293 voluntas
787 266 840 293 est
865 258 918 292 vis
944 257 1207 300 immaterialis,
1234 257 1282 293 ita
1308 266 1343 293 et
1369 257 1591 300 intellectus;
1613 267 1648 293 et

76 322 227 362 utraque
247 312 407 360 potentia
430 312 473 346 ad
495 312 679 358 objectum
699 311 902 346 universale
924 311 1122 353 ordinatur,
1144 319 1183 346 ut
1203 311 1339 346 dictum
1363 320 1416 346 est
1438 312 1517 356 (art.
1533 319 1647 359 praec.

76 367 123 404 ad
135 369 180 415 3.)
192 380 203 402 :
222 366 283 402 sed
302 365 506 401 intellectus
524 376 566 400 ex
584 365 797 400 necessitate
818 373 986 400 movetur
1003 376 1023 399 a
1045 376 1111 399 suo
1131 365 1294 411 object0;
1316 376 1404 412 ergo
1426 374 1461 400 et
1481 364 1648 400 voluntas

77 433 98 457 a
123 431 202 457 suo.

154 484 185 520 3.
206 473 444 509 Prummu.
468 472 604 514 Omne,
626 472 722 519 quod
745 472 824 519 quis
845 471 933 515 vult,
948 480 1008 507 aut
1027 480 1080 507 est
1098 471 1190 514 finis,
1209 480 1269 506 aut
1288 471 1421 519 aliquid
1441 472 1647 507 ordinatum

81 527 125 563 ad
158 527 287 563 finem:
315 526 377 561 sed
403 525 512 561 finem
540 525 668 572 aliquis
695 537 737 560 ex
764 526 978 560 necessitate
1005 525 1092 567 vult,
1120 534 1157 560 ut
1183 525 1341 568 videtur;
1369 526 1452 572 quia
1478 534 1532 560 est
1557 526 1648 560 sicut

78 581 296 630 principium
322 580 358 615 in
384 579 626 627 speculativis,
655 579 713 614 cui
740 590 782 613 ex
808 579 1022 614 necessitate
1055 579 1293 614 assentimus:
1328 578 1407 614 finis
1440 588 1561 614 autem
1595 587 1649 614 est

78 634 171 671 ratio
191 633 338 670 volendi
359 644 401 668 ea
422 644 514 680 quae
536 640 618 668 sunt
640 633 683 667 ad
706 632 828 674 finem,
851 641 886 668 et
907 633 956 667 sic
979 632 1120 668 videtur
1138 633 1260 674 etiam,
1279 633 1376 680 quod
1395 644 1437 668 ea
1456 644 1547 680 quae
1567 642 1648 668 sunt

78 688 124 724 ad
143 687 266 731 finem,
284 698 326 723 ex
343 686 558 722 necessitate
576 686 750 729 velimus;
769 686 937 721 voluntas
956 698 1045 733 ergo
1065 698 1107 721 ex
1126 686 1340 722 necessitate
1359 695 1526 722 movetur
1544 698 1563 721 a
1582 698 1648 721 suo

78 741 234 789 objecto.

148 793 225 831 Sex>
246 803 402 830 coum
423 801 488 836 est,
509 792 606 841 quod
629 793 812 840 potentiae
833 793 1040 839 rationales,
1055 793 1255 828 secundum
1276 793 1412 829 Philos.
1433 793 1481 840 (9.
1501 794 1647 841 Metaph.

77 854 141 886 tax.
157 849 217 897 3,),
239 855 323 884 sunt
343 847 386 882 ad
409 848 594 895 opposita:
622 847 684 882 sed
711 847 880 882 voluntas
909 855 963 882 est
988 847 1149 894 potentia
1176 847 1380 883 rationalis:
1409 855 1463 882 est
1488 848 1584 882 enim
1612 847 1648 882 in

77 902 229 946 ratione,
249 909 289 937 ut
307 901 439 937 dicitur
464 901 500 936 in
525 913 553 948 3.
576 901 620 936 de
643 901 778 936 Anima
801 900 880 944 (tex.
902 903 974 947 42.)
986 914 998 942 ,·
1022 913 1110 947 crgo
1138 900 1306 936 voluntas
1334 913 1370 936 se
1393 901 1501 936 habet
1523 901 1566 936 ad
1588 912 1650 948 op-

78 956 212 1004 posita;
232 966 307 991 non
328 965 416 1002 ergo
437 966 479 990 ex
501 955 714 990 necessitate
737 962 904 990 movetur
926 955 970 989 ad
993 954 1146 990 alterum
1169 955 1433 1002 oppositorum.

149 1009 379 1047 RESPONDEO
401 1008 607 1051 dicendum,
626 1008 723 1055 quod
742 1008 909 1043 voluntas
929 1018 1096 1043 movetur
1113 1008 1298 1056 dupliciter.
1324 1009 1396 1044 Uno
1414 1008 1522 1051 modo,
1541 1008 1650 1056 q‘uan-

78 1071 157 1099 tum
177 1062 222 1098 ad
243 1062 453 1098 exercitium
475 1070 587 1097 actus.
610 1062 688 1097 Alio
707 1061 815 1104 modo,
835 1070 1009 1109 quantum
1030 1062 1074 1096 ad
1093 1062 1403 1108 specificationem
1426 1071 1538 1105 actus,
1556 1074 1648 1110 quae

79 1124 135 1153 ατ
151 1127 195 1152 ex
215 1115 371 1162 objecto.
394 1115 508 1151 Primo
529 1126 617 1162 ergo
632 1115 738 1158 modo,
755 1116 909 1150 voluntas
922 1128 941 1150 ιι
960 1116 1049 1150 nullo
1072 1117 1196 1162 objecto
1214 1128 1253 1151 cx
1271 1118 1454 1151 necessitate
1477 1122 1647 1152 movetur:

27 1185 34 1190 ·
78 1176 198 1219 potest
216 1169 315 1204 enim
336 1167 464 1215 aliquis
485 1168 529 1203 de
551 1179 783 1216 quocumque
810 1169 954 1215 objecto
980 1181 1054 1204 non
1082 1169 1256 1216 cogitare,
1278 1178 1313 1204 et
1334 1182 1397 1217 per
1418 1181 1644 1218 consequens

77 1232 195 1271 neque
215 1228 298 1256 actu
318 1220 412 1256 velle
432 1220 531 1255 illud.

147 1274 221 1312 Sed
241 1282 417 1323 quantum
439 1274 483 1309 ad
504 1275 704 1309 secundum
727 1275 901 1310 motionis
923 1276 1087 1318 modum,
1109 1276 1278 1312 voluntas
1300 1277 1343 1311 ab
1363 1277 1484 1325 aliquo
1504 1278 1648 1325 objecto

21 1367 27 1370 ,
82 1340 126 1366 ex
147 1327 363 1365 necessitate
388 1336 567 1371 movetur,
589 1328 632 1362 ab
655 1327 777 1375 aliquo
805 1337 926 1364 autem
948 1340 1039 1365 non:
1066 1330 1101 1364 in
1129 1338 1231 1364 motu
1253 1331 1350 1365 enim
1380 1331 1570 1377 cujuslibet
1590 1343 1651 1379 po-

77 1382 211 1420 tentiae
223 1393 244 1418 a
257 1392 324 1418 suo
344 1381 488 1428 objecto
503 1381 766 1416 consideranda
787 1390 841 1417 est
862 1382 966 1425 ratio,
981 1394 1044 1430 per
1057 1395 1167 1430 quam
1183 1384 1366 1430 objectum
1386 1394 1509 1420 movet
1527 1394 1651 1432 poten-

78 1436 187 1474 tiam:
205 1434 346 1472 visibile
366 1435 464 1470 enim
485 1443 610 1470 movet
634 1435 752 1470 visum
780 1436 843 1470 sub
868 1437 1007 1471 ratione
1035 1436 1169 1472 coloris
1197 1446 1277 1472 actu
1304 1438 1473 1481 visibilis;
1500 1439 1594 1474 unde
1621 1440 1650 1474 si

80 1489 185 1527 color
201 1496 426 1538 proponatur
445 1489 549 1531 visui,
576 1500 618 1524 ex
638 1489 853 1524 necessitate
875 1499 1000 1525 movet
1020 1490 1151 1537 ipsum,
1173 1491 1241 1526 nisi
1263 1491 1391 1538 aliquis
1413 1493 1531 1527 visum
1553 1504 1651 1528 aver-

77 1548 146 1588 tnt3
162 1542 260 1592 quod
280 1543 435 1591 pertinet
459 1542 504 1578 ad
525 1543 736 1578 exercitium
759 1551 879 1579 actus:
901 1543 929 1578 si
952 1552 1073 1579 autem
1100 1554 1364 1592 proponeretur
1390 1545 1523 1594 aliquid
1545 1547 1648 1590 visui,

77 1596 175 1646 quod
194 1607 271 1633 non
291 1596 462 1632 omnibus
476 1596 595 1631 modis
609 1605 703 1632 esset
724 1597 828 1632 color
842 1597 877 1631 in
894 1606 988 1641 actu,
1002 1598 1063 1632 sed
1079 1599 1280 1633 secundum
1303 1599 1437 1647 aliquid
1459 1609 1553 1636 esset
1564 1601 1648 1644 tale,

76 1650 277 1688 seeundum
303 1658 425 1686 autern
451 1649 586 1697 aliquid
614 1661 689 1685 non
718 1650 801 1693 tale,
827 1662 901 1686 non
929 1662 970 1686 ex
998 1652 1212 1687 necessitate
1239 1653 1336 1688 visus
1366 1653 1437 1688 tale
1463 1655 1647 1701 objectum

76 1704 230 1748 videret3
251 1711 374 1752 posset
392 1703 491 1739 enim
511 1704 697 1739 intendere
719 1705 754 1738 in
776 1705 895 1752 ipsum
917 1716 959 1739 ex
981 1716 1023 1740 ea
1045 1713 1158 1752 parte,
1181 1717 1251 1753 qua
1273 1718 1345 1741 non
1369 1716 1421 1742 est
1443 1707 1647 1743 coloratum

76 1758 114 1794 in
134 1765 230 1802 actu,
242 1765 278 1793 et
290 1757 340 1793 sic
362 1757 482 1805 ipsum
495 1769 570 1792 non
584 1757 739 1794 videret:
763 1758 855 1793 sicut
870 1767 991 1794 autem
1015 1759 1221 1794 coloratum
1236 1761 1271 1795 in
1287 1770 1369 1796 actu
1389 1771 1441 1797 est
1462 1763 1646 1809 objectum

75 1812 185 1855 visus,
197 1811 247 1847 ita
258 1811 395 1847 bonum
410 1819 464 1846 est
472 1811 656 1858 objectum
670 1811 886 1855 voluntatis;
901 1813 996 1848 unde
1015 1814 1044 1848 si
1063 1822 1286 1861 proponatur
1301 1815 1447 1863 aliquod
1463 1817 1646 1863 obiectum

75 1865 264 1909 voluntati,
281 1865 379 1913 quod
400 1865 446 1901 sit
466 1865 717 1901 universaliter
737 1867 887 1909 bonum,
903 1876 937 1902 et
951 1868 1152 1903 secundum
1171 1879 1281 1904 omne
1304 1871 1647 1914 considerationem,

18 1913 29 1922 ⁴
77 1931 121 1956 ex
140 1919 356 1956 necessitate
375 1918 545 1955 voluntas
562 1919 599 1954 in
617 1919 704 1954 illud
726 1920 852 1964 tendit,
869 1921 897 1956 si
913 1920 1047 1968 aliquid
1069 1921 1173 1957 velit:
1196 1933 1271 1957 non
1286 1923 1383 1958 enim
1403 1926 1533 1972 poterit
1553 1925 1646 1961 velle

76 1973 304 2022 oppositum:
325 1973 355 2009 si
375 1981 497 2009 autem
511 1982 736 2021 proponatur
757 1974 822 2008 sibi
845 1974 991 2022 aliquod
1014 1975 1210 2021 objectum,
1234 1977 1331 2024 quod
1353 1989 1427 2013 non
1446 1979 1645 2014 secundum

64 2025 276 2076 ,quamlibet
298 2026 629 2062 considerationem
651 2028 696 2062 sit
716 2028 866 2070 bonum,
888 2040 963 2063 non
985 2040 1027 2064 ex
1049 2030 1264 2065 necessitate
1283 2031 1452 2067 voluntas
1474 2032 1585 2068 fertur
1611 2034 1646 2068 in

76 2080 177 2118 illud.
196 2081 243 2117 Et
261 2081 346 2129 quia
365 2080 526 2117 defectus
540 2082 801 2129 cujuscumque
815 2082 900 2117 boni
915 2082 1024 2118 habet
1045 2084 1225 2119 rationem
1247 2096 1320 2120 non
1342 2086 1440 2129 boni,
1461 2087 1543 2122 ideo
1559 2087 1646 2122 illud

76 2135 210 2179 solum,
224 2134 365 2171 bonum
385 2135 482 2182 quod
504 2143 558 2170 est
577 2135 789 2182 perfectum,
812 2145 847 2171 et
868 2137 924 2170 cui
946 2136 1037 2171 nihil
1058 2137 1189 2180 deficit,
1212 2147 1265 2173 est
1285 2138 1356 2174 tale
1377 2140 1527 2184 bonum,
1549 2141 1646 2188 quod

75 2188 245 2225 voluntas
263 2199 339 2224 non
359 2196 479 2236 potest
499 2199 573 2223 non
595 2188 700 2231 velle,
723 2190 820 2236 quod
843 2198 895 2224 est
916 2190 1120 2233 beatitudo;
1144 2191 1214 2226 alia
1236 2201 1357 2227 autem
1373 2194 1554 2241 quaelibet
1572 2207 1648 2243 par—

76 2242 243 2280 ticularia
262 2242 371 2286 bona,
392 2242 608 2290 inquantum
635 2242 806 2278 deficiunt
828 2244 870 2278 ab
893 2243 1016 2291 aliquo
1043 2245 1153 2288 bono,
1185 2255 1336 2293 possunt
1365 2249 1480 2296 accipi
1511 2258 1548 2284 ut
1571 2261 1645 2284 non

77 2297 190 2333 bona:
211 2304 247 2332 et
266 2296 466 2332 secundum
487 2296 582 2331 hanc
605 2296 934 2332 considerationem
957 2308 1108 2345 possunt
1129 2300 1320 2347 repudiari,
1342 2301 1400 2336 vel
1421 2303 1611 2349 approbari
1627 2315 1645 2338 a

77 2349 276 2393 voluntate,
295 2360 388 2397 quae
408 2357 528 2397 potest
547 2349 583 2384 in
604 2349 702 2385 idem
723 2350 806 2385 ferri
831 2351 1031 2386 secundum
1053 2352 1212 2388 diversas
1235 2355 1555 2391 considerationes.

148 2404 210 2441 AD
229 2413 378 2440 numm
399 2414 488 2450 ergo
513 2403 720 2447 dicendum,
742 2404 839 2451 quod
870 2404 1051 2440 sufficiens
1080 2407 1259 2442 motivum
1290 2408 1440 2455 alicujus
1463 2411 1645 2457 potentiae

77 2467 153 2494 non
166 2464 220 2494 ατ
231 2456 301 2493 nisi
313 2456 509 2504 objectum,
527 2457 624 2504 quod
638 2457 797 2493 totaliter
810 2458 919 2494 habet
934 2459 1112 2494 rationem
1128 2461 1274 2497 motivi:
1290 2463 1318 2496 si
1334 2471 1453 2498 autem
1469 2463 1504 2498 in
1524 2464 1645 2512 aliquo

77 2510 233 2555 deficiat,
248 2521 324 2546 non
345 2521 388 2546 ex
408 2510 623 2546 necessitate
644 2511 816 2554 movebit,
838 2520 877 2547 ut
897 2512 1034 2547 dictum
1058 2522 1111 2549 est
1131 2515 1180 2559 (in
1204 2522 1291 2563 corp.
1314 2517 1407 2562 art).

147 2564 210 2601 An
237 2573 445 2601 SECUNDUM
475 2563 682 2608 dicendum,
711 2565 808 2612 quod
827 2565 1030 2601 intellectus
1053 2579 1094 2602 ex
1116 2569 1330 2604 necessitate
1352 2579 1520 2606 movetur
1542 2583 1561 2605 a
1583 2572 1644 2606 tali

77 2618 234 2666 obiecto,
254 2618 352 2666 quod
378 2626 432 2653 est
451 2629 606 2666 semper,
628 2626 664 2654 et
684 2631 725 2654 ex
747 2620 961 2655 necessitate
982 2632 1129 2665 verum;
1152 2633 1226 2657 non
1249 2631 1371 2659 autem
1399 2625 1441 2659 ab
1469 2636 1524 2667 eo,
1547 2626 1644 2672 quod

77 2679 198 2721 potest
213 2682 292 2708 esse
304 2682 443 2715 verum,
457 2679 493 2707 et
506 2670 650 2715 falsum,
666 2672 804 2708 scilicet
818 2684 837 2708 a
857 2674 1093 2721 contIngenti,
1109 2675 1200 2711 sicut
1218 2685 1252 2712 et
1270 2677 1313 2712 de
1328 2678 1425 2713 bono
1441 2678 1578 2714 dictum
1592 2688 1645 2715 est

78 2727 130 2773 (m
148 2732 239 2774 corp.
261 2726 356 2773 art).

149 2779 211 2816 AD
231 2789 403 2816 mTlun
424 2778 630 2823 dicendum,
657 2780 754 2828 quod
784 2780 864 2816 finis
889 2781 1036 2817 ultimus
1058 2795 1100 2818 ex
1127 2785 1339 2819 necessitate
1372 2794 1495 2821 movet
1520 2786 1646 2822 volun-

79 2840 205 2877 tatem,
221 2832 306 2882 quia
326 2839 381 2869 est
399 2832 537 2872 bouum
562 2832 780 2881 perfectum:
803 2843 837 2870 et
858 2835 1023 2871 similiter
1049 2836 1120 2879 illa,
1142 2849 1234 2885 quae
1256 2838 1467 2874 ordinantur
1484 2840 1527 2875 ad
1547 2841 1643 2876 hunc

80 2885 293 2930 finem,sine
309 2886 438 2934 quibus
451 2885 532 2922 finis
544 2886 669 2923 haberi
689 2898 763 2923 non
786 2896 922 2935 potest;
945 2890 1037 2925 sicut
1054 2902 1143 2933 esse,
1165 2899 1200 2926 et
1220 2892 1352 2935 vivere,
1368 2901 1402 2928 ct
1416 2893 1644 2939 hujusmodi:

243 2968 273 2997 s.
292 2968 417 2998 'raom
437 2968 541 2997 ,ε’-ια.
567 2969 729 3004 mamaea.
751 2970 815 2999 voi.
841 2970 876 3000 11.
1501 2980 1514 3003 ,ς
