1907 3198
523 218 746 254 QUAESTIO
780 218 852 249 XV.
886 218 1133 249 ARTICULUS
1168 217 1194 247 Ι.
1565 217 1644 260 127

597 447 957 512 QUAESTIO
1000 448 1114 495 XV.

64 576 128 608 DE
155 575 417 615 CONSENSU,
442 575 527 616 QUI
555 575 640 607 EST
666 575 816 607 ACTUS
845 572 1162 612 VOLUNTATIS,
1193 571 1432 604 RESPECTU
1461 570 1644 609 EORUM,

569 647 700 688 QUAE
727 647 851 680 SUNT
876 647 942 678 AD
973 646 1138 686 FINEM,

450 720 502 751 IN
529 719 760 761 QUATUOR
787 719 1052 751 ARTICULOS
1080 718 1258 750 DIVISA.

134 844 278 882 Deinde
301 844 611 881 considerandum
638 853 692 880 est
713 843 757 880 de
781 855 975 880 consensu.

530 938 574 973 Et
595 938 688 972 circa
709 936 769 972 hoc
791 940 1002 982 quaeruntur
1023 939 1177 982 quatuor.

135 1009 272 1046 Primo.
296 1009 432 1045 Utrum
455 1020 656 1044 consensus
678 1009 723 1044 sit
745 1016 846 1044 actus
867 1007 1097 1056 appetitivae,
1115 1006 1175 1042 vel
1195 1006 1482 1055 apprehensivae
1495 1006 1648 1042 virtutis.

137 1064 321 1100 Secundo.
344 1064 478 1099 Utrum
501 1064 697 1099 conveniat
717 1063 830 1098 brutis
853 1062 1084 1098 animalibus.

137 1117 278 1154 Tertio.
302 1119 435 1154 Utrum
458 1118 502 1153 sit
524 1118 567 1152 de
590 1117 672 1161 fine,
695 1117 754 1152 vel
775 1117 819 1152 de
842 1117 910 1160 his,
934 1129 1026 1164 quae
1049 1125 1132 1152 sunt
1154 1116 1199 1151 ad
1221 1116 1344 1152 finem.

139 1172 295 1214 Quarto.
311 1173 445 1208 Utrum
461 1183 662 1208 consensus
676 1172 713 1207 in
729 1180 850 1207 actum
866 1172 1045 1219 pertineat
1063 1171 1184 1207 solum
1204 1171 1248 1206 ad
1263 1172 1490 1219 superiorem
1505 1170 1650 1206 animae

64 1235 217 1275 partem.

643 1358 993 1405 ARTrcuLus
1028 1358 1060 1402 1.
1606 1369 1650 1415 87

314 1469 470 1500 UTRUM
512 1469 766 1501 CONSENSUS
803 1470 871 1500 SIT
905 1469 1049 1499 ACTUS
1089 1469 1396 1506 APPETITIVAE,

498 1537 581 1566 VEL
605 1536 962 1568 APPREHENSIVAE
985 1536 1208 1566 VIRTUTIS.

358 1626 464 1674 (Infr.
483 1638 513 1673 q.
533 1637 587 1674 74.
603 1632 668 1662 art.
688 1638 718 1674 7.
737 1626 780 1662 ad
797 1639 825 1663 ι.
840 1631 868 1662 et
881 1638 914 1672 4.
930 1627 1019 1661 Dist.
1035 1637 1090 1673 29.
1105 1630 1170 1661 art.
1185 1638 1212 1661 1.
1233 1625 1353 1673 corp).

137 1714 198 1751 AD
223 1726 374 1752 PRIMUM
397 1717 446 1752 sic
469 1717 690 1764 proceditur.
713 1716 879 1760 Videtur,
902 1716 999 1764 quod
1023 1716 1230 1751 consentire
1253 1715 1432 1763 pertineat
1458 1713 1579 1750 solum
1607 1714 1651 1749 ad

65 1778 207 1818 partem
230 1771 374 1806 animae
397 1771 712 1818 apprehensivam.
736 1772 831 1818 Aug.
849 1771 947 1806 enim
975 1781 1026 1806 12.
1043 1771 1087 1806 de
1111 1770 1213 1805 Trin.
1231 1771 1320 1818 (cap.
1340 1771 1407 1817 12.)
1430 1781 1651 1805 consensum

66 1824 227 1860 attribuit
247 1825 425 1873 superiori
448 1826 599 1861 rationi:
623 1826 685 1862 sed
707 1827 799 1862 ratio
822 1826 991 1861 nominat
1013 1825 1319 1873 apprehensivam
1341 1825 1533 1868 virtutem3
1562 1836 1651 1871 ergo

66 1881 271 1915 consentire
293 1880 449 1927 pertinet
470 1881 515 1915 ad
538 1881 844 1928 apprehensivam
866 1881 1050 1915 virtutem.

137 1944 169 1969 2.
187 1934 426 1970 PRAETEREA.
451 1934 671 1970 Consentire
694 1944 747 1971 est
765 1935 875 1971 simul
893 1935 1043 1971 sentire:
1067 1935 1129 1970 sed
1148 1934 1281 1970 sentire
1297 1942 1350 1969 est
1365 1933 1652 1982 apprehensivae

65 1989 270 2037 potentiae;
292 2001 381 2036 ergo
404 1997 440 2024 et
461 1990 679 2025 consentire.

140 2056 170 2092 3.
192 2044 432 2080 PRAETEREA.
456 2044 559 2079 Sicut
577 2046 729 2080 assentire
748 2044 835 2080 dicit
854 2043 1139 2092 applicationem
1159 2043 1364 2079 intellectus
1381 2043 1425 2078 ad
1441 2042 1589 2090 aliquid,
1604 2042 1653 2077 ita

65 2108 101 2135 et
121 2100 324 2136 consentire:
346 2098 409 2134 sed
432 2099 608 2134 assentire
631 2099 788 2146 pertinet
809 2099 853 2134 ad
876 2098 1116 2142 intellectum,
1140 2099 1201 2146 qui
1221 2107 1275 2134 est
1292 2098 1346 2134 vis
1367 2097 1652 2146 apprehensiva3

66 2165 155 2202 ergo
177 2161 213 2188 et
234 2154 441 2188 consentire
463 2153 508 2188 ad
530 2153 606 2188 vim
629 2154 934 2201 apprehensivam
958 2154 1122 2201 pertinet.

139 2208 214 2244 SED
237 2218 394 2244 CONTRA
417 2216 481 2252 est,
505 2208 603 2256 quod
624 2209 798 2244 Damasc.
823 2209 910 2244 dicit
928 2209 963 2243 in
985 2219 1015 2244 2.
1036 2208 1096 2243 lib.
1119 2208 1236 2253 (Orth.
1258 2208 1332 2244 Fid.
1353 2215 1425 2256 cap.
1448 2208 1533 2254 22.),
1554 2207 1651 2254 quod

66 2263 96 2299 si
118 2262 247 2310 aliquis
267 2263 414 2310 judicet,
437 2271 473 2298 et
492 2274 568 2298 non
591 2263 728 2310 diligat,
751 2275 827 2298 non
849 2272 903 2299 est
925 2264 1116 2306 sententia,
1139 2263 1232 2299 idest
1251 2275 1470 2299 consensus:
1495 2263 1557 2298 sed
1578 2262 1654 2297 dili-

67 2329 152 2366 gere
174 2317 218 2352 ad
240 2317 476 2364 appetitivam
496 2318 669 2352 virtutem
691 2318 862 2365 pertinet3
885 2330 973 2365 ergo
997 2327 1032 2353 et
1054 2330 1264 2353 consensus.

137 2371 370 2407 RESPONDEO
398 2371 607 2414 dicendum,
635 2372 732 2419 quod
755 2374 937 2408 consentire
959 2373 1135 2419 importat
1157 2372 1442 2420 applicationem
1462 2384 1589 2407 sensus
1609 2372 1652 2406 ad

67 2425 220 2475 aliquid:
245 2434 298 2462 est
319 2434 442 2462 autem
464 2427 654 2474 proprium
676 2439 815 2471 sensus,
846 2428 943 2475 quod
968 2429 1242 2475 cognoscitivus
1266 2437 1319 2463 est
1341 2440 1463 2463 rerum
1489 2439 1654 2475 praesen-

6 2491 11 2501 ·
65 2482 176 2518 tium:
191 2481 246 2516 vis
261 2483 360 2516 enirn
374 2481 612 2528 imaginativa
627 2490 681 2517 est
696 2483 959 2530 apprehensiva
974 2482 1251 2517 similitudinem
1267 2483 1527 2529 corporalium,
1543 2483 1653 2517 etiam

66 2536 172 2572 rebus
195 2535 414 2579 absentibus,
436 2547 591 2582 quarum
609 2545 692 2571 sunt
706 2537 980 2573 similitudines:
1003 2537 1209 2572 intellectus
1226 2546 1348 2572 autem
1369 2537 1654 2584 apprehensivus

4 2592 15 2616 ’·
67 2598 122 2626 est
142 2589 405 2625 universalium
427 2590 624 2633 rationum,
647 2603 736 2638 quas
766 2600 886 2638 potest
914 2592 1186 2639 apprehendere
1210 2590 1467 2633 indifferenter,
1496 2600 1530 2626 et
1556 2603 1655 2638 prae-

68 2644 240 2687 sentibus,
256 2652 291 2679 et
308 2644 515 2679 absentibus
536 2645 777 2692 singularibus
792 2658 798 2680 z
822 2654 856 2681 et
875 2646 959 2693 quia
976 2654 1076 2681 actus
1093 2646 1311 2693 appetitivac
1327 2646 1466 2680 virtutis
1483 2654 1536 2680 est
1550 2657 1656 2693 quae-

67 2697 153 2733 dam
175 2697 364 2733 inclinatio
381 2698 424 2733 acl
441 2710 519 2733 rem
534 2699 664 2746 ipsam,
679 2700 881 2735 secundum
904 2700 1103 2748 quamdam
1124 2700 1402 2735 similitudinem
1428 2700 1488 2746 [al.
1514 2703 1653 2748 conjun-

67 2753 226 2799 ctionem]
241 2752 319 2800 ipsa
335 2752 530 2800 applicatio
546 2753 763 2801 appetitivae
778 2755 919 2790 virtutis
936 2755 979 2789 ad
1002 2767 1091 2798 rem,
1108 2755 1310 2790 secundum
1326 2755 1423 2802 quod
1441 2755 1474 2790 ei
1489 2755 1655 2790 inhaeret

6 2827 10 2829 -
69 2806 130 2853 [al.
158 2807 235 2842 hinc
256 2812 301 2842 est
326 2807 413 2854 quod
440 2808 509 2854 ipsa
535 2809 718 2855 applicatio
745 2811 947 2857 appetiti-tue
972 2811 1108 2845 virtutis
1130 2810 1172 2845 ad
1194 2822 1277 2852 rem,
1301 2810 1477 2845 secundum
1501 2823 1601 2857 qnam
1628 2812 1657 2845 ci

3 2877 6 2883 ·
66 2860 245 2907 inbaeret]‚
272 2860 405 2908 accipit
425 2872 563 2897 nomen
584 2874 702 2906 sensus,
731 2864 832 2911 quasi
861 2864 1121 2911 experientiam
1145 2864 1345 2911 quamdam
1368 2875 1516 2899 sumens
1539 2864 1582 2899 de
1605 2876 1655 2907 re,

68 2913 127 2949 cui
147 2914 323 2957 inhaeret,
346 2914 563 2962 inquantum
585 2916 794 2965 complacet
817 2917 883 2953 sibi
905 2918 941 2952 in
958 2929 1010 2953 ea.
1035 2918 1142 2953 Unde
1159 2918 1243 2965 Sap.
1265 2929 1292 2953 1.
1311 2918 1458 2953 dicitur:
1482 2918 1604 2954 Sentit&
1619 2919 1655 2954 de:

68 2968 217 3003 Domino
235 2968 271 3003 in
289 2969 444 3005 bonitats.
465 2969 509 3005 Et
530 2970 734 3006 secundum
756 2971 828 3007 hoc
849 2972 1056 3008 consentire
1077 2980 1129 3008 est
1149 2980 1250 3007 actus
1270 2972 1488 3020 appetitivae
1505 2973 1647 3008 virtutis
