1907 3198
530 150 755 189 QUAESTIO
788 149 830 180 X.
864 147 1111 181 ARTICULUS
1143 147 1171 179 1.
1594 144 1648 187 99

637 385 995 450 QUAESTIO
1037 384 1101 433 X.

373 515 437 548 DE
481 513 634 552 MODO,
676 511 776 553 Quo
814 510 1068 543 votum&
1111 507 1357 547 MOVETUR,

460 569 512 618 'IN
539 583 770 626 QUATUOR
803 581 1066 614 ART1cuLos
1093 580 1270 612 mvtsA.

151 717 295 757 Deinde
315 714 623 753 considerandum
645 721 699 749 est
720 712 763 748 de
786 711 912 754 modo,
933 722 1006 759 quo
1027 709 1198 745 voluntas
1220 716 1400 744 movetur.

545 804 591 840 Et
611 805 702 839 circa
723 803 783 838 hoc
805 806 1014 850 quaeruntur
1033 805 1189 848 quatuor.

151 879 290 917 Primo.
311 877 446 914 Utrum
465 875 635 912 voluntas
656 875 700 910 ad
723 874 858 922 aliquid
879 872 1090 909 naturaliter
1111 880 1314 908 moveatur.

155 931 339 970 Secundo.
361 931 495 967 Utrum
516 930 561 966 de
582 929 797 965 necessitate
820 936 1012 963 moveatur
1033 939 1053 962 a
1074 938 1141 962 suo
1164 926 1321 971 objecto.

156 986 298 1023 Tertio.
319 984 452 1022 Utrum
473 984 518 1020 de
539 983 754 1019 necessitate
777 990 968 1018 moveatur
989 981 1032 1016 ab
1055 980 1216 1028 appetitu
1237 979 1411 1015 inferiori.

158 1040 314 1084 Quarto.
337 1038 471 1075 Utrum
498 1037 543 1073 de
575 1036 791 1073 necessitate
819 1043 1011 1071 moveatur
1041 1034 1083 1070 ab
1106 1033 1275 1070 exteriori
1301 1033 1454 1076 motivo,
1481 1031 1579 1080 quod
1605 1039 1659 1067 est

86 1096 200 1133 Deus.

658 1231 1007 1278 ARTICULUS
1041 1233 1074 1276 I.
1612 1242 1655 1278 62

203 1343 357 1376 υτκυΜ
383 1342 620 1374 VOLUNTAS
647 1342 707 1372 AD
735 1342 922 1379 ALIQUID
949 1340 1262 1372 NATURALITER
1283 1339 1537 1370 MOVEATUR.

85 1433 200 1481 (Pare.
221 1445 252 1470 1.
271 1444 304 1480 q.
323 1443 381 1479 42.
395 1437 462 1469 art.
480 1444 512 1469 2.
534 1439 627 1480 corp.
642 1437 674 1468 et
697 1432 786 1468 Veri.
801 1444 832 1479 q.
847 1443 901 1468 22.
915 1437 982 1467 art.
992 1443 1021 1478 5.
1035 1436 1066 1466 et
1086 1443 1119 1478 9.
1141 1436 1172 1467 et
1192 1430 1278 1466 Mal.
1299 1443 1331 1477 q.
1346 1431 1396 1466 18.
1411 1435 1476 1465 art.
1494 1441 1527 1475 4.
1542 1429 1585 1464 ad
1602 1431 1658 1476 5.).

154 1521 218 1560 An
237 1532 389 1560 numu
409 1521 462 1558 sic
483 1521 702 1569 proceditur.
724 1520 890 1564 Videtur,
911 1520 1010 1568 quod
1031 1519 1202 1556 voluntas
1223 1531 1297 1556 non
1320 1528 1512 1555 moveatur
1533 1518 1577 1554 ad
1600 1519 1660 1554 ali-

84 1575 171 1626 quid
190 1574 417 1613 naturaliter:
439 1586 552 1623 agens
573 1576 672 1611 enim
692 1574 857 1610 naturale
878 1575 1048 1610 dividitur
1070 1583 1197 1610 contra
1216 1585 1328 1621 agens
1347 1573 1607 1616 voluntarium,
1623 1582 1660 1608 ut

84 1634 185 1680 patet
202 1630 240 1666 in
253 1629 369 1678 princ.
383 1639 416 1665 2.
438 1629 584 1678 Physic.
606 1630 652 1677 (et
671 1631 772 1666 etfam
787 1634 851 1666 tex.
872 1641 930 1677 49.
929 1629 971 1676 );
994 1640 1069 1664 non
1086 1639 1174 1676 ergo
1188 1628 1358 1663 voluntas
1380 1628 1425 1662 ad
1447 1627 1582 1675 aliquid
1600 1639 1661 1662 na-

82 1683 247 1722 turaliter
266 1691 446 1720 movetur.

156 1748 188 1774 2.
209 1737 448 1774 PRAETEREA.
471 1737 523 1780 Id,
545 1737 642 1785 quod
657 1746 712 1772 est
733 1737 909 1780 naturale,
930 1737 1024 1772 inest
1053 1736 1162 1771 alicui
1184 1747 1345 1784 semper;
1367 1736 1461 1771 sicut
1480 1735 1557 1783 igni
1583 1747 1660 1771 esse

84 1791 263 1829 calidum:
283 1792 347 1828 sed
373 1790 495 1827 nullus
523 1800 646 1827 motus
666 1791 761 1827 inest
789 1790 969 1826 voluntati
998 1802 1163 1838 semper;
1194 1801 1282 1838 ergo
1312 1789 1432 1825 nullus
1464 1798 1586 1825 motus
1608 1798 1662 1825 est

21 1882 28 1886 .
83 1845 256 1882 naturalis
276 1845 467 1881 voluntati.

158 1912 188 1949 3.
208 1899 448 1937 mmmmm.
469 1899 609 1936 Natura
638 1908 693 1935 est
716 1899 957 1935 determinata
979 1898 1023 1934 ad
1050 1910 1182 1934 unum:
1206 1898 1268 1934 sed
1297 1897 1467 1934 voluntas
1489 1908 1527 1933 se
1552 1897 1662 1933 habet

83 1954 130 1991 ad
150 1954 337 2003 opposita;
359 1965 448 2002 ergo
469 1953 639 1989 voluntas
660 1953 753 1989 nihil
773 1953 985 1988 naturaliter
1006 1953 1094 1988 vult.

155 2007 232 2044 SED
253 2018 411 2045 CONTRA
433 2015 499 2051 est,
519 2007 617 2055 quod
639 2016 761 2042 motus
790 2007 988 2042 voluntatis
1017 2007 1178 2054 sequitur
1200 2015 1322 2041 actum
1344 2005 1569 2041 intellectus:
1598 2005 1660 2041 sed

83 2060 290 2098 intellectus
303 2060 425 2110 aliqua
438 2060 608 2109 intelligit
620 2061 852 2104 naturaliter3
874 2072 962 2107 ergo
978 2069 1014 2096 et
1031 2060 1199 2096 voluntas
1215 2060 1335 2108 aliqua
1348 2059 1425 2095 vult
1438 2059 1659 2094 naturaliter.

155 2114 388 2152 Rsssrormzo
414 2115 623 2158 dicendum,
645 2115 755 2163 quod,
777 2115 870 2151 sicut
892 2115 1040 2150 Boetius
1062 2115 1150 2150 dicit
1171 2115 1206 2149 in
1229 2114 1320 2150 libro
1349 2114 1392 2150 de
1414 2114 1565 2149 Duabus
1592 2113 1662 2149 Na-

83 2169 174 2207 turis
195 2170 335 2219 (parum
351 2182 374 2206 a
393 2171 540 2219 princ),
569 2178 605 2205 et
632 2169 770 2205 Philos.
798 2170 834 2204 in
869 2181 896 2216 5.
919 2170 1159 2217 Metaphysic.
1184 2169 1264 2215 (tex.
1288 2171 1349 2216 5.)‚
1373 2178 1502 2204 natura
1531 2169 1661 2204 dicitur

84 2225 325 2273 multipliciter.
347 2224 557 2272 Quandoque
586 2224 717 2260 dicitur
746 2224 964 2272 principium
992 2224 1229 2259 intrinsecum
1251 2224 1286 2258 in
1309 2223 1415 2258 rebus
1446 2223 1660 2258 mobilibus:

85 2287 123 2316 et
139 2278 223 2315 talis
243 2287 372 2314 natura
392 2287 447 2314 est
471 2277 530 2314 vel
552 2279 716 2322 materia,
740 2278 798 2314 vel
826 2278 944 2313 forma
973 2277 1182 2320 materialis,
1206 2287 1244 2312 ut
1273 2286 1371 2325 patet
1392 2278 1427 2312 in
1459 2287 1491 2312 2.
1514 2277 1660 2325 Physic.

87 2331 167 2380 (tex.
186 2333 252 2379 4.).
274 2333 355 2370 Alio
375 2332 472 2369 modo
494 2332 626 2368 dicitur
647 2341 775 2368 natura
796 2332 979 2380 quaelibet
999 2332 1210 2375 substantia,
1232 2331 1290 2367 vel
1312 2331 1500 2379 quodlibet
1521 2343 1595 2366 ens.
1619 2331 1663 2366 Et

84 2386 289 2423 secundum
308 2387 381 2422 hoc
395 2386 484 2422 illud
498 2386 629 2422 dicitur
648 2397 726 2422 esse
740 2386 904 2422 naturale
916 2387 978 2429 rei,
993 2386 1091 2434 quod
1103 2386 1276 2421 convenit
1289 2386 1322 2421 ei
1341 2386 1542 2421 secundum
1558 2397 1661 2420 suam

84 2440 340 2477 substantiam:
363 2449 400 2477 et
419 2441 492 2477 hoc
508 2448 573 2484 est,
594 2441 692 2488 quod
706 2452 770 2488 per
783 2452 821 2476 se
841 2441 935 2476 inest
956 2441 1017 2476 rei.
1034 2441 1073 2475 In
1089 2440 1259 2475 omnibus
1274 2449 1396 2475 autem
1411 2452 1454 2475 ea
1476 2452 1568 2487 quae
1587 2451 1662 2475 non

84 2505 150 2544 per
169 2505 208 2531 se
228 2494 362 2538 insunt,
384 2495 605 2530 reducuntur
626 2494 661 2529 in
685 2494 833 2542 aliquid,
855 2495 952 2542 quod
975 2507 1038 2542 per
1059 2506 1096 2530 se
1119 2495 1223 2537 inest,
1246 2495 1338 2529 sicut
1360 2495 1394 2528 in
1423 2495 1601 2542 primumn
1629 2502 1662 2529 ct

85 2547 170 2584 ideo
191 2559 300 2584 neces
321 2559 341 2584 e
362 2557 428 2592 est,
449 2549 546 2596 quod
568 2548 640 2583 hoc
663 2549 776 2583 modo
796 2549 1009 2596 accipiendo
1031 2557 1212 2590 naturam,
1231 2560 1377 2595 semper
1391 2549 1607 2595 principium
1627 2549 1662 2582 in

86 2601 158 2646 his,
178 2614 271 2650 quae
293 2602 516 2638 conveniunt
530 2602 592 2645 rei,
607 2603 652 2638 sit
670 2602 852 2645 naturale;
875 2611 910 2637 ct
931 2603 1002 2637 hoc
1026 2602 1216 2637 manifeste
1235 2611 1384 2649 apparet
1405 2603 1437 2636 in
1459 2602 1661 2637 intellectu:

86 2667 174 2692 nam
195 2656 372 2705 principia
392 2655 648 2692 intellectualis
667 2657 889 2703 cognitionis
912 2666 995 2691 sunt
1012 2657 1224 2692 naturaliter
1242 2666 1348 2691 nota:
1372 2656 1539 2690 similiter
1553 2657 1661 2691 ctiam

80 2710 294 2759 principium
314 2712 478 2746 motivum
501 2709 563 2757 [al.
586 2710 751 2757 motuum]
783 2711 1054 2746 voluntariorum
1077 2716 1205 2758 oportet
1225 2723 1286 2746 csse
1308 2710 1436 2757 aliquid
1463 2710 1665 2746 naturaliter

87 2763 244 2801 volitum.

160 2818 242 2855 Hoc
263 2826 386 2855 autem
407 2827 461 2854 est
480 2818 617 2854 bonum
646 2819 681 2854 in
708 2819 910 2862 communi,
932 2819 966 2854 in
989 2819 1086 2866 quod
1108 2818 1276 2854 voluntas
1298 2818 1510 2854 naturaliter
1532 2818 1662 2854 tendit:

87 2870 180 2908 sicut
200 2872 312 2908 etiam
331 2872 514 2921 quaelibet
533 2873 694 2920 potentia
717 2873 751 2908 in
773 2884 881 2908 suum
903 2873 1100 2920 objectum,
1122 2882 1156 2908 et
1177 2873 1286 2908 ctiam
1306 2873 1382 2920 ipse
1401 2872 1481 2908 finis
1500 2872 1663 2916 ultimus,
