1907 3182
254 163 341 206 286
639 176 860 212 QUAESTIO
894 175 1074 205 XXXVIII.
1109 175 1353 206 ARTICULUS
1386 175 1446 205 111.

251 258 349 292 videt
369 257 412 292 de
431 269 494 292 sua
507 258 647 293 tristitia
670 258 760 292 alios
784 258 1024 299 contristatos,
1040 257 1079 291 fit
1093 257 1143 291 eis
1158 257 1258 303 quasi
1281 256 1460 303 quaedam
1481 255 1706 301 imaginatio,
1721 255 1817 301 quod

250 310 338 345 illud
364 322 455 345 onus
478 311 537 345 alii
559 324 641 346 cum
662 312 741 358 ipso
768 311 893 353 ferant,
916 311 1018 357 quasi
1040 319 1213 344 conantes
1236 311 1279 344 ad
1305 311 1424 356 ipsum
1443 310 1485 343 ab
1513 320 1624 344 onere
1646 308 1816 343 allevian-

251 364 354 398 dum:
377 372 412 398 et
432 365 513 399 ideo
544 364 657 399 levius
690 364 757 398 fert
789 365 951 398 tristitiae
974 375 1085 398 onus:
1109 364 1200 397 sicut
1237 364 1344 397 etiam
1381 365 1416 397 in
1438 363 1623 409 portandis
1646 362 1815 396 oneribus

251 417 498 462 corporalibus
521 418 707 463 contingit.
727 418 873 452 Secmzda
895 417 998 459 ratio,
1021 425 1055 451 et
1082 417 1213 450 melior
1234 425 1297 459 est,
1317 417 1400 463 quia
1417 428 1481 463 per
1498 417 1569 450 hoc
1585 415 1682 462 quod
1705 415 1818 449 amici

252 471 507 505 contristantur
538 472 580 513 ei,
603 471 754 517 percipit
775 482 812 504 se
835 471 876 504 ab
897 471 947 504 eis
970 471 1103 512 amari3
1131 470 1227 516 quod
1258 478 1310 504 est
1339 469 1561 511 delectabile,
1584 477 1622 503 ut
1643 480 1750 515 supra
1771 468 1819 502 di-

253 532 351 558 ctum
369 532 421 558 est
441 524 485 570 (q
505 537 554 570 32.
578 530 640 558 ait.
660 526 728 570 5.);
751 524 857 565 unde,
881 535 964 557 cum
987 524 1105 557 omnis
1129 523 1321 558 delectatio
1353 524 1495 569 mitiget
1510 523 1703 564 tristitiam,
1725 522 1818 556 sicut

251 589 357 623 supra
379 578 515 612 dictum
537 586 589 612 est
613 578 689 621 (ιιιί
713 588 738 611 Ι.
762 578 830 623 huj.
853 578 899 622 q.)
924 577 1094 623 sequitur,
1123 577 1219 623 quod
1248 578 1384 611 amicus
1408 576 1608 611 condolens
1637 576 1818 610 tristitiam

251 632 401 677 mitiget.

323 686 383 719 AD
405 695 554 719 PRmUxt
584 695 671 729 ergo
706 684 912 726 dicendum,
936 684 1063 730 quod
1055 696 1091 718 m
1111 692 1264 730 utroque
1291 681 1450 718 a'micitia
1471 683 1732 725 manifestatur,
1755 682 1820 717 sci-

249 737 335 772 licet
353 746 387 772 et
409 738 504 783 quod
528 737 733 783 congaudet
758 738 940 783 gaudenti,
968 746 1002 772 et
1020 737 1117 783 quod
1145 737 1316 772 condolet
1342 736 1502 772 dolenti.
1525 745 1560 771 et
1580 737 1664 772 ideo
1686 744 1820 771 utrum-

251 802 319 837 que
341 791 480 825 ratione
503 802 631 825 causae
653 791 812 825 redditur
833 790 1057 825 delectabile.

321 845 380 878 AD
408 855 615 879 SECUNDUM
649 844 855 886 dicendum,
890 844 987 890 quod
1014 844 1090 890 ipse
1127 843 1232 878 dolor
1259 843 1368 878 amici
1393 843 1594 878 secundum
1620 853 1657 877 se
1689 843 1818 878 contri-

252 906 378 932 staret:
402 898 463 932 sed
487 898 729 932 consideratio
754 909 883 932 causae
910 899 996 943 ejus,
1020 909 1112 944 quae
1135 906 1188 932 est
1210 909 1324 940 amor,
1346 897 1464 944 magis
1486 896 1652 932 delectat.

322 951 365 985 Et
386 962 448 997 per
469 951 539 985 hoc
566 959 664 997 patet
685 951 873 998 responsio
900 962 950 986 AD
974 962 1157 986 TERTIUM.

795 1070 1140 1116 ARTICULUS
1178 1071 1254 1114 iv.
1751 1092 1817 1128 217

528 1178 681 1208 UTRUM
712 1179 791 1208 PER
825 1179 1267 1209 CONTEMPLATIONEM
1298 1178 1529 1209 VERITATIS

624 1244 791 1284 DOLOR,
819 1245 875 1274 ET
904 1245 1125 1274 TRISTITIA
1147 1244 1436 1274 MITIGENTUR.

324 1326 383 1360 AD
412 1336 598 1364 QUARTUM
622 1326 671 1359 sic
695 1326 910 1370 proceditur.
942 1325 1105 1367 Videtur,
1128 1325 1225 1371 quod
1261 1323 1522 1371 contemplatio
1550 1324 1710 1359 veritatis
1742 1336 1816 1358 non

251 1379 392 1424 mitiget
414 1378 598 1413 dolorem:
622 1379 750 1413 dicitur
771 1379 867 1412 enim
890 1379 986 1413 Eccl.
1011 1390 1057 1413 1.:
1083 1380 1154 1423 Qui
1171 1379 1261 1413 addit
1281 1380 1463 1421 scientiam,
1483 1378 1577 1413 addit
1596 1383 1627 1413 et
1647 1378 1812 1412 dolorem:

252 1433 313 1466 sed
344 1433 493 1466 scientia
516 1433 559 1466 ad
582 1432 931 1478 contemplationem
963 1433 1122 1466 veritatis
1156 1433 1324 1478 pertinet;
1346 1443 1420 1466 non
1447 1443 1534 1478 ergo
1557 1432 1816 1478 contemplatio

251 1486 411 1520 veritatis
433 1486 573 1531 mitigat
593 1486 770 1520 dolorem.

323 1550 354 1573 2.
377 1539 612 1574 PRAETEREA.
637 1539 910 1586 Contemplatio
943 1540 1103 1574 veritatis
1137 1539 1180 1573 ad
1207 1539 1432 1574 intellectum
1459 1538 1722 1586 speculativum
1743 1550 1817 1585 per-

250 1593 355 1627 tinet:
387 1593 448 1627 sed
482 1593 685 1627 intellectus
720 1593 960 1639 speculativus
994 1605 1068 1627 non
1104 1601 1238 1635 movet,
1266 1601 1304 1627 ut
1336 1593 1466 1626 dicitur
1486 1593 1522 1626 in
1549 1604 1578 1639 3.
1612 1593 1656 1627 de
1682 1593 1816 1626 Anima

253 1647 328 1690 (tex.
348 1648 437 1693 58.);
463 1658 545 1680 cum
572 1647 679 1692 igitur
707 1647 892 1692 gaudium,
916 1655 950 1680 et
976 1646 1083 1680 dolor
1109 1647 1179 1680 sint
1204 1646 1352 1692 quidam
1380 1654 1501 1680 motus
1528 1646 1651 1688 animi,
1677 1646 1816 1680 videtur

251 1700 347 1746 quod
371 1699 631 1745 contemplatio
654 1700 812 1734 veritatis
835 1700 924 1733 nihil
943 1700 1052 1734 faciat
1073 1700 1117 1734 ad
1139 1700 1406 1746 mitigationem
1425 1699 1572 1734 doloris.

325 1765 352 1799 3.
376 1754 427 1788 PR
431 1764 611 1788 AETEREA.
635 1753 852 1787 Remedium
869 1754 1100 1800 tegritudinis
1118 1754 1375 1800 apponendum
1394 1762 1448 1789 est
1461 1754 1521 1788 ubi
1539 1761 1592 1788 est
1610 1752 1814 1799 aegritudo:

250 1807 311 1841 sed
331 1807 592 1853 contemplatio
615 1807 775 1841 veritatis
810 1815 863 1841 cst
896 1808 931 1841 in
958 1807 1162 1850 intellectu3
1185 1819 1259 1841 non
1281 1819 1368 1854 ergo
1391 1808 1534 1854 mitigat
1555 1807 1720 1842 dolorem
1742 1818 1817 1841 cor-

250 1860 425 1906 poralem,
445 1861 506 1906 qui
528 1868 581 1894 est
602 1861 638 1894 in
652 1872 770 1895 sensu.

322 1914 395 1948 SED
419 1925 573 1949 CONTRA
597 1922 661 1956 est,
684 1914 780 1960 quod
796 1915 949 1960 August.
965 1915 1076 1949 dicit
1068 1927 1104 1949 m
1123 1926 1150 1949 1.
1172 1915 1324 1961 Soliloq.
1348 1915 1436 1962 (cap.
1458 1926 1539 1951 12.tl
1554 1915 1666 1959 med.).·
1684 1914 1814 1949 Videba-

249 1972 304 2002 tm·
326 1969 418 2009 milas,
441 1970 467 2002 si
487 1980 516 2002 se
539 1968 590 2002 ille
606 1970 766 2002 mentibus
787 1970 905 2003 nostris
926 1970 1075 2003 >veritatis
1093 1969 1209 2014 fulgor
1231 1971 1384 2015 aperiret,
1402 1974 1461 2004 aut
1482 1981 1548 2003 non
1573 1981 1625 2004 me
1647 1980 1814 2004 sensurum

241 2022 344 2066 sitisse
364 2022 456 2055 illum
479 2022 636 2063 dotorem,
661 2027 717 2056 ant
735 2027 817 2056 (erte
830 2028 893 2068 pro
917 2023 1018 2056 nthIO
1042 2023 1269 2057 toleraturum.

320 2075 549 2109 Rnspoxmo
577 2075 781 2117 dicendum,
804 2076 1015 2121 quod,sicut
1029 2087 1135 2121 supra
1158 2076 1293 2110 dictum
1316 2084 1368 2110 est
1389 2077 1436 2122 (q.
1455 2088 1501 2122 31.
1523 2081 1588 2111 art.
1606 2076 1654 2122 5.)
1675 2076 1709 2110 in
1731 2086 1814 2110 con-

248 2129 484 2174 templatione
514 2129 672 2162 veritatis
706 2130 864 2162 maxima
892 2129 1085 2163 delectatio
1109 2130 1284 2171 consistit,
1313 2130 1433 2164 omnis
1467 2137 1588 2164 autem
1622 2129 1812 2164 dele2tatio

252 2182 418 2216 dolorem
441 2183 593 2227 mitigat,
616 2191 653 2216 ut
675 2194 779 2228 supra
803 2183 1004 2217 dictumest
1018 2184 1098 2228 (art.
1117 2190 1230 2230 praec.
1250 2189 1280 2218 et
1297 2188 1360 2218 art.
1375 2195 1402 2218 1.
1423 2184 1492 2229 huj.
1508 2183 1570 2229 q.);
1583 2191 1618 2217 et
1639 2182 1717 2217 ideo
1736 2194 1813 2217 con-

251 2237 577 2283 templatioveritatis
589 2238 717 2282 mitigat
729 2238 909 2279 tristitiam,
921 2237 974 2271 vel
988 2237 1153 2277 dolorem
1170 2245 1204 2271 et
1221 2245 1321 2271 tanto
1337 2237 1610 2283 magis,quanto
1625 2235 1812 2283 perfectius

250 2290 377 2336 aliquis
399 2299 453 2324 est
475 2298 616 2324 amator
638 2291 853 2336 sapientiae;
877 2299 911 2324 ct
930 2291 1010 2324 ideo
1026 2291 1194 2325 homines
1210 2302 1251 2324 ex
1267 2290 1575 2336 contemplatione
1597 2291 1810 2331 divinorum,

250 2351 285 2377 et
305 2343 444 2377 futurae
466 2344 694 2378 beatitudinis
717 2344 752 2377 in
774 2343 1064 2378 tribulationibus
1091 2344 1260 2389 gaudent,
1287 2344 1487 2378 secundum
1514 2343 1601 2378 illud
1612 2343 1733 2389 Jacobi
1763 2354 1810 2378 1.:

252 2398 356 2432 Omne
372 2397 531 2442 gaudium
554 2399 745 2439 existimate,
762 2398 889 2443 fratres
923 2399 997 2439 mei,
1021 2410 1095 2432 cum
1123 2399 1156 2432 in
1191 2400 1379 2432 tentationes
1405 2399 1520 2431 varias
1542 2397 1741 2432 incideritis:
1764 2405 1809 2439 et,

249 2451 346 2497 quod
370 2459 423 2485 est
445 2450 608 2497 amplius,
632 2451 741 2485 etiam
772 2451 863 2485 inter
895 2451 1054 2497 corporis
1090 2451 1266 2486 cruciatus
1295 2451 1548 2496 hujusmodit>
1527 2451 1695 2485 caudium
1717 2451 1812 2484 ime-

248 2506 360 2540 nitur:
384 2505 475 2539 sicut
497 2504 682 2539 Tiburtius
705 2513 850 2551 marty·
874 2516 956 2538 cum
979 2505 1120 2539 nudatis
1143 2505 1272 2551 plantis
1295 2516 1402 2551 super
1423 2505 1587 2539 ardentes
1614 2515 1741 2550 prunas
1762 2505 1812 2538 in-

249 2559 402 2601 cederet,
434 2559 537 2593 dixit:
572 2559 707 2593 Videtur
737 2547 831 2601 milii,
871 2559 955 2604 quoii
982 2565 1077 2605 Ἦραν
1099 2571 1203 2594 roseos
1232 2559 1324 2600 stores
1357 2558 1506 2593 incedam
1532 2559 1567 2592 in
1590 2559 1716 2593 nomine
1732 2558 1809 2602 Jesu

245 2614 382 2650 Clyiisti.

319 2668 379 2702 An
406 2677 555 2702 PRIMUM
579 2677 665 2712 ergo
701 2666 906 2707 dicendum,
929 2666 1025 2712 quod
1060 2667 1116 2712 qui
1148 2666 1240 2701 addit
1259 2667 1441 2707 scientiam,
1465 2665 1555 2700 addit
1576 2665 1725 2705 dolorem,
1751 2664 1809 2699 vel

248 2730 369 2768 proter
391 2720 653 2762 difficultatem,
676 2728 709 2754 ct
731 2719 911 2753 desectum
937 2720 1172 2754 inveniendae
1194 2720 1364 2761 veritatis,
1382 2719 1439 2754 vel
1461 2727 1606 2766 propter
1624 2720 1689 2753 hoc
1712 2719 1808 2765 quod

249 2787 311 2822 per
333 2775 520 2809 scientiam
542 2775 657 2807 homo
681 2773 868 2819 cognoscit
889 2773 1013 2814 multa,
1036 2785 1127 2819 quae
1143 2773 1318 2808 voluntati
1343 2773 1624 2808 contrariantur:
1647 2780 1682 2807 et
1697 2772 1747 2806 sic
1767 2783 1808 2806 ex

249 2838 348 2876 parte
383 2840 500 2863 reruni
535 2828 761 2874 cognitarum
790 2827 937 2861 scientia
960 2827 1125 2862 dolorem
1149 2835 1292 2869 causat3
1315 2839 1356 2861 ex
1390 2834 1489 2873 parte
1512 2834 1634 2861 autem
1655 2834 1809 2860 contem-

250 2883 418 2929 plationis
439 2882 598 2917 veritatis
620 2881 911 2916 delectationem.
