<?xml version="1.0" encoding="UTF-8"?>
<!DOCTYPE html PUBLIC "-//W3C//DTD XHTML 1.0 Transitional//EN"
    "http://www.w3.org/TR/xhtml1/DTD/xhtml1-transitional.dtd">
<html xmlns="http://www.w3.org/1999/xhtml" xml:lang="en" lang="en">
 <head>
  <title>
</title>
<meta http-equiv="Content-Type" content="text/html;charset=utf-8" />
  <meta name='ocr-system' content='tesseract 3.04.00' />
  <meta name='ocr-capabilities' content='ocr_page ocr_carea ocr_par ocr_line ocrx_word'/>
</head>
<body>
  <div class='ocr_page' id='page_1' title='image "./divithomaeaquina02thomuoft_0190.png"; bbox 0 0 1907 3182; ppageno 0'>
   <div class='ocr_carea' id='block_1_1' title="bbox 239 168 1360 214">
    <p class='ocr_par' dir='ltr' id='par_1_1' title="bbox 239 168 1360 214">
     <span class='ocr_line' id='line_1_1' title="bbox 239 168 1360 214; baseline -0.001 -5"><span class='ocrx_word' id='word_1_1' title='bbox 239 168 320 209; x_wconf 79' lang='lat'>186</span> <span class='ocrx_word' id='word_1_2' title='bbox 668 179 884 214; x_wconf 88' lang='lat' dir='ltr'><strong>QUAESTIO</strong></span> <span class='ocrx_word' id='word_1_3' title='bbox 917 179 1022 209; x_wconf 85' lang='lat' dir='ltr'>XXII.</span> <span class='ocrx_word' id='word_1_4' title='bbox 1055 179 1299 210; x_wconf 89' lang='lat' dir='ltr'>ARTICULUS</span> <span class='ocrx_word' id='word_1_5' title='bbox 1332 179 1360 208; x_wconf 93' lang='lat'>1.</span> 
     </span>
    </p>
   </div>
   <div class='ocr_carea' id='block_1_2' title="bbox 233 259 1805 2236">
    <p class='ocr_par' dir='ltr' id='par_1_2' title="bbox 233 259 1780 355">
     <span class='ocr_line' id='line_1_2' title="bbox 233 259 1780 306; baseline 0 -12"><span class='ocrx_word' id='word_1_6' title='bbox 233 269 312 294; x_wconf 89' lang='lat' dir='ltr'>cata</span> <span class='ocrx_word' id='word_1_7' title='bbox 335 268 455 294; x_wconf 87' lang='lat' dir='ltr'>autem</span> <span class='ocrx_word' id='word_1_8' title='bbox 477 268 558 294; x_wconf 84' lang='lat' dir='ltr'>sunt</span> <span class='ocrx_word' id='word_1_9' title='bbox 578 260 719 306; x_wconf 85' lang='lat' dir='ltr'>proprie</span> <span class='ocrx_word' id='word_1_10' title='bbox 747 261 784 294; x_wconf 88' lang='lat' dir='ltr'>in</span> <span class='ocrx_word' id='word_1_11' title='bbox 811 260 950 303; x_wconf 76' lang='lat' dir='ltr'>anima,</span> <span class='ocrx_word' id='word_1_12' title='bbox 977 271 1064 306; x_wconf 85' lang='lat' dir='ltr'>ergo</span> <span class='ocrx_word' id='word_1_13' title='bbox 1091 268 1126 295; x_wconf 91' lang='lat' dir='ltr'>et</span> <span class='ocrx_word' id='word_1_14' title='bbox 1151 260 1348 306; x_wconf 83' lang='lat' dir='ltr'>passiones,</span> <span class='ocrx_word' id='word_1_15' title='bbox 1370 270 1466 305; x_wconf 87' lang='lat' dir='ltr'>quae</span> <span class='ocrx_word' id='word_1_16' title='bbox 1492 259 1660 294; x_wconf 89' lang='lat' dir='ltr'>dicuntur</span> <span class='ocrx_word' id='word_1_17' title='bbox 1677 265 1780 306; x_wconf 82' lang='lat' dir='ltr'>pecca</span> 
     </span>
     <span class='ocr_line' id='line_1_3' title="bbox 234 314 670 355; baseline -0.002 -7"><span class='ocrx_word' id='word_1_18' title='bbox 234 319 356 355; x_wconf 77' lang='lat' dir='ltr'>torum,</span> <span class='ocrx_word' id='word_1_19' title='bbox 380 322 461 348; x_wconf 85' lang='lat' dir='ltr'>sunt</span> <span class='ocrx_word' id='word_1_20' title='bbox 481 314 517 347; x_wconf 88' lang='lat' dir='ltr'>in</span> <span class='ocrx_word' id='word_1_21' title='bbox 540 314 670 347; x_wconf 90' lang='lat' dir='ltr'>anima.</span> 
     </span>
    </p>

    <p class='ocr_par' dir='ltr' id='par_1_3' title="bbox 233 365 1800 1486">
     <span class='ocr_line' id='line_1_4' title="bbox 303 365 1793 413; baseline -0.001 -11"><span class='ocrx_word' id='word_1_22' title='bbox 303 367 531 402; x_wconf 68' lang='lat' dir='ltr'>RESPONDEO</span> <span class='ocrx_word' id='word_1_23' title='bbox 554 367 759 408; x_wconf 83' lang='lat' dir='ltr'>dicendum,</span> <span class='ocrx_word' id='word_1_24' title='bbox 778 366 874 412; x_wconf 89' lang='lat' dir='ltr'>quod</span> <span class='ocrx_word' id='word_1_25' title='bbox 893 367 964 412; x_wconf 88' lang='lat' dir='ltr'>pati</span> <span class='ocrx_word' id='word_1_26' title='bbox 984 366 1112 400; x_wconf 89' lang='lat' dir='ltr'>dicitur</span> <span class='ocrx_word' id='word_1_27' title='bbox 1133 367 1326 413; x_wconf 66' lang='lat' dir='ltr'>tripliciter:</span> <span class='ocrx_word' id='word_1_28' title='bbox 1349 377 1414 400; x_wconf 86' lang='lat' dir='ltr'>uno</span> <span class='ocrx_word' id='word_1_29' title='bbox 1428 365 1523 400; x_wconf 87' lang='lat' dir='ltr'>modo</span> <span class='ocrx_word' id='word_1_30' title='bbox 1539 365 1793 408; x_wconf 86' lang='lat' dir='ltr'>communiter,</span> 
     </span>
     <span class='ocr_line' id='line_1_5' title="bbox 234 419 1792 467; baseline -0.001 -13"><span class='ocrx_word' id='word_1_31' title='bbox 234 421 433 455; x_wconf 88' lang='lat' dir='ltr'>secundum</span> <span class='ocrx_word' id='word_1_32' title='bbox 454 421 550 467; x_wconf 85' lang='lat' dir='ltr'>quod</span> <span class='ocrx_word' id='word_1_33' title='bbox 573 432 681 454; x_wconf 90' lang='lat' dir='ltr'>omne</span> <span class='ocrx_word' id='word_1_34' title='bbox 704 422 844 466; x_wconf 68' lang='lat' dir='ltr'>recipere</span> <span class='ocrx_word' id='word_1_35' title='bbox 867 428 919 454; x_wconf 89' lang='lat' dir='ltr'>est</span> <span class='ocrx_word' id='word_1_36' title='bbox 937 421 1022 466; x_wconf 75' lang='lat' dir='ltr'>pati,</span> <span class='ocrx_word' id='word_1_37' title='bbox 1046 420 1187 454; x_wconf 83' lang='lat' dir='ltr'>etiamsi</span> <span class='ocrx_word' id='word_1_38' title='bbox 1207 419 1297 453; x_wconf 85' lang='lat' dir='ltr'>nihil</span> <span class='ocrx_word' id='word_1_39' title='bbox 1324 419 1510 465; x_wconf 85' lang='lat' dir='ltr'>abjiciatur</span> <span class='ocrx_word' id='word_1_40' title='bbox 1529 431 1547 454; x_wconf 90' lang='lat' dir='ltr'>a</span> <span class='ocrx_word' id='word_1_41' title='bbox 1569 420 1742 454; x_wconf 72' lang='lat' dir='ltr'>rez-sicut</span> <span class='ocrx_word' id='word_1_42' title='bbox 1762 419 1792 454; x_wconf 94' lang='lat' dir='ltr'>si</span> 
     </span>
     <span class='ocr_line' id='line_1_6' title="bbox 235 473 1791 520; baseline -0.001 -12"><span class='ocrx_word' id='word_1_43' title='bbox 235 475 372 508; x_wconf 86' lang='lat' dir='ltr'>dicatur</span> <span class='ocrx_word' id='word_1_44' title='bbox 394 478 515 508; x_wconf 76' lang='lat' dir='ltr'>aerem</span> <span class='ocrx_word' id='word_1_45' title='bbox 537 474 620 520; x_wconf 85' lang='lat' dir='ltr'>pati,</span> <span class='ocrx_word' id='word_1_46' title='bbox 643 474 786 519; x_wconf 83' lang='lat' dir='ltr'>quando</span> <span class='ocrx_word' id='word_1_47' title='bbox 809 473 1044 515; x_wconf 81' lang='lat' dir='ltr'>illuminatur,</span> <span class='ocrx_word' id='word_1_48' title='bbox 1070 474 1142 507; x_wconf 90' lang='lat' dir='ltr'>hoc</span> <span class='ocrx_word' id='word_1_49' title='bbox 1170 482 1291 506; x_wconf 83' lang='lat' dir='ltr'>autem</span> <span class='ocrx_word' id='word_1_50' title='bbox 1313 473 1430 518; x_wconf 84' lang='lat' dir='ltr'>magis</span> <span class='ocrx_word' id='word_1_51' title='bbox 1451 482 1504 508; x_wconf 87' lang='lat' dir='ltr'>est</span> <span class='ocrx_word' id='word_1_52' title='bbox 1524 473 1658 520; x_wconf 89' lang='lat' dir='ltr'>perfici,</span> <span class='ocrx_word' id='word_1_53' title='bbox 1681 484 1791 519; x_wconf 89' lang='lat' dir='ltr'>quam</span> 
     </span>
     <span class='ocr_line' id='line_1_7' title="bbox 235 526 1794 574; baseline -0.001 -13"><span class='ocrx_word' id='word_1_54' title='bbox 235 528 324 574; x_wconf 85' lang='lat' dir='ltr'>pati:</span> <span class='ocrx_word' id='word_1_55' title='bbox 352 528 417 561; x_wconf 75' lang='lat' dir='ltr'>alio</span> <span class='ocrx_word' id='word_1_56' title='bbox 444 527 538 561; x_wconf 78' lang='lat' dir='ltr'>modo</span> <span class='ocrx_word' id='word_1_57' title='bbox 566 527 694 560; x_wconf 87' lang='lat' dir='ltr'>dicitur</span> <span class='ocrx_word' id='word_1_58' title='bbox 719 527 861 572; x_wconf 78' lang='lat' dir='ltr'>proprie</span> <span class='ocrx_word' id='word_1_59' title='bbox 889 527 972 572; x_wconf 89' lang='lat' dir='ltr'>pati,</span> <span class='ocrx_word' id='word_1_60' title='bbox 1000 527 1144 572; x_wconf 90' lang='lat' dir='ltr'>quando</span> <span class='ocrx_word' id='word_1_61' title='bbox 1181 526 1313 572; x_wconf 87' lang='lat' dir='ltr'>aliquid</span> <span class='ocrx_word' id='word_1_62' title='bbox 1340 527 1508 572; x_wconf 73' lang='lat' dir='ltr'>recipitur</span> <span class='ocrx_word' id='word_1_63' title='bbox 1535 538 1618 560; x_wconf 88' lang='lat' dir='ltr'>cum</span> <span class='ocrx_word' id='word_1_64' title='bbox 1651 526 1794 560; x_wconf 90' lang='lat' dir='ltr'>alterius</span> 
     </span>
     <span class='ocr_line' id='line_1_8' title="bbox 237 579 1792 626; baseline -0.001 -11"><span class='ocrx_word' id='word_1_65' title='bbox 237 581 457 626; x_wconf 84' lang='lat' dir='ltr'>abjectione:</span> <span class='ocrx_word' id='word_1_66' title='bbox 480 580 541 614; x_wconf 85' lang='lat' dir='ltr'>sed</span> <span class='ocrx_word' id='word_1_67' title='bbox 568 581 638 613; x_wconf 89' lang='lat' dir='ltr'>hoc</span> <span class='ocrx_word' id='word_1_68' title='bbox 667 580 843 625; x_wconf 85' lang='lat' dir='ltr'>contingit</span> <span class='ocrx_word' id='word_1_69' title='bbox 869 580 1064 626; x_wconf 57' lang='lat' dir='ltr'>dupliciter:</span> <span class='ocrx_word' id='word_1_70' title='bbox 1092 580 1283 625; x_wconf 74' lang='lat' dir='ltr'>quandoque</span> <span class='ocrx_word' id='word_1_71' title='bbox 1310 580 1407 613; x_wconf 88' lang='lat' dir='ltr'>enim</span> <span class='ocrx_word' id='word_1_72' title='bbox 1434 580 1596 625; x_wconf 82' lang='lat' dir='ltr'>abjicitur</span> <span class='ocrx_word' id='word_1_73' title='bbox 1621 580 1668 622; x_wconf 91' lang='lat' dir='ltr'>id,</span> <span class='ocrx_word' id='word_1_74' title='bbox 1695 579 1792 626; x_wconf 91' lang='lat' dir='ltr'>quod</span> 
     </span>
     <span class='ocr_line' id='line_1_9' title="bbox 234 633 1792 680; baseline 0 -12"><span class='ocrx_word' id='word_1_75' title='bbox 234 646 309 668; x_wconf 88' lang='lat' dir='ltr'>non</span> <span class='ocrx_word' id='word_1_76' title='bbox 332 643 383 669; x_wconf 89' lang='lat' dir='ltr'>est</span> <span class='ocrx_word' id='word_1_77' title='bbox 404 634 622 668; x_wconf 81' lang='lat' dir='ltr'>conveniens</span> <span class='ocrx_word' id='word_1_78' title='bbox 638 634 705 667; x_wconf 87' lang='lat' dir='ltr'>rei:</span> <span class='ocrx_word' id='word_1_79' title='bbox 729 633 820 667; x_wconf 88' lang='lat' dir='ltr'>sicut</span> <span class='ocrx_word' id='word_1_80' title='bbox 835 645 918 667; x_wconf 85' lang='lat' dir='ltr'>cum</span> <span class='ocrx_word' id='word_1_81' title='bbox 941 645 1070 679; x_wconf 87' lang='lat' dir='ltr'>corpus</span> <span class='ocrx_word' id='word_1_82' title='bbox 1084 633 1250 667; x_wconf 88' lang='lat' dir='ltr'>animalis</span> <span class='ocrx_word' id='word_1_83' title='bbox 1272 641 1428 676; x_wconf 88' lang='lat' dir='ltr'>sanatur,</span> <span class='ocrx_word' id='word_1_84' title='bbox 1451 633 1578 668; x_wconf 91' lang='lat' dir='ltr'>dicitur</span> <span class='ocrx_word' id='word_1_85' title='bbox 1598 633 1690 680; x_wconf 83' lang='lat' dir='ltr'>pati3</span> <span class='ocrx_word' id='word_1_86' title='bbox 1709 633 1792 679; x_wconf 88' lang='lat' dir='ltr'>quia</span> 
     </span>
     <span class='ocr_line' id='line_1_10' title="bbox 233 686 1788 734; baseline -0.001 -12"><span class='ocrx_word' id='word_1_87' title='bbox 233 688 359 734; x_wconf 79' lang='lat' dir='ltr'>recipit</span> <span class='ocrx_word' id='word_1_88' title='bbox 373 688 575 729; x_wconf 86' lang='lat' dir='ltr'>sanitatem,</span> <span class='ocrx_word' id='word_1_89' title='bbox 591 687 812 733; x_wconf 77' lang='lat' dir='ltr'>aegritudine</span> <span class='ocrx_word' id='word_1_90' title='bbox 833 687 988 731; x_wconf 85' lang='lat' dir='ltr'>abjecta:</span> <span class='ocrx_word' id='word_1_91' title='bbox 1009 687 1073 720; x_wconf 77' lang='lat' dir='ltr'>alio</span> <span class='ocrx_word' id='word_1_92' title='bbox 1094 686 1187 720; x_wconf 81' lang='lat' dir='ltr'>modo</span> <span class='ocrx_word' id='word_1_93' title='bbox 1207 686 1350 732; x_wconf 87' lang='lat' dir='ltr'>quando</span> <span class='ocrx_word' id='word_1_94' title='bbox 1366 697 1384 720; x_wconf 90' lang='lat' dir='ltr'>e</span> <span class='ocrx_word' id='word_1_95' title='bbox 1400 697 1576 721; x_wconf 89' lang='lat' dir='ltr'>converso</span> <span class='ocrx_word' id='word_1_96' title='bbox 1597 686 1788 732; x_wconf 85' lang='lat' dir='ltr'>contingit:</span> 
     </span>
     <span class='ocr_line' id='line_1_11' title="bbox 235 739 1792 787; baseline -0.001 -11"><span class='ocrx_word' id='word_1_97' title='bbox 235 742 327 776; x_wconf 83' lang='lat' dir='ltr'>sicut</span> <span class='ocrx_word' id='word_1_98' title='bbox 348 750 534 787; x_wconf 76' lang='lat' dir='ltr'>aegrotare</span> <span class='ocrx_word' id='word_1_99' title='bbox 558 740 686 774; x_wconf 88' lang='lat' dir='ltr'>dicitur</span> <span class='ocrx_word' id='word_1_100' title='bbox 707 739 798 786; x_wconf 76' lang='lat' dir='ltr'>pati3</span> <span class='ocrx_word' id='word_1_101' title='bbox 821 740 903 785; x_wconf 84' lang='lat' dir='ltr'>quia</span> <span class='ocrx_word' id='word_1_102' title='bbox 925 740 1095 786; x_wconf 80' lang='lat' dir='ltr'>recipitur</span> <span class='ocrx_word' id='word_1_103' title='bbox 1115 739 1315 782; x_wconf 85' lang='lat' dir='ltr'>infirmitas,</span> <span class='ocrx_word' id='word_1_104' title='bbox 1335 740 1485 774; x_wconf 85' lang='lat' dir='ltr'>sanitate</span> <span class='ocrx_word' id='word_1_105' title='bbox 1505 740 1653 786; x_wconf 87' lang='lat' dir='ltr'>abjecta.</span> <span class='ocrx_word' id='word_1_106' title='bbox 1672 739 1717 774; x_wconf 90' lang='lat' dir='ltr'>Et</span> <span class='ocrx_word' id='word_1_107' title='bbox 1733 739 1792 774; x_wconf 86' lang='lat' dir='ltr'>hic</span> 
     </span>
     <span class='ocr_line' id='line_1_12' title="bbox 238 792 1795 841; baseline -0.002 -12"><span class='ocrx_word' id='word_1_108' title='bbox 238 803 291 829; x_wconf 89' lang='lat' dir='ltr'>est</span> <span class='ocrx_word' id='word_1_109' title='bbox 316 794 582 841; x_wconf 87' lang='lat' dir='ltr'>propriissimus</span> <span class='ocrx_word' id='word_1_110' title='bbox 609 794 739 827; x_wconf 89' lang='lat' dir='ltr'>modus</span> <span class='ocrx_word' id='word_1_111' title='bbox 766 793 962 839; x_wconf 76' lang='lat' dir='ltr'>passionis:</span> <span class='ocrx_word' id='word_1_112' title='bbox 984 804 1070 826; x_wconf 89' lang='lat' dir='ltr'>nam</span> <span class='ocrx_word' id='word_1_113' title='bbox 1104 793 1178 839; x_wconf 86' lang='lat' dir='ltr'>pati</span> <span class='ocrx_word' id='word_1_114' title='bbox 1211 793 1339 827; x_wconf 89' lang='lat' dir='ltr'>dicitur</span> <span class='ocrx_word' id='word_1_115' title='bbox 1372 804 1414 827; x_wconf 77' lang='lat' dir='ltr'>ex</span> <span class='ocrx_word' id='word_1_116' title='bbox 1447 804 1503 834; x_wconf 90' lang='lat' dir='ltr'>eo,</span> <span class='ocrx_word' id='word_1_117' title='bbox 1537 793 1634 839; x_wconf 91' lang='lat' dir='ltr'>quod</span> <span class='ocrx_word' id='word_1_118' title='bbox 1660 792 1795 839; x_wconf 90' lang='lat' dir='ltr'>aliquid</span> 
     </span>
     <span class='ocr_line' id='line_1_13' title="bbox 235 846 1795 893; baseline -0.001 -11"><span class='ocrx_word' id='word_1_119' title='bbox 235 848 387 882; x_wconf 84' lang='lat' dir='ltr'>trahitur</span> <span class='ocrx_word' id='word_1_120' title='bbox 409 847 451 881; x_wconf 84' lang='lat' dir='ltr'>ad</span> <span class='ocrx_word' id='word_1_121' title='bbox 474 855 659 893; x_wconf 78' lang='lat' dir='ltr'>agentem:</span> <span class='ocrx_word' id='word_1_122' title='bbox 684 846 779 892; x_wconf 87' lang='lat' dir='ltr'>quod</span> <span class='ocrx_word' id='word_1_123' title='bbox 807 854 928 880; x_wconf 83' lang='lat' dir='ltr'>autem</span> <span class='ocrx_word' id='word_1_124' title='bbox 954 846 1089 880; x_wconf 86' lang='lat' dir='ltr'>recedit</span> <span class='ocrx_word' id='word_1_125' title='bbox 1116 847 1157 879; x_wconf 87' lang='lat' dir='ltr'>ab</span> <span class='ocrx_word' id='word_1_126' title='bbox 1185 857 1241 888; x_wconf 89' lang='lat' dir='ltr'>eo,</span> <span class='ocrx_word' id='word_1_127' title='bbox 1268 847 1365 892; x_wconf 90' lang='lat' dir='ltr'>quod</span> <span class='ocrx_word' id='word_1_128' title='bbox 1392 854 1446 880; x_wconf 89' lang='lat' dir='ltr'>est</span> <span class='ocrx_word' id='word_1_129' title='bbox 1471 846 1539 880; x_wconf 87' lang='lat' dir='ltr'>sibi</span> <span class='ocrx_word' id='word_1_130' title='bbox 1564 846 1795 888; x_wconf 89' lang='lat' dir='ltr'>conveniens,</span> 
     </span>
     <span class='ocr_line' id='line_1_14' title="bbox 236 899 1796 946; baseline -0.002 -11"><span class='ocrx_word' id='word_1_131' title='bbox 236 901 393 935; x_wconf 80' lang='lat' dir='ltr'>maxime</span> <span class='ocrx_word' id='word_1_132' title='bbox 407 901 546 934; x_wconf 77' lang='lat' dir='ltr'>videtur</span> <span class='ocrx_word' id='word_1_133' title='bbox 561 900 602 933; x_wconf 86' lang='lat' dir='ltr'>ad</span> <span class='ocrx_word' id='word_1_134' title='bbox 619 899 714 933; x_wconf 87' lang='lat' dir='ltr'>aliud</span> <span class='ocrx_word' id='word_1_135' title='bbox 728 899 832 933; x_wconf 89' lang='lat' dir='ltr'>trahi.</span> <span class='ocrx_word' id='word_1_136' title='bbox 848 899 891 933; x_wconf 87' lang='lat' dir='ltr'>Et</span> <span class='ocrx_word' id='word_1_137' title='bbox 905 899 1069 933; x_wconf 88' lang='lat' dir='ltr'>similiter</span> <span class='ocrx_word' id='word_1_138' title='bbox 1082 899 1117 933; x_wconf 87' lang='lat' dir='ltr'>in</span> <span class='ocrx_word' id='word_1_139' title='bbox 1132 900 1250 946; x_wconf 92' lang='lat' dir='ltr'>primo</span> <span class='ocrx_word' id='word_1_140' title='bbox 1268 900 1312 933; x_wconf 92' lang='lat' dir='ltr'>de</span> <span class='ocrx_word' id='word_1_141' title='bbox 1330 899 1574 934; x_wconf 85' lang='lat' dir='ltr'>Generatione</span> <span class='ocrx_word' id='word_1_142' title='bbox 1584 900 1641 944; x_wconf 86' lang='lat' dir='ltr'>(ex</span> <span class='ocrx_word' id='word_1_143' title='bbox 1654 904 1716 934; x_wconf 84' lang='lat' dir='ltr'>tex.</span> <span class='ocrx_word' id='word_1_144' title='bbox 1726 899 1796 944; x_wconf 85' lang='lat'><em>18.)</em></span> 
     </span>
     <span class='ocr_line' id='line_1_15' title="bbox 237 951 1798 1000; baseline -0.002 -11"><span class='ocrx_word' id='word_1_145' title='bbox 237 955 376 996; x_wconf 86' lang='lat' dir='ltr'>dicitur,</span> <span class='ocrx_word' id='word_1_146' title='bbox 398 954 495 1000; x_wconf 85' lang='lat' dir='ltr'>quod</span> <span class='ocrx_word' id='word_1_147' title='bbox 517 953 661 999; x_wconf 86' lang='lat' dir='ltr'>quando</span> <span class='ocrx_word' id='word_1_148' title='bbox 684 964 725 986; x_wconf 80' lang='lat' dir='ltr'>ex</span> <span class='ocrx_word' id='word_1_149' title='bbox 746 952 955 998; x_wconf 85' lang='lat' dir='ltr'>ignobiliori</span> <span class='ocrx_word' id='word_1_150' title='bbox 977 960 1169 998; x_wconf 78' lang='lat' dir='ltr'>generatur</span> <span class='ocrx_word' id='word_1_151' title='bbox 1189 953 1358 995; x_wconf 87' lang='lat' dir='ltr'>nobilius,</span> <span class='ocrx_word' id='word_1_152' title='bbox 1381 961 1434 987; x_wconf 87' lang='lat' dir='ltr'>est</span> <span class='ocrx_word' id='word_1_153' title='bbox 1454 952 1639 999; x_wconf 89' lang='lat' dir='ltr'>generatio</span> <span class='ocrx_word' id='word_1_154' title='bbox 1665 951 1798 999; x_wconf 88' lang='lat' dir='ltr'>simpli-</span> 
     </span>
     <span class='ocr_line' id='line_1_16' title="bbox 237 1005 1798 1053; baseline -0.002 -10"><span class='ocrx_word' id='word_1_155' title='bbox 237 1010 334 1050; x_wconf 89' lang='lat' dir='ltr'>citer,</span> <span class='ocrx_word' id='word_1_156' title='bbox 357 1016 391 1042; x_wconf 90' lang='lat' dir='ltr'>et</span> <span class='ocrx_word' id='word_1_157' title='bbox 413 1007 594 1053; x_wconf 86' lang='lat' dir='ltr'>corruptio</span> <span class='ocrx_word' id='word_1_158' title='bbox 622 1007 821 1041; x_wconf 86' lang='lat' dir='ltr'>secundum</span> <span class='ocrx_word' id='word_1_159' title='bbox 848 1007 951 1052; x_wconf 90' lang='lat' dir='ltr'>quid:</span> <span class='ocrx_word' id='word_1_160' title='bbox 975 1018 993 1040; x_wconf 92' lang='lat' dir='ltr'>e</span> <span class='ocrx_word' id='word_1_161' title='bbox 1021 1018 1198 1041; x_wconf 79' lang='lat' dir='ltr'>converso</span> <span class='ocrx_word' id='word_1_162' title='bbox 1226 1014 1358 1049; x_wconf 87' lang='lat' dir='ltr'>autem,</span> <span class='ocrx_word' id='word_1_163' title='bbox 1387 1006 1531 1052; x_wconf 88' lang='lat' dir='ltr'>quando</span> <span class='ocrx_word' id='word_1_164' title='bbox 1559 1017 1601 1041; x_wconf 88' lang='lat' dir='ltr'>ex</span> <span class='ocrx_word' id='word_1_165' title='bbox 1626 1005 1798 1040; x_wconf 88' lang='lat' dir='ltr'>nobiliori</span> 
     </span>
     <span class='ocr_line' id='line_1_17' title="bbox 236 1061 1794 1109; baseline -0.001 -12"><span class='ocrx_word' id='word_1_166' title='bbox 236 1063 428 1109; x_wconf 80' lang='lat' dir='ltr'>ignobilius</span> <span class='ocrx_word' id='word_1_167' title='bbox 451 1070 650 1108; x_wconf 84' lang='lat' dir='ltr'>generatur.</span> <span class='ocrx_word' id='word_1_168' title='bbox 670 1061 713 1095; x_wconf 90' lang='lat' dir='ltr'>Et</span> <span class='ocrx_word' id='word_1_169' title='bbox 730 1062 786 1095; x_wconf 88' lang='lat' dir='ltr'>his</span> <span class='ocrx_word' id='word_1_170' title='bbox 807 1062 919 1096; x_wconf 91' lang='lat' dir='ltr'>tribus</span> <span class='ocrx_word' id='word_1_171' title='bbox 941 1061 1059 1096; x_wconf 89' lang='lat' dir='ltr'>modis</span> <span class='ocrx_word' id='word_1_172' title='bbox 1079 1061 1257 1108; x_wconf 85' lang='lat' dir='ltr'>contingit</span> <span class='ocrx_word' id='word_1_173' title='bbox 1275 1072 1352 1096; x_wconf 89' lang='lat' dir='ltr'>esse</span> <span class='ocrx_word' id='word_1_174' title='bbox 1370 1061 1407 1095; x_wconf 92' lang='lat' dir='ltr'>in</span> <span class='ocrx_word' id='word_1_175' title='bbox 1427 1061 1547 1095; x_wconf 89' lang='lat' dir='ltr'>anima</span> <span class='ocrx_word' id='word_1_176' title='bbox 1568 1061 1794 1108; x_wconf 83' lang='lat' dir='ltr'>passionem:</span> 
     </span>
     <span class='ocr_line' id='line_1_18' title="bbox 234 1113 1799 1161; baseline -0.001 -11"><span class='ocrx_word' id='word_1_177' title='bbox 234 1128 320 1150; x_wconf 88' lang='lat' dir='ltr'>nam</span> <span class='ocrx_word' id='word_1_178' title='bbox 342 1116 540 1150; x_wconf 88' lang='lat' dir='ltr'>secundum</span> <span class='ocrx_word' id='word_1_179' title='bbox 566 1115 813 1161; x_wconf 85' lang='lat' dir='ltr'>receptionem</span> <span class='ocrx_word' id='word_1_180' title='bbox 839 1123 979 1149; x_wconf 84' lang='lat' dir='ltr'>tantum</span> <span class='ocrx_word' id='word_1_181' title='bbox 1007 1115 1146 1157; x_wconf 89' lang='lat' dir='ltr'>dicitur,</span> <span class='ocrx_word' id='word_1_182' title='bbox 1173 1115 1270 1161; x_wconf 89' lang='lat' dir='ltr'>quod</span> <span class='ocrx_word' id='word_1_183' title='bbox 1297 1115 1438 1157; x_wconf 88' lang='lat' dir='ltr'>sentire,</span> <span class='ocrx_word' id='word_1_184' title='bbox 1461 1122 1496 1149; x_wconf 87' lang='lat' dir='ltr'>et</span> <span class='ocrx_word' id='word_1_185' title='bbox 1521 1113 1722 1161; x_wconf 80' lang='lat' dir='ltr'>intelligere</span> <span class='ocrx_word' id='word_1_186' title='bbox 1745 1122 1799 1148; x_wconf 90' lang='lat' dir='ltr'>est</span> 
     </span>
     <span class='ocr_line' id='line_1_19' title="bbox 237 1168 1799 1216; baseline -0.001 -12"><span class='ocrx_word' id='word_1_187' title='bbox 237 1170 419 1216; x_wconf 79' lang='lat' dir='ltr'>quoddam</span> <span class='ocrx_word' id='word_1_188' title='bbox 433 1171 526 1216; x_wconf 77' lang='lat' dir='ltr'>pati:</span> <span class='ocrx_word' id='word_1_189' title='bbox 544 1169 664 1215; x_wconf 84' lang='lat' dir='ltr'>passio</span> <span class='ocrx_word' id='word_1_190' title='bbox 684 1177 804 1202; x_wconf 88' lang='lat' dir='ltr'>autern</span> <span class='ocrx_word' id='word_1_191' title='bbox 824 1180 907 1202; x_wconf 89' lang='lat' dir='ltr'>cum</span> <span class='ocrx_word' id='word_1_192' title='bbox 929 1169 1130 1214; x_wconf 86' lang='lat' dir='ltr'>abjectione</span> <span class='ocrx_word' id='word_1_193' title='bbox 1152 1180 1226 1203; x_wconf 93' lang='lat' dir='ltr'>non</span> <span class='ocrx_word' id='word_1_194' title='bbox 1241 1176 1305 1211; x_wconf 85' lang='lat' dir='ltr'>est,</span> <span class='ocrx_word' id='word_1_195' title='bbox 1319 1168 1388 1203; x_wconf 90' lang='lat' dir='ltr'>nisi</span> <span class='ocrx_word' id='word_1_196' title='bbox 1405 1168 1606 1203; x_wconf 88' lang='lat' dir='ltr'>secundum</span> <span class='ocrx_word' id='word_1_197' title='bbox 1623 1176 1799 1202; x_wconf 86' lang='lat' dir='ltr'>transmu-</span> 
     </span>
     <span class='ocr_line' id='line_1_20' title="bbox 238 1221 1800 1270; baseline -0.001 -12"><span class='ocrx_word' id='word_1_198' title='bbox 238 1225 413 1258; x_wconf 85' lang='lat' dir='ltr'>tationem</span> <span class='ocrx_word' id='word_1_199' title='bbox 436 1223 683 1270; x_wconf 78' lang='lat' dir='ltr'>corporalem3</span> <span class='ocrx_word' id='word_1_200' title='bbox 706 1223 799 1256; x_wconf 87' lang='lat' dir='ltr'>unde</span> <span class='ocrx_word' id='word_1_201' title='bbox 822 1222 941 1269; x_wconf 81' lang='lat' dir='ltr'>passio</span> <span class='ocrx_word' id='word_1_202' title='bbox 964 1222 1105 1268; x_wconf 87' lang='lat' dir='ltr'>proprie</span> <span class='ocrx_word' id='word_1_203' title='bbox 1133 1222 1228 1256; x_wconf 85' lang='lat' dir='ltr'>dicta</span> <span class='ocrx_word' id='word_1_204' title='bbox 1254 1234 1328 1256; x_wconf 88' lang='lat' dir='ltr'>non</span> <span class='ocrx_word' id='word_1_205' title='bbox 1355 1229 1473 1268; x_wconf 88' lang='lat' dir='ltr'>potest</span> <span class='ocrx_word' id='word_1_206' title='bbox 1495 1229 1702 1268; x_wconf 88' lang='lat' dir='ltr'>competere</span> <span class='ocrx_word' id='word_1_207' title='bbox 1725 1221 1800 1256; x_wconf 85' lang='lat' dir='ltr'>ani-</span> 
     </span>
     <span class='ocr_line' id='line_1_21' title="bbox 240 1275 1798 1323; baseline -0.002 -11"><span class='ocrx_word' id='word_1_208' title='bbox 240 1289 332 1319; x_wconf 89' lang='lat' dir='ltr'>mae,</span> <span class='ocrx_word' id='word_1_209' title='bbox 354 1277 421 1311; x_wconf 89' lang='lat' dir='ltr'>nisi</span> <span class='ocrx_word' id='word_1_210' title='bbox 444 1288 506 1323; x_wconf 86' lang='lat' dir='ltr'>per</span> <span class='ocrx_word' id='word_1_211' title='bbox 532 1276 718 1318; x_wconf 78' lang='lat' dir='ltr'>accidens3</span> <span class='ocrx_word' id='word_1_212' title='bbox 740 1277 953 1322; x_wconf 79' lang='lat' dir='ltr'>inquantum</span> <span class='ocrx_word' id='word_1_213' title='bbox 980 1276 1118 1310; x_wconf 86' lang='lat' dir='ltr'>scilicet</span> <span class='ocrx_word' id='word_1_214' title='bbox 1144 1277 1389 1322; x_wconf 89' lang='lat' dir='ltr'>compositum</span> <span class='ocrx_word' id='word_1_215' title='bbox 1415 1275 1564 1322; x_wconf 86' lang='lat' dir='ltr'>patitur:</span> <span class='ocrx_word' id='word_1_216' title='bbox 1587 1275 1648 1310; x_wconf 88' lang='lat' dir='ltr'>sed</span> <span class='ocrx_word' id='word_1_217' title='bbox 1669 1275 1705 1309; x_wconf 88' lang='lat' dir='ltr'>in</span> <span class='ocrx_word' id='word_1_218' title='bbox 1726 1275 1798 1309; x_wconf 91' lang='lat' dir='ltr'>hoc</span> 
     </span>
     <span class='ocr_line' id='line_1_22' title="bbox 239 1329 1800 1376; baseline -0.003 -10"><span class='ocrx_word' id='word_1_219' title='bbox 239 1340 291 1366; x_wconf 86' lang='lat' dir='ltr'>est</span> <span class='ocrx_word' id='word_1_220' title='bbox 311 1332 508 1373; x_wconf 70' lang='lat' dir='ltr'>diversitas,</span> <span class='ocrx_word' id='word_1_221' title='bbox 523 1342 608 1365; x_wconf 89' lang='lat' dir='ltr'>nam</span> <span class='ocrx_word' id='word_1_222' title='bbox 627 1331 771 1376; x_wconf 79' lang='lat' dir='ltr'>quando</span> <span class='ocrx_word' id='word_1_223' title='bbox 794 1329 1002 1375; x_wconf 86' lang='lat' dir='ltr'>hujusmodi</span> <span class='ocrx_word' id='word_1_224' title='bbox 1023 1330 1277 1364; x_wconf 81' lang='lat' dir='ltr'>transmutatio</span> <span class='ocrx_word' id='word_1_225' title='bbox 1296 1329 1340 1363; x_wconf 87' lang='lat' dir='ltr'>sit</span> <span class='ocrx_word' id='word_1_226' title='bbox 1355 1329 1391 1363; x_wconf 86' lang='lat' dir='ltr'>in</span> <span class='ocrx_word' id='word_1_227' title='bbox 1406 1329 1572 1371; x_wconf 88' lang='lat' dir='ltr'>deterius,</span> <span class='ocrx_word' id='word_1_228' title='bbox 1587 1329 1704 1375; x_wconf 87' lang='lat' dir='ltr'>magis</span> <span class='ocrx_word' id='word_1_229' title='bbox 1721 1340 1800 1375; x_wconf 91' lang='lat' dir='ltr'>pro-</span> 
     </span>
     <span class='ocr_line' id='line_1_23' title="bbox 239 1380 1799 1432; baseline -0.003 -12"><span class='ocrx_word' id='word_1_230' title='bbox 239 1386 313 1432; x_wconf 86' lang='lat' dir='ltr'>prie</span> <span class='ocrx_word' id='word_1_231' title='bbox 328 1386 435 1420; x_wconf 85' lang='lat' dir='ltr'>habet</span> <span class='ocrx_word' id='word_1_232' title='bbox 449 1385 627 1419; x_wconf 88' lang='lat' dir='ltr'>rationem</span> <span class='ocrx_word' id='word_1_233' title='bbox 641 1380 829 1431; x_wconf 79' lang='lat' dir='ltr'>passionis,</span> <span class='ocrx_word' id='word_1_234' title='bbox 845 1395 954 1429; x_wconf 83' lang='lat' dir='ltr'>quam</span> <span class='ocrx_word' id='word_1_235' title='bbox 976 1383 1120 1429; x_wconf 88' lang='lat' dir='ltr'>quando</span> <span class='ocrx_word' id='word_1_236' title='bbox 1137 1383 1179 1418; x_wconf 90' lang='lat' dir='ltr'>sit</span> <span class='ocrx_word' id='word_1_237' title='bbox 1193 1383 1229 1417; x_wconf 91' lang='lat' dir='ltr'>in</span> <span class='ocrx_word' id='word_1_238' title='bbox 1245 1383 1394 1425; x_wconf 89' lang='lat' dir='ltr'>melius;</span> <span class='ocrx_word' id='word_1_239' title='bbox 1411 1382 1506 1417; x_wconf 90' lang='lat' dir='ltr'>unde</span> <span class='ocrx_word' id='word_1_240' title='bbox 1523 1383 1666 1418; x_wconf 87' lang='lat' dir='ltr'>tristitia</span> <span class='ocrx_word' id='word_1_241' title='bbox 1683 1382 1799 1428; x_wconf 87' lang='lat' dir='ltr'>magis</span> 
     </span>
     <span class='ocr_line' id='line_1_24' title="bbox 239 1437 907 1486; baseline -0.006 -12"><span class='ocrx_word' id='word_1_242' title='bbox 239 1440 382 1486; x_wconf 87' lang='lat' dir='ltr'>proprie</span> <span class='ocrx_word' id='word_1_243' title='bbox 405 1448 457 1473; x_wconf 91' lang='lat' dir='ltr'>est</span> <span class='ocrx_word' id='word_1_244' title='bbox 478 1439 609 1485; x_wconf 86' lang='lat' dir='ltr'>passio,</span> <span class='ocrx_word' id='word_1_245' title='bbox 632 1449 740 1484; x_wconf 87' lang='lat' dir='ltr'>quam</span> <span class='ocrx_word' id='word_1_246' title='bbox 763 1437 907 1471; x_wconf 86' lang='lat' dir='ltr'>laetitia.</span> 
     </span>
    </p>

    <p class='ocr_par' dir='ltr' id='par_1_4' title="bbox 239 1489 1802 1861">
     <span class='ocr_line' id='line_1_25' title="bbox 311 1489 1800 1537; baseline -0.002 -10"><span class='ocrx_word' id='word_1_247' title='bbox 311 1494 369 1526; x_wconf 74' lang='lat' dir='ltr'>AD</span> <span class='ocrx_word' id='word_1_248' title='bbox 388 1503 536 1527; x_wconf 80' lang='lat' dir='ltr'>PRIMUM</span> <span class='ocrx_word' id='word_1_249' title='bbox 552 1503 638 1537; x_wconf 83' lang='lat' dir='ltr'>ergo</span> <span class='ocrx_word' id='word_1_250' title='bbox 654 1491 858 1532; x_wconf 87' lang='lat' dir='ltr'>dicendum,</span> <span class='ocrx_word' id='word_1_251' title='bbox 875 1490 970 1536; x_wconf 85' lang='lat' dir='ltr'>quod</span> <span class='ocrx_word' id='word_1_252' title='bbox 990 1490 1073 1536; x_wconf 86' lang='lat' dir='ltr'>pati,</span> <span class='ocrx_word' id='word_1_253' title='bbox 1089 1490 1289 1524; x_wconf 88' lang='lat' dir='ltr'>secundum</span> <span class='ocrx_word' id='word_1_254' title='bbox 1304 1489 1401 1536; x_wconf 93' lang='lat' dir='ltr'>quod</span> <span class='ocrx_word' id='word_1_255' title='bbox 1416 1498 1469 1524; x_wconf 85' lang='lat' dir='ltr'>est</span> <span class='ocrx_word' id='word_1_256' title='bbox 1484 1501 1567 1524; x_wconf 91' lang='lat' dir='ltr'>curn</span> <span class='ocrx_word' id='word_1_257' title='bbox 1586 1489 1800 1535; x_wconf 86' lang='lat' dir='ltr'>abjectione,</span> 
     </span>
     <span class='ocr_line' id='line_1_26' title="bbox 240 1543 1802 1591; baseline -0.003 -10"><span class='ocrx_word' id='word_1_258' title='bbox 240 1555 274 1581; x_wconf 84' lang='lat' dir='ltr'>et</span> <span class='ocrx_word' id='word_1_259' title='bbox 293 1546 606 1587; x_wconf 81' lang='lat' dir='ltr'>transmutatione,</span> <span class='ocrx_word' id='word_1_260' title='bbox 632 1545 819 1591; x_wconf 87' lang='lat' dir='ltr'>proprium</span> <span class='ocrx_word' id='word_1_261' title='bbox 841 1552 895 1578; x_wconf 89' lang='lat' dir='ltr'>est</span> <span class='ocrx_word' id='word_1_262' title='bbox 916 1544 1106 1586; x_wconf 81' lang='lat' dir='ltr'>materiae3</span> <span class='ocrx_word' id='word_1_263' title='bbox 1129 1544 1223 1578; x_wconf 85' lang='lat' dir='ltr'>unde</span> <span class='ocrx_word' id='word_1_264' title='bbox 1244 1555 1319 1577; x_wconf 88' lang='lat' dir='ltr'>non</span> <span class='ocrx_word' id='word_1_265' title='bbox 1339 1543 1520 1578; x_wconf 84' lang='lat' dir='ltr'>invenitur</span> <span class='ocrx_word' id='word_1_266' title='bbox 1544 1543 1613 1577; x_wconf 90' lang='lat' dir='ltr'>nisi</span> <span class='ocrx_word' id='word_1_267' title='bbox 1638 1543 1675 1577; x_wconf 90' lang='lat' dir='ltr'>in</span> <span class='ocrx_word' id='word_1_268' title='bbox 1702 1554 1802 1577; x_wconf 90' lang='lat' dir='ltr'>com-</span> 
     </span>
     <span class='ocr_line' id='line_1_27' title="bbox 240 1596 1800 1647; baseline -0.003 -12"><span class='ocrx_word' id='word_1_269' title='bbox 240 1601 364 1647; x_wconf 86' lang='lat' dir='ltr'>positis</span> <span class='ocrx_word' id='word_1_270' title='bbox 392 1611 433 1634; x_wconf 80' lang='lat' dir='ltr'>ex</span> <span class='ocrx_word' id='word_1_271' title='bbox 460 1599 621 1640; x_wconf 85' lang='lat' dir='ltr'>materia,</span> <span class='ocrx_word' id='word_1_272' title='bbox 649 1606 683 1632; x_wconf 88' lang='lat' dir='ltr'>et</span> <span class='ocrx_word' id='word_1_273' title='bbox 708 1597 841 1632; x_wconf 85' lang='lat' dir='ltr'>forma:</span> <span class='ocrx_word' id='word_1_274' title='bbox 870 1597 931 1631; x_wconf 86' lang='lat' dir='ltr'>sed</span> <span class='ocrx_word' id='word_1_275' title='bbox 958 1597 1042 1643; x_wconf 85' lang='lat' dir='ltr'>pati,</span> <span class='ocrx_word' id='word_1_276' title='bbox 1069 1605 1175 1643; x_wconf 87' lang='lat' dir='ltr'>prout</span> <span class='ocrx_word' id='word_1_277' title='bbox 1201 1597 1373 1643; x_wconf 88' lang='lat' dir='ltr'>importat</span> <span class='ocrx_word' id='word_1_278' title='bbox 1397 1596 1646 1643; x_wconf 89' lang='lat' dir='ltr'>receptionem</span> <span class='ocrx_word' id='word_1_279' title='bbox 1671 1596 1800 1639; x_wconf 86' lang='lat' dir='ltr'>solam,</span> 
     </span>
     <span class='ocr_line' id='line_1_28' title="bbox 239 1650 1802 1697; baseline -0.003 -9"><span class='ocrx_word' id='word_1_280' title='bbox 239 1665 313 1688; x_wconf 90' lang='lat' dir='ltr'>non</span> <span class='ocrx_word' id='word_1_281' title='bbox 341 1661 393 1688; x_wconf 90' lang='lat' dir='ltr'>est</span> <span class='ocrx_word' id='word_1_282' title='bbox 418 1653 661 1687; x_wconf 86' lang='lat' dir='ltr'>necessarium</span> <span class='ocrx_word' id='word_1_283' title='bbox 689 1651 785 1697; x_wconf 91' lang='lat' dir='ltr'>quod</span> <span class='ocrx_word' id='word_1_284' title='bbox 812 1651 856 1685; x_wconf 87' lang='lat' dir='ltr'>sit</span> <span class='ocrx_word' id='word_1_285' title='bbox 881 1651 1066 1692; x_wconf 89' lang='lat' dir='ltr'>materiae,</span> <span class='ocrx_word' id='word_1_286' title='bbox 1094 1650 1155 1684; x_wconf 89' lang='lat' dir='ltr'>sed</span> <span class='ocrx_word' id='word_1_287' title='bbox 1182 1659 1300 1696; x_wconf 85' lang='lat' dir='ltr'>potest</span> <span class='ocrx_word' id='word_1_288' title='bbox 1334 1662 1411 1685; x_wconf 89' lang='lat' dir='ltr'>esse</span> <span class='ocrx_word' id='word_1_289' title='bbox 1446 1651 1706 1697; x_wconf 88' lang='lat' dir='ltr'>cujuscumque</span> <span class='ocrx_word' id='word_1_290' title='bbox 1734 1651 1802 1685; x_wconf 75' lang='lat' dir='ltr'>exi-</span> 
     </span>
     <span class='ocr_line' id='line_1_29' title="bbox 240 1703 1799 1752; baseline -0.002 -11"><span class='ocrx_word' id='word_1_291' title='bbox 240 1707 363 1742; x_wconf 87' lang='lat' dir='ltr'>stentis</span> <span class='ocrx_word' id='word_1_292' title='bbox 379 1707 414 1740; x_wconf 86' lang='lat' dir='ltr'>in</span> <span class='ocrx_word' id='word_1_293' title='bbox 428 1706 606 1752; x_wconf 85' lang='lat' dir='ltr'>potentia:</span> <span class='ocrx_word' id='word_1_294' title='bbox 631 1705 751 1739; x_wconf 84' lang='lat' dir='ltr'>anima</span> <span class='ocrx_word' id='word_1_295' title='bbox 773 1713 906 1746; x_wconf 87' lang='lat' dir='ltr'>autem,</span> <span class='ocrx_word' id='word_1_296' title='bbox 926 1704 993 1738; x_wconf 91' lang='lat' dir='ltr'>etsi</span> <span class='ocrx_word' id='word_1_297' title='bbox 1013 1715 1087 1738; x_wconf 92' lang='lat' dir='ltr'>non</span> <span class='ocrx_word' id='word_1_298' title='bbox 1102 1704 1147 1738; x_wconf 89' lang='lat' dir='ltr'>sit</span> <span class='ocrx_word' id='word_1_299' title='bbox 1162 1704 1365 1751; x_wconf 89' lang='lat' dir='ltr'>composita</span> <span class='ocrx_word' id='word_1_300' title='bbox 1379 1715 1421 1738; x_wconf 83' lang='lat' dir='ltr'>ex</span> <span class='ocrx_word' id='word_1_301' title='bbox 1439 1704 1603 1746; x_wconf 86' lang='lat' dir='ltr'>materia,</span> <span class='ocrx_word' id='word_1_302' title='bbox 1618 1711 1653 1739; x_wconf 93' lang='lat' dir='ltr'>et</span> <span class='ocrx_word' id='word_1_303' title='bbox 1669 1703 1799 1746; x_wconf 81' lang='lat' dir='ltr'>forma,</span> 
     </span>
     <span class='ocr_line' id='line_1_30' title="bbox 242 1758 1800 1805; baseline -0.002 -10"><span class='ocrx_word' id='word_1_304' title='bbox 242 1761 351 1795; x_wconf 82' lang='lat' dir='ltr'>habet</span> <span class='ocrx_word' id='word_1_305' title='bbox 372 1768 494 1794; x_wconf 89' lang='lat' dir='ltr'>tamen</span> <span class='ocrx_word' id='word_1_306' title='bbox 517 1759 650 1805; x_wconf 87' lang='lat' dir='ltr'>aliquid</span> <span class='ocrx_word' id='word_1_307' title='bbox 672 1758 955 1805; x_wconf 84' lang='lat' dir='ltr'>potentialitatis‚</span> <span class='ocrx_word' id='word_1_308' title='bbox 978 1758 1179 1792; x_wconf 89' lang='lat' dir='ltr'>secundum</span> <span class='ocrx_word' id='word_1_309' title='bbox 1206 1769 1316 1804; x_wconf 91' lang='lat' dir='ltr'>quam</span> <span class='ocrx_word' id='word_1_310' title='bbox 1343 1758 1513 1792; x_wconf 82' lang='lat' dir='ltr'>convenit</span> <span class='ocrx_word' id='word_1_311' title='bbox 1539 1758 1605 1792; x_wconf 88' lang='lat' dir='ltr'>sibi</span> <span class='ocrx_word' id='word_1_312' title='bbox 1629 1758 1800 1805; x_wconf 88' lang='lat' dir='ltr'>recipere,</span> 
     </span>
     <span class='ocr_line' id='line_1_31' title="bbox 241 1811 1801 1861; baseline -0.003 -12"><span class='ocrx_word' id='word_1_313' title='bbox 241 1823 275 1849; x_wconf 89' lang='lat' dir='ltr'>et</span> <span class='ocrx_word' id='word_1_314' title='bbox 289 1814 379 1861; x_wconf 78' lang='lat' dir='ltr'>pati3</span> <span class='ocrx_word' id='word_1_315' title='bbox 394 1813 593 1847; x_wconf 84' lang='lat' dir='ltr'>secundum</span> <span class='ocrx_word' id='word_1_316' title='bbox 615 1812 711 1858; x_wconf 90' lang='lat' dir='ltr'>quod</span> <span class='ocrx_word' id='word_1_317' title='bbox 726 1811 926 1858; x_wconf 83' lang='lat' dir='ltr'>intelligere</span> <span class='ocrx_word' id='word_1_318' title='bbox 936 1813 1014 1858; x_wconf 74' lang='lat' dir='ltr'>pati</span> <span class='ocrx_word' id='word_1_319' title='bbox 1028 1819 1090 1853; x_wconf 84' lang='lat' dir='ltr'>est,</span> <span class='ocrx_word' id='word_1_320' title='bbox 1106 1819 1144 1846; x_wconf 83' lang='lat' dir='ltr'>ut</span> <span class='ocrx_word' id='word_1_321' title='bbox 1158 1811 1288 1845; x_wconf 87' lang='lat' dir='ltr'>dicitur</span> <span class='ocrx_word' id='word_1_322' title='bbox 1301 1811 1337 1845; x_wconf 91' lang='lat' dir='ltr'>in</span> <span class='ocrx_word' id='word_1_323' title='bbox 1355 1823 1384 1858; x_wconf 84' lang='lat'>3.</span> <span class='ocrx_word' id='word_1_324' title='bbox 1407 1811 1450 1845; x_wconf 90' lang='lat' dir='ltr'>de</span> <span class='ocrx_word' id='word_1_325' title='bbox 1468 1811 1604 1845; x_wconf 83' lang='lat' dir='ltr'>Anima</span> <span class='ocrx_word' id='word_1_326' title='bbox 1619 1811 1698 1857; x_wconf 77' lang='lat' dir='ltr'>(tex.</span> <span class='ocrx_word' id='word_1_327' title='bbox 1720 1811 1801 1856; x_wconf 86' lang='lat'><em>12.).</em></span> 
     </span>
    </p>

    <p class='ocr_par' dir='ltr' id='par_1_5' title="bbox 242 1865 1804 2010">
     <span class='ocr_line' id='line_1_32' title="bbox 312 1865 1804 1911; baseline -0.002 -9"><span class='ocrx_word' id='word_1_328' title='bbox 312 1868 371 1902; x_wconf 84' lang='lat' dir='ltr'>AD</span> <span class='ocrx_word' id='word_1_329' title='bbox 399 1877 606 1902; x_wconf 69' lang='lat' dir='ltr'>SECUNDUM</span> <span class='ocrx_word' id='word_1_330' title='bbox 635 1866 839 1907; x_wconf 87' lang='lat' dir='ltr'>dicendum,</span> <span class='ocrx_word' id='word_1_331' title='bbox 862 1865 956 1911; x_wconf 86' lang='lat' dir='ltr'>quod</span> <span class='ocrx_word' id='word_1_332' title='bbox 980 1865 1065 1911; x_wconf 85' lang='lat' dir='ltr'>pati,</span> <span class='ocrx_word' id='word_1_333' title='bbox 1093 1872 1127 1899; x_wconf 89' lang='lat' dir='ltr'>et</span> <span class='ocrx_word' id='word_1_334' title='bbox 1153 1865 1303 1907; x_wconf 88' lang='lat' dir='ltr'>moveri,</span> <span class='ocrx_word' id='word_1_335' title='bbox 1331 1865 1396 1899; x_wconf 91' lang='lat' dir='ltr'>etsi</span> <span class='ocrx_word' id='word_1_336' title='bbox 1421 1875 1496 1899; x_wconf 92' lang='lat' dir='ltr'>non</span> <span class='ocrx_word' id='word_1_337' title='bbox 1518 1865 1712 1900; x_wconf 87' lang='lat' dir='ltr'>conveniat</span> <span class='ocrx_word' id='word_1_338' title='bbox 1732 1865 1804 1900; x_wconf 90' lang='lat' dir='ltr'>ani-</span> 
     </span>
     <span class='ocr_line' id='line_1_33' title="bbox 242 1918 1800 1968; baseline -0.002 -12"><span class='ocrx_word' id='word_1_339' title='bbox 242 1933 322 1956; x_wconf 88' lang='lat' dir='ltr'>mae</span> <span class='ocrx_word' id='word_1_340' title='bbox 345 1933 408 1968; x_wconf 88' lang='lat' dir='ltr'>per</span> <span class='ocrx_word' id='word_1_341' title='bbox 429 1932 477 1964; x_wconf 89' lang='lat' dir='ltr'>se,</span> <span class='ocrx_word' id='word_1_342' title='bbox 500 1920 669 1955; x_wconf 80' lang='lat' dir='ltr'>convenit</span> <span class='ocrx_word' id='word_1_343' title='bbox 682 1927 806 1954; x_wconf 88' lang='lat' dir='ltr'>tamen</span> <span class='ocrx_word' id='word_1_344' title='bbox 822 1919 854 1953; x_wconf 89' lang='lat' dir='ltr'>ei</span> <span class='ocrx_word' id='word_1_345' title='bbox 867 1930 930 1965; x_wconf 90' lang='lat' dir='ltr'>per</span> <span class='ocrx_word' id='word_1_346' title='bbox 945 1919 1125 1961; x_wconf 89' lang='lat' dir='ltr'>accidens,</span> <span class='ocrx_word' id='word_1_347' title='bbox 1144 1927 1182 1953; x_wconf 89' lang='lat' dir='ltr'>ut</span> <span class='ocrx_word' id='word_1_348' title='bbox 1195 1919 1231 1953; x_wconf 89' lang='lat' dir='ltr'>in</span> <span class='ocrx_word' id='word_1_349' title='bbox 1250 1929 1277 1953; x_wconf 95' lang='lat'>1.</span> <span class='ocrx_word' id='word_1_350' title='bbox 1294 1919 1336 1953; x_wconf 90' lang='lat' dir='ltr'>de</span> <span class='ocrx_word' id='word_1_351' title='bbox 1351 1918 1487 1953; x_wconf 89' lang='lat' dir='ltr'>Anima</span> <span class='ocrx_word' id='word_1_352' title='bbox 1501 1919 1579 1964; x_wconf 84' lang='lat' dir='ltr'>(loc.</span> <span class='ocrx_word' id='word_1_353' title='bbox 1595 1920 1649 1954; x_wconf 82' lang='lat' dir='ltr'>cit.</span> <span class='ocrx_word' id='word_1_354' title='bbox 1663 1920 1698 1954; x_wconf 84' lang='lat' dir='ltr'>in</span> <span class='ocrx_word' id='word_1_355' title='bbox 1712 1920 1800 1966; x_wconf 81' lang='lat' dir='ltr'>arg.)</span> 
     </span>
     <span class='ocr_line' id='line_1_34' title="bbox 243 1975 381 2010; baseline -0.014 0"><span class='ocrx_word' id='word_1_356' title='bbox 243 1975 381 2010; x_wconf 86' lang='lat' dir='ltr'>dicitur.</span> 
     </span>
    </p>

    <p class='ocr_par' dir='ltr' id='par_1_6' title="bbox 243 2025 1805 2236">
     <span class='ocr_line' id='line_1_35' title="bbox 314 2025 1804 2073; baseline -0.001 -10"><span class='ocrx_word' id='word_1_357' title='bbox 314 2029 373 2063; x_wconf 89' lang='lat' dir='ltr'>AD</span> <span class='ocrx_word' id='word_1_358' title='bbox 401 2038 571 2063; x_wconf 71' lang='lat' dir='ltr'>TERTIUM</span> <span class='ocrx_word' id='word_1_359' title='bbox 599 2027 804 2068; x_wconf 84' lang='lat' dir='ltr'>dicendum,</span> <span class='ocrx_word' id='word_1_360' title='bbox 835 2026 932 2072; x_wconf 90' lang='lat' dir='ltr'>quod</span> <span class='ocrx_word' id='word_1_361' title='bbox 959 2026 1050 2061; x_wconf 84' lang='lat' dir='ltr'>ratio</span> <span class='ocrx_word' id='word_1_362' title='bbox 1085 2025 1145 2061; x_wconf 88' lang='lat' dir='ltr'>illa</span> <span class='ocrx_word' id='word_1_363' title='bbox 1171 2026 1335 2073; x_wconf 89' lang='lat' dir='ltr'>procedit</span> <span class='ocrx_word' id='word_1_364' title='bbox 1359 2025 1403 2060; x_wconf 92' lang='lat' dir='ltr'>de</span> <span class='ocrx_word' id='word_1_365' title='bbox 1425 2026 1605 2073; x_wconf 87' lang='lat' dir='ltr'>passione,</span> <span class='ocrx_word' id='word_1_366' title='bbox 1632 2037 1724 2073; x_wconf 88' lang='lat' dir='ltr'>quae</span> <span class='ocrx_word' id='word_1_367' title='bbox 1751 2034 1804 2061; x_wconf 88' lang='lat' dir='ltr'>est</span> 
     </span>
     <span class='ocr_line' id='line_1_36' title="bbox 245 2079 1803 2126; baseline -0.001 -10"><span class='ocrx_word' id='word_1_368' title='bbox 245 2094 327 2116; x_wconf 88' lang='lat' dir='ltr'>cum</span> <span class='ocrx_word' id='word_1_369' title='bbox 349 2082 650 2116; x_wconf 82' lang='lat' dir='ltr'>transmutatione</span> <span class='ocrx_word' id='word_1_370' title='bbox 673 2081 715 2114; x_wconf 87' lang='lat' dir='ltr'>ad</span> <span class='ocrx_word' id='word_1_371' title='bbox 739 2080 904 2122; x_wconf 82' lang='lat' dir='ltr'>deterius,</span> <span class='ocrx_word' id='word_1_372' title='bbox 920 2088 955 2114; x_wconf 87' lang='lat' dir='ltr'>et</span> <span class='ocrx_word' id='word_1_373' title='bbox 975 2080 1186 2126; x_wconf 80' lang='lat' dir='ltr'>hujusmodi</span> <span class='ocrx_word' id='word_1_374' title='bbox 1207 2079 1328 2126; x_wconf 89' lang='lat' dir='ltr'>passio</span> <span class='ocrx_word' id='word_1_375' title='bbox 1350 2080 1491 2114; x_wconf 88' lang='lat' dir='ltr'>animae</span> <span class='ocrx_word' id='word_1_376' title='bbox 1513 2080 1707 2115; x_wconf 91' lang='lat' dir='ltr'>convenire</span> <span class='ocrx_word' id='word_1_377' title='bbox 1729 2091 1803 2115; x_wconf 91' lang='lat' dir='ltr'>non</span> 
     </span>
     <span class='ocr_line' id='line_1_37' title="bbox 243 2133 1805 2183; baseline -0.001 -13"><span class='ocrx_word' id='word_1_378' title='bbox 243 2145 370 2183; x_wconf 86' lang='lat' dir='ltr'>potest,</span> <span class='ocrx_word' id='word_1_379' title='bbox 396 2136 464 2170; x_wconf 91' lang='lat' dir='ltr'>nisi</span> <span class='ocrx_word' id='word_1_380' title='bbox 489 2147 551 2182; x_wconf 89' lang='lat' dir='ltr'>per</span> <span class='ocrx_word' id='word_1_381' title='bbox 578 2135 765 2177; x_wconf 77' lang='lat' dir='ltr'>accidens3</span> <span class='ocrx_word' id='word_1_382' title='bbox 788 2145 849 2180; x_wconf 82' lang='lat' dir='ltr'>per</span> <span class='ocrx_word' id='word_1_383' title='bbox 875 2145 912 2168; x_wconf 84' lang='lat' dir='ltr'>se</span> <span class='ocrx_word' id='word_1_384' title='bbox 939 2142 1059 2168; x_wconf 85' lang='lat' dir='ltr'>autem</span> <span class='ocrx_word' id='word_1_385' title='bbox 1083 2134 1253 2168; x_wconf 86' lang='lat' dir='ltr'>convenit</span> <span class='ocrx_word' id='word_1_386' title='bbox 1278 2133 1495 2180; x_wconf 87' lang='lat' dir='ltr'>composito,</span> <span class='ocrx_word' id='word_1_387' title='bbox 1523 2134 1620 2180; x_wconf 92' lang='lat' dir='ltr'>quod</span> <span class='ocrx_word' id='word_1_388' title='bbox 1647 2141 1701 2170; x_wconf 86' lang='lat' dir='ltr'>est</span> <span class='ocrx_word' id='word_1_389' title='bbox 1727 2145 1805 2169; x_wconf 90' lang='lat' dir='ltr'>cor-</span> 
     </span>
     <span class='ocr_line' id='line_1_38' title="bbox 244 2189 419 2236; baseline -0.006 -12"><span class='ocrx_word' id='word_1_390' title='bbox 244 2189 419 2236; x_wconf 84' lang='lat' dir='ltr'>ruptibile.</span> 
     </span>
    </p>
   </div>
   <div class='ocr_carea' id='block_1_3' title="bbox 802 2318 1804 2376">
    <p class='ocr_par' dir='ltr' id='par_1_7' title="bbox 802 2318 1804 2376">
     <span class='ocr_line' id='line_1_39' title="bbox 802 2318 1804 2376; baseline 0.002 -14"><span class='ocrx_word' id='word_1_391' title='bbox 802 2318 1146 2364; x_wconf 86' lang='lat' dir='ltr'>ARTICULUS</span> <span class='ocrx_word' id='word_1_392' title='bbox 1181 2319 1236 2362; x_wconf 90' lang='lat' dir='ltr'>II.</span> <span class='ocrx_word' id='word_1_393' title='bbox 1739 2328 1804 2376; x_wconf 83' lang='lat'>136</span> 
     </span>
    </p>
   </div>
   <div class='ocr_carea' id='block_1_4' title="bbox 486 2426 1628 2528">
    <p class='ocr_par' dir='ltr' id='par_1_8' title="bbox 486 2426 1628 2528">
     <span class='ocr_line' id='line_1_40' title="bbox 486 2426 1628 2466; baseline 0 -10"><span class='ocrx_word' id='word_1_394' title='bbox 486 2427 635 2457; x_wconf 87' lang='lat' dir='ltr'><strong>UTRUM</strong></span> <span class='ocrx_word' id='word_1_395' title='bbox 666 2426 814 2456; x_wconf 83' lang='lat' dir='ltr'>PASSIO</span> <span class='ocrx_word' id='word_1_396' title='bbox 848 2427 978 2456; x_wconf 87' lang='lat' dir='ltr'>MAGIS</span> <span class='ocrx_word' id='word_1_397' title='bbox 1013 2427 1079 2456; x_wconf 90' lang='lat' dir='ltr'>SIT</span> <span class='ocrx_word' id='word_1_398' title='bbox 1112 2427 1157 2457; x_wconf 92' lang='lat' dir='ltr'>IN</span> <span class='ocrx_word' id='word_1_399' title='bbox 1190 2427 1328 2457; x_wconf 84' lang='lat' dir='ltr'><strong>PARTE</strong></span> <span class='ocrx_word' id='word_1_400' title='bbox 1355 2426 1628 2466; x_wconf 79' lang='lat' dir='ltr'>APPETITIVA,</span> 
     </span>
     <span class='ocr_line' id='line_1_41' title="bbox 744 2492 1308 2528; baseline 0 -7"><span class='ocrx_word' id='word_1_401' title='bbox 744 2492 867 2528; x_wconf 71' lang='lat' dir='ltr'><strong>QUAM</strong></span> <span class='ocrx_word' id='word_1_402' title='bbox 901 2493 943 2521; x_wconf 74' lang='lat' dir='ltr'>IN</span> <span class='ocrx_word' id='word_1_403' title='bbox 971 2492 1308 2522; x_wconf 78' lang='lat' dir='ltr'>APPREHENSIVA.</span> 
     </span>
    </p>
   </div>
   <div class='ocr_carea' id='block_1_5' title="bbox 247 2579 1804 2680">
    <p class='ocr_par' dir='ltr' id='par_1_9' title="bbox 247 2579 1804 2680">
     <span class='ocr_line' id='line_1_42' title="bbox 247 2579 1804 2628; baseline -0.002 -12"><span class='ocrx_word' id='word_1_404' title='bbox 247 2581 350 2628; x_wconf 80' lang='lat' dir='ltr'>(Insr.</span> <span class='ocrx_word' id='word_1_405' title='bbox 366 2593 395 2627; x_wconf 82' lang='lat' dir='ltr'>q.</span> <span class='ocrx_word' id='word_1_406' title='bbox 414 2593 464 2626; x_wconf 77' lang='lat'>41.</span> <span class='ocrx_word' id='word_1_407' title='bbox 484 2586 548 2615; x_wconf 77' lang='lat' dir='ltr'>art.</span> <span class='ocrx_word' id='word_1_408' title='bbox 564 2593 590 2615; x_wconf 87' lang='lat'>1.</span> <span class='ocrx_word' id='word_1_409' title='bbox 610 2586 698 2626; x_wconf 80' lang='lat' dir='ltr'>corp.</span> <span class='ocrx_word' id='word_1_410' title='bbox 714 2585 740 2614; x_wconf 66' lang='lat' dir='ltr'>ct</span> <span class='ocrx_word' id='word_1_411' title='bbox 759 2592 786 2626; x_wconf 82' lang='lat'>3.</span> <span class='ocrx_word' id='word_1_412' title='bbox 805 2592 834 2626; x_wconf 83' lang='lat' dir='ltr'>q.</span> <span class='ocrx_word' id='word_1_413' title='bbox 851 2592 892 2626; x_wconf 79' lang='lat'>15.</span> <span class='ocrx_word' id='word_1_414' title='bbox 909 2586 972 2615; x_wconf 73' lang='lat' dir='ltr'>art.</span> <span class='ocrx_word' id='word_1_415' title='bbox 987 2592 1019 2624; x_wconf 70' lang='grc'>4.</span> <span class='ocrx_word' id='word_1_416' title='bbox 1036 2587 1124 2626; x_wconf 76' lang='lat' dir='ltr'>corp.</span> <span class='ocrx_word' id='word_1_417' title='bbox 1139 2586 1168 2615; x_wconf 70' lang='lat' dir='ltr'>ct</span> <span class='ocrx_word' id='word_1_418' title='bbox 1189 2581 1276 2615; x_wconf 70' lang='lat' dir='ltr'>Veri.</span> <span class='ocrx_word' id='word_1_419' title='bbox 1299 2592 1330 2626; x_wconf 86' lang='lat' dir='ltr'>q.</span> <span class='ocrx_word' id='word_1_420' title='bbox 1349 2580 1404 2616; x_wconf 86' lang='lat'>26.</span> <span class='ocrx_word' id='word_1_421' title='bbox 1420 2585 1525 2626; x_wconf 84' lang='lat' dir='ltr'>art.3.</span> <span class='ocrx_word' id='word_1_422' title='bbox 1544 2586 1636 2627; x_wconf 86' lang='lat' dir='ltr'>corp.</span> <span class='ocrx_word' id='word_1_423' title='bbox 1654 2584 1684 2614; x_wconf 75' lang='lat' dir='ltr'>ct</span> <span class='ocrx_word' id='word_1_424' title='bbox 1697 2579 1740 2614; x_wconf 81' lang='lat' dir='ltr'>ad</span> <span class='ocrx_word' id='word_1_425' title='bbox 1754 2579 1804 2615; x_wconf 84' lang='lat'>18.</span> 
     </span>
     <span class='ocr_line' id='line_1_43' title="bbox 436 2633 1615 2680; baseline -0.002 -11"><span class='ocrx_word' id='word_1_426' title='bbox 436 2640 465 2670; x_wconf 69' lang='lat' dir='ltr'>ct</span> <span class='ocrx_word' id='word_1_427' title='bbox 487 2635 591 2669; x_wconf 78' lang='lat' dir='ltr'>Dion.</span> <span class='ocrx_word' id='word_1_428' title='bbox 613 2645 644 2670; x_wconf 88' lang='lat'>2.</span> <span class='ocrx_word' id='word_1_429' title='bbox 664 2634 734 2669; x_wconf 64' lang='lat' dir='ltr'>lest.</span> <span class='ocrx_word' id='word_1_430' title='bbox 749 2646 776 2679; x_wconf 80' lang='lat'>5.</span> <span class='ocrx_word' id='word_1_431' title='bbox 799 2639 828 2668; x_wconf 66' lang='lat' dir='ltr'>at</span> <span class='ocrx_word' id='word_1_432' title='bbox 846 2645 876 2668; x_wconf 86' lang='lat'>2.</span> <span class='ocrx_word' id='word_1_433' title='bbox 896 2634 970 2668; x_wconf 74' lang='lat' dir='ltr'>Eth.</span> <span class='ocrx_word' id='word_1_434' title='bbox 993 2635 1062 2669; x_wconf 70' lang='lat' dir='ltr'>lect.</span> <span class='ocrx_word' id='word_1_435' title='bbox 1079 2636 1110 2669; x_wconf 85' lang='lat'>6.</span> <span class='ocrx_word' id='word_1_436' title='bbox 1125 2635 1187 2680; x_wconf 75' lang='lat' dir='ltr'>fin.</span> <span class='ocrx_word' id='word_1_437' title='bbox 1210 2640 1239 2669; x_wconf 69' lang='lat' dir='ltr'>et</span> <span class='ocrx_word' id='word_1_438' title='bbox 1259 2646 1286 2669; x_wconf 82' lang='grc' dir='ltr'>Ι.</span> <span class='ocrx_word' id='word_1_439' title='bbox 1309 2633 1394 2669; x_wconf 64' lang='lat' dir='ltr'>Patr.</span> <span class='ocrx_word' id='word_1_440' title='bbox 1413 2634 1446 2670; x_wconf 88' lang='lat'>6.</span> <span class='ocrx_word' id='word_1_441' title='bbox 1465 2633 1535 2668; x_wconf 73' lang='lat' dir='ltr'>lect.</span> <span class='ocrx_word' id='word_1_442' title='bbox 1554 2634 1615 2679; x_wconf 88' lang='lat'><em>2.).</em></span> 
     </span>
    </p>
   </div>
   <div class='ocr_carea' id='block_1_6' title="bbox 250 2720 1807 2929">
    <p class='ocr_par' dir='ltr' id='par_1_10' title="bbox 250 2720 1807 2929">
     <span class='ocr_line' id='line_1_44' title="bbox 320 2720 1807 2768; baseline -0.003 -9"><span class='ocrx_word' id='word_1_443' title='bbox 320 2725 378 2758; x_wconf 78' lang='lat' dir='ltr'>AD</span> <span class='ocrx_word' id='word_1_444' title='bbox 406 2734 611 2759; x_wconf 68' lang='lat' dir='ltr'>SECUNDUM</span> <span class='ocrx_word' id='word_1_445' title='bbox 638 2723 686 2757; x_wconf 86' lang='lat' dir='ltr'>sic</span> <span class='ocrx_word' id='word_1_446' title='bbox 714 2722 928 2768; x_wconf 82' lang='lat' dir='ltr'>proceditur.</span> <span class='ocrx_word' id='word_1_447' title='bbox 955 2721 1117 2764; x_wconf 71' lang='lat' dir='ltr'>Videtur,</span> <span class='ocrx_word' id='word_1_448' title='bbox 1145 2722 1241 2768; x_wconf 85' lang='lat' dir='ltr'>quod</span> <span class='ocrx_word' id='word_1_449' title='bbox 1276 2721 1396 2768; x_wconf 81' lang='lat' dir='ltr'>passio</span> <span class='ocrx_word' id='word_1_450' title='bbox 1430 2720 1545 2767; x_wconf 88' lang='lat' dir='ltr'>magis</span> <span class='ocrx_word' id='word_1_451' title='bbox 1575 2720 1619 2756; x_wconf 86' lang='lat' dir='ltr'>sit</span> <span class='ocrx_word' id='word_1_452' title='bbox 1644 2720 1681 2755; x_wconf 90' lang='lat' dir='ltr'>in</span> <span class='ocrx_word' id='word_1_453' title='bbox 1706 2728 1807 2768; x_wconf 89' lang='lat' dir='ltr'>parte</span> 
     </span>
     <span class='ocr_line' id='line_1_45' title="bbox 250 2773 1807 2824; baseline -0.003 -12"><span class='ocrx_word' id='word_1_454' title='bbox 250 2778 391 2812; x_wconf 84' lang='lat' dir='ltr'>animae</span> <span class='ocrx_word' id='word_1_455' title='bbox 415 2777 685 2824; x_wconf 81' lang='lat' dir='ltr'>apprehensiva,</span> <span class='ocrx_word' id='word_1_456' title='bbox 707 2787 815 2822; x_wconf 84' lang='lat' dir='ltr'>quam</span> <span class='ocrx_word' id='word_1_457' title='bbox 843 2775 876 2809; x_wconf 87' lang='lat' dir='ltr'>in</span> <span class='ocrx_word' id='word_1_458' title='bbox 905 2783 1002 2821; x_wconf 82' lang='lat' dir='ltr'>parte</span> <span class='ocrx_word' id='word_1_459' title='bbox 1030 2775 1242 2821; x_wconf 78' lang='lat' dir='ltr'>appetitiva:</span> <span class='ocrx_word' id='word_1_460' title='bbox 1266 2774 1363 2821; x_wconf 90' lang='lat' dir='ltr'>quod</span> <span class='ocrx_word' id='word_1_461' title='bbox 1390 2774 1486 2809; x_wconf 87' lang='lat' dir='ltr'>enirn</span> <span class='ocrx_word' id='word_1_462' title='bbox 1514 2781 1567 2809; x_wconf 90' lang='lat' dir='ltr'>est</span> <span class='ocrx_word' id='word_1_463' title='bbox 1591 2773 1750 2820; x_wconf 86' lang='lat' dir='ltr'>primum</span> <span class='ocrx_word' id='word_1_464' title='bbox 1770 2774 1807 2808; x_wconf 89' lang='lat' dir='ltr'>in</span> 
     </span>
     <span class='ocr_line' id='line_1_46' title="bbox 250 2827 1807 2879; baseline -0.003 -12"><span class='ocrx_word' id='word_1_465' title='bbox 250 2832 410 2879; x_wconf 82' lang='lat' dir='ltr'>quolibet</span> <span class='ocrx_word' id='word_1_466' title='bbox 431 2842 573 2877; x_wconf 83' lang='lat' dir='ltr'>genere,</span> <span class='ocrx_word' id='word_1_467' title='bbox 594 2831 733 2865; x_wconf 86' lang='lat' dir='ltr'>videtur</span> <span class='ocrx_word' id='word_1_468' title='bbox 753 2841 828 2864; x_wconf 83' lang='lat' dir='ltr'>esse</span> <span class='ocrx_word' id='word_1_469' title='bbox 852 2829 1050 2863; x_wconf 77' lang='lat' dir='ltr'>maximum</span> <span class='ocrx_word' id='word_1_470' title='bbox 1073 2828 1231 2871; x_wconf 85' lang='lat' dir='ltr'>illorum,</span> <span class='ocrx_word' id='word_1_471' title='bbox 1253 2839 1344 2875; x_wconf 87' lang='lat' dir='ltr'>quae</span> <span class='ocrx_word' id='word_1_472' title='bbox 1367 2836 1449 2863; x_wconf 88' lang='lat' dir='ltr'>sunt</span> <span class='ocrx_word' id='word_1_473' title='bbox 1469 2827 1504 2862; x_wconf 87' lang='lat' dir='ltr'>in</span> <span class='ocrx_word' id='word_1_474' title='bbox 1523 2838 1654 2874; x_wconf 85' lang='lat' dir='ltr'>genere</span> <span class='ocrx_word' id='word_1_475' title='bbox 1675 2827 1752 2870; x_wconf 81' lang='lat' dir='ltr'>illo,</span> <span class='ocrx_word' id='word_1_476' title='bbox 1773 2834 1807 2862; x_wconf 88' lang='lat' dir='ltr'>et</span> 
     </span>
     <span class='ocr_line' id='line_1_47' title="bbox 252 2880 1807 2929; baseline -0.003 -8"><span class='ocrx_word' id='word_1_477' title='bbox 252 2897 359 2922; x_wconf 85' lang='lat' dir='ltr'>causa</span> <span class='ocrx_word' id='word_1_478' title='bbox 386 2885 551 2927; x_wconf 85' lang='lat' dir='ltr'>aliorum,</span> <span class='ocrx_word' id='word_1_479' title='bbox 574 2893 612 2919; x_wconf 87' lang='lat' dir='ltr'>ut</span> <span class='ocrx_word' id='word_1_480' title='bbox 630 2883 758 2918; x_wconf 86' lang='lat' dir='ltr'>dicitur</span> <span class='ocrx_word' id='word_1_481' title='bbox 780 2883 814 2917; x_wconf 86' lang='lat' dir='ltr'>in</span> <span class='ocrx_word' id='word_1_482' title='bbox 838 2892 869 2917; x_wconf 87' lang='lat'>2.</span> <span class='ocrx_word' id='word_1_483' title='bbox 892 2882 1050 2929; x_wconf 77' lang='lat' dir='ltr'>Metaph.</span> <span class='ocrx_word' id='word_1_484' title='bbox 1076 2882 1151 2927; x_wconf 69' lang='lat' dir='ltr'>(tsx.</span> <span class='ocrx_word' id='word_1_485' title='bbox 1174 2883 1248 2927; x_wconf 82' lang='lat'><em>4.):</em></span> <span class='ocrx_word' id='word_1_486' title='bbox 1276 2881 1338 2917; x_wconf 89' lang='lat' dir='ltr'>sed</span> <span class='ocrx_word' id='word_1_487' title='bbox 1364 2881 1484 2929; x_wconf 86' lang='lat' dir='ltr'>passio</span> <span class='ocrx_word' id='word_1_488' title='bbox 1509 2880 1606 2928; x_wconf 87' lang='lat' dir='ltr'>prius</span> <span class='ocrx_word' id='word_1_489' title='bbox 1627 2880 1807 2917; x_wconf 86' lang='lat' dir='ltr'>invenitur</span> 
     </span>
    </p>
   </div>
  </div>
 </body>
</html>
