1907 3182
262 174 348 228 446
695 185 911 220 QUAESTIO
944 186 1041 215 va.
1075 186 1317 216 ARthurus
1349 185 1377 214 1.

332 267 391 302 An
416 277 586 302 TERTIUM
616 267 820 309 dicendum,
851 267 946 313 quod
968 267 1116 301 virtutes
1138 266 1398 301 intellectuales
1419 273 1502 300 sunt
1528 266 1622 300 circa
1653 266 1810 301 diversas

260 321 427 354 materias
445 321 488 354 ad
511 321 666 354 invicem
688 332 761 354 non
785 321 978 362 ordinatas,
996 321 1087 354 sicut
1100 328 1197 366 patet
1217 320 1253 353 in
1269 319 1415 354 diversis
1430 319 1600 361 scientiis,
1615 327 1650 354 et
1667 319 1810 361 artibus,

260 381 295 407 et
315 373 396 407 ideo
419 385 491 407 non
514 373 693 407 invenitur
708 374 743 406 in
759 374 808 407 eis
832 374 1020 414 connexio,
1036 384 1126 419 quae
1148 373 1327 406 invenitur
1346 373 1380 406 in
1403 372 1589 406 virtutibus
1615 372 1811 406 moralibus

260 427 489 461 existentibus
513 428 606 461 circa
633 427 829 473 passiones,
853 434 885 461 et
908 428 1152 473 operationes,
1176 438 1266 472 quae
1289 426 1480 460 manifeste
1501 426 1636 460 habent
1662 426 1705 460 ad
1726 426 1812 460 invi-

260 492 339 514 cem
362 481 545 515 ordinem:
567 492 652 514 nam
675 491 803 514 omnes
825 480 1010 526 passiones
1038 492 1057 514 a
1084 480 1296 526 quibusdam
1324 480 1447 526 primis
1474 479 1722 526 procedentes,
1748 480 1812 513 sci-

258 533 341 567 licet
363 545 500 575 amore,
524 542 557 567 et
579 534 674 574 odio,
703 534 745 567 ad
769 533 944 579 quasdam
971 533 1057 567 alias
1084 533 1332 575 terminantur,
1359 533 1494 567 scilicet
1520 532 1811 573 delectationem,

259 594 293 620 et
313 586 503 620 tristitiam.
524 586 568 620 Et
589 586 752 620 similiter
773 598 900 620 omnes
927 587 1167 632 operationes,
1190 597 1281 632 quae
1304 594 1385 620 sunt
1405 587 1543 620 virtutis
1565 585 1714 620 moralis
1740 597 1812 618 ma-

257 640 356 681 teria,
377 640 512 674 habent
534 640 698 673 ordinem
721 640 763 673 ad
779 640 948 681 invicem,
965 648 998 674 et
1014 640 1122 674 etiam
1139 640 1180 673 ad
1196 639 1397 685 passiones:
1414 648 1449 673 et
1470 639 1552 674 ideo
1571 647 1648 673 tota
1662 639 1811 672 materia

258 692 451 726 moralium
472 693 644 726 virtutum
667 693 729 727 sub
753 704 823 726 una
845 693 984 727 ratione
1007 693 1216 739 prudentiae
1240 693 1362 727 cadet:
1385 693 1518 727 habent
1539 700 1660 727 tamen
1688 692 1812 726 omnia

256 745 494 792 intelligibilia
517 746 681 779 ordinem
704 746 747 779 ad
769 747 884 792 prima
906 746 1098 792 principia:
1127 754 1161 780 et
1187 746 1386 780 secundum
1412 746 1482 780 hoc
1511 757 1638 781 omnes
1663 745 1811 779 virtutes

257 798 518 833 intellectuales
542 799 744 845 dependent
767 799 808 832 ab
831 798 1015 833 intellectu
1037 799 1308 845 principiorum,
1331 799 1423 833 sicut
1447 799 1636 846 prudentia
1662 810 1682 832 a
1707 792 1812 833 v'irtu-

255 853 348 887 tibus
370 851 579 894 moralibus,
610 860 648 886 ut
678 852 813 886 dictum
844 860 896 886 est
928 853 977 896 (in
999 860 1089 899 corp.
1113 854 1206 897 art).
1230 852 1410 899 Principia
1437 860 1557 887 autem
1584 851 1811 893 universalia,

256 917 411 951 quorum
443 913 495 940 est
522 905 725 939 intellectus
754 906 1025 952 principiorum,
1055 917 1127 939 non
1160 905 1363 952 dependent
1392 917 1411 939 a
1438 905 1742 947 conclusionibus,
1767 905 1811 939 de

255 959 382 1005 quibus
409 967 492 993 sunt
512 959 671 1005 reliquae
693 959 954 993 intellectuales
976 959 1135 1000 virtutes,
1159 959 1250 993 sicut
1276 958 1433 993 morales
1460 959 1662 1005 dependent
1689 969 1708 992 a
1733 970 1812 1004 pru-

255 1013 391 1055 dentia3
415 1024 458 1047 eo
474 1013 568 1058 quod
585 1013 762 1058 appetitus
777 1020 901 1046 movet
923 1012 1082 1058 quodam
1105 1013 1216 1046 modo
1238 1012 1429 1054 rationem,
1446 1020 1480 1046 et
1493 1012 1584 1046 ratio
1601 1012 1811 1058 appetitum,

256 1074 293 1100 ut
314 1077 418 1112 supra
441 1066 575 1099 dictum
598 1073 651 1099 est
673 1066 718 1112 (q.
742 1078 773 1112 9.
797 1071 860 1100 art.
884 1078 910 1101 Ι.
933 1070 961 1100 εἰ
981 1077 1009 1111 q.
1029 1067 1080 1111 58.
1103 1071 1168 1100 art.
1191 1077 1220 1111 5.
1240 1065 1282 1099 ad
1302 1067 1358 1111 1.).

324 1120 383 1153 AD
411 1129 598 1158 QUARTUM
621 1119 825 1161 dicendum,
849 1119 945 1165 quod
968 1130 1021 1160 ea,
1045 1119 1088 1152 ad
1111 1130 1202 1165 quae
1224 1118 1400 1153 inclinant
1420 1119 1568 1154 virtutes
1586 1118 1754 1160 morales,
1773 1130 1810 1153 se

254 1173 389 1206 habent
403 1173 444 1206 ad
461 1172 688 1218 prudentiam
711 1173 802 1206 sicut
817 1172 1008 1218 principia;
1031 1183 1104 1206 non
1121 1180 1241 1206 autem
1256 1171 1427 1206 factibilia
1441 1183 1478 1207 se
1492 1172 1626 1206 liabent
1639 1172 1682 1206 ad
1697 1180 1811 1206 artem

257 1226 346 1260 sicut
368 1226 553 1272 principia,
576 1227 637 1259 sed
667 1225 786 1259 solum
816 1226 907 1260 sicut
936 1226 1095 1260 materia.
1123 1225 1354 1260 Manifestum
1383 1234 1436 1260 est
1462 1234 1594 1267 autem,
1621 1226 1718 1272 quod
1744 1226 1809 1260 etsi

255 1281 346 1315 ratio
369 1281 480 1327 possit
502 1292 578 1314 esse
601 1288 697 1314 recta
724 1280 759 1313 in
788 1291 857 1313 una
884 1287 983 1326 parte
1011 1280 1194 1321 materiae,
1223 1287 1257 1313 et
1282 1291 1355 1313 non
1384 1280 1419 1313 in
1447 1279 1535 1321 alia;
1560 1279 1661 1313 nullo
1688 1287 1810 1313 tamen

256 1334 367 1368 modo
390 1342 507 1380 potest
529 1334 597 1368 dici
619 1334 709 1367 ratio
732 1341 840 1375 recta,
864 1334 892 1367 si
914 1334 957 1368 sit
984 1332 1142 1367 defectus
1169 1334 1428 1379 cujuscumque
1455 1333 1637 1379 principii:
1665 1333 1757 1367 sicut
1783 1333 1811 1366 si

257 1389 334 1434 quis
358 1396 490 1422 erraret
513 1388 605 1421 circa
622 1388 691 1421 hoc
709 1388 945 1433 principium:
969 1399 1062 1422 omm⁷
1084 1392 1184 1422 totum
1208 1392 1251 1422 est
1271 1389 1380 1433 majus
1405 1398 1463 1421 sua
1477 1392 1587 1434 parte,
1602 1397 1676 1420 non
1690 1394 1812 1432 posset

254 1442 387 1476 habere
411 1441 598 1475 scientiam
631 1441 911 1486 geometricam3
934 1442 1014 1487 quia
1038 1448 1218 1487 oporteret
1245 1440 1399 1474 multum
1422 1441 1589 1475 recedere
1617 1451 1636 1474 a
1661 1440 1810 1474 veritate

255 1495 291 1529 in
313 1495 552 1540 sequentibus.
578 1494 620 1528 Et
642 1502 823 1541 praeterea
852 1494 995 1539 agibilia
1022 1502 1103 1528 sunt
1130 1494 1293 1528 ordinata
1321 1494 1363 1527 ad
1391 1494 1559 1535 invicem,
1586 1505 1660 1527 non
1689 1502 1809 1527 autem

253 1548 434 1589 factibilia,
457 1555 494 1582 ut
517 1548 651 1581 dictum
675 1556 727 1581 est
753 1549 804 1592 (in
825 1548 918 1582 solut.
936 1548 1091 1593 praec.);
1122 1555 1155 1581 et
1181 1547 1262 1581 ideo
1290 1546 1450 1581 defectus
1478 1547 1687 1593 prudentiae
1715 1546 1809 1580 circa

252 1614 361 1636 unam
383 1610 521 1647 partem
545 1601 729 1647 agibilium
752 1601 935 1635 induceret
956 1599 1138 1635 defectum
1157 1600 1267 1635 etiam
1286 1600 1379 1634 circa
1399 1599 1467 1634 alia
1488 1600 1644 1646 agibilia,
1662 1600 1757 1646 quod
1773 1600 1808 1634 in

252 1655 466 1690 factibilibus
488 1666 560 1689 non
584 1655 771 1700 contingit.

809 1814 1153 1860 ARTICULUS
1192 1814 1248 1857 11.
1744 1836 1809 1873 340

339 1934 491 1965 UTRUM
516 1934 730 1965 VIRTUTES
758 1935 957 1966 MORALES
986 1935 1168 1966 POSSINT
1194 1935 1293 1965 ESSE
1327 1935 1420 1965 SINE
1454 1935 1717 1966 CHARITATE.

251 2035 351 2081 (Insr.
371 2046 399 2080 q.
424 2046 471 2081 71.
494 2039 558 2069 art.
582 2046 614 2079 4.
637 2041 727 2082 corp.
750 2046 815 2070 2-2.
831 2047 860 2081 q.
876 2047 922 2082 23.
946 2040 1008 2070 art.
1025 2046 1052 2081 7.
1069 2040 1199 2081 atq-51.
1215 2040 1278 2069 art.
1293 2047 1324 2070 2.
1340 2041 1428 2082 corp.
1450 2046 1480 2081 q.
1503 2035 1576 2070 108.
1591 2039 1654 2069 art.
1671 2045 1700 2070 2.
1717 2033 1759 2068 ad
1777 2046 1806 2069 2.

557 2093 584 2122 ct
612 2088 697 2122 Veri.
721 2100 751 2134 q.
773 2100 824 2133 14.
846 2094 910 2123 art.
934 2089 966 2123 6.
989 2094 1021 2124 et
1048 2089 1134 2123 Veri.
1157 2101 1186 2135 q.
1209 2101 1239 2124 2.
1259 2093 1321 2123 art.
1349 2101 1381 2133 4.
1405 2088 1447 2123 ud
1474 2101 1500 2124 r.

755 2147 784 2177 et
806 2142 926 2187 Quodl.
950 2154 999 2177 12.
1018 2148 1082 2177 art.
1101 2154 1130 2177 2.
1151 2154 1196 2189 23.
1218 2143 1302 2188 fin).

321 2245 379 2279 An
407 2254 611 2278 SECUNDUM
634 2244 682 2278 sic
699 2243 913 2290 proceditur.
938 2244 1093 2286 Videtur,
1109 2244 1205 2290 quod
1226 2243 1373 2278 virtutes
1396 2242 1553 2277 morales
1575 2242 1714 2289 possint
1727 2253 1806 2276 esse

251 2298 327 2332 sine
351 2298 543 2332 charitate:
567 2298 694 2331 dicitur
716 2298 810 2332 enim
834 2298 869 2331 in
892 2298 950 2331 lib.
974 2306 1124 2332 sentent.
1148 2297 1316 2344 Prosperi
1341 2297 1427 2344 (cap.
1448 2308 1476 2343 7.
1504 2299 1591 2331 inter·
1611 2303 1661 2343 op.
1690 2297 1805 2340 Augu),

250 2352 346 2398 quod
370 2351 488 2385 omnis
515 2352 624 2385 virtus
647 2359 786 2396 praeter
808 2352 1019 2385 charitatem
1044 2359 1252 2397 potestesse
1268 2351 1473 2385 communis
1487 2350 1603 2392 bonis,
1626 2358 1661 2385 et
1682 2349 1804 2384 malis:

250 2405 311 2439 sed
334 2405 488 2439 charitas
510 2415 582 2438 non
606 2413 723 2450 potest
745 2416 820 2439 esse
844 2405 910 2439 nisi
932 2405 967 2438 in
983 2405 1097 2446 bonis,
1114 2413 1150 2439 ut
1165 2405 1294 2439 dicitur
1312 2405 1415 2446 ibid.;
1439 2415 1525 2449 ergo
1548 2403 1640 2438 aliae
1658 2403 1806 2437 virtutes

250 2467 399 2505 possunt
420 2458 542 2492 haberi
565 2458 638 2491 sine
663 2458 846 2492 charitate.

323 2522 352 2545 2.
377 2512 610 2546 PRAErrRi-m.
635 2510 792 2545 Virtutes
817 2511 972 2545 morales
995 2519 1143 2557 possunt
1167 2511 1302 2557 acquiri
1330 2522 1371 2545 ex
1399 2511 1536 2545 actibus
1562 2510 1741 2554 humanis,
1769 2518 1806 2544 ut

250 2566 378 2600 dicitur
400 2566 433 2599 in
451 2576 480 2599 2.
498 2565 654 2599 Ethicor.
681 2565 766 2611 (sap.
792 2578 815 2599 ι.
832 2571 860 2600 ct
876 2567 921 2610 2.)
936 2579 945 2599 .·
968 2565 1027 2599 sed
1053 2565 1206 2599 charitas
1222 2576 1294 2599 non
1310 2565 1461 2599 habetur
1475 2564 1542 2598 nisi
1557 2575 1597 2598 ex
1617 2563 1805 2606 infusione,

250 2620 448 2653 secundum
464 2618 550 2652 illud
574 2619 679 2652 Rom.
708 2629 753 2662 3.:
779 2618 935 2652 Charitas
952 2618 1144 2663 l).·1‘dtj,rsns.1
1163 2624 1206 2653 cs!
1222 2620 1253 2652 in
1270 2618 1422 2652 cordibus
1437 2619 1555 2652 nostris
1572 2624 1631 2664 per
1645 2618 1804 2664 Spiritum

249 2673 418 2714 Sunrlmn,
437 2673 494 2718 qui
512 2672 603 2706 dulus
621 2677 662 2706 cs!
684 2673 792 2709 nohis:
813 2684 899 2715 ergo
923 2671 1011 2705 aliae
1034 2672 1180 2706 virtutes
1202 2680 1351 2717 possunt
1372 2671 1495 2706 haberi
1518 2671 1593 2705 sine
1621 2671 1804 2705 charitate.

325 2737 351 2771 3.
374 2726 608 2759 lel-rrrum.
633 2724 790 2758 Virtutes
815 2724 970 2758 morales
986 2733 1249 2759 connectuntur
1264 2725 1305 2758 ad
1323 2725 1491 2762 invicem.
1515 2726 1725 2770 inquantum
1749 2724 1806 2758 de-

251 2779 406 2824 pendent
429 2791 446 2812 a
470 2779 674 2824 prudentia:
699 2778 757 2811 sed
783 2778 936 2811 charitas
959 2789 1029 2811 non
1047 2778 1222 2824 dependet
1239 2789 1256 2812 a
1273 2778 1471 2824 prudentia,
1488 2778 1562 2812 imo
1578 2777 1803 2825 prudentiam

251 2832 400 2871 excedit,
424 2832 620 2865 secundum
646 2831 730 2864 illud
755 2831 842 2876 Eph.
872 2843 915 2875 3.:
939 2832 1232 2877 Sala-tuminunum
1256 2833 1406 2866 scit-ntiae
1433 2832 1624 2866 charitatem
1654 2830 1802 2868 Christi:

251 2897 338 2929 ergo
361 2885 509 2919 virtutes
532 2884 687 2919 morales
710 2896 780 2918 non
806 2893 1068 2919 connectuntur
1091 2885 1266 2925 charitati,
1289 2885 1349 2919 sed
1372 2885 1447 2919 sine
1469 2896 1509 2919 ea
1529 2895 1607 2918 esse
1626 2891 1785 2930 possunt.
