1907 3182
270 195 351 248 146
696 205 918 241 QUAESTIO
954 206 1074 236 XVIII.
1108 206 1354 237 ARTICULUS
1386 207 1414 237 Ι.

336 287 492 322 Octavo.
516 287 649 322 Utrum
670 287 714 322 sit
737 287 864 334 aliquis
887 296 987 322 actus
1009 287 1217 323 indifferens
1240 288 1440 323 secundum
1463 301 1566 324 suam
1588 290 1760 336 speciem.

334 342 455 376 Nono.
480 341 611 376 Utrum
634 341 761 387 aliquis
785 350 884 376 actus
906 342 951 376 sit
971 342 1179 377 indifferens
1201 342 1402 377 secundum
1423 343 1660 378 individuum.

332 395 501 429 Decimo.
518 395 650 429 Utrum
674 395 792 441 aliqua
816 395 1085 430 circumstantia
1108 396 1303 430 constituat
1325 404 1447 430 actum
1466 397 1644 432 moralem
1662 397 1699 432 in
1713 398 1833 444 specie

266 449 363 490 boni,
385 448 444 483 vel
466 448 563 482 mali.

335 502 554 536 Undecimo.
579 502 710 536 Utrum
738 502 857 537 omnis
880 502 1153 537 circumstantia
1176 514 1311 549 augens
1332 503 1546 547 bonitatem,
1567 503 1626 539 vel
1655 504 1833 539 malitiam

264 556 460 590 constituat
481 564 602 590 actum
624 555 805 590 moralem
826 556 862 590 in
885 556 1003 602 specie
1025 556 1123 599 boni,
1145 556 1204 590 vel
1226 556 1324 590 mali.

835 699 1181 744 ARTICULUS
1217 699 1250 742 Ι.
1763 722 1828 755 104

342 808 494 838 UTRUM
518 808 650 838 OMNIS
679 807 865 838 HUMANA
887 807 1024 837 ACTIO
1053 808 1120 837 SIT
1148 807 1278 847 BONA,
1307 807 1389 837 VEL
1416 807 1583 844 ALIQUA
1608 808 1743 838 MALA-

460 895 561 942 (Infr.
584 900 646 930 art.
666 907 696 930 2.
720 901 817 942 corp:
834 900 862 930 et
882 908 911 941 q.
935 906 981 942 73.
1001 900 1065 930 art.
1087 907 1117 942 7.
1140 895 1182 929 ad
1202 907 1230 930 Ι.
1253 899 1281 930 et
1302 894 1386 929 Mal.
1407 906 1436 941 q.
1459 906 1491 930 2.
1513 900 1576 930 art.
1599 906 1631 930 2.

878 955 906 984 et
928 961 957 996 3.
984 954 1013 984 et
1033 961 1062 996 5.
1091 950 1209 996 corp).

328 1040 388 1075 AD
410 1050 559 1075 PRIMUM
581 1039 631 1074 sic
653 1039 869 1085 proceditur.
896 1039 1060 1081 Videtur,
1083 1039 1179 1085 quod
1203 1038 1323 1073 omnis
1351 1038 1445 1073 actio
1471 1038 1632 1073 hominis
1651 1038 1696 1073 sit
1716 1038 1823 1083 bona,

257 1101 292 1128 et
311 1093 411 1128 nulla
433 1094 478 1128 sit
499 1094 611 1129 mala:
635 1094 721 1128 dicit
743 1094 840 1127 enim
862 1093 971 1127 Dion.
998 1103 1031 1136 4.
1060 1104 1137 1139 cap.
1161 1092 1204 1127 de
1225 1093 1309 1126 Div.
1331 1092 1442 1127 Nom.
1464 1093 1566 1139 (bart.
1593 1103 1626 1137 4.
1650 1092 1721 1128 lect.
1743 1094 1828 1139 22.)‚

256 1148 353 1194 quod
375 1148 513 1182 malum
535 1159 609 1182 non
631 1148 716 1194 agit,
743 1147 811 1181 nisi
839 1147 970 1182 virtute
999 1147 1102 1182 boni:
1131 1146 1193 1181 sed
1222 1146 1352 1181 virtute
1377 1146 1465 1180 boni
1492 1157 1568 1180 non
1600 1145 1639 1180 fit
1667 1145 1826 1190 malum;

256 1213 342 1248 ergo
365 1201 463 1236 nulla
485 1201 579 1236 actio
603 1209 655 1236 est
677 1200 784 1235 mala.

327 1265 358 1290 2.
386 1256 622 1290 PRAETEREA.
651 1254 752 1289 Nihil
779 1254 853 1300 agit
878 1254 948 1288 nisi
974 1253 1174 1288 secundum
1202 1253 1298 1300 quod
1321 1260 1373 1287 est
1395 1261 1496 1288 actu:
1523 1264 1598 1288 non
1626 1262 1680 1288 est
1705 1261 1828 1289 autem

257 1309 390 1355 aliquid
418 1309 569 1351 malum,
596 1309 797 1343 secundum
824 1307 921 1354 quod
948 1315 1001 1342 est
1027 1315 1121 1349 actu,
1143 1308 1205 1341 sed
1227 1307 1428 1341 secundum
1451 1308 1547 1353 quod
1573 1307 1736 1354 potentia
1761 1308 1828 1354 pri-

255 1371 359 1397 vatur
385 1371 485 1398 actu:
511 1363 726 1409 inquantum
758 1370 879 1396 autem
910 1363 1071 1407 potentia
1093 1360 1276 1406 perficitur
1297 1372 1360 1406 per
1379 1369 1512 1403 actum,
1535 1369 1588 1395 est
1610 1361 1762 1403 bonum,
1791 1370 1830 1396 ut

259 1417 388 1451 dicitur
409 1418 445 1451 in
468 1429 499 1464 9.
522 1417 681 1462 Metaph.
705 1417 774 1461 (tex
801 1428 852 1462 19.
875 1421 902 1450 et
923 1415 1012 1460 20.):
1035 1414 1127 1449 nihil
1149 1426 1235 1461 ergo
1259 1415 1344 1460 agit,
1366 1415 1582 1460 inquantum
1604 1422 1657 1449 est
1677 1414 1828 1457 malum,

255 1471 317 1505 sed
339 1470 459 1505 solum
477 1471 692 1517 inquantum
715 1478 767 1504 est
788 1470 945 1504 bonum:
968 1469 1087 1503 omnis
1111 1480 1197 1514 ergo
1221 1469 1315 1503 actio
1339 1476 1393 1502 est
1409 1469 1517 1511 bona,
1540 1476 1575 1503 et
1595 1468 1694 1502 nulla
1717 1468 1826 1502 mala.

329 1536 357 1571 3.
384 1525 620 1560 PRAETEREA.
643 1523 783 1558 Malum
804 1535 878 1557 non
900 1531 1019 1569 potest
1045 1534 1122 1557 esse
1151 1534 1259 1556 causa
1280 1522 1349 1556 nisi
1375 1533 1437 1568 per
1464 1522 1644 1564 accidens,
1667 1530 1706 1556 ut
1726 1530 1824 1567 patet

256 1590 318 1624 per
344 1579 498 1625 Dionys.
520 1589 552 1622 4.
577 1590 653 1624 cap.
681 1578 724 1612 de
751 1578 833 1612 Div.
860 1577 970 1611 Nom.
996 1577 1096 1623 (part.
1119 1587 1151 1621 4.
1174 1576 1245 1611 lect.
1268 1576 1345 1622 23.):
1368 1575 1431 1610 sed
1453 1576 1572 1610 omnis
1600 1576 1752 1610 actionis
1775 1583 1828 1610 est

257 1632 384 1679 aliquis
405 1644 466 1679 per
488 1644 525 1666 se
548 1631 713 1674 effectus;
732 1631 831 1665 nulla
854 1642 940 1677 ergo
965 1631 1059 1664 actio
1082 1638 1135 1664 est
1156 1629 1264 1671 mala,
1291 1629 1354 1663 sed
1377 1629 1496 1663 omnis
1524 1629 1619 1663 actio
1643 1637 1696 1664 est
1716 1629 1823 1664 bona.

327 1686 401 1720 SED
431 1697 585 1721 CONTRA
608 1694 670 1727 est,
694 1685 791 1731 quod
813 1684 996 1719 Dominus
1019 1684 1105 1718 dicit
1121 1683 1224 1728 Joan.
1251 1695 1300 1729 3.:
1327 1683 1455 1725 Omnis,
1480 1684 1537 1729 qui
1557 1683 1643 1718 male
1661 1684 1739 1730 agit,
1762 1683 1828 1718 odit

254 1740 378 1781 lncem;
403 1748 456 1774 est
477 1751 563 1785 ergo
586 1739 705 1785 aliqua
728 1739 822 1773 actio
846 1738 1006 1772 hominis
1028 1737 1136 1771 mala.

325 1794 555 1829 RESPONDEO
575 1793 780 1835 dicendum,
800 1793 896 1839 quod
916 1792 958 1826 de
974 1792 1084 1833 bono,
1101 1799 1135 1825 et
1149 1790 1248 1825 malo
1270 1791 1307 1824 in
1330 1790 1533 1825 actionibus
1552 1798 1696 1837 oportet
1713 1790 1826 1837 loqui,

253 1848 345 1882 sicut
367 1848 409 1882 de
431 1848 541 1889 bono,
561 1856 595 1882 et
617 1846 715 1881 malo
742 1847 779 1880 in
805 1846 933 1888 rebus3
961 1857 1005 1880 eo
1033 1845 1130 1891 quod
1152 1855 1391 1891 unaquaeque
1418 1855 1475 1879 res
1500 1844 1614 1879 talem
1641 1845 1824 1879 actionem

252 1902 429 1948 producit,
446 1902 561 1947 qualis
581 1909 633 1935 est
651 1901 738 1947 ipsa.
759 1901 799 1934 In
818 1900 922 1934 rebus
939 1907 1060 1933 autem
1075 1898 1361 1944 unumquodque
1375 1906 1517 1933 tantum
1532 1899 1642 1933 habet
1656 1899 1699 1934 de
1714 1899 1826 1941 bono,

253 1963 428 2001 quantum
443 1956 552 1989 habet
566 1955 609 1989 de
624 1966 717 1989 esse:
741 1955 878 1988 bonum
901 1953 1010 1995 enim,
1027 1961 1062 1987 et
1075 1964 1138 1987 ens
1154 1961 1423 1994 convertuntur,
1439 1960 1477 1987 ut
1493 1953 1529 1986 in
1549 1953 1668 1999 primo
1688 1952 1825 1987 dictum

253 2016 306 2043 est
327 2009 375 2054 (q.
400 2020 429 2054 5.
456 2014 521 2043 art.
541 2009 608 2054 3.):
644 2007 742 2042 solus
771 2015 891 2041 autem
918 2007 1017 2041 Deus
1040 2007 1148 2040 habet
1169 2014 1285 2040 totam
1307 2005 1571 2052 plenitudinem
1592 2006 1648 2040 sui
1669 2017 1747 2041 esse
1775 2018 1827 2041 εθ-

253 2062 412 2096 cundum
435 2062 567 2108 aliquid
591 2074 715 2103 unum,
735 2070 769 2095 et
787 2060 949 2107 simplex.
974 2060 1224 2106 Unaquaeque
1246 2071 1302 2094 res
1323 2070 1409 2094 vero
1431 2060 1541 2094 habet
1562 2059 1825 2106 plenitudinem

255 2116 396 2150 essendi
422 2116 487 2149 sibi
516 2116 793 2150 convenientem
822 2114 1022 2149 secundum
1050 2114 1213 2156 diversa3
1244 2113 1338 2147 unde
1365 2113 1402 2146 in
1429 2112 1606 2159 aliquibus
1634 2114 1823 2161 contingit,

253 2169 351 2215 quod
378 2177 553 2215 quantum
576 2169 618 2202 ad
642 2169 775 2214 aliquid
802 2169 936 2202 habent
959 2179 1047 2209 esse,
1071 2175 1104 2201 et
1124 2175 1247 2201 tamen
1270 2167 1320 2201 eis
1344 2165 1477 2213 aliquid
1504 2166 1625 2201 deficit
1647 2167 1690 2201 ad
1712 2167 1823 2214 pleni-

253 2223 416 2257 tudinem
439 2223 579 2257 esscndi
602 2223 651 2257 eis
674 2223 850 2256 debitam:
874 2223 966 2256 sicut
988 2223 1031 2256 ad
1053 2221 1316 2267 plenitudinem
1342 2231 1419 2255 esse
1445 2221 1598 2254 humani
1619 2221 1821 2267 requiritur,

253 2277 349 2322 quod
372 2277 416 2310 sit
437 2277 620 2322 quoddam
649 2277 895 2322 compositum
918 2287 959 2309 ex
983 2276 1115 2317 anima,
1138 2282 1172 2309 et
1194 2286 1359 2321 corpore,
1386 2274 1523 2309 habens
1545 2285 1673 2309 omnes
1701 2282 1824 2321 poten-

251 2330 330 2372 tias,
349 2338 383 2364 et
397 2330 635 2364 instrumenta
652 2330 882 2375 cognitionis,
895 2337 929 2363 et
944 2337 1083 2371 motus3
1100 2328 1205 2370 unde,
1221 2328 1250 2362 si
1265 2327 1399 2374 aliquid
1413 2328 1546 2362 horum
1560 2327 1702 2363 deficiat
1717 2328 1825 2362 alicui

252 2383 405 2425 homini,
436 2383 555 2418 deficit
585 2384 616 2418 ei
649 2383 782 2430 aliquid
805 2384 848 2417 de
871 2383 1093 2429 plenitudine
1116 2383 1171 2417 sui
1193 2393 1286 2417 esse:
1311 2390 1487 2428 quantum
1514 2382 1624 2428 igitur
1650 2382 1759 2417 habet
1779 2382 1823 2417 de

251 2448 340 2479 θεεθ,
363 2445 503 2471 tantum
526 2437 633 2470 habet
655 2437 697 2470 de
719 2437 896 2471 bonitate:
920 2437 1135 2482 inquantum
1154 2447 1240 2470 vcro
1260 2435 1394 2482 aliquid
1417 2435 1450 2470 ei
1471 2435 1592 2470 deficit
1612 2435 1655 2470 de
1674 2435 1824 2482 plenitu-

250 2490 332 2524 dine
355 2491 495 2524 essendi
518 2491 697 2524 intantum
712 2490 832 2524 deficit
855 2502 873 2524 a
891 2490 1063 2532 bonitate,
1080 2498 1114 2524 ct
1129 2489 1258 2523 dicitur
1279 2489 1419 2524 malum:
1441 2489 1534 2524 sicut
1554 2489 1669 2524 homo
1691 2501 1822 2524 caecus

250 2544 359 2578 habet
380 2544 423 2578 de
445 2544 617 2585 bonitate,
633 2544 728 2589 quod
746 2544 850 2578 vivit:
874 2552 908 2578 θῖ
930 2543 1068 2577 malum
1086 2551 1138 2578 θεῖ
1153 2543 1196 2585 ei,
1213 2543 1309 2589 quod
1332 2551 1430 2577 caret
1450 2543 1546 2577 visu:
1571 2543 1600 2577 si
1621 2554 1709 2578 vero
1731 2543 1822 2578 nihil

251 2598 398 2631 liaberet
412 2597 455 2631 de
471 2598 629 2638 entitate,
645 2597 702 2631 vel
717 2598 888 2639 bonitate,
911 2608 1027 2643 neque
1051 2597 1201 2638 mulum,
1220 2608 1337 2643 neque
1352 2597 1490 2630 bonum
1506 2596 1576 2631 dici
1598 2605 1729 2644 posset.
1750 2597 1820 2632 Sed

250 2651 333 2697 quia
355 2651 397 2685 de
421 2651 559 2685 ratione
582 2651 668 2684 boni
691 2659 743 2685 θεῖ
769 2651 844 2695 ipsa
872 2651 1056 2697 plenitudo
1081 2651 1233 2692 essendi,
1256 2651 1285 2685 si
1306 2650 1453 2696 quidem
1476 2649 1583 2685 alicui
1605 2650 1739 2697 aliquid
1765 2651 1823 2686 de-

249 2705 354 2738 suerit
380 2705 423 2739 de
446 2705 564 2739 debita
592 2705 732 2739 essendi
760 2705 981 2751 plenitudine
1004 2717 1077 2739 non
1105 2706 1243 2740 dicetur
1269 2705 1480 2752 simpliciter
1505 2706 1654 2748 bonum,
1682 2706 1743 2740 sed
1770 2717 1822 2740 εθ-

251 2758 410 2792 cundum
442 2759 537 2805 quid,
564 2759 778 2805 inquantum
806 2767 858 2792 θεῖ
885 2770 965 2793 ens:
989 2759 1119 2804 poterit
1140 2767 1263 2793 tamen
1292 2759 1363 2793 dici
1389 2758 1600 2806 simpliciter
1619 2771 1693 2802 enS,
1715 2767 1750 2794 et
1771 2770 1822 2794 se-

251 2812 409 2845 cundum
432 2812 515 2858 quid
537 2823 611 2846 non
634 2823 708 2854 ens,
730 2819 768 2846 ut
790 2812 824 2845 in
848 2812 965 2857 primo
988 2812 1124 2846 dictum
1147 2821 1200 2847 θεῖ
1227 2813 1271 2858 (q.
1291 2824 1319 2859 5.
1343 2818 1407 2847 art.
1430 2825 1457 2848 ι.
1479 2812 1522 2847 ad
1542 2814 1599 2858 L).
1629 2812 1688 2847 Sic
1711 2813 1820 2859 igitur

251 2865 443 2899 dicendum
467 2874 531 2908 θεῖ,
554 2866 650 2912 quod
673 2866 792 2900 omnis
815 2866 921 2907 actio,
943 2866 1157 2912 inquantum
1178 2866 1288 2900 habet
1307 2865 1440 2912 aliquid
1462 2866 1504 2901 de
1527 2877 1617 2909 esse,
1638 2866 1819 2901 intantum

250 2918 359 2953 habet
379 2919 422 2953 de
445 2919 620 2954 bonitate:
643 2919 858 2966 inquantum
880 2930 966 2953 vcro
989 2918 1109 2953 deficit
1131 2919 1163 2953 ci
1186 2919 1320 2966 aliquid
1348 2919 1391 2954 de
1418 2918 1642 2966 plenitudine
1664 2919 1818 2963 essendi,
