1907 3198
508 194 732 232 QuAsssrlo
767 193 884 223 Lxlx.
919 191 1166 223 Alimentus
1199 190 1261 220 111.
1584 175 1667 232 485

650 341 997 412 ARTICULUS
1032 365 1112 408 HI.
1607 371 1673 420 366

260 477 414 509 UTRUM
442 476 783 507 CONVENIENTER
809 473 1136 505 ENUMERENTUR
1164 471 1504 503 BEATITUDINES.

633 560 677 607 (3.
700 560 790 594 Dist.
809 571 861 606 34.
885 570 915 605 q.
938 570 965 592 1.
989 562 1052 592 art.
1075 557 1137 603 4.).

167 652 229 688 An
251 662 424 688 TER-num
451 651 502 686 sic
529 650 747 698 proceditur.
775 649 939 690 Videtur,
967 647 1064 694 quod
1091 645 1391 681 inconvenienter
1417 651 1675 679 enumerentur

97 706 350 743 beatitudines.
365 705 633 747 Attribuuntur,
648 706 745 739 enim
759 703 1001 738 beatitudines
1017 701 1134 742 donis,
1158 708 1196 734 ut
1217 699 1355 734 dictum
1375 706 1428 733 est
1452 698 1532 742 (art.
1555 711 1582 733 Ι.
1605 698 1674 744 huj.

97 773 129 808 q.
150 760 193 796 ad
214 761 281 807 r.).·
304 760 487 794 donorum
510 767 633 794 autem
655 758 836 805 quaedam
859 757 1039 803 pertinent
1057 755 1101 789 ad
1123 755 1236 788 vitam
1252 752 1590 799 contemplativam,
1613 752 1678 786 sci-

98 814 202 850 licet:
223 815 401 862 sapientia,
417 821 452 848 et
464 813 662 849 intellectus:
677 812 776 847 nulla
792 820 913 846 autem
931 810 1116 846 beatitudo
1136 808 1282 856 ponitur
1299 808 1336 842 in
1354 816 1436 842 actu
1455 806 1678 853 contempla-

97 869 219 911 tionis,
233 868 297 904 sed
320 879 450 903 omnes
471 868 507 902 in
529 868 598 910 his,
613 878 706 914 quae
721 867 901 914 pertinent
920 866 963 900 ad
979 866 1091 899 vitam
1107 864 1285 905 activam3
1308 874 1396 909 ergo
1418 861 1678 897 insufficienter

98 922 339 959 beatitudines
361 930 630 957 enumerantur.

172 987 204 1012 2.
226 976 464 1012 PRAETEREA.
488 976 545 1010 Ad
567 975 680 1010 vitam
704 975 862 1010 activam
883 985 958 1009 non
981 973 1101 1008 solum
1125 972 1305 1019 pertinent
1332 970 1428 1006 dona
1451 970 1678 1017 exequentia,

100 1030 163 1066 sed
185 1030 296 1066 etiam
317 1030 498 1076 quaedam
516 1029 613 1064 dona
632 1029 835 1075 dirigentia,
858 1037 896 1063 ut
915 1029 1063 1069 scientia,
1089 1035 1123 1062 et
1145 1027 1337 1062 consilium:
1360 1025 1452 1059 nihil
1474 1033 1596 1060 autern
1618 1036 1680 1072 po-

101 1085 198 1120 nitur
219 1086 311 1120 inter
332 1084 583 1126 beatitudines,
598 1084 695 1130 quod
711 1084 845 1118 directe
865 1083 909 1117 ad
925 1090 1047 1117 actum
1062 1081 1247 1124 scientiae,
1266 1079 1324 1115 vel
1338 1079 1482 1115 consilii
1500 1079 1679 1126 pertinere

101 1139 285 1181 videatur;
305 1149 393 1184 ergo
420 1137 680 1173 insufficienter
700 1137 939 1172 beatitudines
962 1145 1232 1171 enumerantur.

177 1204 206 1239 3.
228 1192 465 1228 PRAETEREA·
488 1192 585 1227 Inter
607 1192 702 1227 dona
725 1191 939 1238 exequentia
954 1191 989 1225 in
1004 1190 1216 1224 vita1activa
1239 1190 1342 1224 timor
1363 1190 1510 1234 ponitur
1533 1189 1575 1223 ad
1595 1199 1679 1235 pau-

103 1253 280 1293 pertatem
306 1245 500 1292 pertinere3
524 1247 634 1292 pietas
660 1253 781 1280 autem
812 1245 955 1279 videtur
980 1244 1159 1291 pertinere
1186 1243 1228 1277 ad
1257 1242 1518 1277 beatitudinem
1546 1242 1681 1276 miseri-

104 1299 267 1335 cordiae:
294 1298 385 1334 nihil
407 1307 527 1333 autem
550 1300 696 1345 ponitur
717 1299 851 1334 directe
874 1299 918 1333 ad
939 1297 1189 1333 fortitudinem
1213 1296 1415 1343 pertinens;
1438 1308 1526 1343 ergo
1548 1295 1681 1331 insuffi-

105 1355 240 1388 cienter
266 1361 526 1388 enumerantur
550 1353 802 1388 beatitudines.

172 1417 207 1450 4.
228 1407 467 1442 ΡΒΑΕΤΕΒΕΑ.
493 1407 534 1441 In
562 1407 674 1442 Sacra
703 1407 889 1454 Scriptura
914 1414 1112 1453 tanguntur
1137 1405 1274 1441 multae
1303 1406 1394 1442 aliae
1421 1406 1678 1441 beatitudines:

102 1460 196 1496 sicut
211 1461 279 1507 Job
305 1472 334 1506 5.
357 1461 505 1496 dicitur:
526 1462 646 1497 Beatus
667 1462 775 1503 homo,
799 1463 856 1508 qui
877 1463 1062 1508 corripitur
1079 1473 1099 1495 a
1122 1461 1214 1495 Deo:
1237 1469 1271 1496 et
1297 1462 1333 1496 in
1355 1460 1450 1495 Psal.
1478 1471 1505 1494 1.
1533 1459 1678 1495 dicitur:

103 1515 224 1550 Beatus
243 1516 312 1558 vir,
334 1516 393 1562 qui
413 1527 479 1550 non
501 1516 585 1550 abiit
606 1517 640 1550 in
662 1516 796 1550 consilio
824 1517 1025 1562 impiorum:
1049 1523 1085 1549 et
1106 1515 1213 1549 Prov.
1241 1527 1290 1562 3.:
1314 1517 1433 1551 Beatus
1453 1515 1522 1557 vir,
1550 1515 1608 1561 qui
1633 1515 1682 1548 in-

100 1570 194 1605 venit
209 1570 405 1616 sapientiam
415 1581 428 1610 ;
451 1580 540 1615 ergo
561 1568 822 1604 insufficienter
842 1569 1082 1604 beatitudines
1105 1578 1375 1604 enumerantur.

173 1621 249 1658 SED
264 1633 432 1658 CONTRA.
447 1622 610 1666 Videtur,
626 1624 723 1670 quod
738 1623 918 1670 superflue
933 1632 1212 1659 enumerantur:
1227 1632 1309 1659 sunt
1332 1623 1429 1658 enim
1442 1628 1561 1670 septam
1584 1623 1680 1657 dona

102 1676 256 1724 Spiritus
278 1676 421 1712 Sancti:
444 1677 684 1712 beatitudines
706 1686 829 1713 autem
850 1686 1049 1723 tanguntur
1071 1684 1153 1713 octo.

172 1730 376 1766 Praeterea.
399 1731 487 1766 Luc.
511 1730 543 1766 6.
566 1740 750 1778 ponuntur
771 1738 916 1778 quatuor
943 1740 1084 1766 tantum
1112 1732 1370 1775 beatitudines;
1390 1732 1570 1779 superflue
1593 1742 1680 1778 ergo

102 1793 360 1820 enumerantur
379 1791 514 1832 septem,
538 1785 598 1820 vel
619 1791 689 1820 octo
712 1786 748 1820 in
771 1786 899 1821 Matth.
927 1797 954 1831 5.

173 1839 404 1874 RESPONDEO
423 1839 632 1882 dicendum,
659 1840 756 1887 quod
777 1841 1018 1875 beatitudines
1046 1840 1135 1875 istae
1163 1841 1508 1876 convenientissime
1537 1851 1684 1875 enume-

102 1901 237 1928 rantur.
259 1893 318 1928 Ad
341 1894 442 1939 cujus
465 1894 686 1929 evidentiam
708 1902 762 1928 est
781 1894 1099 1936 considerandum,
1115 1896 1211 1941 quod
1233 1896 1398 1942 trililicum
1419 1895 1682 1930 beatitudinem

102 1948 208 1994 aliqui
232 1951 443 1994 posuerunt.
471 1948 620 1993 Quidam
649 1949 746 1983 enirn
774 1957 974 1995 posuerunt
1000 1949 1261 1984 beatitudinem
1290 1951 1324 1984 in
1351 1950 1423 1984 vita
1450 1949 1682 1995 voluptuosa,

103 2001 239 2049 quidam
261 2003 296 2036 in
318 2001 391 2036 vita
413 2002 542 2044 activa,
557 2002 692 2048 quidam
707 2014 794 2037 vero
817 2003 853 2037 in
876 2003 948 2037 vita
964 2003 1268 2049 contemplativa:
1292 2004 1362 2038 hae
1382 2012 1504 2038 autem
1527 2009 1589 2038 tres
1603 2004 1684 2038 bea-

102 2055 272 2090 titudines
294 2055 538 2090 diversimode
561 2067 599 2091 se
621 2056 756 2091 habent
778 2057 821 2091 ad
844 2057 1105 2091 beatitudinem
1124 2057 1295 2099 futuram,
1319 2059 1420 2103 cujus
1443 2070 1505 2104 spe
1527 2058 1683 2092 dicimur

103 2108 163 2144 hic
184 2109 300 2144 beati:
323 2121 410 2144 nam
431 2109 617 2145 beatitudo
644 2111 853 2157 voluptuosa,
881 2111 965 2157 quia
987 2111 1075 2146 falsa
1103 2120 1166 2153 est,
1190 2120 1225 2146 et
1245 2112 1377 2146 rationi
1400 2113 1592 2154 contraria,
1620 2113 1684 2146 im-

105 2163 356 2210 pedimentum
378 2171 432 2198 est
452 2163 683 2199 beatitudinis
710 2164 862 2200 futurae.
892 2165 1083 2200 Beatitudo
1103 2177 1190 2200 vero
1210 2168 1339 2201 activae
1360 2168 1449 2201 vitiza
1472 2167 1682 2213 dispositiva

105 2225 160 2253 est
179 2217 224 2252 ad
245 2217 505 2252 beatitudinem
527 2218 704 2253 futuram:
728 2219 914 2254 beatitudo
942 2227 1063 2254 autem
1090 2220 1361 2266 contemplativa,
1386 2221 1415 2255 si
1441 2221 1485 2254 sit
1512 2220 1683 2266 perfecta,

105 2279 160 2307 est
179 2271 420 2306 essentialiter
439 2272 518 2319 ipsa
539 2271 656 2307 futura
685 2273 889 2315 beatitudo;
912 2273 940 2307 si
964 2282 1085 2308 autem
1105 2282 1158 2308 est
1181 2274 1405 2321 imperfecta,
1427 2283 1480 2309 est
1501 2275 1681 2322 quaedam

104 2324 293 2360 inchoatio
315 2326 413 2371 ejus;
435 2334 470 2361 et
484 2326 566 2361 ideo
589 2326 774 2361 Dominus
795 2327 914 2373 primo
937 2327 1084 2373 quidem
1108 2328 1228 2374 posuit
1250 2329 1426 2375 quasdam
1442 2329 1683 2364 beatitudines

106 2380 207 2426 quasi
230 2388 462 2415 removentes
483 2380 788 2427 impedimentum
803 2381 1044 2427 voluptuosae
1060 2382 1302 2417 beatitudinis.
1319 2383 1497 2417 Consistit
1511 2384 1608 2417 enim
1624 2395 1685 2418 vo-

105 2431 275 2480 luptuosa
295 2433 369 2468 vita
390 2433 426 2468 in
448 2434 583 2469 duolms.
598 2434 714 2469 Primo
736 2435 883 2481 quidem
907 2435 941 2469 in
965 2435 1148 2470 affluentia
1165 2437 1383 2471 exteriorum
1399 2438 1593 2480 bonorum,
1608 2438 1683 2472 sive

106 2486 178 2523 sint
197 2487 355 2530 divitiae,
370 2488 446 2523 sive
464 2488 535 2523 sint
549 2489 730 2531 honores3
753 2500 772 2523 a
791 2489 919 2536 quibus
935 2490 1082 2536 quidem
1099 2491 1292 2526 retrahitur
1306 2491 1421 2525 homo
1438 2503 1499 2537 per
1514 2492 1681 2526 virtutem

107 2540 170 2584 sic,
190 2549 230 2576 ut
249 2542 438 2577 moderate
460 2542 511 2577 eis
530 2550 666 2585 utatur,
689 2554 752 2588 per
774 2543 913 2577 donum
929 2552 1051 2579 autem
1075 2544 1322 2579 excellentiori
1345 2546 1471 2587 modo,
1495 2554 1531 2580 ut
1546 2546 1685 2580 scilicet

106 2594 222 2630 homo
243 2595 403 2631 totaliter
425 2608 467 2631 ea
490 2605 722 2639 contemnat3
745 2597 839 2632 unde
850 2599 966 2644 prima
980 2598 1165 2633 beatitudo
1185 2601 1331 2645 ponitur
1346 2600 1519 2634 Matthaei
1540 2600 1683 2646 quinto:

107 2650 202 2685 Beati
217 2656 381 2698 pauperes
399 2652 543 2697 spiritu:
566 2651 662 2697 quod
688 2659 805 2697 potest
827 2651 949 2686 referri
967 2652 1025 2686 vel
1048 2653 1090 2686 ad
1115 2661 1367 2699 contemptum
1388 2653 1607 2695 divitiarum,
1627 2654 1683 2689 vel

109 2702 153 2738 ad
175 2711 426 2751 contemptum
448 2705 646 2747 honorum,
669 2706 765 2751 quod
788 2705 826 2740 tit
848 2717 911 2751 per
933 2706 1162 2741 umilitatem.
1184 2708 1332 2742 Secundo
1355 2718 1441 2741 vero
1465 2708 1684 2754 voluptuosa

107 2757 181 2792 vita
202 2758 371 2800 consistit,
387 2759 422 2793 in
445 2760 631 2805 sequendo
655 2760 817 2805 proprias
840 2761 1040 2806 passiones,
1057 2761 1131 2796 sive
1147 2762 1346 2803 irascibilis,
1363 2762 1437 2795 sive
1461 2763 1685 2809 concupisci-

108 2810 207 2846 bilis:
230 2823 249 2846 a
271 2811 418 2858 sequela
441 2821 562 2847 autem
585 2814 797 2860 passionum
821 2814 1009 2848 irascibilis
1038 2816 1186 2849 retrahit
1214 2816 1337 2856 virtus,
1360 2827 1404 2849 ne
1432 2815 1546 2849 homo
1575 2817 1609 2850 in
1634 2818 1684 2852 eis

109 2865 316 2911 superfluat,
334 2867 535 2901 secundum
552 2868 715 2913 regulam
733 2869 902 2910 rationis,
924 2869 1062 2903 donum
1086 2878 1207 2904 autem
1231 2869 1478 2904 excellentiori
1499 2872 1624 2913 modo,
1648 2880 1685 2906 ut

109 2917 250 2954 scilicet
268 2919 384 2955 homo
405 2921 606 2956 secundum
622 2921 850 2957 voluntatem
871 2922 1032 2957 divinam
1054 2921 1214 2958 totaliter
1236 2925 1278 2958 ab
1303 2925 1354 2958 eis
1373 2924 1588 2970 tranquillus
1611 2927 1685 2961 red-

270 3000 298 3028 S.
319 3001 442 3029 'rueme
463 3002 568 3030 Summa
594 3003 756 3037 Theologim.
779 3004 843 3032 Vol.
866 3004 902 3033 11.
1507 3017 1538 3043 32
