1907 3198
516 173 740 209 QUAESTIO
774 174 923 205 LXVIII.
959 175 1205 206 ARTICULUS
1239 173 1270 205 1:
1588 166 1674 220 469

575 453 933 515 QUAESTIO
975 454 1200 502 LXVIII.

402 589 467 621 DE
491 589 653 628 DONIS,
681 590 733 621 IN
754 590 878 623 OCTO
903 591 1169 624 ARTICULOS
1197 592 1373 625 DIVISA.

171 736 449 784 Consequenter
467 737 775 774 considerandum
797 747 851 774 est
871 739 915 774 de
937 739 1054 775 donis.

600 829 646 864 Et
666 830 758 864 circa
779 830 838 865 hoc
865 835 1074 877 quaeruntur
1095 835 1176 866 octo.

171 900 308 936 Primo.
329 900 463 936 Utrum
480 901 577 936 dona
603 900 771 936 differant
793 914 812 936 a
830 902 1032 937 virtutibus.

173 954 356 990 Secundo.
378 955 435 990 De
456 955 672 990 necessitate
694 956 888 991 donorum.

173 1007 313 1044 Tertio.
336 1009 469 1044 Utrum
486 1009 584 1044 dona
601 1011 673 1044 sint
689 1009 844 1044 habitus.

176 1062 331 1105 Quarto.
356 1062 475 1106 Quae,
497 1072 532 1098 et
558 1062 749 1110 quotsint.

175 1116 328 1159 Quinto.
351 1117 483 1152 Utrum
506 1117 602 1152 dona
620 1119 691 1152 sint
709 1128 885 1152 connexa.

174 1170 298 1206 Sexto.
317 1171 449 1206 Utrum
471 1180 645 1206 maneant
665 1171 701 1205 in
722 1171 848 1218 patria.

174 1225 352 1274 Septimo.
373 1226 430 1261 De
452 1226 728 1272 comparatione
750 1237 879 1260 eorum
899 1226 943 1260 ad
965 1226 1136 1261 invicem.

175 1279 333 1316 Octavo.
350 1279 408 1315 De
429 1279 705 1327 comparatione
727 1291 856 1314 eorum
878 1280 922 1314 ad
943 1280 1104 1315 virtutes.

675 1404 1023 1450 ARTICULUS
1054 1406 1086 1449 Ι.
1615 1417 1680 1466 336

420 1514 575 1545 UTRUM
596 1514 722 1545 DONA
749 1515 996 1545 DIFFERANT
1023 1516 1051 1545 A
1076 1516 1356 1547 VIRTUTIBUS.

171 1605 233 1642 AD
253 1616 405 1642 PRIMUM
425 1606 478 1641 sic
499 1606 721 1654 proceditur.
744 1606 909 1649 Videtur,
931 1607 1029 1654 quod
1051 1607 1149 1642 dona
1174 1619 1250 1642 non
1277 1608 1545 1654 distinguantur
1571 1619 1591 1642 a
1613 1608 1680 1642 vir-

99 1659 254 1696 tutibus:
277 1659 479 1707 Gregorius
498 1661 596 1696 enim
610 1661 647 1695 in
666 1672 694 1695 1.
709 1660 840 1696 Moral.
855 1661 945 1708 (cap.
965 1673 1014 1697 12.
1030 1663 1065 1696 in
1080 1662 1213 1708 princ.)
1236 1673 1422 1709 exponens
1437 1661 1526 1696 illud
1544 1662 1612 1708 Job
1633 1673 1680 1697 1.:

101 1715 186 1751 Nati
203 1719 280 1750 sunt
298 1716 328 1750 ei
347 1720 467 1762 septem
484 1715 561 1759 filii,
584 1715 689 1750 dicit:
709 1715 837 1762 Septem
856 1717 949 1750 nobis
967 1721 1150 1750 nascuntur
1162 1717 1245 1762 filii,
1265 1728 1340 1751 cum
1358 1722 1419 1763 per
1437 1717 1681 1763 conceptionem

101 1769 206 1805 bonae
229 1770 438 1816 cogitationis
470 1769 585 1804 Sancti
617 1769 764 1816 Spiritus
788 1775 907 1816 septem
934 1771 969 1804 in
995 1771 1088 1805 nobis
1113 1771 1254 1805 virtutes
1275 1771 1444 1805 oriuntur.
1472 1770 1517 1804 Et
1543 1770 1682 1804 inducit

100 1821 202 1866 illud,
227 1823 326 1870 quod
355 1823 510 1858 habetur
535 1823 604 1858 Isa.
639 1834 710 1858 11.:
738 1825 924 1870 Requiescet
941 1830 1039 1870 super
1064 1836 1138 1858 eum
1168 1825 1303 1871 spiritus
1327 1826 1509 1871 sapientiae
1536 1829 1564 1858 et
1590 1824 1685 1859 intel—

101 1877 209 1920 lectus,
231 1885 299 1913 etc.
321 1877 383 1912 ubi
403 1885 666 1912 enumerantur
688 1886 829 1925 septem
852 1877 1006 1924 Spiritus
1031 1877 1156 1913 Sancti
1178 1878 1293 1921 dona3
1317 1889 1406 1925 ergo
1425 1886 1567 1925 septem
1586 1879 1682 1913 dona

103 1931 256 1979 Spiritus
279 1931 406 1967 Sancti
426 1940 510 1966 sunt
529 1932 692 1966 virtutes.

172 1995 205 2022 2.
226 1985 464 2022 PRAETEREA.
486 1986 682 2032 Augustin.
705 1985 742 2020 in
764 1985 824 2020 lib.
845 1997 872 2020 1.
888 1985 932 2020 de
950 1985 1039 2027 QQ.
1056 1985 1231 2031 Evangel.
1247 1986 1295 2032 (q.
1311 1987 1362 2032 8.)
1378 1997 1565 2032 exponens
1580 1985 1682 2029 illud,

102 2040 202 2087 quod
221 2040 375 2075 habetur
395 2039 524 2074 Matth.
552 2050 603 2074 12.
618 2052 625 2074 ε
652 2040 744 2075 Tunc
762 2039 868 2082 vadit,
888 2045 917 2075 et
935 2043 1071 2075 assumit
1088 2045 1207 2088 septem
1227 2041 1309 2075 alios
1327 2042 1476 2087 spiritus,
1493 2049 1560 2075 etc.
1577 2041 1681 2076 dicit:

101 2093 229 2141 Septem
246 2095 336 2130 vitia
355 2099 432 2129 sunt
448 2095 624 2129 contraria
641 2099 759 2140 septem
777 2094 959 2128 virtutibus
976 2094 1121 2140 Spiritus
1139 2094 1266 2137 Sancti,
1285 2094 1378 2129 idest
1396 2103 1536 2141 septem
1555 2095 1681 2130 donis:

102 2156 186 2183 suut
206 2156 329 2183 autem
350 2155 493 2194 septem
513 2147 600 2182 vitia
627 2147 809 2182 contraria
831 2147 1022 2183 virtutibus
1049 2148 1296 2182 communiter
1322 2148 1443 2191 dictis;
1471 2160 1559 2195 ergo
1587 2149 1684 2184 dona

100 2212 176 2238 non
196 2202 464 2249 distinguuntur
486 2213 507 2236 a
527 2201 718 2236 virtutibus
741 2201 989 2236 communiter
1011 2201 1126 2236 dictis.

176 2267 208 2304 3.
234 2255 475 2292 PRAETERFA.
504 2255 677 2296 Quorum
705 2263 758 2290 est
785 2254 946 2290 definitio
980 2256 1120 2298 eadem,
1147 2256 1224 2303 ipsa
1251 2266 1397 2303 quoque
1424 2265 1508 2291 sunt
1533 2257 1682 2293 eadem:

103 2309 167 2346 sed
187 2309 350 2346 definitio
371 2310 513 2345 virtutis
542 2310 714 2344 convenit
749 2309 873 2344 donis:
904 2310 1192 2356 unumquodque
1221 2310 1320 2345 enim
1350 2310 1489 2345 donum
1517 2319 1570 2346 est
1596 2312 1682 2346 bona

102 2364 246 2412 qualitas
264 2366 395 2408 mentis,
417 2376 484 2411 qua
503 2369 590 2400 recte
610 2365 755 2407 vivitur,
780 2371 867 2399 etc.:
891 2363 1059 2399 similiter
1080 2363 1243 2399 definitio
1271 2364 1359 2399 doni
1381 2365 1553 2400 convenit
1573 2366 1682 2401 virtu-

102 2418 196 2454 tibus
215 2417 360 2454 infusis:
382 2427 437 2454 est
457 2418 557 2454 enim
579 2418 719 2453 donum
740 2417 832 2453 datio
854 2417 1068 2460 irreddibilis,
1092 2418 1297 2454 secundum
1318 2418 1535 2466 Philosoph.
1560 2419 1634 2463 (lib.
1649 2432 1683 2465 4.

110 2472 192 2521 Top.
213 2479 287 2521 cap.
305 2484 341 2519 4.
362 2473 424 2508 loc.
442 2472 537 2520 50.);
561 2483 649 2519 ergo
671 2471 833 2514 virtutes,
856 2479 892 2506 et
912 2471 1010 2506 dona
1032 2483 1107 2507 non
1131 2472 1414 2518 distinguuntur.

174 2536 210 2570 4.
228 2527 468 2563 PRAETEREA.
490 2525 618 2561 Plures
640 2537 782 2568 eorum,
801 2537 894 2573 quae
912 2534 1152 2561 numerantur
1170 2527 1263 2561 inter
1282 2526 1390 2569 dona,
1409 2535 1492 2562 sunt
1510 2527 1681 2563 virtutes:

103 2591 203 2624 nam,
222 2581 317 2617 sicut
336 2591 446 2628 supra
466 2580 606 2615 dictum
628 2588 682 2615 est
697 2579 743 2626 (q.
762 2591 813 2626 57.
828 2585 894 2615 art.
909 2591 940 2616 2.
940 2580 973 2625 )‚
993 2581 1180 2628 sapientia,
1196 2589 1232 2615 et
1244 2580 1461 2622 intellectus,
1480 2589 1515 2615 et
1532 2582 1684 2616 scientia

104 2642 188 2671 sunt
205 2632 359 2670 virtutes
377 2633 662 2676 intellectuale53
685 2633 881 2668 consilium
903 2643 1026 2669 autem
1045 2634 1090 2669 ad
1112 2635 1342 2681 prudentiam
1366 2635 1546 2681 pertinet3
1568 2637 1682 2682 pietas

105 2695 229 2725 autem
248 2689 389 2736 species
404 2697 459 2724 est
475 2688 653 2735 justitiae3
670 2686 846 2722 fortitudo
865 2695 986 2722 autem
1001 2688 1183 2735 quaedam
1201 2689 1313 2723 virtus
1331 2696 1387 2723 est
1405 2688 1575 2731 moralis;
1594 2701 1683 2736 ergo

105 2741 259 2786 videtur,
279 2743 379 2790 quod
399 2743 509 2785 dona,
531 2750 567 2778 et
586 2742 736 2776 virtutes
757 2753 832 2776 non
855 2741 1132 2788 distinguantur.

177 2795 253 2833 SED
274 2807 433 2833 CONTRA
453 2803 518 2838 est,
539 2795 638 2844 quod
661 2795 816 2842 Gregor.
837 2795 872 2830 in
892 2806 918 2830 1.
935 2795 1132 2831 Moralium
1148 2795 1236 2842 (cap.
1251 2797 1321 2841 12.)
1342 2796 1530 2842 distinguit
1545 2806 1685 2844 septem

12 2856 43 2906 J*
106 2849 215 2894 dona,
235 2862 328 2898 quae
349 2850 438 2887 dicit
457 2848 655 2897 significari
676 2860 739 2895 per
761 2857 902 2896 septem
924 2848 1019 2884 filios
1036 2849 1117 2895 Job,
1145 2861 1165 2884 a
1191 2850 1303 2885 tribus
1325 2850 1516 2886 virtutibus
1542 2851 1686 2887 theolo-

12 2883 48 2952 ...ὦ
108 2902 211 2952 gitis,
223 2916 313 2953 quas
327 2904 415 2940 dicit
426 2903 623 2952 significari
637 2914 701 2950 per
714 2911 787 2938 tres
804 2901 897 2938 filias
911 2902 995 2949 Job:
1016 2911 1051 2939 et
1065 2903 1101 2938 in
1117 2911 1148 2939 2.
1164 2903 1294 2939 Moral.
1310 2905 1401 2951 (cap.
1416 2905 1472 2940 26.
1488 2910 1564 2940 unte
1582 2906 1683 2952 med.)

5 2974 87 3198 i
249 2987 279 3016 S.
299 2987 424 3016 ‘rao-m.
443 2986 549 3016 summa
576 2985 738 3022 Theologica.
760 2985 825 3013 Vol.
848 2985 885 3013 11.
1511 2997 1538 3022 3¹

13 2796 57 2820 vj,
