1907 3182
289 185 371 239 398
721 197 938 233 QUAESTIO
973 198 1073 227 Lvn.
1107 197 1350 227 ARTICULUS
1383 198 1423 227 v.

286 277 539 312 intellectualis
561 277 683 320 virtus,
705 278 767 313 sed
787 278 906 312 solum
929 286 981 313 est
1003 279 1098 313 circa
1119 279 1337 313 necessaria:
1355 289 1480 312 verum
1501 285 1621 312 autem
1639 277 1841 313 intellectus

286 331 436 378 practici
458 331 629 378 accipitur
642 343 706 378 per
721 331 1015 366 conformitatem
1035 332 1077 365 ad
1094 332 1290 378 appetitum
1304 340 1461 374 rectum3
1480 343 1571 378 quae
1593 332 1740 378 quidem
1759 343 1843 366 con-

285 383 450 418 formitas
472 385 508 418 in
529 385 741 419 necessariis
759 384 882 418 locum
904 396 978 418 non
1000 385 1118 427 habet,
1141 396 1231 430 quae
1252 384 1438 419 voluntate
1459 385 1620 418 humana
1640 396 1715 419 non
1733 384 1840 427 fiunt3

285 438 347 471 sed
363 437 483 471 solum
497 438 532 471 in
548 438 850 483 contingentibus,
866 449 957 483 quae
972 446 1122 483 possunt
1136 449 1155 471 a
1169 438 1272 472 nobis
1290 437 1377 480 fieri,
1399 438 1473 472 sive
1499 438 1570 472 sint
1589 437 1734 484 agibilia
1754 438 1843 472 inte-

285 491 391 533 riora,
414 491 488 525 sive
510 491 680 525 factibilia
703 491 903 533 exteriora3
926 499 960 525 et
980 491 1062 525 ideo
1085 491 1180 524 circa
1202 490 1279 525 sola
1299 491 1544 537 contingentia
1565 491 1712 538 ponitur
1731 491 1842 525 virtus

285 544 489 579 intellectus
512 544 678 590 practici;
702 544 797 578 circa
818 543 990 578 factibilia
1012 544 1157 590 quidem
1176 556 1243 587 ars,
1267 545 1362 578 circa
1384 544 1527 591 agibilia
1547 556 1635 579 vero
1649 544 1840 592 prudentia.

829 704 1173 749 ARTICULUS
1201 705 1278 748 VI.
1777 715 1843 763 306

449 818 602 848 UTRUM
627 818 830 859 EUBULIA>
859 819 1044 859 SYNESIS,
1071 820 1127 848 ET
1155 819 1306 849 GNOME
1334 820 1432 850 SINT
1457 819 1673 850 VIRTUTES

776 884 1031 926 ADJUNCTAE
1058 885 1348 915 PRUDENTIAE.

284 976 329 1021 (I.
353 987 382 1022 q.
405 988 457 1011 22.
481 981 544 1011 art.
567 989 593 1012 r.
609 977 652 1011 ad
663 990 691 1012 Ι.
711 983 740 1012 ct
760 989 825 1013 2-2.
846 990 874 1024 q.
891 989 946 1024 49.
970 984 1062 1025 corp.
1075 978 1139 1024 fin.
1158 983 1187 1013 et
1201 990 1230 1024 q.
1241 984 1360 1025 51.per
1374 983 1430 1014 tot.
1451 983 1481 1013 et
1500 989 1530 1024 q.
1548 989 1599 1025 52.
1618 983 1684 1013 art.
1702 989 1733 1013 2.
1748 984 1839 1025 corp.

493 1035 522 1064 et
539 1043 566 1077 3.
588 1031 674 1065 Dist.
693 1043 737 1077 33.
761 1043 790 1077 q.
809 1043 837 1078 3.
861 1036 924 1066 art.
946 1044 972 1066 1.
995 1036 1023 1066 et
1043 1042 1076 1076 4.
1099 1037 1129 1066 et
1156 1032 1241 1066 Veri.
1261 1044 1290 1078 q.
1313 1043 1343 1067 2.
1366 1037 1430 1067 art.
1452 1043 1501 1067 12.
1524 1031 1566 1066 ad
1587 1043 1634 1078 25.

858 1090 888 1120 et
909 1096 937 1131 q.
956 1097 985 1131 5.
1009 1090 1072 1119 art.
1095 1097 1121 1120 1.
1145 1086 1266 1132 corp).

353 1184 411 1218 AD
427 1195 579 1219 SEXTUM
601 1185 650 1219 sic
665 1185 880 1231 proceditur.
903 1185 1065 1228 Videtur,
1081 1186 1177 1232 quod
1196 1186 1493 1221 inconvenienter
1507 1185 1747 1232 adjungantur
1764 1197 1843 1232 pru-

284 1238 426 1272 dentiae
447 1239 591 1281 eulmlia,
612 1241 741 1284 synesis,
764 1247 798 1273 et
809 1251 944 1285 gnome:
967 1240 1097 1274 aalmlia
1120 1239 1216 1273 enim
1231 1245 1274 1274 est
1287 1240 1428 1282 habitus,
1444 1251 1507 1286 quo
1522 1241 1598 1274 bene
1614 1240 1839 1282 consiliamur,

282 1299 321 1326 ut
342 1292 469 1325 dicitur
490 1292 526 1325 in
549 1290 580 1326 6.
604 1292 683 1326 Eth.
703 1294 790 1339 (cap.
813 1293 864 1339 9.)
877 1306 886 1327 :
910 1293 970 1327 sed
996 1293 1087 1327 bene
1109 1293 1292 1327 consiliari
1312 1293 1465 1339 pertinet
1486 1293 1529 1327 ad
1550 1293 1789 1339 prudentiam,
1803 1301 1842 1327 ut

281 1345 316 1379 in
339 1345 469 1380 eodem
487 1345 546 1379 lib.
561 1346 690 1380 dicitur
704 1347 795 1393 (cap.
810 1347 854 1392 5.)
868 1359 880 1387 ;
904 1357 990 1392 ergo
1013 1347 1144 1381 eubulia
1158 1357 1232 1381 non
1247 1354 1300 1381 est
1313 1348 1424 1381 virtus
1439 1347 1606 1392 adjuncta
1619 1346 1840 1393 prudentiae,

282 1399 343 1433 sed
366 1400 482 1445 magis
505 1407 557 1433 est
578 1400 654 1446 ipsa
676 1401 875 1445 prudentia.

352 1463 382 1487 2.
405 1454 640 1488 PRAETEREA.
664 1454 721 1488 Ad
744 1455 968 1500 superiorem
989 1454 1143 1500 pertinet
1164 1454 1207 1488 de
1229 1454 1456 1489 inferioribus
1474 1454 1652 1500 judicare3
1673 1453 1734 1488 illa
1753 1465 1840 1500 ergo

279 1507 390 1541 virtus
410 1507 551 1541 videtur
572 1518 752 1553 suprema,
775 1509 874 1553 cujus
903 1516 955 1542 est
977 1516 1076 1542 actus
1098 1508 1289 1553 judicium:
1312 1508 1375 1542 sed
1392 1509 1508 1554 synesis
1529 1516 1582 1542 est
1597 1507 1689 1542 bene
1709 1508 1842 1553 judica-

280 1561 369 1602 tiva3
401 1571 487 1606 ergo
514 1562 630 1607 synesis
651 1569 704 1595 est
728 1561 840 1595 virtus
869 1562 1036 1607 adjuncta
1066 1561 1286 1607 prudentiae,
1314 1561 1375 1596 sed
1397 1561 1514 1608 magis
1535 1561 1613 1608 ipsa
1639 1569 1692 1595 est
1711 1561 1839 1608 princi-

279 1614 380 1660 palis.

354 1679 382 1714 3.
404 1667 640 1702 PRAETEREA.
662 1668 763 1702 Sicut
785 1668 924 1703 diversa
946 1676 1027 1703 sunt
1043 1680 1095 1710 ea,
1111 1668 1154 1702 de
1176 1669 1302 1715 quibus
1318 1676 1370 1703 est
1390 1668 1645 1714 judicandum3
1663 1668 1711 1702 ita
1730 1668 1838 1702 etiam

279 1720 420 1755 diversa
441 1729 524 1755 sunt
546 1733 599 1764 ea,
622 1721 665 1755 de
688 1722 814 1767 quibus
850 1730 903 1757 θεῖ
933 1721 1216 1764 consiliandum3
1244 1722 1305 1757 sed
1329 1722 1423 1757 circa
1450 1722 1574 1756 omnia
1601 1721 1839 1757 consiliabilia

278 1775 423 1820 ponitur
443 1775 554 1809 virtus
576 1786 658 1817 una,
682 1774 819 1809 scilicet
840 1776 992 1816 cubulia;
1016 1787 1103 1821 ergo
1119 1775 1162 1809 ad
1176 1775 1267 1810 bene
1281 1776 1515 1821 judicandum
1530 1776 1573 1810 de
1595 1775 1745 1823 agendis
1763 1786 1838 1810 non

279 1836 421 1875 oportet
441 1840 576 1875 ponere
598 1836 740 1875 praeter
759 1831 897 1875 synesim
921 1829 1029 1863 aliam
1050 1830 1221 1864 virtutem
1247 1829 1385 1864 scilicet
1406 1840 1577 1875 gnomen.

347 1892 380 1924 4.
411 1882 646 1917 PRAETEREA.
671 1881 814 1917 Tullius
841 1883 944 1929 ponit
970 1883 1005 1917 in
1036 1894 1100 1917 sua
1129 1883 1278 1917 Rhetor.
1306 1883 1380 1928 (lib.
1403 1894 1434 1918 2.
1461 1883 1498 1918 de
1523 1883 1651 1918 Invent.
1674 1883 1837 1930 aliquant.

278 1940 350 1970 anta
372 1936 450 1981 fin.)
474 1941 536 1971 tres
558 1935 645 1970 alias
667 1945 784 1982 partes
811 1937 1034 1982 prudentiae,
1056 1936 1211 1971 scilicet:
1231 1938 1427 1971 memoriam
1449 1938 1724 1984 praeteritorum,
1750 1937 1840 1972 intel-

280 1989 449 2035 ligentiam
461 1991 698 2036 praesentium,
711 1990 1003 2037 &providentiam
1018 1991 1237 2037 futurorum:
1259 1990 1465 2025 Macrobius
1479 1991 1588 2025 etiam
1602 1990 1715 2037 ponit,
1733 2002 1840 2037 super

277 2043 462 2076 somnium
489 2042 669 2089 Scipionis
693 2044 767 2087 (lib.
789 2056 816 2078 I.
832 2050 902 2090 cap.
923 2045 987 2088 8.),
1017 2044 1191 2090 quasdam
1218 2044 1301 2078 alias
1315 2051 1432 2090 partes
1457 2043 1679 2090 prudentiae,
1701 2043 1840 2078 scilicet

278 2098 476 2138 cautionem,
500 2096 712 2139 docilitatem,
736 2105 770 2131 et
791 2096 860 2131 alia
875 2097 1102 2143 hujusmodi:
1125 2108 1198 2132 non
1211 2097 1377 2132 videntur
1394 2097 1502 2143 igitur
1515 2096 1615 2132 solae
1629 2097 1838 2143 hujusmodi

277 2150 425 2183 virtutes
447 2150 656 2196 prudentiae
684 2151 840 2196 adjungi.
1764 2186 1767 2189 ,

349 2203 423 2237 SED
446 2213 599 2238 CONTRA
615 2212 667 2238 est
689 2205 883 2238 auctoritas
905 2204 997 2238 Phil.
1020 2204 1056 2238 in
1071 2203 1102 2239 6.
1118 2203 1198 2238 Eth.
1221 2204 1312 2252 (cap.
1335 2216 1366 2251 9.
1386 2217 1436 2240 ιο.
1456 2209 1484 2240 et
1501 2204 1578 2250 rr),
1603 2204 1663 2251 qui
1683 2204 1749 2239 has
1766 2212 1838 2239 tres

277 2257 424 2291 virtutes
447 2257 547 2303 ponit
573 2257 782 2302 prudentiae
806 2259 1002 2303 adjunctas.

350 2310 580 2345 Rnspoxnro
603 2311 809 2353 dicendum,
832 2313 927 2358 quod
951 2312 986 2346 in
1009 2312 1177 2346 omnibus
1199 2312 1369 2358 potentiis
1391 2311 1564 2346 ordinatis
1586 2311 1646 2346 illa
1668 2319 1722 2346 est
1746 2311 1839 2358 prin-

279 2364 441 2410 cipalior,
464 2376 555 2410 quae
576 2365 617 2398 ad
641 2365 932 2411 principaliorem
957 2374 1077 2400 actum
1106 2366 1308 2400 ordinatur:
1338 2365 1432 2400 circa
1460 2365 1607 2411 agibilia
1634 2374 1756 2399 autem
1776 2365 1839 2399 hu-

278 2429 386 2451 mana
409 2422 470 2452 tres
492 2425 591 2451 actus
615 2418 762 2452 rationis
784 2419 1029 2454 inveniuntur:
1053 2431 1207 2465 quorum
1226 2421 1359 2466 primus
1380 2427 1433 2454 est
1455 2418 1657 2454 consiliari:
1683 2418 1838 2454 sectandus

278 2471 452 2516 judicare:
477 2473 591 2506 tertius
607 2480 659 2505 est
673 2472 890 2517 praecipere.
908 2473 1018 2506 Primi
1035 2481 1155 2507 autem
1170 2473 1467 2519 ‹luo-respondent
1485 2472 1620 2506 actibus
1635 2471 1837 2507 intellectus

275 2524 498 2571 speculativi,
518 2525 577 2571 qui
597 2533 696 2559 sunt:
718 2527 895 2571 inquirere,
917 2535 951 2560 et
965 2527 1138 2572 judii-ure:
1157 2538 1241 2560 nam
1264 2526 1434 2561 consilium
1458 2526 1640 2572 inquisitio
1659 2525 1836 2572 quaedam

276 2587 345 2613 est:
369 2578 429 2612 sed
453 2580 565 2613 tertius
593 2586 692 2612 actus
715 2587 766 2612 cst
788 2579 929 2625 proprie
957 2580 1103 2625 practici
1127 2579 1341 2622 intellectus,
1368 2581 1581 2626 inquantum
1608 2587 1661 2617 est
1687 2578 1836 2626 operati·
1880 2579 1884 2582 ”

275 2643 357 2665 vus:
374 2643 446 2665 non
464 2632 559 2665 enim
576 2633 665 2666 ratio
681 2632 788 2666 habet
807 2633 1014 2678 praecipere
1031 2645 1083 2674 ea,
1103 2645 1194 2679 quac
1210 2645 1271 2679 per
1286 2633 1476 2667 hominem
1492 2631 1568 2667 fieri
1583 2644 1655 2667 non
1670 2639 1834 2679 possunt:

276 2684 507 2719 manifestum
532 2693 584 2719 est
607 2693 737 2726 autem,
761 2686 855 2731 quoti
873 2686 905 2719 in
922 2686 988 2723 liis,
1005 2698 1095 2732 quae
1112 2698 1174 2732 per
1196 2687 1385 2721 hominem
1401 2685 1500 2727 fiunt,
1515 2686 1722 2733 principalis
1736 2693 1834 2721 actus

277 2747 329 2772 est
352 2739 570 2784 praecipere,
595 2739 636 2772 ad
659 2750 766 2785 quem
792 2738 849 2772 alii
873 2740 1100 2774 ordinantur:
1125 2749 1159 2774 et
1181 2740 1262 2774 idco
1284 2740 1417 2782 virtuti,
1439 2751 1530 2786 quac
1553 2748 1604 2774 cst
1625 2741 1717 2775 bene
1738 2750 1835 2787 prae-

276 2793 428 2838 ceptiva,
444 2791 580 2826 scilicet
602 2792 822 2838 prudentiae,
837 2801 1023 2839 tamquam
1047 2793 1290 2840 principaliori
1314 2794 1556 2840 adjunguntur
1577 2801 1764 2840 tamquam
1783 2803 1835 2828 se·

277 2846 482 2887 cundariae,
504 2847 647 2887 enludiiz,
671 2857 762 2892 quac
785 2853 838 2880 θεῖ
858 2846 948 2881 bene
972 2847 1210 2889 consiliativa,
1233 2855 1267 2882 et
1287 2849 1417 2894 ενιιεεῐς,
1441 2854 1476 2882 et
1491 2858 1619 2893 gnome,
1640 2857 1732 2893 quae
1752 2852 1834 2882 sunt

276 2908 392 2946 partes
415 2900 647 2944 indicativae:
671 2900 714 2934 dc
736 2911 887 2946 quarum
911 2900 1142 2935 distinctione
1164 2901 1302 2936 dicetur
1325 2901 1375 2946 (in
1398 2906 1537 2948 respons.
1559 2899 1602 2935 ad
1618 2901 1676 2946 3.).
