1907 3198
492 179 715 216 QUAESTIO
748 178 1086 210 VI.ART1CULUS
1119 178 1210 208 VIII.
1572 165 1622 209 81

19 267 151 304 Orth.
172 263 250 300 Fid.
271 270 344 312 cap.
366 263 437 308 24.)
459 262 522 297 sed
544 261 726 297 interdum
747 261 845 308 quod
867 272 931 307 per
951 260 1197 322 ignorantiam
1228 260 1356 306 agitur,
1387 259 1532 294 veniam
1554 271 1628 294 non

31 326 222 361 imeretur,
248 317 450 353 secundum
475 315 564 351 illud
587 326 615 350 1.
631 315 675 350 ad
690 315 778 350 Cor.
798 315 1159 362 14.:Suquzsr‹1norat
1179 315 1411 360 ignorabitur,·
1427 324 1515 360 ergo
1530 324 1630 360 igno

0 391 5 402 ν
50 373 167 411 tantia
187 383 263 407 non
285 378 411 405 causat
431 369 730 405 involuntarium.

123 437 156 462 2.
189 425 427 461 PRAETEREA.
463 423 587 460 Omne
620 431 814 470 peccatum
848 430 902 457 est
935 433 1019 456 cum
1054 421 1272 467 ignorantia,
1306 420 1507 455 secundum
1541 419 1629 454 illud

50 479 224 518 Proverb.
247 489 317 522 14.:
336 479 478 520 Errant,
500 479 558 524 qui
578 482 761 525 operantur
780 477 916 512 malum.
934 476 1096 523 Sigigitur
1117 475 1323 522 ignorantia
1344 474 1630 509 involuntarium

51 541 228 576 causaret,
261 540 483 580 sequeretur,
510 531 608 579 quod
636 542 747 566 omne
775 538 969 578 peccatum
996 538 1091 565 esset
1121 529 1419 571 involuntarium,
1449 529 1547 575 quod
1577 537 1631 563 est

50 596 178 625 conca
199 587 354 634 August.
376 586 558 621 dicentem
578 584 651 630 (lib.
666 597 694 620 1.
713 586 855 621 Retract.
875 591 948 632 cap.
968 596 1012 631 15.
1032 586 1092 619 cir.
1108 584 1222 630 med),
1235 583 1331 630 quod
1351 595 1444 618 omne
1459 587 1628 629 peccatum

51 647 96 680 cs!
113 641 356 678 volimtarium.

126 706 156 744 3.
178 695 416 731 PRAETEREA.
439 693 729 728 Involuntarium
752 704 836 727 cum
857 692 1000 727 tristitia
1022 699 1086 734 est,
1109 700 1147 726 ut
1168 691 1422 726 Damascenus
1442 690 1528 724 dicit
1550 689 1628 734 (loc.

14 742 33 771 '¹
50 755 123 799 sup.
142 749 239 796 cit.:)
261 748 324 784 sed
350 748 532 796 quaedam
557 747 768 795 ignoranter
794 754 960 793 aguntur,
987 754 1023 781 et
1048 745 1125 780 sine
1151 745 1311 780 tristitia.
1335 753 1419 792 puta
1446 744 1476 779 si
1501 743 1630 791 aliquis

0 830 1 833 η
53 803 190 840 occidit
207 803 366 846 hostem,
392 814 502 850 quem
523 802 664 850 quaerit
685 801 866 844 occidere,
888 809 1018 848 putans
1040 799 1211 834 occidere
1233 811 1316 834 cen
1319 810 1400 841 um;
1419 809 1508 845 ergo
1529 798 1631 844 igno-

0 877 34 905 Β

52 858 170 896 tantia
188 868 265 893 non
285 865 411 892 causat
432 856 727 892 involuntarium.

125 911 202 948 Set>
223 921 379 948 coum&
398 919 462 953 est,
485 910 582 958 quod
602 909 776 945 Damasc.
794 909 871 954 (loc.
894 921 980 944 nunc
1002 908 1106 954 dicto)
1125 916 1160 943 et
1178 906 1315 942 Philos.
1338 908 1379 954 (3.
1398 906 1473 942 Eth.
1493 912 1566 954 cap.
1585 907 1628 952 ι.)

0 974 1 994 ³
53 965 191 1009 dicunt,
211 965 310 1014 quod
331 964 617 1000 involuntarium
640 963 826 1011 quoddam
849 971 903 998 est
923 974 987 1010 per
1007 962 1264 1009 ignorantiam.

125 1019 358 1056 stroumzo
378 1018 586 1060 dicendum,
608 1018 705 1065 quod
732 1017 937 1065 ignorantia
963 1017 1073 1051 habet
1099 1026 1248 1050 causare
1274 1014 1561 1050 involuntarium
1588 1024 1631 1048 ea

54 1074 208 1117 ratione,
228 1084 299 1122 qua
320 1072 436 1120 privat
456 1072 718 1119 cognitionem,
740 1083 832 1119 quae
859 1070 1099 1118 praeexigitur
1119 1069 1163 1104 ad
1183 1069 1441 1111 voluntarium,
1463 1077 1503 1104 ut
1523 1079 1629 1115 supra

55 1128 195 1164 dictum
214 1135 268 1163 est
286 1127 370 1174 (art.
391 1137 423 1162 2.
444 1126 512 1172 huj.
532 1127 592 1172 q),
613 1136 687 1160 non
707 1133 829 1160 tamen
849 1124 1030 1172 quaelibet
1049 1124 1255 1171 ignorantia
1275 1123 1487 1169 hujusmodi
1510 1122 1633 1169 cogni-

55 1182 196 1219 tionem
208 1180 335 1230 privat.
349 1179 394 1215 Et
407 1179 491 1214 ideo
505 1179 707 1220 sciendum,
726 1179 823 1225 quod
843 1179 1048 1225 ignorantia
1067 1179 1244 1225 tripliciter
1262 1189 1300 1212 se
1317 1177 1428 1212 habet
1445 1177 1489 1212 ad
1508 1185 1631 1211 actum

55 1234 264 1272 voluntatis.
291 1233 365 1269 Uno
385 1232 482 1268 modo
504 1232 808 1274 concomitanter,
829 1233 896 1266 alio
920 1232 1016 1266 modo
1039 1240 1316 1278 consequenter,
1338 1233 1433 1266 tertio
1457 1230 1552 1265 modo
1574 1242 1633 1265 an-

55 1288 272 1326 tecedenter.
295 1286 569 1322 Concomitanter
589 1286 749 1332 quidem,
771 1286 919 1332 quando
941 1285 1147 1332 ignorantia
1169 1294 1223 1320 est
1241 1286 1284 1320 de
1304 1297 1360 1327 eo,
1378 1285 1477 1332 quod
1496 1285 1631 1332 agitur3

54 1350 179 1379 tamen
199 1341 343 1377 etiamsi
363 1341 526 1383 sciretur,
547 1339 786 1375 nihilominus
809 1347 994 1386 ageretur:
1016 1348 1102 1374 tunc
1126 1339 1224 1374 enim
1246 1339 1452 1385 ignorantia
1478 1350 1552 1373 non
1582 1339 1632 1373 in-

54 1395 156 1432 ducit
174 1394 220 1430 ad
241 1393 455 1437 volendum,
473 1402 511 1429 ut
528 1394 600 1429 hoc
620 1393 700 1437 fiat3
720 1393 782 1428 sed
798 1394 929 1428 accidit
943 1393 1052 1428 simul
1066 1404 1145 1428 esse
1160 1392 1293 1440 aliquid
1311 1391 1461 1435 factum,
1479 1401 1514 1427 et
1531 1393 1632 1439 igno-

51 1456 192 1493 -ratum3
212 1449 306 1485 sicut
324 1448 362 1484 in
382 1447 551 1495 exemplo
573 1448 705 1496 posito,
727 1447 866 1483 scilicet
887 1459 971 1482 cum
999 1447 1127 1495 aliquis
1154 1447 1264 1482 vellet
1289 1447 1438 1494 quidem
1463 1447 1630 1482 occidere

54 1503 214 1557 hostem,
234 1502 319 1538 sed
310 1513 483 1550 ignorans
501 1502 637 1537 occidit
653 1513 751 1545 eum,
770 1510 898 1549 putans
917 1502 1085 1536 occidere
1104 1513 1186 1536 cen
1190 1513 1263 1536 urn.
1284 1500 1328 1535 Et
1346 1501 1422 1536 talis
1440 1502 1631 1548 ignorantia

54 1567 122 1594 non
136 1557 246 1600 facit
233 1568 294 1592 mv
295 1556 513 1598 numerium,
527 1564 566 1591 ut
579 1555 717 1591 Philos
734 1556 820 1591 dicit
835 1555 911 1601 (loc.
921 1562 1021 1603 prom-c
1042 1558 1084 1590 cit
1088 1557 1135 1601 .);
1152 1555 1236 1603 quia
1249 1566 1324 1590 non
1340 1563 1465 1589 causat
1483 1555 1631 1602 aliquid,

53 1610 154 1660 quod
170 1610 217 1646 sit
231 1621 438 1658 repugnans
458 1609 649 1653 voluntati,
667 1610 730 1645 sed
749 1609 834 1645 facit
851 1621 925 1645 non
947 1609 1206 1652 voluntarium,
1224 1609 1309 1657 quia
1326 1620 1401 1644 non
1415 1617 1535 1656 potest
1553 1620 1630 1644 esse

54 1672 138 1700 actu
158 1663 326 1708 volitum,
346 1664 444 1712 quod
466 1664 675 1711 ignoratum
697 1672 762 1699 est.

128 1718 369 1766 Consequentur
395 1726 518 1754 autem
543 1729 582 1753 se
607 1718 717 1753 habet
742 1718 948 1765 ignorantia
975 1718 1019 1753 ad
1045 1717 1284 1760 voluntatem,
1311 1717 1527 1765 inquantum
1553 1717 1631 1764 ipsa

31 1791 34 1797 ·
53 1772 261 1821 ignorantia
280 1779 337 1808 est
354 1771 580 1808 voluntaria:
602 1780 638 1808 et
658 1772 730 1807 hoc
753 1772 933 1820 contingit
952 1772 1139 1819 dupliciter,
1162 1771 1364 1807 secundum
1391 1771 1469 1807 duos
1498 1771 1631 1806 modos

52 1826 251 1863 voluntarii
270 1837 378 1874 supra
399 1826 538 1874 positos
559 1827 642 1872 (art.
656 1839 685 1874 3.
704 1827 774 1873 huj.
792 1839 822 1874 q.
841 1826 884 1861 ad
902 1839 928 1862 1.
928 1827 959 1872 ).
985 1827 1058 1862 Uno
1077 1826 1185 1868 modo,
1208 1826 1292 1873 quia
1315 1834 1414 1860 actus
1433 1825 1630 1860 voluntatis

51 1880 166 1917 fertur
185 1880 222 1916 in
243 1880 510 1929 ignorantiam3
531 1881 625 1916 sicut
647 1892 731 1915 curn
753 1880 883 1928 aliquis
904 1881 1073 1928 ignorare
1094 1880 1182 1922 vult,
1208 1879 1267 1914 vel
1292 1888 1331 1914 ut
1356 1880 1630 1915 excusationem

53 1934 196 1984 peccati
214 1934 359 1978 habeat,
379 1933 439 1970 vel
460 1942 499 1970 ut
523 1945 599 1969 non
626 1935 829 1970 retrahatur
857 1946 877 1969 a
906 1935 1107 1982 peccando,
1129 1935 1330 1969 secundum
1352 1933 1439 1968 illud
1457 1934 1523 1980 Job
1553 1943 1628 1968 21.:

8 2004 10 2010 ¹
43 1988 230 2026 Scimuam
255 1990 394 2024 viarum
421 1993 558 2024 tuarum
583 1989 758 2024 nolumus:
789 1997 824 2023 et
852 1989 943 2024 haec
974 1989 1105 2023 dicitur
1134 1989 1329 2035 ignorantia
1356 1988 1518 2034 affectata.
1550 1988 1629 2023 Alio

12 2120 42 2210 ἰ,

52 2042 150 2080 modo
169 2042 300 2078 dicitur
320 2042 526 2090 ignorantia
546 2042 751 2078 voluntaria
774 2044 861 2089 ejus,
883 2042 980 2090 quod
1003 2043 1081 2090 quis
1104 2050 1224 2090 potest
1245 2042 1349 2084 scire,
1371 2050 1407 2076 et
1427 2041 1542 2076 debet.
1568 2041 1628 2076 Sic

52 2097 154 2134 enim
173 2107 249 2132 non
271 2107 392 2144 agere,
410 2104 446 2132 et
461 2108 537 2132 non
554 2096 648 2132 velle
666 2096 914 2132 voluntarium
933 2097 1074 2139 dicitur,
1093 2105 1131 2130 ut
1149 2107 1255 2143 supra
1274 2096 1412 2130 dictum
1430 2104 1485 2130 est
1501 2096 1584 2141 (art.
1598 2108 1627 2142 3.

52 2150 125 2200 huj.
145 2152 206 2199 q.).
227 2150 310 2186 Hoc
331 2151 441 2198 igitur
461 2151 576 2186 modo
598 2151 729 2186 dicitur
749 2151 967 2197 ignorantia,
989 2151 1064 2186 sive
1087 2162 1171 2186 cum
1194 2150 1322 2198 aliquis
1344 2159 1427 2185 actu
1448 2161 1523 2185 non
1545 2162 1630 2185 con-

14 2243 21 2253 ,
42 2204 199 2248 siderat,
219 2204 318 2252 quod
339 2204 571 2240 considerare
592 2213 722 2252 potest,
744 2213 780 2240 et
796 2205 913 2247 debet,
933 2216 1025 2251 quae
1043 2213 1097 2240 est
1115 2206 1305 2251 ignorantia
1325 2205 1431 2240 malac
1452 2205 1626 2246 electionis,

53 2257 114 2295 vel
133 2270 177 2294 ex
197 2258 378 2306 passione,
398 2258 456 2294 vel
477 2269 521 2293 ex
542 2259 665 2294 habitu
687 2259 925 2306 proveniens3
946 2259 1022 2293 sive
1045 2270 1128 2293 cum
1152 2258 1280 2305 aliquis
1307 2259 1487 2300 notitiam,
1517 2270 1627 2305 quam

53 2311 162 2348 debet
185 2312 320 2348 habere
344 2323 420 2348 non
442 2320 544 2347 curat
561 2312 764 2359 acquirere:
783 2321 819 2347 et
834 2313 1036 2348 secundum
1057 2312 1154 2347 hunc
1174 2312 1328 2347 modum
1347 2314 1540 2358 ignorantia
1557 2314 1629 2347 uni-

53 2365 236 2402 venalium
250 2367 354 2414 juris,
375 2377 468 2414 quae
489 2366 569 2413 quis
595 2366 688 2402 scire
712 2374 866 2409 tenetur,
893 2366 1098 2402 voluntaria
1127 2366 1269 2408 dicitur,
1296 2367 1400 2413 quasi
1428 2378 1491 2413 per
1517 2366 1630 2413 negli-

16 2434 19 2461 ,-
52 2420 217 2469 gentiam
231 2420 459 2468 proveniens.
478 2419 576 2455 Cum
595 2428 717 2456 autem
735 2420 812 2468 ipsa
830 2421 1035 2467 ignorantia
1050 2421 1095 2455 sit
1107 2420 1312 2455 voluntaria
1330 2420 1453 2467 aliquo
1475 2420 1627 2455 istorum

16 2483 22 2522 ᾗ
50 2473 264 2517 Halotum,
284 2484 359 2509 non
385 2481 505 2522 potest
525 2484 675 2509 causare
700 2474 914 2522 simpliciter
941 2474 1246 2509 involuntarium:
1274 2482 1399 2509 causat
1424 2483 1548 2509 tamen
1578 2486 1629 2509 se-

22 2563 27 2577 ÷
54 2527 215 2563 cundum
228 2527 315 2575 quid
328 2526 626 2570 involuntarium,
640 2527 855 2575 inquantum
869 2528 1053 2575 praecedit
1065 2536 1207 2563 motum
1222 2527 1420 2563 voluntatis
1435 2528 1479 2562 ad
1493 2527 1627 2575 aliquid

16 2597 20 2605 ·
53 2604 58 2610 r
86 2601 94 2624 ‘.
112 2581 251 2625 ndum,
270 2581 333 2629 qui
352 2592 427 2617 non
449 2589 544 2617 esset
564 2581 714 2617 scientia
736 2590 936 2629 praesente.

125 2634 360 2672 Antecedmter
384 2643 507 2670 autem
534 2646 572 2670 se
597 2635 707 2671 habet
732 2636 775 2670 ad
803 2636 1029 2671 voluntatem
1058 2637 1275 2683 ignorantia,
1301 2636 1447 2684 quando
1475 2647 1549 2670 non
1575 2645 1628 2671 es:

50 2702 53 2706 ·
89 2687 272 2733 luntaria,
293 2696 329 2724 et
347 2696 471 2724 tamen
493 2697 548 2724 est
568 2700 677 2724 causa
699 2690 857 2733 volendi,
875 2690 973 2737 quod
996 2690 1083 2725 alias
1104 2702 1179 2725 non
1201 2690 1328 2726 vellet:
1351 2691 1444 2725 sicut
1462 2701 1546 2724 cum
1568 2689 1629 2724 ali-

52 2761 68 2782 ,1
90 2763 127 2773 m
150 2742 268 2778 homo
287 2742 432 2790 ignorat
453 2742 613 2790 aliquam
630 2743 941 2780 circumstantiam
956 2753 1069 2787 actus,
1088 2756 1198 2792 quam
1220 2757 1294 2780 non
1313 2745 1502 2780 tenebatur
1522 2745 1626 2787 scire,

50 2811 54 2818 ’
110 2806 154 2832 ex
173 2795 247 2832 hoc
268 2795 403 2844 aliquid
425 2796 500 2844 agit
519 2796 618 2844 quod
631 2809 706 2833 non
720 2797 865 2841 faceret,
887 2799 916 2833 si
938 2799 1062 2835 sciret:
1085 2808 1170 2846 puta
1193 2811 1276 2834 cum
1293 2799 1421 2846 aliquis
1439 2799 1627 2846 diligentia

88 2868 92 2877 =
113 2847 216 2886 vbita
235 2850 403 2886 nesciens
424 2849 583 2899 aliquem
604 2851 755 2887 transire
777 2863 841 2899 per
860 2853 970 2894 viam,
993 2853 1137 2900 projicit
1162 2853 1344 2899 sagittam,
1367 2864 1438 2900 qua
1459 2852 1627 2888 interficit

93 2907 98 2910 ”
121 2922 147 2935 u
200 2911 314 2940 utem.
335 2903 381 2940 Et
399 2903 482 2940 talis
502 2904 707 2952 ignorantia
729 2915 854 2942 causat
875 2906 1161 2942 involuntarium
1183 2906 1407 2954 simpliciter.
