1955 3182
213 195 265 237 32
656 191 877 227 QUAESTIO
911 191 955 220 ΙΙ.
989 190 1234 220 ARTICULUS
1268 189 1328 218 111.

206 274 443 309 mortalitatem
457 274 549 307 vobis
559 279 748 319 propagare
766 272 940 313 videmini,
957 283 1029 305 cum
1041 271 1303 316 suturifczmanz
1320 271 1476 317 temporis
1494 271 1664 315 cogitati5;
1684 280 1771 314 ergo

206 327 388 361 beatitudo
412 326 575 360 consistit
597 326 631 358 in
654 325 762 366 fama,
785 336 846 358 seu
869 324 995 369 gloria.

277 381 350 414 SED
367 390 531 414 CONTRA.
548 378 737 412 Beatitudo
753 385 939 411 estverum
954 377 1113 411 hominis
1127 377 1264 410 bonum
1280 388 1286 409 :
1303 376 1364 410 sed
1379 375 1526 418 famam,
1537 387 1598 409 seu
1614 375 1769 421 gloriam

208 434 384 479 contingit
396 444 472 467 esse
488 432 628 473 falsam,
644 440 681 465 ut
696 431 793 465 enim
808 431 893 464 dicit
908 431 1008 464 Boet.
1023 431 1059 463 in
1075 430 1134 463 lib.
1153 441 1180 475 3.
1198 430 1240 463 de
1256 429 1406 463 Consol.
1425 429 1527 475 (pros.
1540 428 1572 463 6.
1589 429 1772 475 inprime).-

203 487 317 521 Plimzs
338 498 493 531 magicum
513 490 605 531 mapa
631 496 748 518 nomm
772 484 862 527 falsis
887 484 979 528 vulgi
1000 484 1208 529 opinionibus
1235 483 1438 517 abstulerunt
1462 481 1523 526 [al.
1547 482 1759 526 atticlariintL

206 540 289 585 qnod
310 540 388 585 qnid
414 541 540 585 turpius
562 539 741 583 excogitari
758 538 888 584 potest?
909 537 1001 571 Nam
1027 537 1083 582 qui
1102 536 1191 582 falso
1209 536 1458 581 praedicantur,
1482 536 1547 569 sciis
1568 536 1629 581 ipsi
1653 546 1770 569 necesse

206 599 247 628 cst
260 593 411 627 laudibus
425 594 635 632 arnhemium
651 602 726 625 non
742 601 828 635 ergo
845 589 1028 623 beatitudo
1044 589 1204 623 hominis
1220 589 1383 622 consistit
1397 588 1433 621 in
1446 587 1555 629 fama,
1567 599 1629 622 seu
1644 587 1772 633 gloria.

281 646 508 680 RESPONDEO
521 644 726 686 dicendum,
742 643 838 689 quod
850 642 1071 688 impossibile
1087 651 1149 684 est,
1168 642 1427 676 beatitudinem
1438 641 1599 675 hominis
1616 641 1652 674 in
1663 639 1773 682 fama,

208 711 269 733 seu
293 699 408 744 gloria
430 700 591 732 humana
614 698 821 732 consistere.
844 697 940 731 Nam
964 696 1079 742 gloria
1100 695 1191 730 nihil
1210 695 1305 730 aliud
1325 703 1388 737 est,
1408 707 1517 741 quam
1537 694 1632 729 clara
1646 695 1774 729 notitia

208 764 292 786 cum
313 752 430 794 laude,
453 760 490 786 ut
512 751 727 785 Ambrosius
750 750 836 784 dicit
857 751 935 795 (loc.
959 752 1013 785 cit.
1036 751 1071 783 iii
1094 761 1164 795 arg.
1184 749 1256 794 2.):
1280 760 1335 782 res
1358 756 1478 782 autem
1502 748 1648 794 cognita
1671 747 1773 782 aliter

208 814 438 852 comparatur
460 805 503 839 ad
519 805 768 849 cognitionem
787 804 958 845 divinam,
978 811 1012 837 et
1027 803 1127 837 aliter
1146 803 1189 836 ad
1205 802 1455 847 cognitionem
1467 801 1678 835 humanam.
1695 801 1768 835 Hu-

209 871 316 892 mana
340 859 434 892 enim
460 858 621 903 cognitio
645 869 664 891 a
685 857 790 891 rebus
813 857 967 901 cognitis
987 865 1172 890 causatur:
1196 855 1257 889 sed
1278 855 1397 888 divina
1414 854 1575 900 cognitio
1595 862 1648 888 est
1663 865 1772 888 causa

209 924 329 946 rerum
352 912 596 957 cognitarum3
620 910 714 944 unde
736 909 909 956 perfectio
931 909 1083 943 humani
1104 909 1201 950 boni,
1224 919 1315 953 quae
1336 907 1520 941 beatitudo
1540 907 1680 949 dicitur,
1697 919 1772 941 non

208 973 324 1011 potest
346 965 485 999 causari
507 976 526 998 a
547 965 674 998 notitia
700 964 872 1004 humana,
899 963 960 996 sed
988 963 1104 1007 magis
1130 961 1258 995 notitia
1285 961 1447 994 humana
1477 960 1520 994 de
1546 960 1768 995 beatitudine

210 1019 359 1063 alicujus
383 1018 563 1064 procedit3
587 1026 621 1051 et
642 1016 917 1063 quodammodo
941 1023 1108 1049 causatur
1130 1015 1170 1048 ab
1191 1015 1267 1060 ipsa
1288 1014 1450 1047 humana
1467 1014 1698 1056 beatitudine,
1716 1013 1775 1048 vel

207 1072 390 1113 inchoata,
412 1071 469 1105 vel
491 1070 667 1116 perfecta;
691 1078 725 1104 et
746 1070 827 1103 ideo
850 1070 886 1102 in
909 1068 1017 1110 fama,
1040 1067 1098 1101 vel
1124 1068 1159 1101 in
1188 1067 1304 1113 gloria
1329 1078 1403 1101 non
1431 1074 1549 1113 potest
1576 1067 1772 1101 consistere

207 1125 366 1158 hominis
387 1124 582 1158 beatitudo.
606 1123 677 1157 Sed
695 1124 834 1156 bonum
855 1122 1015 1156 hominis
1038 1120 1225 1167 dependet,
1256 1121 1348 1154 sicut
1378 1131 1419 1154 ex
1442 1132 1561 1162 causa,
1589 1132 1631 1154 ex
1653 1120 1775 1166 cogni-

207 1178 304 1212 tione
323 1178 412 1219 Dei3
432 1185 466 1211 et
483 1177 565 1211 ideo
581 1189 623 1211 ex
639 1176 766 1222 gloria,
786 1187 877 1221 quae
893 1183 944 1209 est
960 1175 1051 1221 apud
1068 1175 1200 1216 Deum,
1216 1174 1394 1220 dependet
1404 1173 1588 1208 beatitudo
1602 1174 1774 1216 hominis,

207 1231 299 1264 sicut
320 1242 362 1264 ex
385 1241 492 1264 causa
519 1241 594 1272 sua,
621 1229 822 1264 secundum
848 1228 936 1262 illud
963 1227 1096 1262 Psalm.
1123 1238 1198 1274 9o.:
1226 1228 1384 1273 Eripiam
1410 1239 1493 1268 eum,
1522 1232 1552 1262 et
1576 1227 1770 1274 glorificabo

207 1296 291 1325 etim,
315 1284 514 1329 longitudine
540 1284 669 1318 dierum
695 1283 823 1329 replebo
851 1295 936 1323 eum,
960 1287 989 1316 et
1010 1281 1175 1316 ostendam
1197 1281 1248 1315 illi
1267 1281 1411 1315 salutare
1432 1292 1552 1314 meum.
1576 1280 1639 1314 Est
1665 1280 1775 1315 etiam

209 1337 304 1371 aliud
328 1337 643 1378 considerandum,
663 1336 759 1382 quod
781 1336 941 1369 humana
960 1335 1088 1368 notitia
1110 1345 1217 1379 saepe
1235 1333 1380 1375 fallitur,
1396 1341 1429 1367 et
1444 1333 1636 1380 praecipue
1655 1335 1690 1368 in
1710 1334 1779 1367 sin-

209 1390 391 1435 gularibus
415 1390 718 1435 contingentibus,
742 1388 946 1433 cujusmodi
967 1396 1049 1421 sunt
1076 1396 1175 1421 actus
1202 1387 1371 1420 humani:
1404 1394 1438 1421 et
1463 1386 1546 1421 ideo
1572 1386 1778 1433 frequenter

209 1445 368 1477 humana
390 1443 507 1488 gloria
528 1443 636 1477 fallax
656 1450 725 1477 est:
750 1441 811 1476 sed
834 1442 917 1487 quia
939 1442 1037 1475 Deus
1059 1440 1135 1475 falli
1152 1452 1227 1474 non
1250 1448 1378 1486 potest,
1399 1441 1474 1485 ejus
1494 1439 1610 1485 gloria
1632 1451 1775 1486 semper

209 1509 293 1532 vera
316 1505 389 1531 est:
413 1505 558 1543 propter
580 1496 676 1542 quod
700 1496 828 1529 dicitur
856 1505 886 1529 2.
909 1495 953 1529 ad
983 1495 1069 1529 Cor.
1102 1505 1176 1529 10.:
1204 1494 1263 1528 Illa
1283 1495 1445 1540 probatus
1477 1498 1531 1536 est,
1561 1505 1655 1539 quem
1684 1494 1776 1528 Deus

211 1550 426 1585 sommendat.

280 1604 339 1638 AD
362 1614 511 1638 PRIMUM
533 1615 620 1649 ergo
643 1603 849 1644 dicendum,
877 1602 973 1648 quod
996 1600 1196 1647 Apostolus
1218 1612 1292 1635 non
1319 1600 1478 1646 loquitur
1504 1600 1553 1634 ibi
1579 1600 1622 1634 de
1645 1599 1773 1646 gloria,

210 1669 301 1704 quae
324 1666 377 1691 est
399 1658 439 1691 ab
463 1657 684 1698 hominibus,
707 1656 768 1690 sed
792 1656 835 1690 de
857 1655 985 1701 gloria,
1013 1666 1104 1701 quae
1132 1662 1185 1688 est
1213 1666 1232 1688 a
1254 1654 1336 1688 Deo
1365 1665 1490 1688 coram
1518 1653 1656 1699 angelis
1683 1654 1776 1700 ejus3

210 1712 304 1745 unde
328 1712 456 1745 dicitur
478 1711 567 1744 Mar.
591 1711 641 1744 8.:
664 1711 772 1745 Filius
790 1710 930 1744 hominis
948 1710 1153 1755 confitebitur
1171 1721 1244 1743 eum
1264 1709 1297 1742 iii
1322 1708 1432 1754 gloria
1457 1708 1569 1743 Patris
1585 1709 1637 1742 sui
1663 1719 1777 1742 coram

209 1765 330 1811 ungulis
351 1767 428 1811 ejus.

279 1819 338 1852 AD
355 1828 561 1853 SECUNDUM
580 1817 785 1858 dicendum,
801 1816 897 1862 quod
912 1816 1050 1849 bonum
1070 1814 1220 1860 alicujus
1235 1814 1407 1857 hominis,
1428 1814 1525 1860 quod
1544 1825 1607 1860 per
1624 1813 1774 1856 famam,

209 1871 266 1906 vel
285 1871 439 1917 gloriam
463 1879 515 1905 est
536 1871 570 1904 in
595 1871 803 1915 cognitione
827 1869 1037 1910 multorum,
1060 1869 1089 1902 si
1112 1868 1273 1913 cognitio
1293 1868 1439 1914 quidem
1457 1879 1542 1902 vera
1561 1867 1616 1909 sit,
1632 1875 1776 1914 oportet

211 1925 306 1971 quod
330 1925 508 1959 derivetur
531 1936 549 1957 a
578 1924 675 1957 bono
705 1924 877 1957 existente
908 1923 943 1956 in
974 1923 1051 1968 ipso
1080 1922 1250 1955 homine:
1279 1929 1313 1955 et
1338 1921 1388 1955 sic
1416 1921 1673 1967 praesupponit
1700 1932 1775 1967 per-

210 1978 342 2012 fectam
368 1978 639 2019 beatitudinem,
670 1976 729 2011 vel
754 1977 984 2010 inchoatam:
1013 1975 1042 2010 si
1070 1983 1190 2009 autem
1218 1975 1379 2020 cognitio
1406 1974 1496 2008 falsa
1523 1974 1577 2016 sit,
1599 1985 1674 2008 non
1694 1985 1778 2008 con-

211 2032 336 2065 cordat
358 2032 424 2065 rei:
449 2039 482 2065 et
504 2031 553 2064 sic
576 2031 714 2064 bonum
735 2042 810 2064 non
832 2029 1011 2063 invenitur
1036 2029 1071 2062 in
1094 2040 1149 2070 eo,
1173 2029 1272 2074 cujus
1298 2028 1396 2062 fama
1424 2027 1574 2062 celebris
1600 2028 1772 2070 habetur;

212 2085 304 2119 unde
320 2093 425 2131 patet,
441 2085 537 2131 quod
552 2084 649 2118 fama
661 2083 761 2118 nullo
774 2083 886 2117 modo
904 2091 1021 2129 potest
1037 2082 1156 2116 facere
1172 2082 1363 2116 hominem
1380 2082 1527 2116 beatum
1544 2080 1604 2126 [al.
1621 2081 1771 2126 bonum}

282 2139 341 2172 AD
365 2149 535 2172 TERTIUM
558 2138 763 2179 dicendum,
791 2137 887 2183 quod
914 2136 1011 2170 fama
1037 2148 1111 2170 non
1138 2136 1246 2170 habet
1272 2136 1519 2170 stabilitatem:
1548 2136 1664 2169 immo
1683 2134 1774 2170 salso

212 2203 357 2225 rumore
379 2192 421 2225 de
445 2191 540 2224 sacili
562 2191 736 2237 perditur:
761 2199 794 2224 et
817 2191 845 2224 si
867 2190 1002 2224 stabilis
1026 2189 1220 2236 aliquando
1243 2197 1458 2236 perseveret,
1480 2189 1552 2224 hoc
1572 2196 1625 2224 est
1642 2200 1705 2235 per
1723 2200 1778 2223 ac-

214 2245 353 2279 cidens:
377 2245 438 2280 sed
460 2245 644 2279 beatitudo
666 2244 775 2278 habet
796 2256 858 2291 per
880 2256 917 2279 se
939 2243 1183 2286 stabilitatem,
1203 2251 1237 2278 et
1257 2255 1410 2290 semper.

767 2386 1113 2431 ARTICULUS
1142 2387 1216 2429 IV.
1736 2405 1775 2430 12

345 2496 497 2526 UTRUM
525 2495 782 2525 BEATITUDO
811 2495 995 2525 HOMINIS
1025 2494 1270 2525 CONSISTAT
1298 2494 1342 2524 IN
1369 2493 1642 2523 POTESTATE.

447 2585 539 2630 (Lib.
558 2597 586 2631 3.
611 2584 728 2619 Contr.
749 2596 779 2629 g.
803 2590 873 2630 cup.
893 2595 939 2630 31.
963 2588 990 2618 et
1013 2589 1119 2630 opusc.
1143 2595 1173 2618 2.
1196 2589 1267 2629 cap.
1293 2583 1366 2617 108.
1388 2587 1417 2617 et
1438 2581 1545 2627 274).

286 2674 345 2708 AD
368 2684 556 2713 QUARTUM
583 2673 632 2707 sic
661 2672 877 2719 proceditur.
901 2672 1062 2713 vVidetur,
1086 2671 1181 2717 quod
1209 2671 1392 2704 beatitudo
1421 2669 1595 2704 consistat
1619 2669 1655 2703 in
1682 2675 1779 2715 pote-

216 2735 323 2761 state:
348 2727 471 2761 omnia
494 2727 590 2761 enim
614 2735 785 2772 appetunt
810 2725 999 2759 assimilari
1022 2726 1114 2766 Deo,
1137 2733 1323 2770 tamquam
1348 2723 1476 2758 ultimo
1499 2723 1572 2765 fini,
1599 2730 1634 2757 et
1659 2722 1777 2768 primo

216 2781 408 2826 principio:
437 2781 498 2814 sed
526 2781 706 2822 homines,
729 2780 787 2825 qui
816 2780 850 2813 in
874 2779 1109 2825 potestatibus
1132 2787 1223 2819 sunt,
1252 2786 1398 2823 propter
1424 2776 1697 2811 similitudinem
1719 2786 1779 2822 po—

216 2834 351 2868 testatis
368 2835 523 2868 maxime
540 2834 705 2868 videntur
719 2845 796 2867 esse
811 2834 892 2867 Deo
910 2832 1116 2867 conformes
1133 2844 1138 2865 :
1153 2832 1244 2865 uude
1264 2831 1298 2865 in
1316 2832 1500 2877 Scriptura
1515 2831 1578 2865 Dii
1590 2837 1777 2871 vocantur,

218 2896 254 2922 ut
276 2896 373 2934 patet
396 2888 506 2922 Exod.
531 2898 602 2922 22.:
627 2889 704 2923 Diis
725 2899 788 2922 non
811 2887 981 2928 detraham
1005 2898 1092 2932 ergo
1116 2886 1150 2920 in
1173 2893 1349 2931 potestate
1371 2884 1554 2920 beatitudo
1578 2883 1751 2919 consistit.
