1907 3198
567 183 792 219 QUAEs‘mo
825 184 867 214 v.
899 183 1149 214 ARTICULus
1182 183 1239 214 1v.
1627 174 1679 228 65

106 264 239 300 falsum
260 264 447 312 dupliciter.
471 265 586 300 Primo
607 264 754 311 quidem
777 275 819 298 ex
846 264 924 310 ipsa
951 264 1141 299 communi
1162 265 1302 299 ratione
1324 265 1577 300 beatitudinis:
1601 277 1706 301 cum-

107 318 205 354 enim
226 318 302 365 ipsa
323 317 508 352 beatitudo
531 317 577 352 sit
591 317 777 365 perfectum
793 319 928 359 bonum,
943 323 974 352 ct
984 318 1155 364 sufficiens,
1175 326 1331 364 oportet,
1349 318 1447 364 quod
1466 318 1686 354 desiderium

105 371 267 407 hominis
285 371 432 418 quietet‚
451 379 487 406 et
507 381 617 406 omne
636 369 776 404 malum
794 370 980 405 excludat:
999 370 1213 405 naturaliter
1231 379 1354 406 autem
1371 371 1488 406 homo
1507 372 1686 407 desiderat

106 424 260 460 retinere
277 424 429 467 bonum,
447 423 545 471 quod
565 423 675 458 habet
693 432 728 458 et
746 423 844 470 quod
864 425 941 470 ejus
957 424 1133 458 retinendi
1152 425 1386 459 securitatem
1404 425 1580 460 obtineat:
1601 425 1687 460 alio-

107 478 193 525 quin
214 487 362 512 necesse
384 486 448 520 est,
469 477 568 524 quod
586 477 718 511 timore
740 477 941 519 amittendi,
962 477 1018 511 vel
1037 477 1165 512 dolore
1183 478 1227 512 de
1243 477 1458 512 certitudine
1478 478 1685 513 amissionis

106 530 304 578 affligatur:
323 531 515 577 requiritur
533 530 642 577 igitur
659 529 703 564 ad
723 541 847 564 veram
861 530 1136 572 beatitudinem,
1150 530 1247 577 quod
1262 531 1378 565 homo
1398 539 1535 565 certam
1554 531 1686 566 habeat

106 584 331 631 opinionem,
345 584 496 626 bonum,
513 583 610 630 quod
624 583 746 624 habet,
761 594 963 630 numquam
978 594 1016 618 se
1031 583 1265 618 amissurum:
1282 595 1374 630 quae
1390 584 1537 630 quidem
1558 585 1684 631 opinio

105 637 135 673 si
157 648 244 672 vera
264 637 320 679 sit,
343 648 571 684 consequens
593 643 658 679 est,
679 636 776 683 quod
804 636 1067 671 beatitudinem
1097 648 1299 683 numquam
1322 637 1478 673 amittet:
1506 638 1535 672 si
1563 646 1685 673 autem

105 689 196 726 falsa
217 690 273 732 sit,
294 690 366 725 hoc
389 690 509 738 ipsum
537 698 590 726 est
618 689 804 737 quoddam
834 689 986 732 malurn,
1013 689 1143 724 falsam
1173 690 1387 736 opinionem
1416 691 1569 726 habere:
1598 703 1684 726 nam

95 743 225 792 salsum
257 751 311 779 est
345 743 485 778 malum
507 743 723 785 intellectus,
754 743 847 777 sicut
873 755 992 778 verum
1030 751 1084 778 est
1109 743 1248 778 bonum
1284 744 1407 790 ipsius,
1430 752 1468 778 ut
1496 744 1627 779 dicitur
1648 745 1684 779 in

105 795 138 833 6.
159 796 277 832 Ethic.
300 797 388 844 (cap.
411 798 476 842 2.),·
499 808 574 832 non
593 797 701 843 igitur
718 797 792 842 jam
810 807 894 831 vere
915 797 981 831 erit
999 797 1135 839 beatus,
1155 797 1184 831 si
1203 796 1350 844 aliquod
1372 797 1511 831 malum
1531 798 1563 832 ei
1580 798 1683 832 inest.

104 850 252 888 Secundo
272 850 372 886 idem
390 859 550 898 apparet,
571 850 600 885 si
622 849 873 885 consideretur
894 850 985 884 ratio
1007 850 1239 885 beatitudinis
1261 851 1297 884 in
1315 850 1477 898 speciali,
1496 859 1684 886 ostensum

105 911 160 940 est
180 903 279 939 enim
300 915 409 950 supra
431 904 478 950 (q.
497 916 525 950 3.
548 909 612 939 art.
634 904 698 949 8.),
721 903 818 950 quod
841 902 1000 950 perfecta
1022 903 1208 938 beatitudo
1230 904 1392 939 hominis
1414 904 1449 938 in
1472 904 1613 939 visione
1635 904 1684 938 di-

103 957 211 992 vinae
232 957 411 993 essentiae
432 957 608 992 consistit.
627 957 690 992 Est
707 966 829 992 autem
852 957 1088 1003 impossibile,
1110 957 1208 1004 quod
1227 957 1356 1004 aliquis
1374 958 1501 992 videns
1523 957 1683 992 divinam

104 1010 302 1046 essentiam
321 1009 409 1046 velit
430 1021 514 1046 eam
534 1021 609 1045 non
631 1010 771 1045 videre:
795 1011 879 1057 quia
901 1021 1012 1045 omne
1027 1010 1166 1045 bonum
1186 1011 1364 1054 habitum,
1386 1022 1459 1058 quo
1482 1011 1612 1058 aliquis
1629 1022 1685 1045 ca-

104 1074 183 1099 rere
200 1063 289 1106 vult,
307 1071 370 1098 aut
386 1071 441 1098 est
458 1062 699 1106 insufficiens;
722 1072 757 1098 et
778 1064 962 1110 quaeritur
981 1063 1116 1110 aliquid
1135 1063 1372 1099 sufficientius
1390 1064 1476 1099 loco
1499 1066 1595 1110 ejus:
1623 1072 1685 1099 aut

103 1116 215 1152 habet
231 1115 380 1164 aliquod
400 1116 683 1152 incommodum
703 1128 897 1159 annexum,
916 1126 1063 1164 propter
1076 1118 1174 1164 quod
1193 1118 1229 1152 in
1247 1117 1431 1153 fastidium
1451 1118 1561 1152 venit.
1579 1117 1683 1152 Visio

104 1177 228 1205 autem
248 1169 392 1205 divinae
413 1170 592 1205 essentiae
615 1169 729 1217 replet
751 1171 914 1204 animam
937 1171 1107 1206 omnibus
1128 1171 1246 1214 bonis,
1268 1183 1353 1206 cum
1375 1172 1575 1217 conjungat
1592 1170 1685 1205 fonti

102 1223 216 1259 totius
234 1222 418 1259 bonitatis.
439 1223 547 1258 Unde
566 1223 697 1258 dicitur
711 1223 747 1258 in
765 1223 823 1258 Ps.
844 1222 907 1258 16.:
923 1224 1092 1267 Satiabor,
1109 1236 1183 1259 cum
1204 1226 1406 1272 apparuerit
1424 1225 1535 1271 gloria
1554 1230 1620 1259 tua.
1641 1223 1685 1259 Et

104 1275 189 1323 Sap.
211 1287 243 1323 7.
272 1275 422 1312 dicitur:
458 1276 624 1312 Venerunt
645 1277 728 1311 mibi
748 1278 861 1311 omnia
883 1278 969 1311 bona
984 1279 1120 1324 paritur
1141 1289 1216 1312 cum
1236 1279 1306 1321 illa,
1331 1278 1470 1312 scilicet
1493 1289 1577 1312 cum
1601 1288 1686 1312 con-

102 1328 342 1377 templatione
362 1330 577 1377 sapientiae:
600 1329 766 1365 similiter
787 1330 898 1364 etiam
919 1341 994 1365 non
1016 1331 1126 1366 habet
1147 1331 1295 1378 aliquod
1323 1331 1604 1366 incommodum
1627 1331 1685 1365 ad-

102 1384 287 1431 junctum:
309 1383 394 1430 quia
414 1383 458 1418 de
480 1382 792 1430 contemplatione
820 1383 1028 1430 Sapientiae
1058 1384 1190 1418 dicitur
1220 1384 1380 1431 Sapient.
1404 1385 1456 1420 8.:
1491 1385 1570 1419 Non
1590 1385 1684 1420 habet

104 1436 365 1473 amaritudinem
385 1438 591 1472 conversatio
613 1437 713 1478 illius,
735 1448 793 1471 nec
812 1437 958 1471 taedium
979 1439 1148 1473 convictus
1165 1440 1255 1483 ejus,·
1278 1437 1330 1472 sic
1350 1449 1439 1484 ergo
1458 1445 1567 1484 patet,
1586 1437 1683 1484 quod

104 1489 251 1538 propria
271 1489 459 1525 voluntate
486 1490 612 1525 beatus
641 1501 717 1524 non
746 1498 866 1536 potest
894 1490 1155 1525 beatitudinem
1176 1491 1360 1526 deserere:
1387 1490 1554 1525 similiter
1574 1491 1683 1525 etiam

104 1554 180 1579 non
200 1551 321 1591 potest
340 1554 423 1578 eam
443 1543 605 1590 perdere,
626 1543 709 1578 Deo
735 1543 986 1579 subtrahente:
1013 1544 1097 1591 quia
1123 1555 1209 1579 cum
1231 1544 1429 1579 subtractio
1451 1544 1683 1579 beatitudinis

105 1597 151 1633 sit
171 1597 351 1644 quaedam
372 1607 503 1644 poena,
523 1607 599 1632 non
620 1605 740 1644 potest
761 1597 842 1632 talis
863 1598 1062 1632 subtractio
1084 1609 1104 1632 a
1125 1598 1206 1633 Deo
1228 1599 1323 1644 justo
1346 1598 1465 1644 judice
1492 1599 1683 1645 provenire

105 1651 176 1686 nisi
196 1661 263 1698 pro
285 1649 406 1698 aliqua
427 1649 551 1697 culpa;
573 1650 609 1685 in
631 1661 742 1697 quam
765 1650 894 1686 cadere
915 1663 990 1686 non
1012 1660 1142 1698 potest,
1165 1652 1225 1698 qui
1247 1652 1317 1686 Dei
1348 1652 1544 1686 essentiam
1565 1652 1683 1695 videt;

107 1715 193 1739 cum
215 1703 260 1739 ad
279 1703 376 1739 hanc
400 1700 581 1739 visionem
601 1715 644 1739 ex
665 1704 881 1739 necessitate
903 1714 1072 1752 sequatur
1094 1706 1272 1740 rectitudo
1290 1705 1500 1748 voluntatis,
1521 1714 1559 1740 ut
1577 1717 1684 1753 supra

106 1765 295 1794 ostensum
316 1765 371 1793 est
389 1758 439 1804 (q.
461 1768 495 1802 4.
517 1762 582 1792 art.
603 1759 652 1803 4.)
667 1771 677 1792 .·
705 1757 871 1792 similiter
893 1758 1002 1793 etiam
1032 1770 1099 1793 nec
1130 1758 1278 1805 aliquod
1309 1759 1407 1793 aliud
1429 1770 1540 1805 agens
1565 1767 1684 1806 potest

106 1821 188 1847 eam
209 1810 436 1847 subtrahere:
459 1810 544 1858 quia
566 1822 670 1846 mens
690 1811 772 1846 Deo
793 1813 988 1857 conjuncta
1009 1823 1118 1859 super
1139 1813 1264 1847 omnia
1283 1812 1353 1846 alia
1376 1812 1548 1847 elevatur.
1571 1812 1615 1847 Et
1633 1813 1683 1847 sic

105 1865 149 1900 ab
170 1864 382 1911 hujusmodi
402 1864 660 1910 conjunctione
679 1864 820 1899 nullum
840 1865 936 1899 aliud
959 1877 1070 1912 agens
1088 1874 1208 1912 potest
1226 1866 1342 1913 ipsam
1362 1866 1566 1909 excludere,
1586 1866 1680 1901 unde

104 1918 367 1954 inconveniens
379 1917 532 1960 videtur,
543 1917 642 1965 quod
656 1929 719 1964 per
732 1919 910 1966 quasdam
925 1918 1157 1954 alterationes
1171 1927 1381 1966 temporum
1395 1927 1555 1955 transeat
1568 1919 1683 1954 homo

105 1971 150 2007 de
169 1971 392 2006 beatitudine
414 1967 458 2006 a'd
479 1971 678 2014 miseriam,
700 1981 735 2006 et
753 1983 772 2007 e
795 1983 992 2007 converso:
1015 1973 1099 2019 quia
1120 1972 1332 2018 hujusmodi
1353 1972 1575 2019 temporales
1597 1972 1682 2008 alte-

105 2025 265 2061 rationes
286 2034 366 2060 esse
385 2035 460 2060 non
482 2033 644 2072 possunt,
665 2025 734 2060 nisi
756 2025 852 2060 circa
871 2037 924 2067 ea,
947 2037 1039 2072 quae
1061 2026 1248 2071 subjacent
1268 2026 1438 2073 tempori,
1453 2034 1488 2060 et
1506 2026 1633 2061 motui.

147 2101 154 2109 -
177 2077 239 2114 AD
263 2088 415 2115 PRfflUM
441 2089 530 2125 ergo
563 2078 771 2121 dicendum,
798 2079 896 2125 quod
922 2079 1107 2114 beatitudo
1135 2088 1188 2114 est
1214 2078 1388 2126 perfectio
1415 2088 1683 2122 consummata,

107 2142 200 2179 quae
227 2142 378 2167 omnem
399 2130 582 2166 defectum
601 2131 758 2166 excludit
780 2143 799 2166 a
820 2132 946 2166 beato:
970 2140 1005 2167 et
1026 2132 1108 2167 ideo
1128 2133 1262 2179 absque
1280 2133 1520 2168 mutabilitate
1540 2133 1684 2168 advenit

107 2195 192 2221 eam
210 2185 371 2228 habenti,
391 2183 549 2220 faciente
570 2185 642 2220 hoc
664 2185 795 2220 virtute
817 2185 950 2228 divina,
972 2197 1065 2232 quae
1086 2186 1278 2221 hominem
1300 2186 1465 2221 sublevat
1486 2187 1522 2220 in
1544 2186 1684 2233 partici-

107 2238 294 2287 pationem
317 2239 538 2274 aeternitatis
561 2239 850 2274 transcendentis
872 2250 1023 2274 omnem
1046 2240 1300 2274 mutationem.

178 2293 241 2328 AD
266 2301 475 2328 SECUNDUM
507 2291 716 2334 dicendum,
743 2293 840 2339 quod
867 2292 1037 2328 voluntas
1065 2293 1110 2328 ad
1137 2294 1306 2340 opposita
1332 2305 1370 2328 se
1403 2293 1514 2328 habet
1545 2294 1581 2328 in
1614 2294 1681 2337 his,

107 2356 202 2394 quae
222 2345 267 2381 ad
288 2344 400 2381 finem
420 2345 650 2380 ordinantur:
679 2346 741 2381 sed
769 2346 813 2380 ad
835 2346 1005 2381 ultimum
1032 2346 1142 2381 finem
1169 2347 1324 2382 naturali
1349 2348 1565 2382 necessitate
1591 2347 1684 2381 ordi-

106 2404 232 2436 natur:
253 2399 353 2447 quod
373 2407 473 2447 patet
492 2410 536 2434 ex
556 2399 641 2441 hoc,
663 2399 760 2446 quod
782 2400 898 2434 homo
924 2411 999 2434 non
1021 2408 1141 2448 potest
1161 2412 1234 2435 non
1258 2400 1351 2435 velle
1373 2411 1451 2435 esse
1473 2400 1610 2435 beatus

179 2454 242 2490 AD
260 2463 434 2490 'rt-:RTmM
459 2452 666 2496 dicendum,
692 2454 790 2500 quod
817 2454 1002 2488 beatitudo
1029 2454 1139 2489 habet
1165 2454 1383 2501 principium
1410 2465 1452 2488 ex
1474 2453 1683 2488 conditione

108 2506 375 2554 participantis3
400 2506 463 2542 sed
501 2514 600 2551 caret
625 2506 695 2542 fine
722 2516 869 2554 propter
902 2507 1153 2543 conditionem
1186 2508 1285 2550 boni,
1320 2509 1421 2554 cujus
1456 2508 1683 2555 participatio

108 2558 196 2595 facit
230 2559 399 2602 beatum3
423 2559 518 2595 unde
552 2559 594 2594 ab
622 2559 694 2595 alio
721 2568 775 2595 est
801 2561 944 2596 initium
978 2561 1220 2603 beatitudinis,
1247 2570 1283 2596 et
1309 2561 1351 2595 ab
1387 2561 1458 2596 alio
1490 2569 1554 2603 est,
1586 2561 1682 2608 quod

109 2619 210 2648 caret
230 2611 314 2649 fine.
