1907 3198
459 177 684 214 QUAESTIO
718 177 900 208 XXXVIII.
934 177 1182 208 ARTICULUS
1215 177 1274 207 IV.
1567 164 1652 221 287

140 262 201 298 AD
223 272 433 298 SECUNDUM
459 261 668 305 dicendum,
698 262 798 309 quod
823 261 1030 297 intellectus
1061 259 1306 307 speculativus
1328 271 1403 294 non
1427 268 1553 294 movet
1583 260 1656 294 ani-

16 333 24 361 .;
67 327 172 351 mum
202 327 245 351 ex
278 324 378 363 parte
406 316 457 351 rei
486 315 717 363 speculatae3
746 324 874 351 movet
894 324 1020 350 tamen
1051 315 1217 348 animum
1239 325 1282 349 ex
1312 322 1413 360 parte
1435 314 1547 360 ipsius
1570 325 1655 349 con-

19 404 23 413 ,
67 369 327 418 templationis‚
346 381 438 417 quae
461 378 514 405 est
533 370 720 417 quoddam
741 371 881 405 bonum
902 369 1077 411 hominis,
1097 377 1132 404 et
1157 367 1370 403 naturaliter
1391 367 1628 403 delectabilis.

20 463 26 470 „
137 424 199 460 AD
225 434 400 460 TERTIUM
421 424 629 467 dicendum,
657 425 755 471 quod
786 425 823 458 in
845 424 980 459 viribus
1012 423 1157 458 animae
1184 422 1222 457 fit
1247 423 1488 457 redundantia
1511 434 1530 456 a
1553 434 1656 469 supe-

20 473 34 516 Ἀ·
66 478 154 514 riori
175 478 219 514 ad
244 478 412 521 inferius3
436 487 471 514 et
503 480 705 514 secundum
734 479 806 514 hoc
838 478 1032 514 delectatio
1061 477 1398 523 contemplationis,
1420 488 1514 524 quae
1541 485 1595 512 est
1617 477 1653 511 in

30 558 33 562 Α
66 532 244 581 superiori
264 541 379 580 parte,
399 533 577 568 redundat
596 533 639 568 ad
662 533 906 580 mitigandum
929 533 1040 567 etiam
1063 531 1243 575 dolorem,
1266 531 1327 579 qui
1349 540 1402 566 est
1423 533 1460 566 in
1483 543 1604 567 sensu.

647 660 996 706 ARTICULUS
1017 660 1073 704 V.
1585 672 1654 707 218

67 768 223 802 UTRUM
240 769 408 811 DOLOR,
432 770 489 800 ET
520 769 744 800 TRISTITIA
770 769 1050 800 MITIGENTUR
1069 769 1150 800 PER
1168 767 1370 808 SOMNUM,
1390 768 1446 798 ET
1468 768 1652 801 BALNEA.

140 858 202 894 An
223 868 406 899 QUINTUM
432 858 484 893 sic
511 857 731 905 proceditur.
758 857 912 892 Videtur
934 858 1031 905 quod
1054 868 1219 900 somnus,
1242 864 1278 891 et
1297 855 1471 891 balneum
1493 868 1569 892 non
1591 857 1657 891 mi-

66 912 183 960 tigent
202 913 402 948 tristitiam:
423 912 567 947 tristitia
589 911 687 946 enim
714 912 751 945 in
779 912 902 946 anima
929 911 1113 946 consistit:
1142 911 1204 946 sed
1230 922 1394 953 somnus,
1421 919 1457 946 et
1481 910 1656 946 balneum

68 967 113 1002 ad
135 977 267 1015 corpus
288 967 486 1014 pertinent3
507 977 583 1000 non
606 976 694 1012 ergo
718 965 854 1012 aliquid
876 965 1015 1000 faciunt
1037 965 1081 999 ad
1102 965 1374 1011 mitigationem
1395 965 1572 1000 tristitiae.

140 1031 172 1056 2.
194 1021 431 1057 PRAETEREA.
453 1019 555 1055 Idem
573 1018 723 1054 effectus
745 1031 820 1054 non
842 1020 984 1054 videtur
1006 1020 1147 1054 causari
1165 1031 1207 1054 ex
1227 1019 1418 1054 contrariis
1437 1020 1572 1055 causis:
1593 1020 1656 1055 sed

66 1075 290 1123 hujusmodi,
312 1086 396 1110 curn
417 1074 487 1109 sint
508 1073 727 1120 corporalia,
748 1081 955 1120 repugnant
977 1073 1280 1121 contemplationi
1298 1074 1472 1116 veritatis,
1490 1086 1583 1121 quae
1603 1082 1657 1109 est

68 1140 178 1165 causa
198 1129 437 1176 mitigationis
456 1128 633 1171 tristitiae,
655 1136 695 1163 ut
715 1128 854 1163 dictum
877 1137 931 1163 est
954 1128 1034 1173 (art.
1050 1131 1207 1176 praec.);
1235 1140 1310 1163 non
1337 1140 1426 1175 ergo
1450 1140 1514 1176 per
1535 1130 1657 1176 hujus-

68 1183 172 1219 modi
190 1183 334 1219 tristitia
354 1182 549 1229 mitigatur.

144 1249 173 1285 3.
194 1237 431 1273 PRAETEREA.
456 1235 632 1279 Tristitia,
652 1244 688 1271 et
709 1235 827 1279 dolor,
847 1236 1050 1271 secundum
1069 1237 1167 1284 quod
1186 1237 1368 1283 pertinent
1389 1237 1433 1272 ad
1456 1249 1601 1285 corpus,
1619 1239 1656 1273 in

69 1291 227 1340 quadam
247 1289 550 1326 transmutatione
572 1290 693 1325 cordis
717 1291 939 1326 consistunt:
962 1291 1026 1325 sed
1047 1291 1262 1337 hujusmodi
1283 1292 1445 1326 remedia
1469 1292 1587 1339 magis
1609 1292 1658 1325 vi·

68 1345 198 1381 dentur
216 1345 395 1392 pertinere
418 1343 462 1379 ad
485 1345 681 1380 exteriores
699 1356 838 1388 sensus,
859 1353 894 1380 et
912 1345 1090 1387 membra,
1110 1357 1220 1392 quam
1241 1345 1285 1380 ad
1303 1346 1517 1381 interiorem
1536 1346 1656 1381 cordis

67 1399 361 1447 dispositionem3
381 1410 458 1434 non
476 1410 566 1446 ergo
587 1410 651 1446 per
671 1399 886 1446 hujusmodi
907 1400 1051 1435 tristitia
1073 1400 1271 1447 mitigatur.

138 1453 214 1489 SED
240 1463 397 1489 CONTRA
427 1461 492 1496 est,
521 1453 620 1500 quod
650 1454 806 1501 August.
836 1454 924 1489 dicit
944 1465 977 1501 9.
1002 1453 1171 1489 Confess.
1200 1455 1293 1502 (cap.
1314 1467 1365 1490 12.
1390 1456 1449 1490 sub
1463 1456 1560 1502 fin.):
1584 1456 1657 1490 Au-

66 1507 195 1544 dieram
223 1508 333 1544 balnei
359 1519 479 1543 nomen
512 1507 588 1543 inde
617 1507 755 1552 dictum,
786 1508 874 1555 quod
901 1510 1104 1543 anxietatem
1132 1509 1240 1556 pellat
1268 1521 1308 1544 ex
1336 1511 1474 1551 anz'mo,·
1500 1518 1535 1544 et
1564 1509 1655 1544 infra

65 1561 200 1609 (ibid.).·
234 1563 411 1606 Dormivi,
437 1567 470 1598 et
495 1562 670 1609 evigilavi,
699 1568 731 1598 et
756 1575 823 1598 non
840 1569 957 1611 parva
978 1568 1133 1610 exparte
1154 1565 1343 1611 mitigatum
1371 1565 1487 1599 inveni
1507 1564 1654 1599 dolorem

63 1628 185 1654 meum.
206 1616 253 1652 Et
272 1617 423 1660 inducit,
446 1616 545 1664 quod
566 1617 603 1652 in
624 1617 766 1665 hymno
789 1618 917 1665 Ambr.
941 1618 1082 1661 dicitur,
1105 1618 1203 1665 quod

642 1696 745 1741 Quies
771 1702 864 1732 artus
883 1697 1004 1732 solutos

639 1751 757 1787 Reddit
783 1752 908 1787 laboris
935 1753 1008 1787 usui

639 1805 829 1853 Mentesque
842 1807 948 1853 fessas
968 1807 1104 1850 alle-vat,

639 1860 826 1906 Luctusque
845 1861 944 1896 solvit
961 1862 1090 1896 anxios.

136 1942 369 1980 RESPONDEO
387 1943 594 1986 dicendum,
613 1943 712 1991 quod
731 1944 825 1979 sicut
842 1956 950 1992 supra
970 1945 1108 1980 dictum
1129 1953 1182 1980 est
1201 1944 1247 1991 (q.
1263 1956 1314 1992 37.
1335 1949 1399 1980 art.
1418 1946 1485 1991 4.),
1511 1945 1654 1981 tristitia

65 1998 268 2034 secundum
289 2009 395 2034 suam
416 1999 578 2046 speciem
597 2007 776 2045 repugnat
796 1998 899 2034 vitali
920 1999 1077 2034 motioni
1100 1999 1283 2046 corpori53
1307 2008 1341 2034 et
1363 1999 1446 2034 ideo
1465 1999 1539 2042 illa,
1561 2012 1655 2047 quae

63 2051 266 2088 reformant
282 2060 451 2088 naturam
471 2053 704 2100 corporalem
723 2054 759 2087 in
779 2053 942 2088 debitum
965 2062 1100 2089 statum
1114 2053 1234 2089 vitalis
1249 2054 1437 2097 motionis,
1451 2063 1656 2102 repugnant

63 2106 241 2150 tristitiae,
267 2115 304 2142 et
329 2108 448 2154 ipsam
473 2107 653 2154 mitigant.
680 2107 751 2142 Per
776 2107 848 2142 hoc
872 2108 982 2142 etiam
1005 2108 1103 2154 quod
1125 2108 1338 2153 hujusmodi
1359 2109 1531 2143 remediis
1553 2109 1656 2143 redu-

67 2161 159 2197 citur
182 2169 312 2196 natura
339 2161 383 2196 ad
409 2161 573 2196 debitum
599 2169 746 2204 statum,
773 2170 943 2197 causatur
969 2174 1012 2197 ex
1038 2162 1095 2197 his
1121 2162 1335 2197 delectatio:
1363 2162 1435 2197 hoc
1463 2163 1562 2198 enim
1589 2171 1654 2206 est,

63 2215 165 2264 quod
182 2215 467 2251 delectationem
480 2215 579 2258 facit,
594 2223 633 2251 ut
651 2227 758 2263 supra
773 2215 910 2250 dictum
927 2224 981 2251 est
999 2217 1046 2263 (q.
1063 2229 1111 2264 31.
1130 2221 1194 2251 art.
1213 2218 1257 2263 1.)
1272 2231 1282 2252 .·
1300 2217 1408 2259 unde,
1429 2228 1512 2252 cum
1533 2218 1654 2252 omnis

41 2294 45 2301 -
66 2269 261 2306 delectatio
285 2270 469 2306 tristitiam
495 2270 649 2317 mitiget,
676 2281 741 2317 per
766 2270 979 2317 hujusmodi
1005 2271 1168 2306 remedia
1196 2271 1403 2319 corporalia
1429 2272 1573 2307 tristitia
1591 2272 1656 2307 mi-

43 2323 210 2372 ··-·tigatur.

43 2375 45 2378 ’
137 2379 199 2415 AD
211 2389 363 2415 PRIMUM
377 2390 467 2427 ergo
481 2378 690 2421 dicendum,
701 2379 800 2426 quod
814 2379 893 2426 ipsa
909 2379 1027 2414 debita
1040 2380 1204 2427 corporis
1219 2380 1422 2427 dispositio,
1437 2381 1653 2428 inquantum

42 2466 48 2477 ,
66 2433 228 2477 sentitur,
250 2433 533 2469 delectationem
556 2441 703 2476 causat3
727 2441 762 2468 et
782 2444 847 2480 per
868 2445 1097 2481 consequens
1118 2435 1302 2469 tristitiam
1325 2435 1477 2482 mitigat.

137 2487 199 2523 AD
213 2497 423 2524 SECUNDUM
440 2487 650 2530 dicendum,
665 2487 762 2534 quod
781 2487 1069 2523 delectationum
1087 2501 1159 2524 una
1179 2489 1289 2524 aliam
1307 2489 1471 2537 impedit,
1491 2498 1529 2525 ut
1547 2501 1654 2537 supra

62 2539 204 2577 *dictum
225 2549 281 2578 est
302 2542 347 2590 (q.
366 2554 414 2590 31.
436 2547 501 2578 art.
519 2542 594 2588 8.):
617 2550 652 2577 et
672 2549 796 2577 tamen
819 2543 940 2579 omnis
958 2543 1152 2579 delectatio
1170 2544 1355 2579 tristitiam
1377 2545 1539 2591 mitigat3
1559 2545 1654 2579 unde

65 2606 142 2631 non
163 2604 218 2632 est
237 2597 511 2640 inconveniens,
534 2596 632 2644 quod
656 2608 699 2632 ex
722 2597 840 2632 causis
862 2609 900 2633 se
926 2598 1086 2633 invicem
1113 2599 1396 2646 impedientibus
1423 2599 1565 2634 tristitia
1592 2599 1656 2633 rni-

62 2649 211 2698 figetur.

41 2696 71 2726 ⁸²
138 2705 200 2740 An
225 2714 400 2742 TERTIUM
426 2705 635 2748 dicendum,
662 2705 761 2753 quod
788 2707 909 2742 omnis
936 2707 1033 2742 bona
1061 2708 1252 2755 dispositio
1281 2708 1446 2754 corporis
1476 2707 1655 2743 redundat

51 2758 345 2810 ,quodammodo
368 2759 413 2794 ad
434 2771 510 2802 cor,
532 2760 625 2795 sicut
639 2760 684 2794 ad
704 2760 936 2808 principium,
959 2770 994 2797 et
1016 2761 1128 2797 finem
1151 2763 1400 2810 corporalium
1423 2762 1653 2805 motionum3

44 2811 109 2850 'itt
127 2812 258 2849 dicitur
276 2813 314 2848 in
334 2812 396 2848 lib.
418 2813 463 2849 de
490 2813 613 2849 Causa
639 2822 762 2850 motus
789 2815 1004 2851 animalium
1024 2818 1092 2863 (seu
1119 2817 1206 2864 quod
1228 2817 1313 2852 idem
1334 2822 1388 2860 est,
1410 2816 1448 2852 de
1470 2816 1651 2853 Commun.

47 2867 209 2904 .¹''anima1.
226 2871 306 2904 mot.
328 2873 401 2916 cap.
423 2880 470 2905 Η.
491 2869 550 2904 sub
563 2869 658 2916 fin).

32 3108 90 3198 a
