1875 3198
206 216 294 259 794
640 213 860 249 QUAESTIO
894 214 963 243 cv.
998 213 1244 244 ARTICULUS
1279 213 1322 242 11.

277 296 337 331 AD
353 305 560 330 SECUNDUM
582 294 789 337 dicendum,
813 295 910 341 quod
925 294 982 329 lex
996 306 1071 329 non
1089 294 1223 336 statuit,
1238 294 1335 340 quod
1355 293 1526 329 mulieres
1545 294 1784 329 succederent

207 351 244 384 in
264 350 370 384 bonis
392 349 563 396 paternis,
585 349 653 383 nisi
673 360 714 382 ex
737 347 879 382 defectu
902 348 1060 382 filiorum
1083 347 1349 382 masculorum:
1372 355 1456 381 tunc
1480 355 1602 382 autem
1622 359 1785 383 necessa-

207 404 303 437 rium
326 411 412 445 erat,
431 410 468 437 ut
491 403 674 437 successio
697 401 908 436 mulieribus
931 402 1192 436 concederetur
1214 402 1250 435 in
1273 400 1567 437 consolationem
1585 402 1707 448 patris,
1726 402 1785 436 cui

208 468 317 503 grave
336 456 470 498 fuisset,
486 457 515 490 si
531 457 606 501 ejus
626 455 830 489 haereditas
847 455 999 489 omnino
1016 455 1059 489 ad
1074 465 1265 489 extraneos
1279 455 1464 489 transiret:
1485 455 1648 489 adhibuit
1661 462 1785 489 tamen

209 512 305 545 circa
325 511 397 544 hoc
420 510 476 544 lex
493 509 673 543 cautelam
690 508 862 550 debitam,
879 509 1104 554 praecipiens
1118 516 1157 542 nt
1170 508 1340 542 mulieres
1356 509 1590 543 succedentes
1609 509 1646 542 in
1663 509 1786 543 haere-

209 565 318 599 ditate
341 572 489 610 paterna
511 563 688 596 nuberent
710 574 795 596 suae
818 562 929 596 tribus
951 563 1173 604 hominibus,
1197 562 1240 596 ad
1262 562 1334 596 hoc
1362 562 1459 609 quod
1486 570 1601 597 sortes
1627 562 1786 597 tribuum

208 629 283 653 non
307 617 624 658 confunderentur,
648 623 686 650 ut
706 616 859 649 habetur
880 616 990 650 Num.
1014 615 1075 650 ult.

282 672 341 706 AD
365 681 537 705 TERTIUM
560 669 766 711 dicendum,
789 669 897 715 quod,
920 669 1012 704 sicut
1033 669 1126 703 Phil.
1151 670 1238 704 dicit
1259 669 1296 704 in
1318 679 1349 704 2.
1372 669 1480 707 Polit.
1503 669 1593 717 (cap.
1611 670 1672 716 5),
1691 681 1786 716 regu-

209 726 290 761 latio
312 726 548 772 possessionmn
574 724 717 757 multum
739 723 865 769 confert
896 723 938 757 ad
967 725 1254 758 conservationem
1282 725 1441 767 civitatis,
1462 724 1515 758 vel
1531 725 1652 770 genti5;
1680 723 1788 766 unde,

210 780 303 814 sicut
324 779 399 825 ipse
427 778 514 812 dicit
545 777 670 823 (ibid),
694 776 789 823 apud
820 776 997 822 quasdam
1029 776 1230 811 Gentilium
1262 777 1424 812 civitates
1454 785 1628 812 statutum
1654 777 1722 812 fuit
1750 785 1789 812 ut

209 832 329 867 nullus
351 832 621 879 possessionem
642 830 799 865 vendere
822 838 955 876 posset,
977 830 1045 865 nisi
1068 842 1133 877 pro
1156 830 1351 866 manifesto
1374 831 1605 866 detrimento.
1629 831 1669 865 Si
1690 831 1789 865 enim

210 887 346 933 passim
367 885 618 933 possessiones
640 884 854 926 vendantur,
876 892 995 930 potest
1023 885 1236 931 contingere
1264 885 1361 931 quod
1389 896 1518 919 omnes
1539 885 1789 931 possessiones

211 940 255 975 ad
277 951 414 986 paucos
437 939 650 974 deveniant:
685 946 719 972 et
748 938 797 972 ita
817 949 968 973 necesse
996 938 1073 981 erit,
1105 938 1301 981 civitatem,
1323 938 1381 973 vel
1402 938 1593 984 regionem
1613 938 1791 973 habitato-

211 994 307 1028 ribus
331 993 518 1035 evacuari,
541 1000 576 1026 et
598 991 680 1026 ideo
703 991 760 1026 lex
781 999 884 1026 vetus
908 992 951 1025 ad
972 992 1186 1038 hujusmodi
1215 992 1418 1039 periculum
1447 992 1713 1026 removendum
1739 992 1790 1026 sic

212 1047 404 1089 ordinavit,
428 1046 525 1093 quod
549 1054 584 1080 et
605 1045 881 1080 necessitatibus
909 1045 1105 1080 hominum
1135 1046 1397 1089 subveniretur,
1419 1045 1627 1080 concedens
1654 1057 1792 1092 posses-

212 1103 358 1137 sionum
376 1100 627 1135 venditionem
649 1111 763 1146 usque
787 1099 830 1133 ad
854 1107 993 1134 certum
1015 1108 1178 1146 tempus:
1202 1109 1237 1135 et
1257 1107 1381 1135 tamen
1403 1099 1606 1147 periculum
1622 1100 1791 1142 removit,

212 1155 439 1204 praecipiens
462 1163 500 1189 ut
523 1162 621 1189 certo
643 1162 809 1200 tempore
829 1154 1010 1200 possessio
1028 1154 1176 1189 vendita
1195 1154 1238 1189 ad
1256 1154 1476 1189 vendentem
1494 1154 1644 1188 rediret:
1667 1162 1702 1189 et
1718 1153 1791 1188 hoc

212 1210 376 1251 instituit,
395 1217 434 1243 ut
452 1217 568 1243 sortes
588 1219 657 1242 con
677 1207 995 1251 confunderentur,
1011 1208 1073 1242 sed
1088 1219 1231 1255 semper
1245 1216 1451 1243 remaneret
1465 1208 1595 1243 eadem
1609 1207 1792 1243 distinctio

214 1263 456 1303 determinata
471 1262 507 1296 in
522 1262 695 1297 tribubus.
721 1261 818 1302 Quia
840 1273 927 1296 vero
951 1262 1081 1296 domus
1096 1262 1254 1296 urbanae
1267 1273 1342 1297 non
1358 1269 1461 1297 erant
1479 1269 1575 1297 sorte
1590 1262 1792 1304 distinctae,

213 1317 296 1351 ideo
320 1317 511 1359 concessit,
534 1316 632 1362 quod
654 1316 690 1349 in
712 1323 926 1362 perpetuum
945 1316 1053 1350 vendi
1072 1323 1231 1362 possent,
1250 1316 1341 1350 sicut
1361 1323 1395 1350 et
1413 1315 1564 1350 mobilia
1584 1316 1699 1351 bona:
1718 1327 1792 1350 non

215 1371 314 1406 enim
336 1379 412 1405 erat
433 1378 585 1405 statutus
607 1381 781 1403 numerus
804 1369 1000 1404 domorum
1021 1370 1187 1412 civitatis,
1208 1370 1300 1404 sicut
1319 1378 1394 1404 erat
1412 1377 1509 1404 certa
1527 1381 1697 1404 mensura
1715 1381 1795 1416 pos-

215 1424 399 1466 sessionis,
423 1424 467 1458 ad
490 1435 601 1470 quam
622 1435 698 1457 non
721 1423 937 1457 addebatur:
961 1431 1104 1470 poterat
1125 1431 1248 1458 autem
1272 1423 1406 1470 aliquid
1429 1423 1512 1458 addi
1535 1423 1577 1457 ad
1599 1434 1794 1458 numerum

217 1478 416 1513 domorum
439 1477 610 1511 civitatis:
635 1477 766 1511 domus
787 1488 887 1519 vero,
907 1488 999 1523 quae
1021 1488 1095 1511 non
1119 1485 1220 1511 erant
1241 1477 1276 1511 in
1299 1477 1397 1518 urbe,
1420 1477 1482 1511 sed
1504 1477 1540 1510 in
1561 1476 1647 1511 villa
1669 1488 1794 1511 muros

216 1543 292 1566 non
313 1532 481 1574 habente,
504 1532 540 1565 in
561 1539 775 1578 perpetuum
797 1531 905 1565 vendi
924 1542 997 1565 non
1020 1539 1206 1577 poterant:
1230 1531 1314 1577 quia
1336 1531 1548 1577 hujusmodi
1567 1531 1698 1565 domus
1719 1542 1794 1565 non

218 1594 476 1620 construuntur
496 1585 565 1619 nisi
588 1585 631 1619 ad
655 1584 805 1627 cultum,
821 1593 855 1619 et
877 1585 921 1618 ad
944 1585 1149 1619 custodiam
1168 1585 1462 1632 possessionum
1485 1592 1520 1619 et
1540 1585 1622 1620 ideo
1636 1584 1694 1619 lex
1712 1596 1796 1619 con-

218 1652 305 1687 grue
328 1640 451 1674 statuit
471 1639 569 1674 idem
591 1640 645 1684 jus
668 1639 763 1672 circa
786 1647 990 1685 utrumque.

290 1694 350 1728 AD
373 1703 562 1732 QUARTUM
593 1693 800 1736 dicendum,
823 1693 932 1739 quod,
963 1693 1056 1727 sicut
1083 1693 1221 1727 dictum
1244 1700 1297 1727 est
1319 1693 1372 1739 (in
1393 1698 1476 1739 resp.
1499 1692 1542 1727 ad
1562 1692 1620 1739 1.),
1641 1692 1794 1727 intentio

216 1747 307 1794 legis
330 1755 404 1782 erat
427 1746 653 1781 assuefacere
675 1746 844 1781 homines
867 1746 940 1780 suis
962 1746 1176 1793 praeceptis,
1200 1746 1243 1781 ad
1265 1747 1337 1781 hoc
1361 1746 1458 1793 quod
1480 1746 1547 1780 sibi
1568 1746 1726 1781 invicem
1753 1746 1796 1780 de

216 1801 315 1836 facili
343 1802 380 1835 in
407 1800 682 1835 necessitatibus
710 1800 960 1842 subvenirent3
989 1800 1075 1846 quin
1097 1800 1168 1834 hoc
1192 1800 1351 1834 maxime
1374 1808 1428 1835 est
1450 1799 1632 1835 amicitiae
1658 1799 1798 1834 fomen-

215 1863 306 1890 tum.
328 1854 373 1889 Et
393 1855 487 1889 hanc
510 1854 658 1901 quidem
680 1853 892 1888 facilitatem
915 1854 1152 1888 subveniendi
1172 1865 1247 1888 non
1269 1853 1391 1889 solum
1413 1854 1537 1889 statuit
1556 1854 1594 1888 in
1614 1854 1682 1897 his,
1704 1865 1796 1900 quae

218 1909 339 1956 gratis,
363 1917 397 1943 et
420 1908 583 1943 absolute
606 1907 798 1950 donantur,
818 1908 879 1942 sed
896 1908 1006 1942 etiam
1028 1908 1064 1941 in
1087 1907 1155 1950 his,
1172 1919 1264 1954 quae
1279 1915 1407 1942 mutuo
1424 1907 1691 1943 conceduntur:
1713 1907 1797 1954 quia

218 1963 430 2010 hujusmodi
452 1962 642 1997 subventio
662 1962 885 2008 frequentior
900 1970 964 2004 est,
980 1970 1015 1996 et
1029 1961 1189 2007 pluribus
1204 1962 1426 1996 necessaria:
1448 1961 1661 2008 hujusmodi
1676 1969 1797 1996 autem

219 2017 506 2052 subinventionis
536 2015 750 2050 facilitatem
780 2016 1011 2062 multipliciter
1038 2015 1203 2050 instituit.
1234 2017 1350 2051 Primo
1373 2015 1532 2062 quidem,
1554 2023 1593 2049 ut
1612 2014 1738 2050 faciles
1760 2026 1797 2050 se

218 2071 431 2118 praeberent
453 2070 496 2104 ad
519 2078 688 2104 mutuum
711 2069 969 2112 exhibendum,
991 2081 1058 2104 nec
1082 2070 1124 2104 ab
1152 2070 1225 2104 hoc
1252 2070 1520 2104 retraherentur
1552 2080 1647 2104 anno
1676 2069 1800 2104 remis-

220 2126 331 2161 sionis
355 2125 675 2171 appropinquante,
698 2132 736 2158 ut
758 2124 910 2158 habetur
932 2125 1080 2158 Denter.
1106 2134 1178 2169 15.:
1199 2124 1350 2166 serundo,
1369 2135 1415 2158 ne
1437 2135 1534 2166 eum,
1554 2123 1612 2158 cui
1630 2130 1798 2158 mutuum

222 2180 476 2221 concederent,
499 2186 691 2225 gravarent
711 2178 770 2212 vel
791 2179 921 2220 usuris,
943 2177 1003 2212 vel
1025 2178 1136 2212 etiam
1159 2178 1278 2224 aliqua
1298 2178 1450 2225 pignora
1465 2178 1618 2212 omnino
1632 2178 1727 2212 vitae
1741 2189 1800 2212 ne-

223 2234 378 2269 cessaria
401 2232 630 2279 accipiendo;
654 2240 689 2267 et
710 2232 739 2266 si
763 2240 911 2278 accepta
933 2231 1076 2274 fuerint,
1099 2232 1196 2278 quod
1218 2232 1339 2266 statim
1362 2232 1649 2266 restituerentur:
1670 2231 1800 2266 dicitur

223 2289 320 2323 enim
343 2288 490 2322 Denter.
515 2297 590 2333 23.:
613 2287 690 2321 Non
705 2286 933 2332 soenaraloeris
948 2287 1058 2331 fratri
1080 2291 1134 2321 tuo
1157 2286 1199 2320 ad
1221 2298 1379 2327 uszcravm
1403 2293 1439 2320 et
1460 2295 1535 2329 24:
1558 2286 1637 2321 Non
1659 2287 1798 2333 accipies

222 2343 291 2377 loco
307 2343 458 2389 pignoris
480 2341 685 2387 inferiorem,
709 2345 738 2374 ct
757 2341 963 2386 superior-1:112
986 2340 1131 2381 molam,-
1155 2341 1235 2386 quia
1253 2341 1403 2374 animam
1425 2351 1519 2374 suam
1541 2341 1694 2386 apposuit
1715 2340 1797 2379 tilvi;

224 2404 258 2431 et
279 2395 395 2429 Exodi
418 2405 472 2429 21.
496 2394 644 2429 dicitur:
668 2394 703 2428 Si
719 2395 841 2440 pignus
863 2405 882 2428 α
907 2395 1066 2440 proximo
1097 2399 1151 2428 tuo
1179 2394 1341 2441 aucuparis
1361 2395 1602 2436 vestimentum,
1626 2398 1699 2428 anta
1725 2393 1800 2428 solis

222 2461 373 2485 occasum
397 2448 505 2483 reddas
526 2450 576 2483 ei:
600 2449 695 2482 turtio
718 2455 756 2481 ut
777 2459 851 2481 non
874 2448 1081 2493 importune
1105 2448 1307 2494 exigerent3
1326 2447 1421 2482 unde
1444 2447 1573 2482 dicitur
1591 2447 1704 2481 Exod.
1725 2457 1796 2492 23.:

221 2504 257 2537 51?
277 2504 455 2549 pecuniam
478 2507 627 2536 mutuum
646 2501 771 2536 ιῖεῑῖενῐς
787 2502 910 2548 populo
934 2514 1002 2536 meo
1020 2503 1178 2548 pauperi,
1198 2503 1255 2547 qui
1279 2502 1408 2536 habitat
1434 2506 1551 2544 tecum,
1581 2513 1646 2536 non
1671 2501 1800 2547 urgebis

223 2569 297 2591 cum
317 2558 412 2603 quusi
433 2561 584 2596 arabim]
610 2563 644 2590 et
665 2563 812 2602 propter
840 2555 909 2589 hoc
933 2555 1043 2590 etiam
1074 2555 1265 2590 mandatur
1292 2555 1400 2589 Deut.
1425 2564 1497 2598 24:
1525 2554 1610 2590 Cum
1642 2559 1759 2602 repetas
1779 2565 1799 2588 a

219 2612 376 2657 prorsum
401 2615 454 2645 tuo
478 2622 547 2644 ram
566 2610 726 2655 aliquam,
750 2620 848 2655 qnam
873 2608 962 2643 dalet
985 2610 1056 2651 tihi,
1081 2621 1147 2643 non
1166 2609 1360 2654 ¹ingre-&eris
1380 2610 1415 2643 in,
1437 2608 1571 2643 domum
1592 2610 1672 2654 ejus,
1696 2613 1733 2643 ut
1748 2609 1800 2655 pi-

220 2676 304 2710 gnus
322 2676 367 2710 αι(
382 2675 466 2706 eras,
488 2663 540 2698 sad
559 2663 770 2709 ςίιῑ1)ι”ς]ονίς,
793 2668 820 2697 ct
844 2663 895 2696 ill:
918 2664 977 2697 libi
994 2663 1143 2709 proferet
1165 2662 1251 2708 qnod
1269 2663 1442 2697 habuerit:
1465 2669 1542 2696 tum
1562 2661 1646 2708 quia
1669 2661 1799 2696 domus

224 2726 277 2752 est
293 2718 515 2752 tutissimum
536 2717 819 2763 uniuscujusque
842 2716 1132 2761 receptacult1m3
1160 2717 1254 2751 unde
1281 2715 1480 2750 molestum
1506 2715 1650 2749 homini
1676 2723 1740 2757 est,
1762 2722 1800 2748 ut

224 2772 259 2805 in
283 2772 394 2805 domo
417 2783 480 2805 sua
504 2771 709 2805 invadatur:
732 2778 809 2804 tum
833 2770 941 2804 etiam
969 2771 1051 2816 quia
1073 2781 1148 2804 non
1172 2769 1340 2804 concedit
1368 2769 1549 2812 creditori,
1578 2776 1616 2803 ut
1647 2768 1801 2815 accipiat

223 2826 365 2872 pignus,
389 2825 485 2871 quod
507 2824 673 2866 voluerit,
689 2824 750 2858 sed
770 2824 887 2869 magis
910 2824 1074 2866 debitori,
1090 2831 1128 2858 ut
1143 2824 1214 2866 det,
1229 2835 1302 2870 quo
1317 2823 1437 2858 minus
1452 2822 1660 2869 indiguerit:
1680 2826 1799 2869 quarto

222 2879 385 2921 instituit,
408 2879 504 2925 quod
527 2879 562 2912 in
585 2878 740 2924 septimo
764 2889 860 2912 anno
882 2877 1000 2912 debita
1023 2877 1164 2923 penitus
1187 2877 1466 2912 remitterentur.
1485 2875 1678 2911 Probabile
1700 2875 1799 2911 enim

225 2940 312 2975 erat,
331 2939 367 2966 ut
389 2931 439 2966 illi
462 2932 523 2979 qui
545 2931 742 2967 commode
763 2931 912 2966 reddere
933 2938 1093 2977 possent,
1115 2939 1198 2966 ante
1219 2930 1416 2977 septimum
1439 2940 1574 2964 annum
1593 2929 1798 2971 redderent,
