1907 3198
505 197 728 234 QUAESTIO
761 197 835 228 en.
869 196 1114 228 ARTlcous
1146 197 1186 228 v.
1549 186 1633 240 767

72 279 270 325 huntionis,
290 289 384 326 quae
397 278 620 326 significatur
644 291 708 327 per
729 280 853 316 tiaram
868 286 1119 327 protegentem
1142 286 1268 325 caput:
1291 278 1352 313 sed
1375 289 1460 325 prae
1473 278 1529 313 his
1545 278 1638 313 Pon-

71 331 186 370 tifices
205 332 338 368 debent
355 338 502 380 quatuor
526 333 678 369 habere:
700 334 819 381 primo
840 333 987 380 quidem
1005 335 1116 379 jugem
1139 333 1206 368 Dei
1224 333 1420 368 memoriam
1440 333 1475 367 in
1496 338 1638 368 conlem-

68 385 239 435 plotium.-
251 393 289 422 et
300 386 372 421 hoc
387 386 567 434 significat
583 387 710 422 lamina
725 399 827 423 aurea
847 387 983 421 habens
1001 397 1138 422 nomen
1159 386 1229 421 Dei
1251 386 1285 420 in
1305 385 1440 421 fronte:
1464 386 1637 430 secundo,

72 439 172 488 quod
194 444 383 488 supportent
403 441 611 487 iulii-miltites
623 441 740 488 populi
749 453 760 480 ,·
783 440 880 487 quod
903 439 1082 484 significat
1102 439 1389 487 superhumerale:
1403 439 1522 482 tertio,
1540 439 1638 486 quod

72 493 213 529 babeant
230 492 393 541 populum
416 495 449 528 in
471 494 579 536 comit,
606 499 636 530 et
658 495 692 528 in
718 495 898 529 visceribus
915 501 978 540 par
998 493 1236 528 solicitudinem
1258 493 1451 534 clu1ritati5,·
1479 493 1576 539 quod
1598 493 1640 527 si-

71 545 264 594 gnificatur
274 557 339 594 per
351 548 532 583 rationale:
548 555 689 594 quarto,
711 547 808 594 quod
823 548 963 582 lmlmant
982 549 1261 582 conversationem
1281 547 1442 582 coelestem
1465 553 1527 594 per
1541 553 1638 593 opera

67 599 282 649 perfectionis
288 611 303 642 ,·
325 600 423 648 quod
437 600 660 648 significatur
674 612 736 648 per
757 602 905 636 tunicam
928 600 1176 647 hyacinthinam
1187 613 1199 641 ;
1223 601 1319 636 unde
1341 608 1376 636 et
1389 600 1533 635 tunicae
1554 600 1640 647 hya-

72 652 258 690 cinthinae
277 653 521 701 adjunguntur
541 655 577 690 in
596 654 822 690 extremitate
844 655 1069 690 tintinnabula
1090 666 1205 697 aurea,
1228 666 1292 702 per
1310 665 1402 702 quac
1417 653 1640 700 significatur

72 706 225 743 doctrina
255 705 462 752 divitiorum,
489 719 583 756 quae
611 708 717 743 debet
743 707 917 754 conjungi
950 707 1098 743 coelesti
1132 707 1403 744 conversationi
1430 707 1637 744 Pontificis:

74 759 320 808 adjunguntur
337 760 449 797 etiam
468 761 560 797 mala
575 762 715 810 punica,
737 772 801 809 per
821 773 913 808 quae
933 761 1156 808 significatur
1176 764 1286 798 unitas
1297 762 1391 810 fidei,
1413 766 1441 797 cl
1461 761 1638 797 concordia

71 814 111 850 t'n
122 813 216 850 bonis
233 815 403 856 maribam
424 816 508 863 quia
528 817 578 851 sic
593 816 788 862 conjuncta
801 814 907 850 debet
926 826 1003 850 esse
1019 817 1096 862 ejus
1110 815 1286 859 doctrina,
1301 823 1339 851 ut
1359 827 1422 864 per
1439 826 1522 852 eam
1543 814 1638 857 fidei,

74 872 111 904 et
128 867 229 917 pacis
248 868 367 905 unitas
385 879 460 905 non
482 877 679 917 rumpatur.

623 1058 969 1105 ARTICULUS
1001 1058 1079 1102 VI.
1574 1078 1634 1114 551

339 1178 493 1210 UTRUM
524 1178 681 1210 FUERIT
709 1179 874 1219 AL1QUA
903 1177 1209 1210 RATIONABILIS
1234 1177 1374 1208 CAUSA

451 1244 847 1276 OBSERVANTIARUM
875 1243 1283 1275 CAEREMONIALIUM.

146 1344 208 1381 At>
219 1354 373 1381 sexwu
389 1343 441 1379 sic
458 1343 675 1391 proceditur.
695 1343 858 1387 Videtur,
873 1343 970 1390 quod
989 1343 1301 1378 observantiarum
1316 1342 1638 1377 caeremonialium

74 1396 175 1434 nulla
197 1396 305 1434 suerit
331 1396 554 1433 rationabilis
583 1407 711 1433 causa:
737 1397 833 1444 quia,
861 1405 899 1432 ut
924 1396 1125 1444 Apostolus
1151 1396 1238 1431 dicit
1268 1407 1295 1431 1.
1323 1396 1366 1431 ad
1394 1395 1559 1431 Timoth.
1586 1406 1638 1439 4.:

77 1451 197 1488 Omnis
222 1455 376 1488 creauara
396 1451 464 1487 Dei
482 1456 527 1487 cst
555 1452 653 1493 bona,
676 1456 706 1487 et
730 1451 815 1486 nihil
835 1451 1062 1497 rejicimduna,
1084 1450 1171 1498 quod
1196 1463 1270 1486 cum
1296 1452 1485 1497 gratiarum
1511 1452 1641 1486 actione

0 1502 5 1525 ¹
66 1505 270 1553 percipitur.-
290 1504 588 1540 inconvenienter
608 1504 717 1552 igitur
742 1504 913 1552 prohibiti
933 1513 1017 1540 sunt
1042 1504 1085 1540 ab
1107 1516 1170 1540 esu
1189 1505 1433 1552 quorumdam
1461 1505 1639 1546 ciborum,

71 1564 261 1607 tamquam
279 1557 568 1602 immundorum,
585 1566 624 1594 ut
644 1567 742 1606 patet
764 1558 878 1594 Levit.
906 1569 957 1593 11.

144 1620 178 1648 2.
190 1611 428 1649 PRAETEREA.
442 1611 546 1648 Sicut
558 1612 730 1648 animalia
743 1611 873 1647 dantur
885 1612 921 1647 in
937 1612 1059 1647 cibum
1069 1612 1241 1655 hominis,
1256 1612 1304 1648 ita
1315 1612 1425 1648 etiam
1443 1612 1639 1654 etherbac;

73 1664 169 1702 unde
187 1665 319 1702 dicitur
339 1665 473 1702 Genes.
494 1677 547 1713 9.:
570 1667 678 1712 Quasi
695 1666 784 1702 olera
810 1667 955 1702 virentia
976 1665 1049 1701 dadi
1071 1667 1163 1701 volus
1183 1678 1314 1701 omnem
1335 1678 1492 1702 carnem:
1514 1666 1576 1702 scd
1603 1666 1638 1701 in

70 1718 193 1756 herbis
221 1717 282 1756 lex
300 1730 376 1756 non
397 1719 558 1755 distinxit
577 1719 717 1767 aliquas
743 1719 951 1759 immundas,-
975 1731 1060 1754 cum
1081 1728 1204 1754 tamen
1231 1719 1374 1766 aliquae
1401 1719 1546 1755 illarum
1568 1720 1640 1755 sint

70 1773 230 1810 maxime
249 1773 414 1817 nocivae,
432 1781 471 1809 ut
489 1781 576 1821 puta
600 1785 828 1817 venenosae;
849 1785 938 1821 ergo
959 1774 1112 1816 videtur,
1134 1774 1231 1821 quod
1258 1785 1324 1809 nec
1347 1774 1392 1809 de
1419 1773 1639 1810 animalibus

70 1825 192 1875 nuqua
211 1827 401 1864 debuerint
420 1827 615 1875 prohiberi,
635 1835 825 1875 tamquam
848 1828 1049 1863 immunda.

144 1891 175 1929 3.
195 1880 433 1917 PRAETEREA.
455 1881 496 1917 Si
525 1881 675 1917 materia
696 1890 751 1917 est
772 1881 971 1924 immunda,
1000 1892 1042 1916 ex
1073 1892 1143 1928 qua
1165 1880 1300 1928 aliquid
1334 1890 1538 1928 generatur,
1560 1882 1639 1929 pari

71 1934 212 1972 ratione
229 1934 383 1978 videtur,
403 1935 500 1982 quod
527 1935 562 1970 id
584 1935 683 1983 quod
704 1943 898 1981 generatur
919 1947 961 1970 ex
983 1946 1038 1977 ea,
1065 1935 1110 1970 sit
1136 1935 1386 1970 immundum:
1409 1935 1471 1970 sed
1498 1947 1541 1970 cx
1563 1947 1640 1970 san-

71 1988 182 2037 guine
201 1996 395 2036 generatur
414 1999 519 2024 caro:
535 1999 621 2024 cum
642 1988 751 2036 igitur
770 1999 844 2024 non
866 2000 996 2024 omnes
1015 1999 1141 2024 carnes
1160 1989 1436 2036 prohiberentur
1449 1997 1638 2036 tamquam

45 2067 50 2074 ι
71 2041 296 2086 immundae,
314 2042 393 2090 pari
411 2043 552 2078 ratione
573 2053 642 2078 nec
663 2042 810 2088 sanguis
843 2042 966 2078 debuit
987 2042 1171 2089 prohiberi
1193 2042 1295 2090 quasi
1324 2043 1547 2084 immundus,
1579 2050 1640 2077 aut

71 2093 195 2144 adeps,
214 2094 278 2143 qui
296 2106 341 2132 ex
360 2096 538 2143 sanguine
559 2104 763 2142 generatur.

140 2157 178 2194 4.
196 2148 434 2186 ΡΙΑΒΤΕἎΕΑ.
448 2149 633 2185 Dominus
653 2149 741 2186 dicit
758 2149 885 2185 Matth.
913 2160 977 2192 ιο.,
1000 2162 1050 2186 eos
1067 2162 1132 2186 non
1150 2162 1211 2186 csse
1229 2150 1396 2193 timendos,
1412 2152 1471 2198 qui
1488 2151 1640 2186 occidunt

71 2208 217 2252 corpus:
241 2204 323 2251 quia
337 2208 414 2252 post
437 2208 577 2240 mortem
599 2215 664 2238 non
686 2204 816 2246 habene,
839 2203 918 2250 quid
935 2204 1096 2251 finiant:
1119 2205 1217 2251 quod
1239 2215 1313 2239 non
1336 2214 1428 2239 esset
1450 2216 1589 2246 verum,
1609 2205 1638 2239 si

70 2255 109 2294 in
120 2264 386 2293 nocumentum
398 2256 541 2293 homini
562 2257 716 2300 cederet,
731 2257 815 2305 quid
830 2268 873 2292 ex
887 2268 932 2292 eo
955 2256 1073 2300 lieret3
1089 2257 1206 2292 multo
1223 2258 1330 2303 igitur
1345 2258 1464 2292 minus
1486 2258 1639 2305 pertinet

71 2310 118 2347 ad
138 2309 274 2346 animal
291 2311 366 2357 jam
381 2311 559 2354 occisum,
581 2310 734 2358 qualiter
752 2311 829 2357 cius
848 2321 973 2346 carnes
991 2311 1257 2358 decoquantur:
1273 2311 1517 2346 irrationabile
1533 2312 1640 2358 igitur

71 2363 214 2401 videtur
232 2374 324 2408 esse,
348 2365 447 2412 quod
468 2364 598 2400 dicitur
621 2364 732 2399 Exod.
756 2374 829 2411 23.:
852 2364 928 2400 Non
942 2375 1056 2412 coques
1076 2365 1211 2400 hoedum
1232 2366 1265 2399 in
1286 2365 1367 2400 lactc
1390 2367 1507 2400 matris
1527 2378 1613 2401 suae.

145 2427 177 2465 ς.
195 2417 434 2455 plumam.
456 2417 507 2453 Ea
528 2429 621 2465 quae
642 2426 724 2453 sunt
745 2418 926 2464 primitiva
944 2418 979 2452 in
1001 2418 1223 2460 hominibus,
1245 2427 1280 2454 et
1302 2418 1530 2461 animalibus,
1552 2427 1641 2454 tam-

71 2480 184 2520 quam
202 2470 430 2520 perfectiora,
443 2471 711 2519 praecipiuntur
729 2471 892 2506 Domino
907 2470 1047 2514 offerri;
1066 2472 1365 2507 inconvenienter
1383 2472 1490 2519 igitur
1508 2473 1641 2520 pracci-

70 2523 165 2573 pitui-
185 2523 300 2561 Levit.
325 2535 396 2570 19.:
420 2524 564 2571 Quando
582 2525 718 2570 ingressi
728 2525 868 2572 sim-ctis
889 2530 1024 2567 terrum,
1046 2531 1075 2561 et
1092 2526 1330 2573 plantata-ritis
1357 2527 1389 2560 in
1412 2538 1448 2561 ca
1467 2527 1558 2571 ligna
1580 2533 1639 2574 ρο-

70 2577 205 2623 mifera,
221 2578 376 2624 auferatis
389 2579 570 2627 praeputia
589 2590 717 2621 corum,
736 2579 828 2614 idest
848 2578 965 2626 prima
983 2579 1159 2625 germina,
1174 2585 1203 2615 ce
1226 2579 1398 2614 intimanda
1417 2586 1513 2616 crunt
1534 2581 1638 2622 vobis,

69 2642 130 2669 ιιι·
151 2631 301 2669 datisex
318 2632 374 2668 eis.

141 2683 177 2722 6.
200 2684 438 2722 Panna.
467 2685 733 2721 Vestimentum
760 2695 859 2722 extra
885 2698 1018 2734 corpus
1044 2687 1204 2722 hominis
1230 2695 1304 2729 est;
1331 2698 1404 2721 non
1439 2687 1546 2731 igitur
1578 2687 1638 2723 de-

69 2736 227 2775 bunum
248 2738 430 2787 quaedam
455 2738 627 2787 specialia
652 2739 868 2776 vestimenta
890 2740 1036 2787 Judacis
1062 2740 1246 2776 interdici:
1275 2749 1359 2787 puta
1386 2741 1482 2787 quod
1509 2740 1640 2775 dicitur

70 2789 189 2829 Lavit.
212 2802 283 2840 19.2
310 2791 517 2840 Vesupquae
540 2804 581 2829 tx
604 2792 728 2829 duobus
754 2798 841 2830 uxta
866 2800 922 2838 est,
950 2806 1014 2830 non
1042 2794 1207 2835 induerim
1235 2802 1269 2829 ct
1289 2794 1436 2830 Deuter.
1458 2804 1532 2830 22.:
1560 2794 1638 2830 Non

68 2842 367 2883 mundior
384 2850 471 2883 veste
488 2846 599 2890 virili,
626 2852 658 2882 ct
681 2848 739 2883 vir
763 2859 830 2883 non
856 2847 1011 2884 induetur
1036 2854 1120 2884 veste
1138 2848 1331 2895 foeminea:
1360 2856 1394 2884 ct
1421 2847 1532 2883 infra:
1561 2873 1570 2883 .
1586 2847 1638 2882 'on

70 2897 219 2937 Unum
235 2900 440 2944 mananseo,
460 2899 548 2948 quod
566 2911 607 2936 ex
627 2900 718 2943 lana,
741 2900 872 2949 linoque
890 2906 1078 2938 contextum
1101 2907 1155 2937 est.
