1907 3198
549 235 772 274 QUAESTIO
804 236 846 267 C.
880 234 1123 267 ARTICULUS
1156 234 1183 266 1.
1556 236 1638 279 713

153 327 185 354 2.
216 317 454 355 PRAETEREA.
487 317 562 353 Lex
594 317 716 354 divina
748 317 940 366 perfectior
965 325 1030 361 est,
1055 327 1165 365 quam
1191 315 1247 351 lex
1281 315 1461 351 humana:
1497 315 1559 351 sed
1585 315 1641 351 lex

79 370 243 408 humana
269 371 477 419 superaddit
502 371 622 419 aliqua
656 371 699 406 ad
725 371 842 406 bonos
877 382 998 406 mores
1025 370 1239 418 pertinentia
1264 369 1332 413 his,
1358 380 1450 417 quae
1483 378 1566 404 sunt
1598 369 1642 404 de

77 422 162 474 lege
182 432 350 460 naturae:
372 424 469 472 quod
487 433 587 472 patet
606 436 648 460 ex
669 424 754 467 hoc,
775 424 872 472 quod
894 424 950 459 lex
971 432 1120 460 naturae
1147 431 1200 458 est
1220 422 1347 458 eadem
1371 422 1465 470 apud
1492 434 1640 458 omnes:

78 472 290 525 hujusmodi
311 486 432 514 autem
459 489 604 513 morum
631 478 792 513 instituta
818 486 900 513 sunt
925 478 1066 513 diversa
1093 477 1187 525 apud
1209 476 1389 519 diversos;
1411 488 1499 523 ergo
1526 476 1642 512 multo

80 529 207 567 fortius
220 530 340 567 divina
353 530 411 567 lex
428 531 548 579 aliqua
563 532 606 567 ad
624 532 740 567 bonos
755 543 876 567 mores
891 531 1104 578 pertinentia
1122 530 1243 566 debuit
1257 530 1387 566 addere
1402 542 1506 577 supra
1521 530 1641 577 legem

79 592 241 622 naturae.

154 650 184 687 3.
204 638 441 676 PRAETEREA.
464 638 566 674 Sicut
587 641 677 674 ratio
699 639 872 674 naturalis
893 639 1030 674 inducit
1057 638 1100 673 ad
1128 638 1268 685 aliquos
1294 638 1411 672 bonos
1439 649 1570 680 mores,
1594 638 1641 673 ita

79 699 116 728 et
135 691 242 729 fida:
262 699 302 728 ut
322 693 432 728 etiam
457 692 586 728 dicitur
611 692 655 727 ad
679 691 761 728 Gal.
787 703 828 738 5.‚
844 692 940 739 quod
958 692 1041 739 fides
1062 699 1125 739 per
1150 691 1352 727 dilectionem
1374 697 1551 739 operatur:
1579 691 1640 726 sed

78 744 167 782 fides
186 756 262 782 non
282 745 488 781 continetur
500 746 565 781 sub
578 745 660 793 lege
673 754 842 788 naturae3
863 746 947 793 quia
969 757 1011 780 ea
1033 757 1124 792 quac
1146 753 1227 780 sunt
1249 744 1342 787 fidei,
1365 753 1446 779 sunt
1467 756 1572 792 supra
1591 756 1643 779 ra·

77 798 217 836 tionem
233 799 457 844 naturalem3
474 810 562 848 ergo
580 811 655 835 non
673 799 798 834 omnia
812 807 1003 847 praecepta
1018 798 1173 834 moralia
1189 798 1280 845 legis
1302 798 1444 834 divinae
1463 799 1642 846 pertinent

79 852 125 890 ad
143 851 266 901 legem
284 861 447 890 naturae.

148 905 227 944 SED
246 916 404 944 coum
423 915 489 950 est,
509 906 607 954 quod
627 906 828 954 Apostolus
853 906 940 941 dicit
961 905 1068 942 Rom.
1097 916 1140 949 2.,
1170 906 1268 953 quod
1287 911 1405 952 gentes,
1432 917 1516 953 quae
1541 905 1638 952 legem

77 971 145 996 non
163 960 293 1002 habunt,
317 961 518 997 naturaliter
537 972 575 997 ea
595 971 678 1008 quae
698 960 778 1007 legis
796 965 870 996 sunt
875 961 1026 1007 faciunt:
1048 959 1146 1007 quod
1167 968 1312 1007 oportet
1331 959 1485 1006 intelligi
1506 959 1551 995 de
1571 959 1640 1002 his,

77 1023 172 1062 quae
190 1013 371 1062 pertinent
391 1013 436 1050 ad
456 1014 574 1050 bonos
594 1025 735 1058 mores;
756 1025 845 1062 ergo
863 1014 988 1050 omnia
1005 1013 1160 1049 moralia
1177 1022 1369 1061 praecepta
1386 1013 1477 1061 legis
1496 1021 1581 1049 sunt
1596 1013 1640 1048 de

77 1066 160 1115 lege
179 1076 342 1104 naturae.

147 1120 378 1159 Rnsrouneo
390 1121 598 1164 dicendum,
612 1121 709 1169 quod
722 1130 916 1170 praecepta
929 1121 1084 1157 moralia
1106 1132 1126 1156 a
1147 1120 1487 1164 caeremonialibus,
1501 1130 1537 1156 et
1553 1121 1641 1167 judi-

77 1174 229 1212 cialibus
247 1183 333 1212 sunt
347 1175 532 1212 distincta:
551 1175 705 1211 moralia
719 1176 818 1211 enim
831 1184 914 1211 sunt
927 1175 971 1210 de
985 1174 1066 1218 illis,
1080 1186 1173 1222 quae
1186 1174 1386 1210 secundum
1405 1186 1443 1210 se
1462 1175 1506 1210 ad
1524 1175 1642 1210 bonos

77 1239 201 1266 mom
219 1228 418 1277 pertinent:
439 1240 524 1265 cum
545 1237 668 1264 autem
687 1229 839 1264 humani
861 1240 982 1264 mores
1000 1228 1165 1264 dicantur
1181 1229 1217 1264 in
1236 1228 1362 1263 ordine
1384 1228 1428 1263 ad
1450 1229 1641 1271 rationem,

78 1293 172 1330 quae
193 1290 248 1319 est
266 1282 454 1331 proprium
475 1282 693 1330 principium
713 1283 960 1318 humanorum
982 1290 1142 1324 actuum,
1163 1282 1214 1317 illi
1239 1294 1344 1317 mores
1368 1281 1526 1318 dit-untur
1551 1283 1641 1324 boni,

77 1336 137 1383 qui
155 1337 282 1372 rationi
293 1341 495 1384 congruunt:
509 1335 598 1371 mali
619 1328 825 1383 autein,qui
839 1347 859 1370 a
873 1336 1012 1371 ratione
1029 1335 1248 1370 discordant.
1268 1335 1370 1370 Sicut
1387 1343 1508 1370 autem
1530 1346 1640 1370 omne

79 1388 255 1436 judicium
274 1389 425 1426 rationis
444 1388 688 1437 speculativae
709 1389 873 1437 procedit
890 1401 910 1424 a
928 1388 1082 1424 naturali
1101 1389 1312 1436 cognitione
1330 1389 1532 1436 primorum
1550 1389 1643 1436 prin-

77 1441 277 1490 cipiorum:
297 1442 349 1479 ita
367 1443 479 1479 etiam
499 1454 610 1478 omne
630 1442 805 1489 judicium
826 1443 975 1478 rationis
993 1443 1173 1490 practicae
1190 1442 1355 1490 procedit
1368 1454 1410 1478 ex
1424 1443 1640 1490 quibusdam

78 1495 263 1544 principiis
288 1495 500 1532 naturaliter
525 1496 692 1544 cognitis,
719 1504 757 1531 ut
781 1507 889 1544 supra
915 1496 1052 1531 dictum
1079 1504 1131 1532 est
1154 1496 1200 1543 (q.
1227 1508 1283 1542 94.
1309 1501 1375 1531 art.
1401 1508 1432 1532 2.
1458 1502 1487 1532 et
1511 1497 1575 1542 4.),
1598 1508 1640 1532 ex

78 1548 209 1598 quibus
226 1549 472 1587 diversimode
493 1550 642 1598 procedi
661 1558 780 1598 potest
794 1550 836 1584 ad
854 1549 1088 1596 judicandum
1111 1549 1154 1585 de
1175 1549 1336 1585 diversis.
1353 1549 1526 1595 Quat-dam
1542 1550 1639 1585 enim

77 1610 163 1639 sunt
180 1602 218 1639 in
237 1601 409 1639 humanis
434 1603 572 1640 actibus
593 1603 685 1639 adeo
706 1602 886 1651 explicita,
907 1603 1004 1650 quod
1026 1603 1147 1638 statim
1169 1614 1253 1638 cum
1275 1603 1420 1638 modica
1439 1603 1642 1638 considera·

77 1655 180 1693 tione
198 1664 351 1704 possunt
368 1656 572 1706 approbari,
584 1656 644 1692 vel
664 1657 848 1705 reprobari
862 1668 926 1704 per
939 1656 1000 1692 illa
1015 1657 1239 1699 communia,
1256 1665 1291 1692 et
1308 1657 1424 1704 prima
1446 1657 1639 1705 principia:

75 1708 237 1759 quaedam
256 1721 345 1746 vero
365 1718 459 1754 sunt,
480 1710 525 1746 ad
546 1722 701 1758 quorum
723 1710 899 1757 judicium
917 1711 1108 1758 requiritur
1129 1710 1243 1745 multa
1264 1710 1506 1746 consideratio
1528 1711 1641 1746 diver-

74 1773 198 1801 sarum
219 1763 585 1808 circumstantiarum,
605 1775 694 1812 quas
716 1764 946 1800 considerare
969 1763 1161 1811 diligenter
1180 1775 1255 1800 non
1278 1773 1332 1799 est
1353 1764 1555 1810 cujuslibet,
1576 1765 1638 1800 sed

75 1817 301 1866 sapientum:
321 1817 417 1854 sicut
436 1817 667 1854 considerare
688 1817 923 1865 particulares
945 1817 1202 1853 conclusiones
1223 1817 1456 1853 scientiarum
1473 1829 1547 1853 non
1565 1830 1641 1865 per-

73 1870 165 1908 tinet
184 1870 230 1907 ad
249 1881 392 1915 omnes,
411 1871 476 1908 sed
497 1871 542 1907 ad
562 1871 663 1908 solos
684 1871 949 1919 Philosophos:
968 1871 1128 1918 quaedam
1150 1882 1238 1906 vero
1259 1880 1353 1914 sunt,
1375 1871 1419 1906 ad
1440 1883 1533 1919 quae
1554 1872 1642 1918 diju-

74 1923 229 1962 dicanda
253 1924 391 1973 indiget
418 1924 535 1961 homo
562 1925 724 1972 adjuvari
748 1937 813 1972 per
837 1925 1113 1961 instructionem
1140 1925 1313 1968 divinam,
1342 1925 1436 1961 sicut
1464 1934 1519 1962 est
1543 1926 1639 1961 circa

75 1977 270 2015 credenda:
291 1978 343 2015 sic
364 1978 473 2027 igitur
497 1986 607 2026 patet,
633 1979 731 2026 quod
764 1990 848 2014 curn
875 1978 1029 2014 moralia
1058 1987 1250 2026 praecepta
1278 1979 1348 2014 sint
1381 1979 1425 2015 de
1457 1979 1526 2022 his,
1547 1991 1639 2027 quae

51 2031 255 2081 spertinent
273 2032 319 2069 ad
337 2031 457 2069 bonos
477 2043 619 2075 mores;
639 2032 730 2068 haec
753 2040 875 2068 autem
897 2041 980 2068 sunt
1000 2044 1093 2080 quae
1114 2033 1245 2068 rationi
1266 2033 1507 2076 conveniunt;
1529 2045 1639 2069 omne

75 2093 198 2122 autem
216 2085 366 2122 rationis
385 2085 570 2122 humanae
590 2086 766 2133 judicium
789 2085 990 2133 aliqualiter
1003 2097 1023 2120 a
1041 2086 1196 2122 naturali
1217 2086 1356 2122 ratione
1377 2087 1569 2130 derivatur,
1581 2099 1639 2123 nc-

74 2149 176 2176 cssse
195 2146 262 2184 est,
280 2139 380 2188 quod
400 2139 526 2176 omnia
551 2147 743 2187 praecepta
769 2139 923 2175 moralia
945 2140 1146 2187 pertineant
1173 2140 1217 2175 ad
1244 2139 1364 2187 legem
1385 2149 1554 2176 naturae:
1576 2142 1638 2176 sed

194 2192 204 2202 ’
247 2193 329 2230 ode.
343 2193 519 2240 Quaedam
533 2193 632 2230 enim
649 2202 744 2236 sunt,
765 2205 857 2241 quae
878 2193 999 2229 statim
1013 2205 1077 2241 per
1090 2205 1128 2229 se
1143 2195 1235 2229 ratio
1255 2194 1428 2230 naturalis
1449 2194 1640 2241 cujuslibet

99 2288 102 2289 ⁷
126 2246 235 2284 minis
253 2247 428 2296 dijudicat
447 2259 526 2285 esse
547 2247 723 2290 facienda,
737 2247 795 2283 vel
809 2258 883 2283 non
897 2246 1082 2289 facienda;
1099 2247 1211 2283 sicut:
1228 2247 1371 2283 Honora
1381 2253 1515 2295 patrem
1530 2253 1636 2290 tuum,

73 2304 278 2344 “nattam
299 2308 355 2338 et:
376 2301 456 2340 Nem
476 2300 614 2338 occides.-
635 2301 714 2337 Non
727 2301 864 2348 sartum
878 2301 998 2348 jacies:
1020 2308 1056 2336 et
1076 2301 1286 2347 hujusmodi
1306 2311 1388 2336 sunt
1410 2301 1573 2337 absolute
1594 2301 1638 2337 dc

72 2351 156 2404 kge
180 2362 351 2392 namne:
370 2354 534 2403 quaedam
559 2365 646 2390 vero
672 2362 766 2396 sunt,
791 2365 884 2402 quae
911 2353 1088 2390 subtiliori
1114 2354 1405 2390 consideratione
1432 2355 1592 2398 rationis,
1619 2366 1639 2390 a

71 2407 296 2457 apientibus
313 2407 519 2457 judicantur
538 2419 616 2445 esse
639 2407 881 2444 observanda:
904 2417 939 2444 et
959 2407 1026 2444 ista
1051 2408 1102 2444 sic
1130 2417 1213 2443 sunt
1237 2408 1281 2444 de
1307 2408 1387 2455 lege
1413 2417 1575 2451 naturae,
1602 2417 1639 2444 ut

83 2460 85 2463 ’
151 2471 199 2499 en
228 2461 416 2509 indigeant
449 2461 652 2510 disciplina,
687 2473 757 2509 qua
794 2461 954 2497 minores
983 2473 1003 2496 a
1032 2461 1252 2509 sapientibus
1286 2462 1518 2504 instruantur,
1547 2462 1639 2498 sicut

105 2553 110 2555 Α
170 2525 182 2551 2
205 2514 330 2553 Coram
350 2527 434 2553 cano
455 2517 560 2564 capite
580 2527 750 2562 consurge,
772 2521 801 2551 ct
822 2515 947 2551 honora
958 2522 1136 2563 personam
1153 2517 1250 2559 senis,
1269 2524 1305 2551 et
1326 2515 1396 2550 alia
1410 2516 1638 2562 hujusmodi:

257 2580 341 2606 vcro
357 2573 447 2614 sunt,
472 2569 518 2605 ad
538 2580 631 2617 quae
657 2568 848 2616 judicanda
875 2569 967 2604 ratio
987 2569 1148 2604 humana
1170 2569 1307 2616 indiget
1332 2569 1568 2605 instructione
1587 2569 1639 2605 di-

189 2633 255 2671 per
272 2633 386 2671 quam
404 2622 590 2659 erudimur
609 2622 654 2658 dc
680 2621 829 2658 divinis:
850 2622 943 2658 sicut
963 2631 1016 2658 cst
1037 2622 1142 2659 illud:
1166 2623 1242 2659 Non
1260 2623 1367 2670 sacius
1392 2625 1453 2659 tibi
1476 2624 1638 2672 sculptIIe,

194 2686 326 2713 onmem
343 2675 613 2714 similitudinem:
631 2676 709 2712 Non
730 2687 870 2712 assumas
890 2688 1006 2712 νιοηιεη
1028 2677 1095 2713 Dei
1115 2679 1163 2712 tui
1184 2678 1217 2712 in
1239 2689 1376 2712 twnum.

102 2726 192 2769 &Et
209 2740 275 2780 per
291 2729 365 2785 hoc
385 2738 484 2780 patet
503 2730 692 2779 responsio
713 2740 764 2766 AD
785 2740 960 2778 ongcn.
