1875 3198
215 194 224 201 l
252 145 337 199 576
647 156 868 192 QUAESTIO
902 156 1049 186 LXXIX.
1084 157 1327 187 ARTICULUS
1361 158 1418 187 IV.

320 237 395 271 SED
410 246 577 272 CONTRA.
593 237 669 272 Non
691 243 764 272 sunt
777 238 936 284 facimdcz
957 238 1060 280 mala,
1083 243 1119 272 ut
1132 239 1287 273 eveniant
1305 239 1402 280 bona,
1422 246 1460 272 ut
1481 238 1610 273 dicitur
1628 238 1736 273 Rom.
1763 250 1815 285 3.:

248 291 309 325 sed
344 291 551 325 excaecatio
579 299 631 325 est
653 292 808 333 maltum
832 303 918 337 ergo
941 292 1042 326 Deus
1064 303 1139 326 non
1167 300 1337 326 excaecat
1356 292 1496 338 aliquos
1518 300 1664 339 propter
1689 303 1817 327 eorum

248 345 395 378 bonum.

319 397 549 432 RESPONDEO
581 398 787 439 dicendum,
818 398 914 444 quod
942 400 1149 433 excaecatio
1177 407 1230 433 est
1259 399 1442 445 quoddam
1469 399 1745 446 praeambulum
1772 399 1817 434 ad

245 460 452 496 peccatum:
468 459 659 497 peccatum
679 459 799 485 autem
817 452 859 485 ad
875 452 938 486 duo
959 452 1164 488 ordinatur:
1180 453 1224 486 ad
1244 465 1348 487 unum
1368 453 1515 499 quidem
1530 464 1593 499 per
1607 465 1658 496 se,
1678 453 1818 488 scilicet

245 508 289 541 ad
312 507 602 549 damnationem3
626 509 669 542 ad
689 507 780 541 aliud
799 515 920 542 autem
936 520 978 543 ex
1001 509 1121 542 divina
1140 509 1400 551 misericordia,
1418 509 1478 544 vel
1495 509 1733 555 providentia,
1753 509 1819 543 sci-

243 560 328 594 licet
350 561 392 594 ad
415 561 662 603 sanationem;
685 562 899 607 inquantum
920 562 1021 596 Deus
1042 563 1217 607 permittit
1237 562 1377 609 aliquos
1401 563 1529 597 cadere
1550 563 1587 596 in
1608 570 1816 609 peccatum,

245 622 283 648 ut
305 622 494 659 peccatum
517 626 623 648 suum
647 623 885 660 agnoscentes
919 615 1166 658 humilientur,
1189 624 1224 650 et
1251 624 1518 658 convertantur,
1540 616 1633 650 sicut
1661 616 1815 662 August.

246 668 332 702 dicit
353 668 388 701 in
411 668 469 701 lib.
493 668 536 702 de
558 668 707 710 Natura,
731 676 765 702 et
788 668 912 703 Gratia
937 669 1021 715 (cap.
1044 681 1097 704 22.
1120 680 1174 714 24.
1197 675 1225 704 et
1246 670 1329 715 28).
1353 669 1459 704 Unde
1482 677 1517 704 et
1537 669 1746 704 excaecatio
1774 681 1816 704 ex

245 721 299 755 sui
325 729 452 755 natura
479 722 665 756 ordinatur
695 722 738 756 ad
774 722 1049 756 damnationem
1075 724 1162 768 ejus,
1194 723 1255 769 qui
1284 730 1509 766 excaecatur,
1539 731 1686 770 propter
1719 723 1816 769 quod

245 776 390 821 ponitur
412 776 520 810 etiam
542 777 806 822 reprobationis
829 776 996 811 effectus:
1025 777 1086 811 sed
1117 789 1159 811 ex
1181 777 1301 811 divina
1328 777 1578 811 misericordia
1605 777 1815 811 excaecatio

244 829 288 863 ad
309 837 451 876 tempus
473 829 660 864 ordinatur
681 830 945 865 medicinaliter
972 830 1016 865 ad
1039 830 1194 865 salutem
1216 842 1356 873 eorum,
1378 831 1440 877 qui
1466 838 1723 865 excaecantur:
1753 830 1816 865 sed

244 883 334 917 haec
358 883 607 917 misericordia
628 895 702 918 non
725 885 893 919 omnibus
917 885 1137 930 impenditur
1156 885 1368 927 excaecatis,
1387 885 1450 920 sed
1469 884 1743 932 praedestinatis
1762 896 1817 919 so-

243 936 331 979 lum,
354 937 481 983 quibus
504 938 628 971 omnia
651 946 894 984 cooperantur
914 939 950 972 in
972 939 1121 980 bonum,
1144 939 1237 973 sicut
1258 939 1388 973 dicitur
1401 938 1509 973 Rom.
1525 938 1578 981 8.;
1593 938 1688 972 unde
1707 949 1817 984 quan-

242 998 319 1024 tum
343 990 385 1024 ad
408 991 598 1037 quosdam,
625 992 833 1026 excaecatio
862 992 1047 1026 ordinatur
1070 992 1113 1026 ad
1142 993 1392 1035 sanationem;
1415 999 1592 1039 quantum
1622 999 1744 1026 autem
1771 992 1815 1026 ad

243 1043 346 1086 alios,
369 1044 411 1077 ad
439 1044 725 1087 damnationem,
748 1053 786 1079 ut
808 1045 1033 1091 Augustinus
1056 1045 1143 1080 dicit
1163 1046 1200 1080 in
1221 1046 1328 1081 tertio
1355 1046 1399 1081 de
1425 1045 1514 1087 QQ.
1537 1044 1713 1092 Evangel.
1737 1044 1814 1090 (loc.

244 1099 296 1132 cit.
316 1099 351 1132 ‘in
370 1110 440 1144 arg.
460 1099 518 1145 3.).

314 1152 374 1186 AD
396 1163 546 1187 PRIMUM
569 1164 657 1199 ergo
679 1152 886 1195 dicendum,
909 1153 1005 1199 quod
1028 1153 1153 1188 omnia
1174 1153 1282 1196 mala,
1306 1165 1398 1200 quae
1420 1154 1520 1188 Deus
1537 1152 1634 1195 facit,
1656 1152 1715 1187 vel
1740 1164 1817 1199 per-

244 1205 352 1240 mittit
369 1205 457 1248 fieri,
473 1207 685 1240 ordinantur
707 1207 750 1240 ad
774 1206 920 1253 aliquod
942 1207 1098 1250 bonum;
1114 1218 1189 1242 non
1210 1215 1334 1242 tamen
1349 1219 1494 1253 semper
1514 1207 1550 1241 in
1572 1207 1711 1241 bonum
1726 1207 1814 1252 eJus,

245 1259 280 1293 in
304 1271 375 1306 quo
399 1269 452 1295 est
473 1260 632 1303 malum;
655 1260 717 1295 sed
740 1261 958 1307 quandoque
981 1261 1024 1295 ad
1046 1261 1185 1295 bonurn
1208 1260 1365 1303 alterius,
1386 1260 1446 1295 vel
1467 1262 1578 1296 etiam
1602 1260 1713 1295 totius
1741 1260 1816 1294 uni-

242 1314 352 1348 versi:
381 1314 473 1349 sicut
499 1314 643 1361 culpam
682 1322 915 1360 tyrranorum
954 1315 1096 1349 ordinat
1121 1315 1158 1349 in
1184 1314 1322 1349 bonum
1348 1315 1563 1362 Martyrum,
1594 1322 1630 1350 et
1654 1324 1812 1361 poenam

245 1368 501 1402 damnatorum
524 1369 666 1403 ordinat
692 1368 736 1402 ad
759 1367 914 1414 gloriam
932 1369 1088 1415 justitiae
1109 1380 1206 1404 suae.

315 1422 375 1456 AD
398 1432 606 1456 SECUNDUM
629 1422 833 1464 dicendum,
856 1423 953 1468 quod
975 1423 1075 1457 Deus
1097 1434 1172 1456 non
1194 1421 1396 1457 delectatur
1413 1422 1450 1456 in
1471 1422 1674 1468 perditione
1694 1421 1812 1456 homi-

242 1486 343 1517 num,
366 1484 541 1522 quantum
564 1476 607 1509 ad
635 1476 751 1522 ipsam
774 1476 1027 1521 perditionem,
1046 1476 1108 1510 sed
1130 1476 1269 1511 ratione
1292 1487 1378 1511 suae
1398 1476 1568 1522 justitiae,
1586 1475 1645 1510 vel
1666 1483 1814 1522 propter

242 1529 392 1571 bonum,
416 1529 512 1575 quod
534 1529 616 1564 inde
639 1529 816 1576 provenit.

314 1587 374 1621 AD
402 1597 573 1621 TERTIUM
596 1587 802 1629 dicendum,
826 1586 922 1632 quod
943 1587 1016 1621 hoc
1038 1587 1135 1633 quod
1161 1587 1262 1621 Deus
1285 1586 1490 1633 aliquorum
1513 1586 1808 1622 excaecationem

242 1641 384 1675 ordinat
404 1641 439 1674 in
463 1652 589 1675 eorum
604 1641 771 1683 salutem,
787 1641 1057 1675 misericordiae
1080 1649 1148 1676 est:
1171 1640 1268 1687 quod
1288 1649 1411 1675 autem
1426 1640 1634 1675 excaecatio
1657 1640 1812 1675 aliorum

241 1694 426 1728 ordinetur
448 1694 491 1728 ad
515 1705 643 1729 eorum
671 1694 957 1735 damnationem,
980 1694 1136 1740 justitiae
1159 1702 1230 1730 est:
1254 1695 1350 1741 quod
1373 1701 1495 1729 autem
1520 1694 1809 1729 misericordiam

240 1748 455 1794 quibusdam
476 1748 663 1794 impendit,
687 1756 721 1782 et
742 1759 816 1782 non
839 1748 1020 1791 omnibus,
1041 1759 1116 1782 non
1137 1747 1223 1782 facit
1237 1759 1479 1794 personarum
1502 1748 1754 1795 acceptionem
1774 1749 1810 1782 in

239 1802 333 1844 Deo,
355 1802 446 1836 sicut
466 1802 502 1835 in
525 1802 642 1848 primo
666 1802 803 1835 dictum
826 1810 879 1836 est
897 1803 941 1848 (q.
965 1814 1011 1848 23.
1031 1807 1094 1837 art.
1114 1813 1142 1848 5.
1166 1801 1284 1848 (1613).

312 1856 371 1890 AD
391 1866 579 1895 QUARTUM
595 1856 802 1898 dicendum,
824 1856 921 1902 quod
944 1855 1040 1890 mala
1057 1855 1185 1902 culpae
1206 1867 1281 1890 non
1303 1864 1386 1890 sunt
1406 1855 1584 1899 facienda,
1606 1863 1645 1891 ut
1664 1855 1812 1891 veniant

239 1910 353 1945 bona:
376 1911 437 1945 sed
460 1910 555 1945 mala
578 1922 718 1958 poenae
740 1919 822 1945 sunt
843 1910 1029 1945 inferenda
1051 1918 1198 1957 propter
1217 1910 1368 1945 bonum.

723 2219 1079 2280 QUAESTIO
1109 2218 1324 2266 Lxxx.

510 2344 572 2375 DE
611 2344 763 2376 CAUSA
802 2344 998 2375 PECCATI
1036 2344 1098 2376 EX
1136 2344 1287 2375 PARTE
1326 2343 1535 2382 DIABOLI,

620 2416 670 2447 IN
698 2415 927 2456 QUATUOR
955 2415 1218 2447 ARTICULOS
1246 2415 1421 2447 DIVISA.

310 2558 452 2592 Deinde
476 2557 779 2592 considerandum
803 2565 855 2592 est
876 2557 920 2592 de
942 2567 1050 2591 causa
1072 2556 1213 2603 peccati
1235 2567 1277 2590 ex
1298 2563 1399 2603 parte
1421 2555 1568 2590 diaboli.

701 2648 742 2682 Et
764 2649 854 2682 circa
877 2649 934 2682 hoc
957 2652 1164 2693 quaeruntur
1185 2652 1339 2693 quatuor.

311 2719 448 2753 Primo.
471 2720 603 2754 Utrum
626 2718 790 2753 diabolus
813 2719 857 2753 sit
879 2719 1012 2752 directe
1036 2730 1143 2752 causa
1166 2718 1318 2764 peccati.

311 2774 492 2808 Secundo.
518 2774 648 2808 Utrum
671 2773 835 2807 diabolus
857 2773 1003 2807 inducat
1025 2773 1067 2806 ad
1091 2771 1329 2817 peccandum,
1352 2771 1499 2806 interius
1523 2770 1783 2818 persuadendo.

311 2827 449 2861 Tertio.
473 2827 604 2861 Utrum
628 2827 740 2874 possit
761 2827 1015 2861 necessitatem
1038 2826 1211 2870 peccandi
1238 2825 1419 2860 inducere.

311 2881 465 2921 Quarto.
490 2882 620 2915 Utrum
644 2881 766 2914 onmia
789 2888 937 2926 peccata
961 2892 1002 2914 ex
1025 2879 1159 2914 diaboli
1181 2879 1414 2925 suggestione
1436 2879 1659 2924 proveniant.
