1907 3198
469 190 693 226 QUAESTIO
727 189 862 220 LXXII.
896 189 1143 220 ARTICULUS
1178 190 1234 220 IV.
1561 191 1645 233 509

66 273 194 320 quibus
217 272 410 307 convivere
433 272 548 306 debet.
573 272 715 306 Horum
736 279 859 306 autem
878 272 1049 307 ordinum
1064 273 1197 319 primus
1217 272 1380 307 continet
1400 272 1589 315 secundum,
1614 280 1649 307 et

65 326 206 363 excedit
219 326 351 374 ipsum.
368 325 637 373 Quaecumque
653 326 750 360 enim
767 326 999 360 continentur
1017 326 1081 360 sub
1098 326 1225 361 ordine
1241 327 1404 369 rationis,
1416 327 1649 361 continentur

67 381 130 417 sub
153 380 280 416 ordine
298 380 409 427 ipsius
431 379 517 414 Dei:
541 379 602 414 sed
626 379 809 426 quaedam
833 380 1064 414 continentur
1082 380 1146 414 sub
1167 380 1293 415 ordine
1316 380 1428 427 ipsius
1450 380 1532 422 Dei,
1555 392 1647 427 quae

66 434 245 471 excedunt
265 434 445 469 rationem
467 434 687 476 humanam3
710 434 803 469 sicut
821 445 874 476 ea,
889 445 982 481 quae
1002 442 1083 468 sunt
1102 433 1196 476 fidei,
1217 442 1251 468 et
1270 446 1362 481 quae
1382 434 1557 468 debentur
1579 433 1649 468 soli

65 489 166 524 Deo:
189 488 284 523 unde
306 487 367 535 qui
388 487 424 522 in
446 487 576 522 talibus
599 496 738 535 peccat,
766 488 896 522 dicitur
923 488 958 522 in
986 488 1109 522 Deum
1131 499 1295 535 peccare,
1318 489 1411 522 sicut
1432 488 1649 529 haereticus,

67 550 102 578 et
122 541 332 588 sacrilegus,
351 550 387 576 et
403 540 649 588 blasphemus.
666 541 842 576 Similiter
860 541 969 576 etiam
984 542 1140 577 secundus
1159 542 1250 576 ordo
1273 542 1425 577 includit
1447 544 1591 584 tertium,
1616 550 1650 576 et

68 595 208 632 excedit
228 595 366 643 ipsum:
390 595 474 642 quia
496 595 531 629 in
551 595 733 638 omnibus,
755 595 791 629 in
811 595 940 642 quibus
963 596 1175 630 ordinamur
1198 595 1241 630 ad
1265 597 1485 643 proximum,
1506 604 1651 642 oportet

66 661 134 686 nos
155 649 261 696 dirigi
281 649 481 684 secundum
501 648 665 695 regulam
686 649 853 684 rationis:
873 649 935 684 sed
951 649 986 683 in
1001 649 1219 696 quibusdam
1238 650 1429 696 dirigimur
1447 650 1648 684 secundum

67 704 248 740 rationem
269 711 446 750 quantum
468 702 512 737 ad
532 714 599 738 nos
621 711 775 746 tantum,
797 714 872 738 non
895 711 1018 738 autem
1041 712 1219 750 quantum
1247 704 1290 738 ad
1319 704 1592 751 operationem:
1616 712 1651 738 et

68 757 213 806 quando
235 757 271 792 in
293 757 350 792 his
371 765 554 804 peccatur,
575 757 706 792 dicitur
727 757 843 792 homo
866 768 1019 804 peccare
1042 758 1077 792 in
1097 758 1278 805 seipsum;
1301 758 1394 793 sicut
1411 766 1509 805 patet
1527 758 1570 792 de
1591 769 1651 803 gu-

68 812 161 856 loso,
176 811 362 847 luxurioso
378 819 413 846 et
426 811 598 858 prodigo:
622 811 768 858 quando
782 822 870 846 vero
886 819 1014 857 peccat
1035 811 1151 846 homo
1170 812 1207 846 in
1229 812 1297 854 his,
1317 812 1444 858 quibus
1469 812 1512 846 ad
1535 811 1652 858 proxi-

69 878 172 901 mum
195 865 392 908 ordinatur,
415 865 542 900 dicitur
562 876 714 912 peccare
736 865 771 899 in
794 865 1025 912 proximum;
1047 866 1140 900 sicut
1162 874 1260 912 patet
1282 866 1324 900 de
1352 865 1440 908 fure,
1469 874 1504 901 et
1530 866 1648 900 homi-

69 920 161 955 cida.
185 919 278 955 Sunt
298 927 419 954 autem
441 918 594 962 diversa,
617 919 746 966 quibus
768 919 884 954 homo
907 919 1095 955 ordinatur
1123 920 1167 954 ad
1194 920 1328 962 Deum,
1358 920 1402 954 ad
1429 920 1650 966 proximum,

71 982 107 1009 et
127 973 171 1008 ad
194 973 373 1020 seipsum:
397 972 492 1008 unde
514 973 605 1008 haec
629 973 813 1008 distinctio
835 981 1073 1020 peccatorum
1105 981 1158 1008 est
1185 974 1388 1008 secundum
1419 974 1574 1020 objecta,
1602 985 1652 1008 se-

70 1027 232 1062 cundum
254 1037 346 1074 quae
368 1026 630 1061 diversificatur
647 1027 786 1074 species
809 1035 1067 1074 peccatorum3
1091 1028 1186 1062 unde
1207 1028 1298 1062 haec
1320 1028 1504 1062 distinctio
1527 1039 1652 1075 pecca·
1701 1030 1706 1034 ”

70 1090 192 1117 torum
215 1080 358 1128 proprie
381 1088 434 1114 est
456 1080 659 1114 secundum
680 1080 840 1116 diversas
867 1089 1103 1127 peccatorum
1131 1081 1288 1128 species:
1316 1093 1402 1116 nam
1431 1091 1465 1116 et
1490 1082 1651 1124 virtutes,

71 1135 201 1183 quibus
216 1142 364 1182 peccata
379 1143 626 1180 opponuntur,
641 1134 844 1170 secundum
859 1135 954 1169 hanc
966 1134 1220 1178 differentiam,
1231 1136 1351 1182 specie
1363 1136 1651 1182 distinguuntur:

71 1188 306 1225 manifestum
329 1195 382 1222 est
403 1188 500 1222 enim
525 1200 566 1222 ex
589 1188 693 1223 dictis
716 1189 764 1234 (q.
787 1189 842 1224 62.
865 1194 930 1224 art.
953 1201 980 1224 ι.
1003 1201 1034 1224 2.
1053 1194 1082 1224 et
1101 1189 1162 1235 3.)‚
1186 1189 1284 1236 quod
1303 1190 1493 1224 virtutibus
1512 1189 1653 1224 theolo-

73 1243 163 1290 gicis
184 1243 299 1278 homo
321 1241 508 1277 ordinatur
529 1242 572 1276 ad
595 1242 729 1284 Deum,
752 1243 992 1289 temperantia
1015 1254 1114 1286 vero,
1138 1251 1172 1277 et
1193 1242 1404 1278 fortitudine
1419 1244 1463 1278 ad
1478 1244 1652 1291 seipsum,

71 1296 206 1344 justitia
227 1303 347 1330 autem
369 1294 413 1329 ad
434 1296 655 1342 proximum.

143 1350 204 1385 AD
224 1359 374 1385 PRIMUM
395 1360 483 1396 ergo
506 1349 713 1392 dicendum,
729 1349 826 1396 quod
841 1361 993 1396 peccare
1009 1350 1043 1383 in
1063 1350 1198 1392 Deum,
1213 1351 1415 1385 secundum
1435 1352 1532 1398 quod
1548 1351 1651 1393 ordo,

72 1404 134 1451 qui
155 1411 208 1439 est
229 1403 273 1438 ad
293 1403 427 1446 Deum,
450 1403 602 1437 includit
623 1415 774 1438 omnem
801 1404 1004 1438 humanum
1033 1404 1213 1446 ordinem,
1241 1416 1441 1439 commune
1470 1413 1523 1439 est
1550 1406 1651 1440 omni

71 1465 243 1504 peccato:
265 1456 326 1492 sed
349 1465 525 1504 quantum
546 1457 590 1492 ad
612 1457 646 1491 id
669 1457 766 1504 quod
795 1457 885 1492 ordo
913 1457 984 1492 Dei
1011 1458 1151 1492 excedit
1177 1458 1268 1493 alios
1296 1458 1387 1493 duos
1416 1459 1574 1502 ordines,
1601 1459 1650 1494 sic

72 1521 265 1558 peccatum
286 1511 322 1546 in
344 1511 465 1546 Deum
490 1519 544 1546 est
565 1511 723 1558 speciale
745 1523 860 1558 genus
882 1512 1034 1558 peccati.

141 1565 202 1601 AD
221 1575 430 1601 SECUNDUM
451 1565 660 1608 dicendum,
682 1566 780 1613 quod
803 1565 949 1612 quando
973 1565 1106 1612 aliqua,
1129 1577 1286 1612 quorum
1307 1578 1421 1601 unum
1438 1567 1592 1602 includit
1607 1566 1654 1601 al-

69 1626 200 1662 terurn,
222 1619 264 1654 ab
292 1619 450 1655 invicem
477 1619 759 1665 distinguuntur,
787 1619 1001 1665 intelligitur
1027 1619 1103 1654 fieri
1130 1620 1326 1663 distinctio,
1354 1632 1427 1655 non
1450 1622 1652 1656 secundum

70 1672 170 1716 illud,
192 1673 289 1720 quod
311 1685 425 1708 unum
447 1673 653 1708 continetur
674 1673 710 1708 in
734 1673 860 1716 altero,
882 1673 944 1708 sed
967 1674 1169 1708 secundum
1192 1674 1239 1717 id,
1262 1675 1360 1721 quod
1380 1686 1493 1709 unum
1513 1675 1654 1710 excedit

71 1726 245 1762 alterum:
268 1727 362 1763 sicut
382 1735 481 1775 patet
501 1727 537 1762 in
560 1727 739 1762 divisione
760 1738 1013 1770 numerorum,
1036 1736 1071 1762 et
1093 1727 1312 1774 figurarum3
1335 1740 1410 1763 non
1433 1729 1533 1764 enim
1548 1729 1654 1764 trian-

71 1780 176 1828 gulus
197 1781 368 1817 dividitur
389 1790 516 1816 contra
539 1781 767 1828 quadratum,
791 1781 994 1817 secundum
1017 1782 1114 1828 quod
1138 1782 1345 1817 continetur
1366 1783 1402 1817 in
1430 1794 1486 1825 eo,
1514 1783 1575 1818 sed
1604 1794 1654 1818 se-

72 1835 232 1870 cundum
253 1835 352 1882 quod
375 1835 516 1871 excedit
538 1835 580 1870 ab
604 1846 667 1870 eo:
691 1843 727 1870 et
747 1835 914 1870 similiter
936 1843 990 1870 est
1016 1836 1211 1870 dicendum
1239 1836 1282 1870 de
1310 1836 1481 1879 ternario,
1510 1845 1545 1871 et
1571 1849 1654 1884 qua-

70 1897 239 1924 ternario.

142 1943 204 1979 AD
226 1953 399 1980 TERTIUM
421 1943 629 1986 dicendum,
652 1943 749 1990 quod
768 1943 880 1986 Deus,
900 1952 935 1978 et
956 1943 1156 1989 proximus,
1178 1944 1346 1990 quamvis
1375 1944 1446 1979 sint
1475 1945 1654 1980 exteriora

72 2005 236 2044 respectu
257 1997 368 2045 ipsius
389 1997 592 2045 peccantis:
616 2009 689 2032 non
712 2006 835 2032 tamen
859 2006 941 2032 sunt
967 2006 1137 2032 extranea
1168 2006 1333 2044 respectu
1359 2007 1461 2034 actus
1491 1999 1652 2045 peccati3

72 2051 135 2087 sed
157 2060 415 2099 comparantur
437 2051 481 2086 ad
503 2052 634 2099 ipsum,
657 2051 750 2087 sicut
769 2051 914 2098 propria
936 2051 1080 2097 objecta
1102 2052 1224 2098 ipsius.

644 2182 994 2228 ARTICULUS
1021 2183 1075 2226 V.
1588 2196 1651 2243 382

121 2290 274 2323 UTRUM
308 2292 475 2322 D1V1sto
509 2292 826 2332 PECCATORUM,
861 2292 980 2328 QUAE
1014 2293 1094 2323 EST
1128 2293 1370 2323 SECUNDUM
1403 2294 1596 2334 REATUM,

595 2336 899 2388 DIVERSIEICET
934 2358 1131 2389 SPECIEM.

314 2447 416 2494 (Insr.
438 2459 469 2494 q.
487 2448 543 2483 88.
565 2452 631 2483 art.
653 2459 679 2482 1.
702 2451 730 2482 el
750 2458 781 2482 2.
804 2451 832 2481 et
853 2459 880 2482 ι.
901 2447 989 2481 Dist.
1013 2457 1061 2493 17.
1083 2458 1112 2493 q.
1136 2459 1167 2482 2.
1190 2453 1254 2482 art.
1274 2460 1302 2494 5.
1321 2454 1414 2495 corp.

192 2505 224 2536 et
247 2512 279 2536 2.
306 2502 395 2537 Dist.
422 2513 477 2546 42.
505 2513 535 2548 q.
562 2513 588 2536 1.
617 2506 682 2536 art.
707 2513 735 2548 3.
764 2505 791 2536 et
817 2512 849 2545 4.
878 2501 967 2536 Dist.
995 2502 1047 2536 16.
1071 2513 1101 2547 q.
1121 2513 1148 2547 3.
1172 2507 1238 2536 art.
1262 2513 1292 2537 2.
1320 2514 1351 2549 q.
1379 2514 1412 2547 4.
1439 2501 1482 2536 ad
1504 2514 1532 2549 5.

478 2560 507 2590 et
529 2555 584 2590 lib.
604 2567 632 2601 3.
659 2555 776 2589 Contr.
797 2566 828 2599 g.
851 2561 922 2602 cap.
942 2567 1009 2601 139.
1028 2555 1088 2600 fin.
1108 2555 1257 2602 ct147.).

147 2643 207 2679 AD
229 2654 411 2685 QL'INTUM
432 2644 483 2680 sic
506 2644 724 2691 proceditur.
748 2643 911 2687 Videtur,
935 2644 1032 2691 quod
1056 2645 1186 2679 divisio
1209 2653 1458 2692 peccatorum,
1481 2657 1573 2691 quae
1601 2654 1654 2680 est

77 2697 275 2732 secundum
297 2706 450 2742 reatum,
472 2698 689 2734 diversificet
710 2698 891 2744 speciem;
913 2707 998 2744 puta
1013 2709 1097 2733 cum
1113 2699 1282 2733 dividitur
1293 2699 1492 2733 secundum
1514 2700 1652 2742 veniale,

78 2757 114 2786 et
132 2751 292 2787 mortale:
315 2763 357 2787 ea
379 2752 488 2796 enim,
508 2764 600 2799 quae
624 2753 658 2786 in
679 2751 859 2786 infinitum
883 2751 1063 2794 differunt,
1086 2763 1159 2786 non
1184 2761 1335 2799 possunt
1358 2764 1435 2787 esse
1455 2753 1560 2787 unius
1580 2765 1655 2800 spe-

78 2803 157 2848 ciei,
178 2816 244 2841 nec
266 2805 377 2841 etiam
399 2808 503 2841 unius
525 2807 684 2853 generis:
704 2806 766 2840 scd
790 2805 944 2848 veniale,
966 2814 1001 2840 et
1023 2806 1178 2841 mortale
1202 2815 1392 2853 peccatum
1421 2806 1591 2841 differunt
1619 2808 1652 2841 in

77 2856 273 2895 infinitum:
306 2859 439 2896 veniali
467 2861 564 2895 enim
593 2860 743 2895 debetur
770 2871 890 2906 poena
916 2859 1141 2906 temporalis,
1169 2860 1314 2894 mortali
1342 2872 1458 2907 poena
1487 2870 1653 2896 aeterna:

79 2920 248 2948 mensura
261 2921 382 2948 autem
399 2925 539 2961 poenae
558 2913 754 2961 respondet
775 2913 967 2960 quantitati
983 2914 1123 2960 culpae,
1139 2914 1340 2949 secundum
1358 2914 1444 2948 illud
1461 2914 1569 2949 Deut.
1586 2925 1654 2959 25.:
