1875 3198
232 179 316 235 748
660 193 878 227 QUAESTIO
913 194 985 222 cn.
1021 193 1264 223 ARTchLus
1298 194 1354 224 tv.

231 273 298 307 sita
322 272 435 306 multa
453 281 676 319 tegumenta,
698 274 854 309 scilicet:
874 277 1034 318 cortinae,
1049 287 1127 322 saga
1146 276 1292 319 cilicina,
1311 276 1408 322 pelles
1431 278 1572 312 arietum
1593 278 1796 320 rubricatae,

231 334 266 366 et
280 327 378 372 pellas
399 327 640 372 hyacinthizm.

302 391 333 426 9.
365 379 601 415 PRAETEREA.
638 380 876 415 Consecratio
911 383 1065 416 exterior
1098 382 1309 417 interiorem
1344 383 1573 417 sanctitatem
1606 383 1795 429 significat,

231 434 331 478 cujus
362 434 565 478 subjectum
588 442 640 467 est
664 436 803 476 anima3
826 435 1124 469 inconvenienter
1138 436 1247 480 igitur
1264 435 1550 478 tabernaculum,
1569 443 1604 470 et
1621 438 1696 482 ejus
1710 448 1796 470 vasa

232 487 548 530 consecrabantur,
572 499 655 520 cum
678 496 771 521 esset
792 488 972 533 quaedam
995 500 1149 535 corpora
1170 489 1380 523 inanimata.

307 551 357 575 1o.
380 540 617 575 PRAETEREA.
640 541 681 574 In
703 541 797 575 Psal.
817 551 869 587 34.
889 541 1035 576 dicitur:
1050 542 1247 577 Benedicam
1266 544 1452 577 Dominum
1474 544 1510 577 in
1532 544 1624 577 omni
1641 548 1795 589 tempore,

228 600 353 640 semper
370 594 441 628 laus
454 596 523 639 ejus
536 596 570 628 in
594 606 649 628 ore
663 607 731 628 meo
747 608 756 629 :
779 595 842 629 sed
857 594 1106 630 solemnitates
1117 596 1350 630 instituuntur
1361 596 1404 630 ad
1418 595 1642 630 laudandum
1655 596 1795 637 Deum;

229 658 302 681 non
336 659 423 693 ergo
453 647 519 681 fuit
546 648 778 691 conveniens,
809 656 846 682 ut
873 648 983 695 aliqui
1015 649 1101 683 certi
1124 650 1198 684 dies
1221 658 1460 684 statuerentur
1481 649 1526 684 ad
1547 649 1795 684 solemnitates

230 702 474 746 peragenda33
505 701 554 735 sic
585 701 693 747 igitur
722 702 874 744 videtur,
902 702 999 748 quod
1027 704 1280 737 caeremoniae
1308 703 1506 737 Sacrorum
1539 703 1796 737 convenientes

230 765 356 788 causas
378 765 453 788 non
479 754 664 789 haberent.

301 808 374 841 SED
399 818 554 843 CONTRA
582 817 645 850 est,
668 809 765 855 quod
788 809 989 855 Apostolus
1012 810 1097 844 dicit
1120 810 1163 844 ad
1188 810 1278 844 Heb.
1311 810 1355 852 8.,
1378 809 1475 856 quod
1496 810 1547 844 illi
1573 811 1630 856 qui
1656 810 1793 855 offerunt

228 861 403 895 secantium
419 862 517 907 legam
532 875 684 904 munera,
712 864 904 909 exemplari,
921 868 948 898 ct
970 865 1107 898 umbrae
1129 864 1316 899 deserviunt
1341 865 1525 899 coelestium
1535 876 1548 905 ;
1569 865 1654 898 sicut
1671 869 1797 909 respon-

226 926 298 948 sum
320 919 361 948 tut
387 916 508 961 Moysi,
529 928 604 950 cum
623 922 864 951 consummaret
886 918 1156 952 tabernaculum.-
1179 917 1268 960 Vide,
1292 919 1410 963 inquit,
1430 919 1543 952 omnia
1557 918 1667 963 facito
1688 929 1796 951 secun-

227 967 305 1001 dum
319 969 498 1014 maniplus,
516 969 602 1015 quod
617 971 676 1004 tibi
691 972 724 1004 in
741 975 848 1005 monte
866 976 1084 1005 νηοωῐνιῑίιιυι
1100 976 1165 1006 est:
1189 971 1251 1005 sed
1265 970 1371 1005 valde
1385 970 1599 1005 rationabile
1621 978 1685 1012 est,
1699 969 1796 1015 quod

226 1021 427 1067 imaginem
443 1022 657 1057 coelestium
671 1032 934 1070 repraesentat;
958 1036 1045 1071 ergo
1065 1025 1317 1059 caeremoniae
1336 1036 1525 1059 sacrorum
1543 1023 1796 1059 rationabilem

229 1086 377 1109 causam
399 1076 591 1110 habebant.

297 1129 528 1165 RESPONDEO
551 1131 758 1173 dicendum,
781 1132 878 1178 quod
907 1140 1004 1166 totus
1028 1133 1182 1167 exterior
1204 1132 1320 1167 cultus
1343 1132 1414 1166 Dei
1437 1132 1480 1166 ad
1506 1132 1578 1166 hoc
1605 1126 1796 1177 praecipue

228 1182 426 1225 ordinatur,
448 1191 487 1218 ut
507 1184 677 1219 homines
699 1185 868 1219 Deumin
882 1186 1084 1220 reverentia
1102 1186 1277 1221 habeant:
1300 1186 1410 1220 habet
1431 1193 1553 1220 autern
1574 1185 1646 1219 hoc
1667 1184 1794 1218 huma-

225 1247 292 1270 nus
316 1236 476 1280 affectus,
499 1246 538 1272 ut
559 1249 601 1272 ea
624 1249 715 1284 quae
739 1239 952 1273 communia
973 1248 1067 1282 sunt,
1090 1248 1125 1274 et
1145 1251 1219 1274 non
1242 1240 1410 1274 distincta
1432 1240 1475 1273 ab
1499 1239 1589 1281 aliis,
1610 1238 1730 1272 minus
1749 1248 1799 1271 re-

223 1298 410 1332 vereatur;
434 1302 476 1325 ea
497 1303 585 1326 vero
613 1303 706 1338 quae
736 1293 872 1327 habent
902 1292 1062 1339 aliquam
1093 1293 1329 1327 excellentiae
1356 1293 1614 1327 discretionem
1637 1291 1679 1326 ab
1707 1290 1797 1332 aliis,

227 1344 343 1389 magis
367 1344 575 1387 admiretur,
598 1354 633 1379 et
654 1354 878 1389 revereatur3
902 1355 936 1381 et
950 1347 1033 1381 inde
1056 1347 1166 1381 etiam
1179 1347 1375 1381 hominum
1391 1346 1617 1381 consuetudo
1632 1344 1795 1385 inolevit,

226 1405 263 1431 ut
285 1397 416 1441 Reges,
444 1406 478 1432 et
500 1399 697 1445 Principes,
721 1411 811 1445 quos
834 1408 978 1446 oportet
998 1400 1035 1434 in
1057 1401 1259 1435 reverentia
1280 1400 1407 1434 haberi
1433 1412 1453 1434 a
1474 1399 1636 1442 subditis,
1659 1407 1694 1433 et
1720 1410 1798 1445 pre-

223 1451 431 1485 tiosioribus
453 1452 611 1486 vestibus
635 1461 818 1495 ornentur,
834 1461 868 1488 et
890 1454 1000 1488 etiam
1023 1453 1230 1500 ampliores,
1254 1460 1289 1488 et
1310 1453 1536 1500 pulchriores
1555 1452 1797 1487 habitationes

226 1505 452 1550 possideant3
475 1514 510 1539 et
531 1514 677 1552 propter
698 1507 769 1541 hoc
793 1508 963 1553 oportuit,
986 1516 1025 1541 ut
1046 1507 1166 1554 aliqua
1188 1507 1359 1554 specialia
1380 1515 1558 1553 tempora,
1580 1514 1616 1540 et
1640 1504 1797 1552 speciale

222 1558 510 1602 tabernaculum,
533 1568 568 1594 et
588 1561 758 1606 specialia
780 1572 878 1603 vasa,
901 1569 936 1595 et
957 1561 1132 1608 speciales
1155 1561 1311 1595 ministri
1337 1561 1381 1595 ad
1404 1560 1542 1594 cultum
1564 1559 1635 1594 Dei
1657 1559 1796 1593 ordina-

222 1620 365 1655 rentur3
388 1621 426 1647 ut
452 1625 514 1659 per
535 1614 606 1648 hoc
639 1615 751 1648 animi
780 1615 974 1649 hominum
1007 1616 1049 1649 ad
1080 1616 1259 1661 majorem
1281 1615 1352 1649 Dei
1381 1614 1622 1649 reverentiam
1647 1613 1798 1647 adduce-

223 1675 356 1701 rentur.
381 1667 555 1702 Similiter
578 1669 687 1703 etiam
710 1677 821 1703 status
840 1670 970 1703 veteris
985 1669 1088 1715 legis,
1107 1670 1201 1704 sicut
1219 1669 1355 1703 dictum
1371 1677 1423 1703 est
1438 1669 1521 1714 (art.
1539 1678 1569 1702 1.
1584 1668 1652 1714 huj.
1669 1679 1698 1713 q.
1713 1667 1756 1701 ad
1770 1679 1798 1702 I.

221 1726 250 1755 et
265 1726 328 1756 art.
343 1721 403 1766 2.),
428 1722 610 1756 institutus
626 1731 701 1757 erat
715 1723 759 1756 ad
774 1723 1005 1769 figurandum
1021 1723 1236 1769 mysterium
1252 1722 1406 1757 Christi:
1424 1729 1568 1769 oportet
1583 1729 1703 1756 autern
1720 1731 1798 1755 esse

222 1774 356 1820 aliquid
381 1776 661 1810 determinatum
681 1777 727 1818 id,
750 1788 813 1823 per
835 1776 932 1822 quod
955 1776 1088 1822 aliquid
1104 1776 1251 1822 figurari
1273 1777 1398 1818 debet;
1420 1783 1458 1810 ut
1479 1774 1618 1810 scilicet
1639 1775 1715 1820 ejus
1739 1773 1799 1808 ali·

221 1840 331 1875 quam
353 1829 629 1864 similitudinem
652 1839 916 1876 repraesentet;
939 1838 974 1864 et
995 1830 1077 1865 ideo
1101 1831 1263 1877 oportuit
1281 1830 1402 1876 aliqua
1420 1829 1592 1876 specialia
1613 1829 1798 1864 observari

222 1882 258 1915 in
280 1883 348 1924 his,
371 1894 462 1928 quae
485 1884 665 1930 pertinent
687 1884 730 1918 ad
754 1884 892 1918 cultum
914 1885 996 1919 Dei.

293 1936 353 1970 AD
375 1947 525 1972 PRIMUM
544 1949 631 1983 ergo
654 1938 861 1980 dicendum,
879 1939 976 1984 quod
999 1938 1115 1973 cultus
1137 1939 1208 1973 Dei
1234 1938 1296 1973 duo
1324 1938 1488 1985 respicit;
1510 1937 1648 1973 scilicet
1668 1938 1793 1978 Deum,

222 1989 283 2035 qui
305 1989 446 2032 colitur,
470 1999 504 2025 et
525 1992 670 2026 homines
687 1991 868 2035 colentes3
892 1993 967 2039 ipse
989 1993 1097 2039 igitur
1118 1993 1231 2036 Deus,
1253 1993 1314 2039 qui
1337 1993 1479 2036 colitur,
1494 1992 1596 2027 nullo
1615 1991 1798 2039 corporali

222 2043 306 2077 loco
330 2043 524 2087 clauditur3
546 2045 641 2079 unde
664 2054 811 2092 propter
829 2046 948 2093 ipsum
966 2059 1041 2081 non
1057 2048 1217 2093 oportuit
1239 2046 1396 2093 speciale
1418 2046 1693 2082 tabernaculum
1709 2045 1798 2087 fieri,

223 2104 284 2130 aut
304 2097 499 2143 templum:
523 2099 584 2132 sed
611 2098 780 2133 homines
806 2099 926 2146 ipsum
954 2100 1115 2135 colentes
1143 2100 1351 2147 corporales
1378 2108 1471 2142 sunt,
1499 2107 1534 2134 et
1559 2106 1706 2147 propter
1732 2110 1795 2133 eos

222 2150 383 2196 oportuit
403 2151 559 2197 speciale
581 2152 868 2196 tabernaculum,
889 2153 949 2188 vel
970 2154 1149 2201 templum
1169 2154 1297 2189 instrui
1319 2155 1363 2188 ad
1386 2153 1524 2188 cultum
1545 2153 1627 2196 Dei,
1649 2161 1796 2200 propter

221 2203 299 2238 cino:
319 2206 432 2251 primo
455 2205 614 2251 quidem,
637 2214 675 2240 ut
706 2207 749 2240 ad
778 2207 989 2252 hujusmodi
1016 2207 1141 2242 locum
1168 2208 1426 2242 convenienter
1453 2218 1537 2241 curn
1562 2207 1632 2241 hac
1660 2206 1794 2253 cogita-

221 2257 320 2292 tione
343 2259 439 2304 quod
462 2259 692 2305 deputaretur
716 2260 758 2294 ad
782 2260 978 2295 colendum
1001 2261 1135 2303 Deum,
1163 2273 1247 2295 cum
1274 2261 1405 2307 majori
1427 2260 1628 2295 reverentia
1650 2259 1796 2294 accede-

221 2321 316 2346 rent:
332 2312 480 2354 sariendo,
498 2321 535 2346 ut
550 2324 611 2359 per
627 2314 904 2359 dispositionem
926 2315 1006 2348 talis
1028 2315 1167 2361 templi,
1186 2315 1244 2349 vel
1262 2314 1486 2349 tabernaculi
1508 2313 1799 2360 significarentur

223 2365 343 2411 aliqua
365 2367 580 2412 pertinentia
603 2367 645 2400 ad
669 2367 922 2402 excellentiam
945 2369 1153 2411 divinitatis,
1167 2368 1226 2403 vel
1244 2369 1480 2403 humanitatis
1495 2368 1650 2403 Christi:
1671 2375 1706 2402 et
1725 2367 1797 2402 hoc

222 2427 275 2453 est
296 2419 393 2465 quod
416 2420 595 2455 Salomon
617 2421 703 2455 dicit
728 2433 755 2467 3.
779 2421 868 2467 Reg.
892 2423 944 2456 8.:
969 2423 1005 2457 Si
1026 2423 1164 2465 coelum,
1192 2428 1220 2457 ct
1246 2423 1327 2458 coeli
1353 2423 1518 2457 coelorum
1541 2427 1568 2456 ts
1589 2428 1704 2469 capere
1732 2432 1796 2455 non

216 2478 362 2519 possunt,
391 2479 511 2519 quanto
540 2476 643 2519 tnagis
669 2474 782 2509 domus
809 2476 898 2518 litter,
922 2488 1021 2522 quum
1050 2477 1226 2523 aedificavi
1254 2478 1335 2511 tibi:
1359 2484 1393 2511 et
1415 2484 1540 2523 postea
1562 2475 1698 2510 subdit:
1723 2475 1796 2510 Sint

222 2527 308 2561 oculi
331 2528 379 2561 tui
400 2529 509 2574 aperti
525 2535 621 2574 snper
642 2528 775 2562 donnini
797 2529 893 2571 liuns,
917 2530 953 2564 da
975 2542 1039 2575 quiz
1062 2530 1194 2565 dixisti:
1216 2531 1295 2565 Erit
1309 2542 1425 2564 nomen
1448 2542 1555 2564 meum
1577 2531 1635 2571 ibi,
1652 2534 1687 2564 ut
1700 2540 1799 2564 urau-

222 2580 292 2614 dias
316 2580 575 2626 deprecationem
596 2583 683 2616 servi
703 2584 762 2623 tui,
779 2583 935 2629 clpopzdi
957 2585 1006 2618 tui
1025 2584 1148 2625 ]s›*tzi³l,·
1174 2596 1216 2618 ex
1239 2595 1311 2630 quo
1332 2591 1441 2630 patet,
1456 2583 1553 2629 quod
1575 2583 1707 2617 domus
1723 2594 1800 2617 san-

223 2635 350 2668 ctuarii
371 2646 444 2668 non
469 2643 521 2670 est
543 2635 702 2670 instituta
727 2636 769 2669 ad
792 2637 862 2670 boc
883 2637 979 2682 quod
1002 2638 1121 2672 Deum
1145 2638 1274 2684 capiat,
1293 2639 1394 2684 quasi
1417 2636 1583 2671 localiter
1600 2637 1800 2671 inhabitan-

221 2695 314 2725 tem:
337 2689 397 2722 sed
421 2689 464 2722 ad
500 2689 569 2723 hoc
606 2689 702 2735 quod
736 2701 872 2723 nomen
903 2691 969 2724 Dei
1000 2691 1176 2725 inhabitet
1198 2691 1265 2733 ibi3
1294 2691 1386 2726 idest
1419 2699 1457 2725 ut
1488 2691 1617 2725 notitia
1647 2690 1716 2724 Dei
1750 2689 1799 2724 ibi

222 2741 471 2776 manifestetur
493 2755 556 2788 per
575 2743 706 2789 aliqua,
729 2755 820 2789 quae
844 2743 890 2777 ibi
915 2743 1056 2786 fiebant,
1076 2745 1132 2778 vel
1153 2745 1382 2787 dicebantur3
1405 2752 1439 2779 ct
1461 2744 1558 2790 quod
1581 2752 1728 2790 propter
1749 2754 1800 2778 re-

222 2795 422 2830 verentiam
444 2795 517 2829 loci
537 2797 719 2831 orationes
735 2796 860 2830 fierent
875 2797 920 2830 ibi
938 2798 1054 2841 magis
1078 2798 1297 2833 exaudibiles
1312 2810 1355 2832 ex
1370 2798 1566 2832 devotione
1581 2797 1774 2832 orantium.

294 2849 354 2883 An
386 2860 592 2884 SECUNDUM
621 2850 828 2892 dicendum,
856 2851 951 2896 quod
980 2859 1092 2885 status
1119 2852 1250 2886 veteris
1277 2851 1366 2897 legis
1393 2863 1467 2886 non
1493 2851 1559 2886 fuit
1584 2851 1798 2885 immutatus

224 2910 306 2936 ante
330 2902 519 2937 Christum
539 2912 714 2950 quantum
739 2905 781 2938 ad
806 2904 1057 2950 impletionem
1080 2905 1182 2951 legiS,
1201 2917 1294 2952 quac
1308 2905 1403 2940 facta
1418 2913 1472 2940 est
1484 2904 1604 2940 solum
1620 2916 1682 2952 per
1697 2904 1800 2940 Chri-
