1875 3198
202 164 289 217 796
650 172 872 208 QUAESTIO
906 173 976 202 cv.
1011 171 1256 202 ARTICULUS
1291 171 1334 200 11.

202 262 324 288 autem
346 253 517 299 ambigua
537 252 670 300 judicia
692 264 767 287 non
796 252 1003 299 frequenter
1033 251 1284 297 emergebant3
1306 249 1401 284 unde
1436 261 1478 284 ex
1511 249 1583 284 hoc
1618 247 1774 296 populus

200 319 275 341 non
298 307 525 353 gravabatur.

273 361 333 395 AD
356 371 546 395 OCTAvUM
569 360 776 401 dicendum,
798 359 895 405 quod
917 360 954 393 in
975 359 1131 405 negotiis
1152 358 1321 392 humanis
1344 368 1419 392 non
1440 365 1559 403 potest
1575 356 1702 391 haberi
1720 356 1776 390 de-

202 415 439 449 monstrativa
462 414 639 461 probatio,
662 421 696 447 et
718 412 933 455 infallibilis3
961 413 1022 447 sed
1045 412 1176 447 sufficit
1211 411 1330 457 aliqua
1365 409 1619 456 conjecturalis
1651 410 1777 456 proba-

202 469 332 511 bilitas,
355 470 557 503 secundum
580 479 690 513 quam
712 467 849 501 Rhetor
872 467 1082 513 persuadet3
1105 474 1140 500 et
1161 466 1255 507 ideo,
1278 465 1363 498 licet
1393 465 1437 498 sit
1469 463 1639 510 possibile
1673 463 1776 505 duos,

204 531 264 556 aut
284 531 355 556 tres
376 530 484 557 testes
519 522 555 555 in
589 520 822 554 mendacium
857 522 1071 561 convenire3
1105 531 1179 553 non
1212 527 1336 553 tamen
1373 526 1426 552 est
1457 517 1575 560 facile,
1609 528 1676 551 nec
1699 528 1778 563 pro-

203 576 332 618 babile,
362 576 459 622 quod
494 575 724 616 conveniant,
760 582 795 608 et
827 573 909 608 ideo
945 574 1119 619 accipitur
1153 584 1282 607 eorum
1310 572 1562 606 testimonium
1589 579 1776 617 tamquam

203 641 341 672 verum,
365 638 399 664 et
420 629 611 674 praecipue
630 628 659 662 si
678 629 713 661 in
733 639 798 661 suo
817 628 1028 662 testimonio
1048 639 1122 661 non
1142 626 1322 668 vacillent,
1341 625 1399 660 vel
1419 625 1506 660 alias
1525 625 1683 671 suspecti
1703 635 1777 658 non

204 684 354 718 suerint:
378 691 411 717 et
433 683 477 716 ad
499 683 571 716 hoc
595 682 704 715 etiam
728 681 825 727 quod
848 692 922 715 non
946 681 988 715 de
1010 680 1107 714 facili
1131 692 1149 714 a
1170 680 1321 714 veritate
1343 687 1451 714 testes
1470 678 1706 720 declinarent,
1728 678 1778 711 in—

204 738 317 772 stituit
338 738 406 779 lex,
430 745 467 770 ut
488 744 595 770 testes
619 735 893 781 diligentissime
917 735 1219 776 examinarentur,
1243 741 1277 768 et
1299 734 1454 779 graviter
1475 733 1696 779 punirentur,
1718 731 1780 777 qui

204 792 450 825 invenirentur
490 789 698 831 mendaces,
733 796 770 822 ut
803 789 955 823 habetur
987 790 1135 823 Denter.
1175 800 1244 835 19.:
1279 787 1346 821 fuit
1378 796 1499 822 autem
1533 786 1654 833 aliqua
1687 786 1778 820 ratio

204 844 412 890 hujusmodi
435 843 578 877 numeri
600 843 864 877 determinandi
882 842 926 876 ad
949 842 1225 888 significandam
1245 841 1472 875 infallibilem
1489 842 1679 874 veritatem
1698 840 1782 874 Per-

204 910 379 933 sonarum
393 898 610 931 Divinarum
623 909 631 939 3
650 908 741 942 quae
758 897 976 942 quandoque
991 904 1227 930 numerantur
1241 895 1344 938 duae,
1360 895 1443 941 quia
1458 894 1611 940 Spiritus
1626 893 1780 928 Sanctus

206 960 259 986 est
279 963 392 986 nexus
414 951 590 992 duorum3
614 950 832 996 quandoque
855 950 1103 995 exprimuntur
1131 957 1214 991 tres,
1237 957 1276 984 ut
1297 948 1522 995 Augustinus
1558 948 1641 982 dicit
1674 958 1782 992 super

205 1005 293 1039 illud
311 1006 415 1051 Joan.
438 1005 489 1039 8.:
513 1005 552 1039 In
577 1005 640 1050 Iege
665 1009 775 1038 vestm
807 1006 970 1051 scriptum
997 1009 1052 1045 est,
1081 1005 1159 1050 ([ιιῖιι
1185 1003 1327 1038 duorum
1360 1003 1531 1038 hominum
1564 1002 1782 1036 testimonium

205 1071 323 1094 verum
351 1064 392 1093 ast
416 1059 527 1103 (tract.
550 1058 603 1104 36.
626 1058 724 1102 Joan.
747 1057 894 1104 adsim).

277 1113 337 1147 AD
362 1123 505 1147 NONUM
527 1112 733 1153 dicendum,
756 1111 853 1157 quod
880 1122 954 1145 non
981 1110 1102 1145 solum
1129 1118 1275 1157 propter
1302 1110 1519 1157 gravitatem
1547 1108 1686 1156 culpae,
1721 1107 1783 1143 sed

205 1167 315 1201 etiam
336 1174 482 1213 propter
497 1165 584 1200 alias
600 1177 726 1200 causas
742 1165 861 1211 gravis
876 1177 995 1211 poena
1010 1165 1198 1211 infligitur:
1212 1166 1325 1211 primo
1341 1163 1490 1211 quidem
1509 1171 1657 1210 propter
1672 1174 1783 1209 quan-

204 1221 344 1255 titatem
363 1220 520 1267 peccati:
545 1220 628 1266 quia
644 1219 775 1264 majori
789 1227 952 1264 peccato,
969 1219 1122 1253 caeteris
1136 1219 1293 1265 paribus,
1312 1229 1433 1264 poena
1448 1217 1595 1263 gravior
1610 1216 1759 1251 debetur
1774 1228 1782 1251 ε

205 1274 342 1309 secundo
370 1281 516 1320 propter
537 1273 678 1319 peccati
700 1273 1022 1307 consuetudinem:
1047 1273 1130 1319 quia
1154 1284 1172 1306 a
1194 1273 1353 1319 peccatis
1376 1271 1559 1306 consuetis
1580 1282 1655 1306 non
1673 1269 1784 1305 facile

207 1328 376 1362 homines
400 1327 667 1369 abstrahuntur,
688 1327 758 1361 nisi
779 1338 841 1373 per
863 1338 990 1373 graves
1013 1338 1167 1373 poenas:
1190 1328 1283 1361 tertio
1305 1333 1452 1373 propter
1473 1325 1628 1360 multam
1651 1336 1785 1359 concu-

206 1382 432 1428 piscentiam,
453 1381 512 1415 vel
534 1380 815 1415 delectationem
838 1380 873 1414 in
896 1389 1066 1427 peccato:
1089 1381 1130 1414 ab
1145 1380 1201 1414 his
1221 1381 1319 1414 enim
1337 1391 1412 1415 non
1434 1380 1478 1414 de
1499 1379 1598 1414 facili
1611 1379 1782 1413 homines

211 1436 477 1478 abstrahuntur,
499 1435 567 1469 nisi
590 1443 737 1481 propter
759 1446 886 1480 graves
908 1446 1063 1480 poenas:
1086 1440 1204 1480 quarto
1220 1442 1367 1481 propter
1381 1434 1593 1468 facilitatem
1617 1433 1784 1468 commit-

211 1490 307 1524 tendi
331 1497 534 1536 peccatum,
558 1497 592 1523 et
613 1488 755 1534 jacendi
777 1489 812 1522 in
834 1488 926 1534 ipso,
948 1489 1159 1533 hujusmodi
1187 1489 1285 1522 enim
1311 1496 1472 1534 peccata,
1500 1487 1646 1534 quando
1668 1487 1786 1521 mani-

210 1543 397 1586 festantur,
415 1551 499 1577 sunt
521 1543 637 1589 magis
656 1543 837 1588 punienda
854 1542 897 1576 ad
913 1542 1069 1576 aliorum
1083 1551 1271 1577 terrorem.
1288 1542 1397 1577 Circa
1411 1543 1528 1589 ipsam
1548 1542 1658 1577 etiam
1677 1553 1786 1588 quan-

208 1599 352 1633 titatem
375 1598 515 1644 peccati
536 1597 740 1643 quadruplex
759 1597 890 1643 gradus
911 1605 964 1631 est
983 1596 1232 1639 attendendus,
1249 1597 1360 1631 etiarn
1376 1596 1472 1630 circa
1491 1607 1616 1638 unum,
1636 1603 1672 1630 et
1688 1595 1786 1630 idem

208 1652 356 1686 factum.
383 1652 554 1692 Quorum
571 1653 704 1698 primus
727 1658 790 1693 est,
813 1651 959 1697 quando
979 1649 1245 1685 involuntarius
1264 1658 1457 1696 peccatum
1473 1649 1680 1691 committit,
1699 1657 1785 1683 tunc

209 1706 318 1749 enim,
341 1706 371 1740 si
393 1706 546 1740 omnino
570 1713 622 1739 est
643 1704 921 1747 involuntarius,
943 1704 1103 1738 totaliter
1125 1711 1316 1738 excusatur
1338 1715 1357 1738 a
1375 1715 1505 1750 poena.
1527 1703 1671 1737 Dicitur
1689 1704 1786 1737 enim

207 1760 356 1794 Denter.
380 1770 435 1793 22.
459 1759 556 1806 quod
574 1759 698 1805 puella,
719 1770 799 1804 qima
827 1760 1028 1805 opprimitur
1054 1760 1088 1792 in
1116 1770 1210 1804 agro,
1234 1771 1300 1792 non
1322 1763 1366 1793 est
1386 1769 1444 1793 rea
1465 1759 1604 1799 mortis‚·
1627 1758 1707 1804 quia
1724 1757 1788 1792 cla·

207 1815 325 1855 univit,
342 1819 371 1848 ct
386 1813 494 1847 nullus
508 1813 602 1858 affuit
619 1814 675 1858 qni
700 1813 854 1847 liberaret
879 1824 961 1847 eam.
979 1812 1017 1846 Si
1033 1823 1121 1846 vero
1145 1812 1265 1858 aliquo
1288 1812 1401 1846 modo
1422 1811 1530 1846 fuerit
1549 1811 1786 1852 voluntarius,

211 1868 273 1902 sed
295 1876 419 1902 tamen
443 1878 484 1901 ex
506 1866 715 1900 infirmitate
738 1875 876 1912 peccat,
899 1874 984 1911 puta
1007 1877 1091 1899 cum
1110 1866 1189 1912 quis
1212 1874 1339 1912 peccat
1357 1874 1399 1900 ex
1413 1865 1594 1912 passione,
1614 1865 1788 1899 minuitur

208 1929 417 1968 peccatum:
441 1929 475 1955 et
496 1929 582 1955 tunc
605 1932 724 1966 poena
741 1920 943 1954 secundum
957 1920 1147 1954 veritatem
1163 1920 1287 1965 judicii
1302 1920 1456 1954 diminui
1471 1919 1595 1954 debet:
1610 1919 1679 1953 nisi
1695 1918 1787 1953 forte

209 1983 356 2021 propter
379 1985 618 2009 communem
641 1974 833 2008 utilitatem
852 1985 971 2019 poena
990 1982 1208 2019 aggravetur
1223 1974 1266 2007 ad
1286 1973 1542 2008 abstraendum
1555 1973 1725 2007 homines
1744 1972 1786 2007 ab

209 2029 420 2074 hujusmodi
442 2028 611 2074 peccatis,
635 2028 727 2062 sicut
749 2028 887 2061 dictum
910 2035 963 2061 est
991 2027 1061 2072 (ln'c
1082 2029 1183 2074 sup).
1209 2027 1373 2062 Secundus
1395 2027 1526 2073 gradus
1549 2034 1613 2068 est,
1640 2026 1787 2073 quando

210 2083 288 2129 quis
310 2094 373 2129 per
394 2082 640 2128 ignorantiam
663 2081 846 2128 peccavit:
872 2089 906 2116 et
926 2089 1012 2116 tunc
1029 2081 1151 2127 aliquo
1167 2081 1280 2115 modo
1296 2093 1377 2116 reus
1391 2081 1623 2127 reputabatur
1640 2088 1788 2127 propter

210 2136 474 2182 negligentiam
497 2135 718 2177 addiscendi,
742 2135 803 2169 sed
825 2143 949 2169 tamen
971 2146 1046 2169 non
1066 2135 1281 2181 puniebatur
1296 2146 1359 2180 per
1372 2134 1523 2181 judices,
1542 2134 1603 2168 sed
1622 2133 1789 2180 expiabat

212 2199 404 2237 peccatum
427 2201 532 2224 suum
555 2200 618 2235 per
640 2189 836 2231 sacrificia,
860 2190 954 2223 unde
978 2189 1108 2222 dicitur
1127 2189 1241 2223 Levit.
1264 2199 1315 2232 4.;
1338 2189 1480 2231 Anima,
1499 2200 1581 2234 quae
1598 2188 1789 2235 peccaverit

205 2251 267 2291 per
289 2245 529 2289 ignorantiam,
546 2251 632 2277 etc.:
653 2243 715 2276 sed
731 2243 802 2276 hoc
818 2242 1096 2288 intelligendum
1112 2250 1165 2277 est
1179 2243 1222 2277 de
1237 2242 1442 2289 ignorantia
1456 2241 1553 2284 facti,
1571 2253 1646 2276 non
1665 2249 1787 2276 autem

213 2299 256 2332 de
286 2297 493 2343 ignorantia
516 2297 699 2343 praecepti
722 2296 844 2337 divini,
867 2296 965 2342 quod
989 2308 1118 2331 omnes
1141 2296 1232 2330 scire
1254 2296 1480 2330 tenebantur.
1507 2296 1637 2330 Tertim
1655 2295 1787 2342 gradus

213 2360 276 2394 est,
300 2352 445 2397 quando
469 2350 598 2396 aliquis
621 2362 662 2384 ex
685 2350 852 2396 superbia
868 2350 1053 2395 peccabat,
1073 2350 1163 2384 idest
1179 2362 1220 2384 ex
1236 2358 1333 2384 certa
1349 2349 1540 2391 electione,
1554 2348 1612 2383 vel
1632 2360 1674 2384 ex
1690 2356 1786 2383 certa

212 2405 368 2439 malitia:
397 2412 431 2439 et
462 2412 547 2438 tunc
575 2404 790 2449 puniebatur
824 2404 1025 2437 secundum
1059 2403 1298 2449 quantitatem
1329 2403 1462 2437 delicti.
1494 2403 1644 2448 Quarlus
1666 2410 1788 2437 autem

212 2459 344 2504 gradus
367 2466 430 2500 est,
453 2458 599 2504 quando
622 2458 797 2503 peccabat
824 2469 886 2502 per
913 2458 1147 2503 proterviam,
1171 2465 1205 2491 et
1226 2457 1484 2503 pertinaciam:
1514 2464 1548 2490 et
1573 2464 1658 2490 tunc
1687 2455 1789 2502 quasi

211 2512 366 2554 rebellis,
389 2520 424 2546 et
445 2512 648 2546 destructor
671 2511 910 2545 ordinationis
933 2511 1022 2556 legis
1046 2511 1199 2545 omnino
1223 2510 1446 2545 occidendus
1469 2517 1555 2544 erat.
1577 2509 1787 2544 Secundum

212 2566 283 2600 hoc
307 2566 501 2600 dicendum
525 2573 588 2607 est,
612 2565 708 2611 quod
731 2565 767 2598 in
790 2576 908 2610 poena
936 2564 1019 2598 furti
1047 2565 1344 2599 considerabatur
1371 2564 1572 2598 secundum
1599 2563 1719 2609 legem
1741 2563 1788 2605 id,

213 2620 309 2666 quod
333 2619 539 2665 frequenter
561 2619 726 2653 accidere
750 2627 908 2664 poterat:
934 2627 968 2652 et
988 2618 1072 2653 ideo
1096 2630 1160 2665 pro
1184 2618 1278 2652 furto
1303 2617 1455 2652 aliarum
1477 2628 1609 2659 rerum,
1631 2628 1723 2663 quae
1745 2616 1789 2650 de

213 2673 309 2707 sacili
333 2673 506 2707 custodiri
529 2680 680 2718 possunt
703 2684 721 2706 a
743 2672 890 2714 furibus,
914 2684 987 2705 uon
1008 2672 1179 2706 reddebat
1200 2671 1256 2706 fur
1277 2671 1345 2705 nisi
1365 2671 1534 2717 duplum:
1557 2681 1644 2705 oves
1667 2678 1788 2704 autem

214 2740 289 2762 non
312 2728 355 2762 de
377 2727 475 2761 facili
497 2735 648 2773 possunt
671 2726 842 2761 custodiri
867 2737 885 2759 a
912 2725 1019 2768 furto,
1043 2727 1125 2772 quia
1154 2734 1349 2772 pascuntur
1370 2725 1406 2759 in
1429 2725 1544 2771 agris;
1566 2733 1601 2759 et
1621 2724 1704 2759 ideo
1726 2723 1790 2759 fre-

214 2782 382 2828 quentius
410 2782 655 2825 contingebat,
683 2781 779 2827 quod
818 2792 904 2814 oves
941 2780 1035 2814 furto
1063 2781 1378 2822 subtraherentur3
1405 2779 1500 2814 unde
1526 2778 1583 2813 lex
1610 2779 1789 2824 majorem

216 2848 374 2883 poenam
398 2836 576 2882 apposuit,
600 2844 638 2869 ut
659 2835 797 2870 scilicet
819 2842 974 2880 quatuor
996 2845 1082 2868 oves
1107 2845 1172 2880 pro
1195 2845 1266 2868 una
1293 2844 1361 2868 ove
1389 2833 1633 2868 redderentur.
1656 2832 1788 2866 Adhuc

216 2898 336 2925 autem
357 2890 469 2924 boves
492 2888 672 2924 difficilius
696 2889 957 2930 custodiuntur,
981 2888 1063 2934 quia
1090 2888 1268 2922 habentur
1294 2887 1330 2922 in
1357 2886 1464 2933 agris,
1491 2894 1526 2921 et
1550 2897 1626 2921 non
1651 2885 1699 2921 ita
1726 2896 1790 2931 pa-
