1875 3198
239 191 325 243 526
623 203 842 237 QUAESTIO
877 203 1024 232 LXXIII.
1059 203 1302 232 ARTICULUS
1335 203 1424 233 VIII.

757 344 1102 388 ARTICULUS
1131 345 1254 388 VIII.
1730 368 1795 404 394

571 439 724 469 UTRUM
758 440 970 469 GRAVITAS
1004 441 1190 470 PECCATI
1223 441 1460 470 AUGEATUR

641 499 879 528 SECUNDUM
905 500 1035 542 MAJUS
1062 500 1390 530 NOCUMENTUM.

350 574 431 618 (2-2.
454 586 482 620 t]-
502 586 553 620 34.
574 580 637 609 art.
659 586 691 618 4.
715 581 753 609 et.
778 587 806 620 q.
831 586 876 621 73.
897 580 959 610 art.
978 588 1006 621 3.
1029 582 1117 621 corp.
1140 581 1169 610 et
1191 576 1274 610 Mal.
1297 588 1326 622 q.
1349 588 1380 611 2.
1403 581 1466 610 art.
1488 587 1540 610 10.
1563 576 1683 622 corp).

306 657 365 691 AD
382 668 570 691 oeTAthM
592 658 642 691 sic
664 658 880 703 proceditur.
898 658 1060 700 Videtur,
1077 658 1171 704 quod
1195 659 1349 704 gravitas
1371 659 1510 704 peccati
1531 669 1605 692 non
1625 666 1798 703 augeatur

235 711 434 745 secundum
461 712 576 756 majus
599 719 877 745 nocumentum:
906 720 1169 745 nocumentum
1193 712 1289 746 enirn
1313 720 1365 746 est
1387 712 1533 758 quidam
1549 720 1696 746 eventus
1717 723 1799 746 con-

237 776 389 810 sequens
413 772 533 798 actum
556 765 714 810 peccati:
737 765 798 798 sed
822 773 970 799 eventus
993 776 1145 810 sequens
1162 777 1236 799 non
1253 766 1349 799 addit
1365 766 1406 799 ad
1421 765 1632 807 bonitatem,
1647 765 1705 799 vel
1726 777 1798 799 ma-

234 818 347 852 litiam
372 826 482 859 actus,
505 825 543 851 ut
564 829 670 864 supra
692 818 828 852 dictum
853 827 904 852 est
928 819 972 864 (q.
995 831 1049 853 20.
1078 824 1140 853 art.
1164 819 1232 865 5.);
1256 830 1342 865 ergo
1365 827 1556 865 peccatum
1577 830 1652 853 non
1675 830 1798 865 aggra-

234 880 336 905 vatur
358 880 503 918 propter
529 873 646 917 majus
668 881 943 906 nocumentum.

307 936 337 959 2.
370 926 605 960 PRAETEREA.
634 926 908 960 Nocumentum
940 926 1096 960 maxime
1126 926 1306 960 invenitur
1335 927 1371 960 in
1397 926 1565 972 peccatis,
1594 937 1685 972 quae
1716 934 1798 960 sunt

234 987 358 1013 contra
386 979 612 1025 proximum3
635 980 717 1025 quia
740 980 806 1013 sibi
828 981 892 1026 ipsi
914 991 1024 1013 nemo
1046 979 1122 1014 vult
1143 991 1293 1014 nocere:
1316 980 1396 1014 Deo
1413 987 1535 1014 autem
1549 991 1659 1014 nemo
1679 987 1798 1026 potest

233 1043 379 1074 nocere,
402 1033 601 1066 secundum
624 1033 711 1066 illud
734 1033 800 1078 Job
828 1044 897 1078 35.:
921 1034 956 1067 Si
977 1034 1214 1079 riutltiplicutcze
1241 1034 1367 1078 fuerint
1395 1035 1582 1079 iniquitates
1607 1039 1692 1075 tuae,
1721 1033 1798 1079 quid

229 1087 337 1132 jacies
355 1091 469 1120 contra
496 1087 615 1121 illum?
641 1087 779 1128 homiui,
803 1088 859 1132 qui
880 1088 1052 1121 estsimilis
1071 1089 1140 1129 tibi,
1156 1088 1283 1121 nocebit
1296 1089 1445 1133 impietas
1472 1091 1547 1121 tua:
1566 1087 1595 1121 si
1613 1097 1700 1133 ergo
1719 1097 1799 1133 pec-

235 1147 356 1173 catum
373 1149 629 1186 aggravaretur
651 1148 795 1187 propter
817 1142 933 1185 majus
947 1149 1223 1183 nocumentum,
1245 1149 1465 1187 sequeretur,
1481 1141 1578 1187 quod
1595 1149 1798 1186 peccatum,

233 1205 304 1239 quo
321 1194 399 1239 quis
414 1202 540 1240 peccat
554 1194 589 1227 in
605 1194 823 1240 proximum,
841 1203 933 1229 esset
948 1194 1091 1240 gravius
1106 1203 1269 1241 peccato,
1289 1206 1360 1241 quo
1381 1195 1458 1241 quis
1474 1202 1600 1240 peccat
1612 1195 1647 1228 in
1663 1195 1796 1236 Deum,

232 1246 291 1280 vel
312 1247 347 1280 in
371 1247 538 1293 seipsum.

245 1307 248 1310 ”
306 1312 334 1346 3.
358 1300 594 1335 PRAETEREA.
617 1301 735 1347 Majus
756 1309 1021 1336 nocumentum
1043 1301 1192 1336 infertur
1214 1301 1332 1344 alicui,
1353 1313 1436 1336 cum
1454 1302 1613 1348 privatur
1630 1302 1703 1336 vita
1722 1312 1798 1347 gra-

233 1353 315 1396 tiae,
339 1366 447 1400 quam
471 1366 554 1388 cum
581 1355 740 1401 privatur
768 1355 841 1389 vita
871 1363 1040 1397 naturae;
1071 1355 1154 1401 quia
1176 1355 1248 1389 vita
1279 1356 1414 1401 gratiae
1442 1363 1495 1389 est
1520 1355 1660 1397 melior,
1687 1366 1796 1401 quam

231 1407 305 1441 vita
334 1416 503 1449 naturae;
539 1409 716 1442 intantum
751 1409 848 1455 quod
877 1408 992 1442 homo
1026 1408 1131 1443 debet
1159 1410 1271 1442 vitam
1302 1416 1451 1443 naturae
1479 1417 1724 1450 contemnere,
1751 1419 1796 1442 ne

232 1461 372 1495 amittat
392 1462 504 1495 vitam
529 1462 682 1507 gratiae:
706 1463 767 1496 sed
783 1462 908 1505 1101110,
925 1462 985 1508 qui
1003 1462 1139 1496 inducit
1155 1462 1313 1508 aliquam
1333 1461 1526 1496 mulierem
1548 1462 1592 1496 ad
1614 1461 1796 1496 fornican-

231 1515 328 1556 dum,
351 1523 525 1560 quantum
548 1523 600 1549 est
622 1515 665 1550 de
687 1527 735 1557 se,
758 1516 873 1561 privat
895 1527 975 1550 eam
998 1515 1071 1549 vita
1089 1516 1237 1561 gratiae,
1259 1515 1433 1549 inducens
1451 1527 1532 1549 eam
1548 1515 1591 1549 ad
1605 1523 1795 1562 peccatum

230 1568 404 1610 mortale;
424 1569 453 1602 si
475 1580 561 1614 ergo
585 1577 774 1615 peccatum
798 1577 892 1604 esset
914 1570 1057 1615 gravius
1081 1577 1226 1616 propter
1248 1570 1364 1615 majus
1383 1577 1659 1611 nocumentum,
1674 1580 1798 1615 seque-

231 1630 338 1663 retur,
362 1622 457 1668 quod
486 1622 637 1668 simplex
659 1622 857 1657 fornicator
879 1623 1022 1668 gravius
1049 1630 1226 1669 peccaret,
1253 1634 1363 1668 quarn
1390 1623 1591 1657 homicida:
1620 1622 1717 1668 quod
1744 1631 1796 1657 est

231 1675 420 1710 manifeste
434 1675 584 1710 falsum:
600 1688 674 1710 non
690 1688 776 1721 ergo
792 1684 981 1723 peccatum
997 1684 1050 1710 est
1064 1676 1208 1722 gravius
1222 1685 1370 1722 propter
1384 1678 1500 1722 majus
1519 1684 1792 1711 nocumentum.

302 1729 375 1763 SED
399 1740 553 1764 CONTRA
577 1737 639 1771 est,
672 1730 766 1775 quod
790 1730 1014 1775 Augustinus
1042 1730 1127 1763 dicit
1148 1730 1183 1763 in
1210 1741 1238 1775 3.
1263 1730 1305 1764 de
1329 1730 1405 1763 Lib.
1429 1730 1515 1764 Arb.
1539 1730 1630 1777 (cap.
1653 1741 1703 1774 14.
1731 1732 1791 1765 cir.

222 1782 305 1828 fin.)
320 1795 329 1817 .·
354 1784 447 1827 Quia
467 1784 587 1817 vitium
607 1789 745 1818 uuturue
760 1783 966 1826 adversatur,
983 1788 1112 1818 tantiam
1130 1783 1264 1818 additur
1278 1784 1426 1818 malitiae
1442 1785 1617 1825 vitiorum,
1634 1788 1792 1830 quantum

233 1837 413 1881 iutug'rt'ttzli
427 1842 628 1871 naturarum
645 1839 828 1871 minuitur:
848 1837 908 1871 sed
925 1837 1116 1871 diminutio
1131 1837 1345 1883 integritatis
1360 1845 1508 1872 naturae
1527 1845 1580 1871 est
1597 1848 1796 1872 nocumen-

227 1897 325 1931 tum;
349 1901 435 1935 ergo
458 1898 558 1924 tauto
582 1891 724 1936 gravius
745 1898 797 1924 est
819 1898 1020 1936 peccatum,
1041 1898 1175 1936 quanto
1198 1892 1314 1935 majus
1339 1899 1392 1925 est
1412 1899 1687 1925 nocumentum.

299 1943 528 1978 RESPONDEO
552 1944 757 1985 dicendum,
781 1944 877 1990 quod
900 1952 1162 1978 nocumentum
1185 1944 1358 1990 tripliciter
1384 1955 1421 1978 se
1448 1944 1580 1978 habere
1606 1951 1725 1990 potest
1751 1944 1794 1978 ad

227 2006 428 2043 peccatum.
454 1998 661 2044 Quzzudoque
684 1998 779 2032 enim
802 2006 1077 2040 nocumentum,
1100 1999 1196 2044 quod
1211 1998 1378 2044 provenit
1392 2009 1434 2032 ex
1449 2006 1611 2044 peccato,
1627 2006 1679 2032 est
1693 2008 1792 2044 prae-

227 2051 357 2092 visum,
380 2059 414 2085 et·
432 2052 628 2086 intentum:
652 2052 743 2086 sicut
759 2063 841 2086 cum
857 2052 984 2097 aliquis
1001 2051 1136 2098 aliquid
1159 2059 1326 2097 operatur
1349 2052 1472 2086 animo
1494 2051 1651 2086 nocendi
1667 2051 1788 2093 alteri3

229 2112 266 2138 ut
287 2105 484 2147 homicida,
506 2105 564 2139 vel
586 2105 657 2138 fur:
682 2114 715 2139 et
730 2113 813 2139 tunc
837 2106 970 2139 directe
987 2106 1165 2151 quantitas
1180 2107 1390 2140 nocumenti
1406 2105 1560 2150 adauget
1575 2105 1790 2149 gravitatem

229 2158 388 2203 peccati3
411 2161 493 2204 quia
515 2166 599 2192 tunc
615 2168 878 2193 nocumentum
894 2167 946 2193 est
961 2170 1021 2205 per
1036 2170 1072 2193 se
1088 2159 1271 2204 objectum
1286 2159 1436 2205 peccati.
1452 2158 1658 2204 Quandoque
1672 2166 1792 2192 autem

230 2219 495 2246 nocumentum
519 2220 571 2246 est
592 2213 809 2258 praevisum,
833 2213 893 2246 sed
916 2224 989 2246 non
1013 2213 1209 2247 intentum:
1233 2213 1324 2246 sicut
1352 2224 1433 2247 cum
1462 2212 1590 2258 aliquis
1615 2212 1793 2246 transiens

229 2277 289 2310 per
312 2277 451 2309 agrum,
471 2274 508 2299 ut
531 2266 814 2311 compendiosus
836 2266 943 2300 vadat
966 2267 1008 2299 ad
1028 2265 1294 2308 fornicandum,
1313 2265 1418 2300 infert
1438 2273 1702 2300 nocumentum
1725 2265 1792 2308 his,

230 2330 321 2364 quae
344 2326 425 2353 sunt
448 2320 624 2353 seminata
643 2320 677 2353 in
702 2331 789 2365 agro
813 2320 978 2362 scienter,
1001 2320 1085 2354 licet
1105 2331 1179 2353 11011
1202 2320 1324 2354 animo
1350 2320 1524 2355 nocendi:
1549 2327 1582 2354 et
1608 2320 1657 2354 sic
1685 2319 1793 2354 etiam

228 2373 406 2418 quantitas
429 2374 640 2407 nocumenti
664 2382 837 2419 aggravat
859 2382 1062 2419 peccatum,
1078 2374 1137 2408 sed
1155 2374 1346 2415 indirecte3
1370 2375 1583 2419 inquantum
1598 2372 1736 2407 scilicet
1750 2383 1792 2406 ex

227 2425 413 2460 voluntate
437 2426 591 2460 multum
615 2426 785 2461 inclinata
810 2428 852 2460 ad
876 2427 1101 2473 peccandum
1125 2427 1298 2472 procedit,
1321 2427 1417 2473 quod
1441 2427 1568 2473 aliquis
1589 2437 1663 2461 non
1690 2438 1792 2472 prae-

226 2480 399 2514 termittat
414 2479 530 2514 facere
547 2480 720 2513 damnum
744 2481 820 2522 sibi,
840 2481 897 2515 vel
912 2480 983 2522 alii,
999 2481 1095 2526 quod
1118 2480 1329 2526 simpliciter
1350 2491 1422 2515 non
1445 2480 1564 2515 vellet.
1583 2480 1789 2526 Quandoque

227 2541 347 2567 autem
369 2541 630 2567 nocumentum
655 2545 720 2568 nec
745 2542 796 2568 est
819 2535 1111 2580 praevisum,nec
1129 2535 1322 2568 intentum:
1347 2542 1382 2568 et
1402 2542 1487 2569 tunc
1506 2534 1533 2568 si
1547 2545 1609 2580 per
1624 2534 1791 2568 accidens

226 2599 262 2621 se
285 2588 415 2622 habeat
439 2588 480 2621 ad
504 2595 705 2634 peccatum,
738 2600 811 2621 non
845 2597 1017 2633 aggravat
1039 2595 1228 2634 peccatum
1251 2588 1396 2629 directe,
1423 2588 1483 2622 sed
1511 2595 1658 2634 propter
1683 2587 1793 2633 negli-

226 2642 385 2686 gentiam
410 2641 660 2675 considerandi
683 2650 915 2683 nocumenta,
929 2653 1020 2687 quae
1038 2642 1211 2687 consequi
1227 2649 1384 2687 possent,
1404 2641 1626 2687 imputantur
1647 2641 1789 2674 homini

226 2695 268 2729 ad
292 2706 447 2741 poenam
471 2695 578 2737 mala,
602 2706 692 2740 quae
717 2695 885 2729 eveniunt
908 2704 1048 2740 praeter
1078 2696 1152 2739 ejus
1182 2695 1433 2736 intentionem,
1456 2695 1485 2728 si
1507 2694 1613 2728 dabat
1640 2705 1789 2740 operam

226 2749 275 2783 rei
302 2749 465 2783 illicitae:
490 2751 516 2783 si
544 2760 630 2783 vero
653 2757 914 2783 nocumentum
940 2761 1000 2795 per
1020 2760 1055 2783 se
1076 2757 1244 2794 sequatur
1267 2760 1308 2783 ex
1329 2756 1408 2783 actu
1432 2748 1583 2795 peccati,
1610 2748 1694 2782 licet
1715 2759 1787 2781 non

225 2804 269 2837 sit
283 2803 472 2844 intentum,
487 2815 552 2837 nec
569 2803 784 2848 praevisum,
801 2803 934 2836 directe
953 2811 1142 2848 peccatum
1160 2809 1349 2847 aggravat:
1367 2802 1448 2848 quia
1464 2812 1714 2848 quaecumque
1730 2811 1791 2847 per

227 2868 263 2890 se
280 2865 549 2902 consequuntur
565 2857 607 2889 ad
632 2864 832 2901 peccatum,
856 2856 1033 2901 pertinent
1055 2856 1330 2902 quodammodo
1354 2857 1396 2889 ad
1419 2856 1535 2901 ipsam
1558 2855 1697 2901 peccati
1715 2865 1791 2900 spe·

227 2910 336 2944 ciem:
361 2918 456 2956 putu,
480 2911 506 2943 si
535 2910 662 2956 aliquis
692 2910 833 2956 publice
869 2909 1074 2951 fornicetur,
1106 2910 1265 2956 sequitur
1292 2909 1502 2944 scandalum
1527 2909 1786 2955 plurimorum;
