1907 3198
488 208 710 246 QUAESTlo
744 208 817 239 (311.
852 207 1096 238 ARTICULUS
1129 207 1185 236 v1.
1535 207 1615 250 773

57 293 169 328 boves
194 292 401 328 triturantes
427 290 471 326 de
497 290 658 337 frugibus
685 289 938 325 comederent:
967 288 1077 336 aliqui
1106 288 1216 324 etiam
1245 287 1401 322 malefici
1429 288 1618 322 utebantur

59 354 174 382 matre
195 345 275 381 ovis
295 345 501 386 incubante,
527 353 562 379 et
588 344 694 391 pullis
721 344 796 390 ejus
823 343 931 378 simul
959 343 1072 389 captis
1101 342 1143 377 ad
1172 341 1469 383 foecunditatem,
1500 350 1534 376 et
1555 341 1624 376 sor·

58 408 186 436 tunam
207 399 304 434 circa
324 398 561 434 nutritionem
584 397 759 432 filiorum:
782 405 817 432 et
837 397 921 443 quia
937 397 1047 431 etiam
1066 397 1101 431 in
1121 395 1280 442 auguriis
1302 395 1532 441 reputabatur
1551 395 1622 430 hoc

58 463 137 489 esse
149 451 385 494 fortunatum,
400 451 497 498 quod
519 451 739 486 inveniretur
754 458 870 485 mater
888 450 1062 485 incubans
1080 449 1179 484 filiis:
1203 449 1298 484 circa
1321 448 1623 484 commixtionem

58 517 147 542 vero
169 504 382 541 animalium
400 504 563 540 diversae
577 504 711 551 speciei
726 504 817 539 ratio
837 503 984 538 literalis
1000 503 1116 550 potuit
1130 514 1208 538 esse
1223 503 1355 550 triplex.
1380 503 1455 537 Una
1474 502 1621 549 quidem

59 559 104 596 ad
128 559 406 595 detestationem
433 557 659 593 idololatriae
674 557 953 604 Aegyptiorum,
966 557 1027 604 qui
1042 557 1190 592 diversis
1217 555 1539 591 commixtionibus
1555 564 1626 590 ute-

59 612 189 649 bantur
208 612 245 648 in
266 611 454 648 servitium
468 611 706 659 planetarum,
721 611 781 658 qui
799 611 1000 646 secundum
1019 611 1179 646 diversas
1198 610 1474 656 conjunctiones
1493 609 1627 644 habent

60 666 221 702 diversos
242 664 403 708 effectus,
417 673 452 700 et
469 676 575 712 super
593 664 655 711 [al.
675 665 845 710 similiter]
868 665 1027 700 diversas
1045 665 1184 711 species
1206 675 1337 699 rerum.
1360 664 1442 699 Alia
1464 664 1555 698 ratio
1574 671 1628 698 est

60 719 105 755 ad
126 718 392 755 excludendum
418 719 633 754 concubitus
659 727 786 753 contra
812 726 991 753 naturam.
1025 719 1140 753 Tertia
1165 718 1256 753 ratio
1278 726 1332 753 est
1354 718 1396 752 ad
1423 717 1626 752 tollendam

0 764 2 813 s
61 772 310 809 universaliter
334 772 569 808 occasionem
605 772 942 819 concupiscentiae:
970 772 1142 806 animalia
1173 772 1271 806 enim
1301 772 1524 806 diversarum
1553 782 1629 817 spe-

0 821 6 835 *
61 826 200 863 cierum
220 837 295 862 non
316 827 602 862 commiscentur
626 826 670 861 de
692 825 789 860 sacili
808 826 853 860 ad
871 825 1040 868 invicem,
1058 826 1126 860 nisi
1144 825 1214 860 hoc
1231 837 1292 872 per
1315 825 1485 860 homines
1502 835 1629 871 procu-

0 880 2 891 '
61 888 174 917 retur:
189 879 274 916 etin
289 887 436 927 aspectu
451 880 568 915 coitus
583 879 796 915 animalium
811 879 986 914 excitatur
1000 879 1143 914 homini
1157 878 1473 926 concupiscentiae
1488 886 1630 920 motus;

62 933 158 971 unde
179 941 216 970 et
236 934 273 969 in
297 932 548 969 traditionibus
570 933 791 979 Judaeorum
820 941 1052 980 praeceptum
1072 933 1262 974 invenitur,
1285 941 1322 967 ut
1343 932 1458 967 Rabbi
1480 932 1628 979 Moyses

5 1005 10 1013 ·
62 986 150 1024 dicit
171 987 249 1033 (tib.
266 998 297 1034 3.
323 986 425 1023 Deux
450 988 650 1029 errantium,
670 993 742 1034 cap.
761 999 813 1033 50·
833 988 919 1022 inter
936 986 1017 1022 med.
1039 992 1069 1022 et
1095 987 1183 1032 lim),
1211 994 1248 1021 ut
1273 986 1443 1021 homines
1470 992 1633 1020 avertant

4 1060 11 1082 ι
62 1039 193 1078 oculos
213 1040 257 1076 ab
278 1039 495 1076 animalibus
517 1040 741 1076 coeuntibus.

133 1092 311 1142 Figuralis
325 1101 448 1130 autem
461 1094 592 1130 harum
606 1094 698 1129 ratio
720 1102 784 1136 est,
799 1094 882 1141 quia
904 1095 982 1129 bovi
1000 1095 1186 1136 trituranti,
1210 1093 1302 1129 idest
1319 1092 1559 1140 praedicatori
1573 1092 1631 1127 de-

63 1146 191 1184 ferenti
216 1155 359 1195 segetes
383 1147 583 1191 doctrinae,
609 1159 683 1183 non
709 1156 792 1183 sunt
817 1148 1022 1183 necessaria
1049 1149 1164 1183 victus
1190 1147 1446 1190 subtrahenda,
1472 1155 1510 1182 ut
1535 1147 1632 1194 Apo-

63 1200 179 1238 stolus
199 1201 286 1237 dicit
316 1212 344 1237 1.
370 1201 415 1237 ad
437 1201 525 1237 Cor.
546 1213 598 1248 9.:
623 1203 766 1238 Μαίνεηι
785 1203 884 1237 etium
903 1214 968 1237 nnn
988 1202 1087 1237 simul
1100 1202 1248 1237 debemus
1266 1207 1371 1237 tencre
1389 1213 1463 1237 cum
1483 1201 1567 1248 filiis
1580 1200 1632 1245 (in

63 1261 115 1303 ep.
135 1267 164 1292 ι.
187 1253 268 1290 Cor.
289 1266 323 1302 9.
343 1266 410 1290 non
427 1256 520 1297 ιἠν.,·
544 1255 620 1291 hab.
633 1256 736 1291 solum
753 1257 786 1290 in
806 1267 840 1290 v.
859 1268 887 1302 5.
911 1255 1085 1291 ,ltalia-rem
1107 1256 1295 1301 sororem),·
1315 1255 1399 1302 quia
1417 1254 1633 1301 quibusdam

65 1307 243 1344 retinendi
261 1315 347 1344 sunt
367 1307 569 1355 spirituales
590 1320 727 1351 sensus,
749 1310 849 1356 quasi
872 1308 952 1351 filii3
974 1317 1010 1344 et
1030 1309 1243 1344 dimittenda
1266 1316 1319 1343 est
1344 1308 1493 1344 literalis
1515 1308 1634 1343 obser·

64 1361 198 1405 vanua,
223 1361 327 1409 quasi
352 1370 479 1405 mater,
500 1362 592 1398 sicut
612 1362 649 1398 in
671 1362 841 1397 omnibus
868 1363 1108 1398 caeremoniis
1135 1362 1235 1409 legis.
1263 1362 1480 1397 Prohibetur
1507 1362 1629 1403 etiam,

65 1415 163 1463 quod
171 1417 337 1462 jumenta,
352 1415 445 1451 idest
453 1415 646 1463 populares
660 1416 841 1458 homines,
856 1428 920 1451 non
928 1417 1098 1462 faciamus
1113 1418 1212 1459 coire,
1228 1416 1319 1451 idest
1333 1416 1633 1462 conjunctionem

65 1468 211 1513 habere,
230 1480 306 1505 cum
326 1468 461 1505 alterius
479 1470 605 1516 generis
625 1471 865 1512 animantibus,
888 1469 979 1505 idest
1001 1481 1090 1505 cum·
1109 1470 1324 1512 Gentilibus,
1346 1469 1404 1504 vel
1421 1469 1577 1516 Judaeis.

138 1522 199 1558 AD
219 1532 362 1559 nomm
383 1521 590 1565 dicendum,
616 1523 714 1570 quod
741 1523 910 1558 homines
937 1523 1021 1559 illae
1049 1523 1330 1559 commixtiones
1357 1523 1392 1558 in
1415 1522 1634 1570 agricultura

3 1598 9 1630 ¹.
64 1583 148 1612 sunt
171 1575 374 1624 prohibitae
400 1575 445 1611 ad
471 1575 628 1619 literam,
646 1577 682 1611 in
701 1577 981 1612 detestationem
1008 1577 1257 1620 idololatriae3
1284 1577 1368 1624 quia
1396 1576 1569 1624 Aegyptii
1595 1576 1631 1610 in

0 1640 21 1650 -
65 1630 352 1672 venerationem,
372 1628 558 1666 stellarum
576 1630 736 1666 diversas
754 1631 1036 1666 commixtiones
1051 1630 1242 1673 faciebant,
1264 1639 1298 1666 et
1320 1631 1355 1665 in
1373 1631 1583 1672 seminibus,
1601 1638 1636 1664 et

65 1683 103 1721 in
117 1683 347 1727 animalibus,
360 1692 395 1720 et
407 1684 446 1719 in
459 1684 617 1720 vestibus
635 1693 943 1732 repraesentantes
965 1685 1124 1720 diversas
1139 1685 1416 1731 conjunctiones
1435 1684 1634 1720 stellarum.

66 1736 211 1773 Habent
226 1745 349 1774 tamen
370 1737 561 1786 figuralem
584 1738 780 1782 rationem;
801 1739 885 1786 quia
907 1739 1003 1786 quod
1025 1739 1173 1774 dicitur:
1197 1739 1367 1775 Nonsercs
1387 1740 1521 1774 vineam
1544 1744 1634 1774 tuam

66 1791 168 1828 altero
187 1793 321 1835 semine,
343 1800 398 1828 est
417 1791 647 1840 spiritualiter
667 1792 956 1840 intelligendum,
979 1793 1074 1840 quod
1099 1795 1132 1828 in
1155 1793 1330 1836 Ecclesia,
1353 1804 1444 1840 quae
1467 1801 1520 1828 est
1540 1792 1637 1839 spiri-

68 1845 176 1883 tualis
199 1846 319 1890 vinea,
340 1857 415 1882 non
442 1854 495 1882 est
516 1846 730 1882 seminanda
752 1847 869 1882 aliena
897 1847 1078 1882 doctrina:
1102 1855 1137 1882 et
1157 1846 1322 1882 similiter
1343 1858 1435 1893 ager,
1458 1846 1548 1880 idest
1570 1845 1637 1880 Ec-

67 1898 189 1943 clesia,
202 1911 269 1936 non
289 1905 332 1936 cst
351 1900 561 1936 seminandus
573 1899 703 1936 diverso
715 1903 847 1944 semine,
867 1901 959 1936 idest
980 1901 1162 1936 catholica
1181 1901 1358 1942 doctrina,
1380 1909 1415 1935 et
1435 1899 1635 1934 haeretica:

67 1964 143 1989 non
169 1961 223 1990 est
248 1953 359 1990 etiarn
385 1953 494 1989 simul
520 1954 686 1990 arandum
705 1955 740 1990 in
762 1956 852 1996 bove,
877 1959 906 1990 et
923 1956 1034 1996 asino,·
1063 1954 1146 2002 quia
1172 1953 1290 1990 fatuus
1316 1954 1467 2002 sapienti
1486 1954 1520 1988 in
1541 1964 1639 2000 prae-

68 2005 253 2043 dicatione
275 2017 350 2043 non
371 2015 426 2043 est
446 2007 652 2050 sociandus,
673 2008 757 2055 quia
779 2019 871 2044 unus
892 2008 1044 2056 impedit
1061 2007 1184 2043 alium.

139 2060 201 2097 AD
218 2071 396 2098 maenum
411 2060 462 2107 (in
476 2061 641 2097 codicibus
654 2066 684 2097 ct
703 2062 737 2096 ἰιι
750 2063 912 2098 veteribus
930 2062 1125 2097 editionibus
1138 2061 1220 2098 deest
1232 2061 1349 2097 solutio
1369 2061 1412 2096 ad
1434 2061 1638 2103 decimum;

66 2125 125 2150 nos
145 2119 270 2151 textum
291 2114 469 2151 francisci
489 2115 617 2152 Garcia
635 2114 866 2163 adoptavimus
883 2128 902 2151 a
927 2117 1079 2152 Nicolaio
1094 2117 1193 2152 etiam
1217 2116 1428 2164 adoptatum)
1443 2115 1638 2151 dicendum

69 2166 218 2204 Denter.
246 2178 278 2215 7.
310 2168 570 2204 rationabiliter
599 2168 782 2216 prohiberi
818 2177 1020 2215 argentum,
1054 2178 1089 2205 et
1122 2181 1269 2212 aurum;
1304 2181 1377 2205 non
1405 2182 1446 2205 ex
1473 2181 1518 2204 eo
1541 2169 1638 2216 quod

69 2221 263 2258 hominum
284 2223 452 2270 potestati
471 2222 632 2270 subjecta
651 2234 724 2258 non
739 2223 828 2266 sint;
851 2224 913 2258 sed
934 2224 1017 2270 quia
1039 2223 1132 2258 sicut
1153 2223 1229 2270 ipsa
1251 2223 1360 2265 idola,
1383 2223 1430 2258 ita
1453 2223 1495 2258 ed
1515 2223 1638 2258 omnia

73 2272 148 2318 illa,
168 2286 213 2311 ex
233 2275 362 2323 quibus
375 2275 532 2312 conflata
554 2284 657 2312 erant
679 2277 900 2312 anathemati
922 2277 1213 2323 subjiciebantur,
1237 2286 1360 2325 utpote
1382 2277 1463 2312 Deo
1483 2277 1640 2311 maxime

69 2327 324 2365 abominanda.
348 2328 460 2372 Quod
487 2337 584 2377 patet
610 2342 651 2365 cx
674 2329 859 2378 praedicto
887 2330 1014 2378 capite,
1035 2331 1093 2366 ubi
1115 2331 1296 2366 subditur:
1321 2331 1387 2366 Nec
1411 2331 1528 2377 inseres
1549 2329 1639 2377 quid-

65 2382 165 2431 piam
183 2394 224 2418 α
243 2382 332 2419 idolo
351 2384 388 2419 in
407 2382 543 2419 domum
563 2389 669 2426 tuam,
684 2384 794 2431 nufias
807 2384 994 2425 anathema,
1019 2386 1103 2420 sicut
1124 2390 1152 2420 et
1175 2384 1255 2419 illud
1276 2391 1341 2420 est:
1364 2393 1441 2419 tum
1461 2385 1570 2419 etiam
1593 2395 1639 2418 ne

69 2443 221 2484 accepto
242 2446 344 2480 auro,
365 2444 401 2472 et
421 2445 572 2484 argento
599 2449 641 2472 ex
669 2437 864 2485 cupiditate
891 2437 995 2474 facile
1023 2438 1222 2474 inciderent
1245 2439 1279 2473 in
1308 2438 1567 2480 idololatriam,
1595 2437 1638 2472 ad

70 2499 181 2538 quam
201 2489 308 2538 proni
328 2498 431 2526 erant
446 2490 584 2537 Judaei.
609 2489 794 2526 Secundum
817 2499 939 2527 autem
961 2500 1195 2539 praeceptum
1215 2492 1495 2527 Deuteronomii
1518 2502 1572 2537 23.
1595 2491 1640 2526 de

69 2542 316 2591 egestionibus
327 2542 444 2580 burno
457 2544 664 2592 operiendis
678 2545 824 2590 justum,
839 2553 946 2593 atque
955 2546 1152 2581 honestum
1171 2545 1247 2588 suit,
1262 2554 1338 2581 tum
1361 2546 1407 2581 ob
1424 2545 1639 2580 munditiam

71 2595 314 2645 corporalem,
337 2605 416 2633 tum
438 2597 485 2633 ob
507 2598 599 2633 aeris
625 2596 872 2634 salubritatem
899 2600 1199 2641 conservandam,
1222 2608 1298 2634 tum
1320 2599 1366 2634 ob
1389 2598 1640 2641 reverentiam,

72 2660 166 2698 quae
184 2649 381 2687 debebatur
400 2650 635 2687 tabernaculo
657 2651 812 2688 foederis
836 2653 871 2687 in
893 2653 1018 2688 castris
1034 2653 1212 2695 existenti,
1230 2653 1265 2687 in
1288 2664 1361 2700 quo
1380 2652 1562 2688 Dominus
1581 2653 1640 2688 ha-

51 2700 184 2739 .bitare
200 2702 406 2748 dicebatur;
425 2704 519 2741 sicut
539 2704 586 2739 ibi
608 2713 730 2752 aperte
751 2706 963 2749 ostenditur,
985 2707 1044 2741 ubi
1067 2708 1187 2753 posito
1209 2706 1272 2741 illo
1292 2715 1498 2754 praecepto,
1517 2706 1637 2742 statim

72 2755 299 2804 subjungitur
316 2758 392 2805 ejus
415 2758 519 2800 ratio,
540 2757 698 2795 scilicet:
721 2759 887 2795 Dominus
914 2761 1003 2795 Deus
1024 2761 1174 2795 ambulat
1196 2761 1229 2795 in
1253 2760 1357 2795 nat-«tio
1384 2766 1583 2802 castrat-mn,
1606 2765 1641 2795 ut

71 2815 170 2847 mat
187 2815 228 2854 tc,
250 2819 331 2855 eet..
351 2816 389 2847 ut
407 2810 472 2847 sint
490 2817 599 2847 castra
617 2817 675 2847 tua
699 2818 813 2848 sancta
830 2814 935 2858 (idest
955 2814 1106 2857 munda)
1128 2820 1156 2849 ct
1179 2814 1262 2849 nihil
1285 2816 1318 2849 in
1340 2815 1381 2849 cis
1403 2819 1562 2861 appareat
1572 2814 1641 2861 soc-

73 2861 196 2901 dantis.
212 2863 318 2901 Ratio
333 2872 454 2901 autem
473 2863 631 2912 figuralis
647 2865 754 2912 hujus
766 2867 946 2914 praecepti
961 2878 1002 2903 ex
1019 2867 1199 2913 Gregorio
1214 2867 1290 2913 (tib.
1303 2880 1348 2915 31.
1365 2868 1489 2903 Moral.
1508 2876 1580 2916 cap.
1597 2880 1639 2914 ¹3·

74 2927 98 2954 a
116 2915 215 2965 med.)
237 2926 302 2961 est,
324 2926 361 2954 ut
382 2916 652 2965 significaretur,
675 2928 835 2966 peccata,
857 2932 950 2968 quae
969 2933 988 2957 a
1012 2922 1141 2956 mentis
1163 2930 1307 2957 nostrae
1327 2930 1429 2957 utero
1451 2930 1638 2969 tamquam

219 2999 250 3028 S.
270 3000 392 3029 Tuom
413 3000 517 3028 sunm
543 3001 704 3037 Tbaotogiea.
726 3002 791 3030 Vol.
815 3003 850 3030 Η,
1469 3013 1498 3037 50
