1875 3198
208 193 289 246 562
597 204 817 239 QUAEST10
853 204 1013 233 LXXVII.
1048 204 1293 234 ARTICULUS
1329 205 1370 233 V.

206 284 302 330 quod
324 285 473 319 avaritia
495 284 714 326 nominatur,
736 284 781 318 sit
802 284 899 318 radix
922 284 1087 317 omnium
1109 292 1356 330 peccatorum,
1378 285 1469 319 infra
1487 285 1626 319 dicetur
1648 285 1694 332 (q.
1713 289 1769 330 84.

207 343 269 372 art.
288 350 315 372 1.
318 338 345 381 ).

277 392 335 425 AD
363 402 570 426 SECUNDUM
597 390 791 424 dicendum
818 390 914 436 quod
949 392 1212 437 concupiscfflztia
1239 391 1409 425 oculorum
1444 402 1519 425 non
1551 392 1681 426 dicitur
1710 393 1769 426 hic

206 444 500 490 concupiscentia
523 444 687 478 omnium
710 455 841 485 rerum,
857 455 948 489 quae
963 443 1076 477 videri
1099 443 1214 477 oculis
1236 452 1397 490 possunt,
1413 445 1475 478 sed
1493 445 1614 479 solum
1633 457 1770 488 earum,

205 498 241 531 in
267 498 393 544 quibus
418 509 492 531 non
520 497 703 543 quaeritur
729 496 920 530 delectatio
949 497 1076 538 carnis,
1104 508 1195 542 quae
1222 505 1275 531 est
1304 498 1505 531 secundum
1532 506 1682 541 tactum,
1708 499 1770 533 sed

205 550 324 585 solum
346 550 538 585 delectatio
562 550 670 592 oculi,
692 550 783 584 idest
805 550 1065 596 cujuscumque
1094 550 1376 595 apprehensivae
1397 550 1548 585 virtutis.

275 605 334 638 AD
357 615 527 638 TERTIUM
555 603 760 644 dicendum,
788 603 883 649 quod
911 614 1035 643 sensus
1061 603 1158 637 visus
1185 612 1238 637 est
1265 603 1499 638 excellentior
1525 604 1616 639 inter
1642 616 1770 639 omnes

205 657 294 691 alios
316 669 451 699 sensus,
475 665 508 691 et
531 657 574 690 ad
596 656 699 703 plura
721 667 757 690 se
780 656 985 698 extendens,
1008 664 1046 690 ut
1073 656 1202 690 dicitur
1222 657 1258 690 in
1278 668 1305 690 1.
1320 657 1479 703 Metaph.
1503 657 1553 702 (in
1569 659 1713 704 princ.)‚·
1737 667 1772 693 et

204 711 284 744 ideo
311 722 447 744 nomen
475 711 550 755 ejus
568 709 754 744 trasfertur
776 710 819 743 ad
842 721 970 743 omnes
993 709 1083 743 alios
1110 721 1247 751 sensus,
1270 717 1304 743 et
1331 710 1439 744 etiam
1463 711 1507 744 ad
1529 721 1658 745 omnes
1684 711 1771 746 inte-

205 764 315 798 riores
338 763 654 810 apprehensiones,
677 771 714 797 ut
735 763 889 808 August.
902 762 987 796 dicit
999 763 1034 796 in
1051 762 1142 796 libro
1166 763 1208 796 de
1223 762 1330 796 Verb.
1346 763 1456 797 Dom.
1471 764 1604 810 (ser-‚35
1619 776 1639 798 α
1658 765 1769 810 med).

274 818 333 851 AD
360 827 548 856 QUARTUM
575 816 782 857 dicendum,
810 816 906 862 quod
933 815 1018 861 fuga
1045 815 1131 849 mali
1159 825 1326 859 causatur
1353 828 1394 851 ex
1423 818 1581 863 appetitu
1607 818 1705 861 boni,
1733 827 1771 853 ut

201 882 307 916 supra
325 870 462 904 dictum
484 878 537 904 est
559 869 604 915 (q.
627 881 673 915 25.
693 875 756 904 art.
778 881 808 904 2.
831 875 860 904 et
886 881 915 915 q.
938 881 993 915 29.
1012 875 1075 904 art.
1098 870 1162 914 2.);
1186 878 1220 904 et
1241 870 1323 904 ideo
1346 880 1530 916 ponuntur
1551 870 1671 905 solum
1694 883 1772 918 pas-

203 924 322 958 siones
344 923 557 958 inclinantes
573 923 615 956 ad
630 923 768 957 bonum
789 931 977 968 tamquam
1000 934 1130 957 causae
1149 934 1286 965 earum,
1303 935 1394 970 quae
1409 923 1546 958 faciunt
1567 925 1770 960 inordinate

202 977 326 1024 fugam
350 977 446 1011 mali.

757 1117 1102 1162 ARTICULUS
1136 1118 1212 1160 VI.
1701 1139 1771 1172 420

356 1227 509 1256 UTRUM
543 1226 780 1270 PECCATUM
813 1226 1088 1255 ALLEVIETUR
1122 1225 1317 1255 PROPTER
1349 1225 1605 1255 PASSIONEM.

749 1313 862 1360 (Schr.
886 1325 914 1358 q.
939 1325 985 1359 23.
1005 1318 1068 1347 art.
1088 1325 1115 1359 3.
1139 1313 1180 1347 acl
1199 1325 1226 1359 3.

344 1373 373 1401 et
394 1379 424 1413 q.
445 1379 500 1412 47.
523 1373 587 1402 art.
610 1379 640 1402 2.
664 1373 752 1412 corp.
775 1371 802 1401 et
831 1367 917 1400 Veri.
940 1379 969 1412 q.
992 1368 1048 1401 26.
1072 1372 1134 1400 arl.
1160 1378 1188 1412 7.
1211 1372 1239 1400 el
1261 1366 1344 1400 Mal.
1363 1378 1392 1412 q.
1412 1378 1442 1412 3.
1464 1372 1529 1402 art.
1553 1368 1627 1411 IL).

273 1456 332 1490 AD
355 1466 506 1490 SEXTUM
526 1456 575 1490 sic
596 1456 812 1502 proceditur.
833 1455 995 1497 Videtur,
1008 1455 1102 1501 quod
1119 1463 1310 1501 peccatum
1325 1466 1399 1489 non
1421 1454 1609 1488 allevietur
1623 1462 1770 1500 propter

202 1510 427 1556 passionem:
452 1517 689 1555 augmentum
712 1509 809 1543 enim
837 1520 966 1543 causae
995 1517 1102 1555 auget
1123 1508 1308 1542 effectum:
1336 1509 1364 1542 si
1392 1508 1489 1542 enim
1516 1508 1675 1541 calidum
1703 1508 1771 1542 dis-

202 1562 319 1604 solvit,
343 1563 459 1609 magis
481 1562 639 1596 calidum
662 1563 776 1608 magis
799 1562 980 1596 dissolvit:
1004 1563 1064 1596 sed
1087 1562 1206 1608 passio
1229 1570 1282 1595 est
1304 1573 1412 1596 causa
1439 1562 1589 1608 peccati,
1612 1570 1649 1595 ut
1670 1561 1769 1595 habi-

201 1624 278 1650 tum
301 1624 353 1650 est
376 1617 453 1659 (art.
473 1616 616 1662 praec.);
641 1627 726 1662 ergo
750 1623 885 1661 quanto
905 1625 957 1650 est
971 1616 1142 1650 intentior
1164 1615 1296 1661 passio,
1311 1623 1411 1649 tanto
1434 1623 1487 1649 est
1507 1616 1624 1661 majus
1646 1626 1771 1661 pecca-

200 1678 296 1704 tum:
319 1670 438 1715 passio
461 1670 570 1714 igitur
591 1681 664 1703 non
687 1669 816 1703 minuit
838 1677 1040 1714 peccatum,
1063 1669 1124 1703 sed
1148 1677 1266 1714 auget.

273 1733 304 1756 2.
327 1723 564 1758 PRAETEREA.
589 1723 690 1757 Sicut
710 1734 748 1756 se
770 1722 878 1756 habet
900 1723 1019 1768 passio
1041 1722 1136 1756 bona
1160 1722 1202 1755 ad
1223 1722 1404 1763 meritum,
1426 1722 1474 1756 ita
1493 1733 1531 1756 se
1545 1721 1654 1755 habet
1668 1721 1764 1755 mala

201 1777 320 1823 passio
348 1776 391 1810 ad
418 1785 628 1822 peccatum:
656 1776 718 1810 sed
746 1776 841 1809 bona
869 1776 987 1822 passio
1017 1783 1124 1821 auget
1150 1776 1338 1809 meritum:
1374 1783 1474 1809 tanto
1510 1775 1607 1809 enim
1641 1774 1769 1821 aliquis

201 1831 316 1877 magis
338 1830 478 1864 videtur
501 1831 643 1871 mereri,
666 1838 800 1876 quanto
825 1842 866 1864 ex
889 1830 1019 1875 majori
1041 1829 1290 1863 misericordia
1309 1829 1458 1875 pauperi
1479 1829 1662 1871 subvenit3
1681 1839 1768 1875 ergo

201 1885 308 1918 etiam
332 1883 428 1918 mala
447 1884 566 1930 passio
590 1884 707 1929 magis
730 1892 904 1929 aggravat
926 1891 1127 1929 peccatum,
1150 1894 1260 1929 quam
1283 1882 1438 1917 alleviet.

274 1949 301 1984 3.
325 1938 560 1972 PRAETEREA.
583 1937 733 1978 Quanto
756 1937 943 1971 intensiori
964 1936 1150 1970 voluntate
1175 1935 1302 1982 aliquis
1330 1935 1416 1970 facit
1437 1943 1640 1982 peccatum,
1666 1943 1768 1970 tanto

201 1993 343 2037 gravius
365 1991 505 2025 videtur
523 2002 693 2036 peccare:
722 1991 784 2024 sed
807 1991 926 2036 passio
942 1989 1131 2036 impellens
1146 1989 1371 2023 voluntatem
1382 1989 1468 2023 facit
1482 2000 1563 2023 eam
1577 1989 1770 2023 vehemen-

201 2045 269 2078 tius
291 2044 374 2078 ferri
396 2045 432 2078 in
456 2052 577 2078 actum
600 2044 758 2091 peccati3
782 2055 868 2089 ergo
891 2044 1010 2090 passio
1035 2050 1207 2089 aggravat
1225 2052 1427 2089 peccatum.

273 2098 347 2132 SED
364 2109 529 2132 CONTRA.
546 2098 670 2132 Passio
685 2098 761 2143 ipsa
776 2097 1090 2144 concupiscentiae
1103 2105 1264 2131 vocatur:
1276 2098 1411 2131 tentatio
1422 2097 1545 2131 carm's:
1559 2095 1621 2130 sed
1633 2105 1767 2142 quanto

203 2151 330 2197 aliquis
348 2151 477 2196 majori
496 2151 695 2185 tentatione
711 2151 958 2197 prosternitur,
973 2158 1073 2184 tanto
1089 2150 1207 2184 minus
1223 2158 1360 2195 peccat,
1375 2158 1412 2184 ut
1427 2158 1524 2196 patet
1537 2160 1600 2196 per
1614 2150 1766 2195 August.

202 2205 277 2250 (lib.
299 2217 331 2249 4.
354 2204 390 2239 da
415 2205 489 2239 civ.
518 2205 584 2238 Dei
611 2211 682 2250 sap.
706 2216 753 2239 12.
783 2205 814 2238 in
834 2205 896 2250 fin.
920 2205 960 2238 alr
988 2204 1133 2250 opposito
1161 2204 1271 2249 colligi
1293 2204 1435 2250 potest);
1465 2213 1552 2249 ergo
1579 2204 1699 2249 passio
1721 2203 1769 2236 di-

203 2259 331 2292 minuit
352 2267 553 2304 peccatum.

273 2312 502 2346 RESPONDEO
530 2311 736 2353 dicendum,
759 2312 854 2357 quod
874 2319 1063 2357 peccatum
1081 2310 1316 2345 essent²aliter
1335 2310 1498 2344 consistit
1520 2309 1554 2343 in
1571 2318 1652 2344 actu
1666 2309 1767 2344 liberi

202 2366 347 2407 arbitrii,
370 2365 466 2411 quod
490 2373 542 2399 cst
564 2364 715 2399 facultas
738 2365 945 2406 voluntatis,
969 2373 1003 2399 et
1025 2364 1192 2398 rationis:
1209 2364 1329 2410 passio
1348 2372 1467 2398 autem
1492 2371 1545 2398 est
1566 2371 1687 2397 motus
1711 2374 1769 2409 ap-

203 2419 330 2465 petitus
353 2419 530 2461 sensitivi3
553 2418 729 2464 appetitus
750 2427 870 2452 autem
893 2418 1085 2452 sensitivus
1113 2426 1230 2463 potest
1252 2428 1289 2451 se
1312 2417 1444 2451 habere
1468 2417 1509 2450 ad
1542 2416 1693 2450 liberum
1717 2428 1768 2450 ar-

200 2473 344 2506 bitrium
385 2481 418 2506 ct
451 2472 684 2512 mztcccdanlsr,
721 2480 754 2505 et
785 2477 1036 2517 ronscqmrntsr,·
1077 2471 1332 2504 antecedenter
1366 2470 1524 2516 quidem,
1566 2469 1765 2504 secundum

201 2526 297 2571 quod
320 2526 438 2572 passio
462 2525 638 2572 appetitus
661 2525 819 2558 sensitivi
843 2525 962 2566 trahit,
985 2524 1041 2558 vel
1064 2524 1213 2557 inclinat
1235 2525 1425 2565 rationem,
1447 2523 1504 2557 vel
1525 2522 1766 2563 voluntatem,

203 2587 240 2612 ut
260 2590 364 2625 supra
387 2579 522 2612 dictum
543 2586 596 2612 cst
619 2578 698 2621 (art.
723 2590 748 2612 1.
771 2583 797 2612 ct
820 2578 934 2622 2.l.=11j.
959 2591 987 2623 q.
1011 2583 1038 2611 c!
1060 2589 1088 2623 q.
1114 2577 1326 2623 1‹›.‹1rt.3.),·
1351 2584 1614 2623 consequenter
1633 2584 1765 2618 autem,

202 2632 398 2666 secundum
422 2632 517 2678 quod
542 2640 662 2665 motus
684 2631 910 2677 superiorum
931 2632 1073 2672 virium,
1096 2632 1122 2664 si
1147 2631 1216 2665 sint
1237 2631 1483 2671 vehementes,
1506 2630 1708 2664 redundant
1730 2630 1764 2663 in

203 2685 407 2720 inferiores:
426 2697 499 2719 non
516 2686 611 2720 enim
632 2694 748 2732 potest
768 2685 934 2719 voluntas
955 2685 1091 2719 intense
1115 2685 1252 2718 moveri
1274 2686 1307 2718 in
1324 2683 1469 2730 aliquid,
1489 2683 1574 2730 quin
1593 2683 1766 2718 excitetur

203 2738 320 2785 aliqua
344 2740 461 2785 passio
486 2739 518 2772 in
543 2739 701 2785 appetitu
724 2738 906 2772 sensitivo.
928 2738 963 2771 Si
985 2738 1092 2782 igitur
1115 2738 1286 2784 accipitur
1300 2737 1430 2784 passio,
1449 2736 1649 2771 secundum
1668 2736 1763 2782 quod

203 2793 383 2837 praecedit
405 2800 525 2826 actum
546 2792 695 2838 pcccati,
715 2791 763 2825 sic
780 2803 927 2825 necesse
947 2800 998 2825 cst
1018 2791 1112 2837 quod
1132 2790 1308 2825 diminuat
1323 2799 1529 2837 peccatum:
1552 2797 1652 2824 actus
1667 2788 1763 2823 enim

204 2846 379 2879 intantum
403 2854 455 2880 est
477 2854 678 2892 peccatum,
702 2845 912 2891 inquantum
937 2853 988 2878 cst
1004 2844 1238 2885 voluntarius,
1261 2853 1293 2878 et
1316 2844 1350 2878 in
1365 2843 1468 2878 nobis
1490 2843 1665 2877 existens:
1686 2852 1763 2876 esse

203 2906 323 2932 autem
359 2899 491 2944 aliquid
520 2899 553 2932 in
582 2899 685 2932 nobis
719 2898 847 2932 dicitur
874 2909 935 2943 per
962 2898 1151 2938 rationem,
1179 2905 1212 2932 ct
1238 2897 1481 2937 voluntatcm3
1509 2896 1602 2930 unde
1628 2903 1763 2942 quanto
