1907 3198
489 170 710 206 QUAESTIO
743 170 832 200 XIX.
867 169 1114 200 ARTICULUS
1148 170 1192 201 11.
1562 161 1636 202 161

60 252 413 289 circumstantiarum
435 252 616 299 contingit
631 263 710 288 esse
729 252 976 287 diversitatem
993 252 1175 295 bonitatis,
1191 261 1227 287 et
1245 252 1405 288 malitiae
1425 255 1461 288 in
1481 262 1564 288 actu
1582 265 1644 288 vo-

58 307 223 349 luntatis;
244 315 329 354 puta
351 306 451 353 quod
471 306 601 354 aliquis
622 306 710 341 velit
727 306 873 353 quando
891 306 1009 349 debet,
1025 315 1059 341 et
1074 307 1136 341 ubi
1149 307 1267 349 debet,
1282 315 1317 342 et
1332 315 1507 354 quantum
1524 307 1642 350 debet,

59 369 94 398 et
113 361 303 408 quomodo
324 360 440 403 debet,
461 360 521 396 vel
541 369 649 408 prout
665 360 790 403 debet;
812 372 901 407 ergo
923 360 1066 396 bonitas
1094 360 1294 396 voluntatis
1326 373 1403 396 non
1436 361 1557 396 solum
1587 362 1643 396 dc-

56 415 190 464 pendet
209 426 252 450 ex
274 415 431 461 objecto,
453 416 515 450 sed
538 416 646 450 etiam
670 427 714 450 ex
735 415 1028 450 circumstantiis.

130 481 160 516 3.
181 469 420 504 PRAETEREA.
439 469 651 515 Ignorantia
674 469 1031 504 circumstantiarum
1054 477 1203 504 excusat
1224 469 1403 504 malitiam
1430 469 1641 512 voluntatis,

55 531 95 559 ut
114 535 221 570 supra
242 523 408 558 habiturn
429 532 483 558 est
506 523 550 570 (q.
574 524 606 559 6.
630 528 694 558 art.
717 524 782 568 3.).·
806 524 869 558 sed
890 524 962 559 hoc
997 535 1072 558 non
1107 531 1214 566 esset,
1243 524 1314 558 nisi
1334 523 1490 566 bonitas,
1513 532 1548 558 et
1569 535 1643 558 ma-

54 577 132 613 litia
150 577 348 612 voluntatis
372 589 392 612 a
413 577 694 613 circumstantiis
717 577 959 625 dependeret;
995 589 1084 625 ergo
1118 578 1274 621 bonitas,
1297 586 1332 613 et
1353 578 1492 613 malitia
1515 577 1643 613 volun-

54 631 138 668 tatis
158 631 364 679 dependent
385 642 427 666 ex
449 631 743 674 circumstantiis,
766 640 801 666 et
822 643 898 666 non
921 644 940 666 a
962 632 1042 667 solo
1065 633 1224 678 objecto.

127 685 202 721 SED
229 696 398 722 CONTRA.
420 685 472 720 Ex
494 686 788 729 circumstantiis,
809 686 1027 733 inquantum
1053 686 1278 732 hujusmodi,
1306 694 1408 721 actus
1429 697 1504 721 non
1525 686 1637 722 habet

53 739 228 788 speciem,
248 747 288 775 ut
307 751 415 787 supra
437 740 576 774 dictum
598 748 651 775 est
670 739 716 787 (q.
734 741 785 776 18.
805 745 869 775 art.
889 752 941 777 10.
961 740 1004 775 ad
1021 741 1094 786 2.):
1118 741 1180 775 sed
1201 742 1336 784 bonum,
1356 749 1392 776 et
1408 741 1534 776 malum
1555 749 1639 776 sunt

52 793 245 842 specificae
265 792 491 829 differentiae
513 802 614 829 actus
635 794 846 837 voluntatis,
869 802 908 829 ut
929 794 1069 830 dictum
1087 803 1142 830 est
1161 794 1206 841 (q.
1226 796 1277 831 18.
1297 800 1361 830 art.
1376 797 1446 842 5.),·
1471 806 1559 841 ergo
1579 795 1641 829 bo-

52 847 160 891 nitas»,
173 855 210 884 et
223 847 364 883 malitia
381 848 580 883 voluntatis
594 860 671 883 non
685 849 866 895 dependet
880 860 923 883 ex
939 849 1231 891 circumstantiis,
1247 849 1310 884 sed
1326 860 1370 884 ex
1384 849 1465 884 solo
1480 849 1639 896 objecto.

123 901 356 938 Rnsponmzo
379 902 588 945 dicendum,
612 903 710 949 quod
732 903 769 937 in
789 902 953 950 quolibet
975 915 1109 950 genere
1132 912 1269 950 quanto
1293 903 1430 950 aliquid
1453 912 1508 939 est
1527 904 1638 950 prius,

51 964 155 993 tanto
176 964 231 992 est
251 956 466 1004 simplicius,
488 965 524 992 et
544 957 580 991 in
607 957 840 1003 paucioribus
866 958 1087 993 consistens:
1115 958 1209 993 sicut
1235 958 1352 1005 prima
1380 953 1535 1005 corpora
1556 966 1641 994 sunt

51 1011 252 1059 simplicia:
275 1018 312 1047 et
330 1010 415 1046 ideo
436 1011 658 1054 invenimus,
680 1012 779 1058 quod
799 1023 853 1055 ea,
876 1024 969 1059 quae
991 1021 1075 1047 sunt
1101 1013 1219 1059 prima
1240 1012 1278 1047 in
1300 1012 1464 1059 quolibet
1490 1024 1638 1060 genere,

51 1073 136 1102 sunt
154 1065 280 1113 aliquo
301 1065 415 1101 modo
437 1065 632 1113 simplicia,
659 1074 695 1101 et
720 1066 757 1100 in
784 1077 858 1101 uno
881 1066 1103 1101 consistunt:
1133 1067 1354 1114 principium
1385 1075 1508 1102 autem
1538 1067 1640 1102 boni-

51 1119 146 1162 tatis,
165 1128 202 1155 et
218 1119 381 1155 malitiae
402 1120 654 1155 humanorum
673 1128 822 1155 actuum
842 1129 896 1155 est
914 1132 956 1155 ex
975 1129 1058 1156 actu
1075 1121 1300 1164 voluntatis;
1323 1129 1359 1156 et
1378 1121 1462 1156 ideo
1482 1122 1638 1164 bonitas,

51 1181 88 1210 et
107 1173 248 1210 malitia
267 1173 467 1210 voluntatis
485 1174 688 1209 secundum
708 1173 843 1221 aliquid
862 1186 978 1209 unum
998 1176 1232 1210 attenduntur
1253 1175 1317 1222 [al.
1330 1175 1532 1224 attenditur]
1553 1175 1639 1211 alio-

49 1239 133 1264 rum
152 1239 242 1264 vero
270 1236 420 1264 actuum
444 1229 601 1271 bonitas,
628 1237 664 1264 et
688 1228 830 1264 malitia
856 1237 1009 1276 possunt
1031 1229 1093 1275 [al.
1110 1231 1233 1277 potest]
1263 1230 1467 1266 secundum
1494 1231 1638 1266 diversa

51 1282 198 1318 attendi.
218 1281 314 1318 Illud
336 1290 459 1318 autem
480 1294 607 1325 unum,
629 1282 728 1329 quod
751 1291 805 1318 est
825 1283 1046 1330 principium
1064 1284 1102 1318 in
1124 1284 1289 1331 quolibet
1315 1296 1463 1331 genere,
1485 1296 1560 1320 non
1584 1293 1639 1320 est

49 1348 113 1385 per
133 1336 315 1380 accidens,
336 1337 400 1372 sed
420 1349 484 1384 per
505 1349 555 1380 se,
578 1337 664 1384 quia
685 1348 810 1380 omne,
833 1338 933 1384 quod
954 1346 1009 1373 est
1029 1350 1093 1384 per
1115 1338 1298 1381 accidens,
1321 1339 1505 1374 reducitur
1524 1339 1568 1374 ad
1588 1340 1636 1383 id,

49 1391 148 1438 quod
168 1399 224 1427 est
242 1403 306 1438 per
327 1402 378 1434 se,
399 1391 493 1427 sicut
513 1391 558 1426 ad
580 1391 820 1439 principium;
843 1401 878 1427 et
898 1392 983 1427 ideo
1005 1392 1149 1428 bonitas
1170 1392 1371 1428 voluntatis
1391 1405 1437 1428 ex
1458 1394 1539 1429 solo
1559 1405 1634 1429 uno

48 1444 114 1481 illo
134 1445 326 1493 dependet,
348 1445 447 1493 quod
467 1457 533 1493 per
553 1457 592 1481 se
609 1445 697 1480 facit
714 1446 918 1481 bonitatem
936 1446 973 1481 in
991 1454 1087 1489 actu,
1106 1446 1247 1483 scilicet
1265 1458 1309 1482 ex
1328 1447 1487 1494 objecto,
1507 1456 1542 1483 et
1559 1459 1635 1483 non

52 1510 96 1535 ex
117 1500 411 1544 circumstantiis,
433 1511 526 1548 quae
548 1508 633 1536 sunt
653 1500 836 1547 quaedam
858 1500 1062 1536 accidentia
1085 1509 1198 1537 actus.

119 1554 183 1590 AD
200 1565 352 1591 PRIMUM
371 1566 460 1602 ergo
479 1554 688 1597 dicendum,
707 1555 805 1601 quod
820 1554 901 1590 finis
917 1563 971 1590 est
985 1555 1171 1602 objectum
1189 1555 1400 1599 voluntatis,
1415 1568 1491 1591 non
1511 1565 1635 1592 autem

49 1607 204 1644 aliarum
224 1609 376 1644 virium:
400 1609 496 1644 unde
514 1616 692 1656 quantum
715 1609 759 1643 ad
782 1618 905 1644 actum
923 1609 1122 1645 voluntatis
1140 1621 1215 1645 non
1233 1609 1353 1645 differt
1370 1611 1526 1654 bonitas,
1541 1623 1633 1659 quae

49 1671 104 1699 est
123 1675 168 1699 ex
186 1663 346 1711 objecto,
369 1675 390 1698 a
410 1663 584 1706 bonitate,
607 1675 700 1711 quae
723 1672 778 1699 est
799 1675 842 1699 ex
863 1663 946 1706 fme,
966 1665 1060 1699 sicut
1079 1665 1117 1699 in
1140 1665 1279 1700 actibus
1302 1665 1458 1700 aliarum
1479 1666 1633 1710 virium;

46 1717 118 1754 nisi
136 1717 230 1754 forte
251 1729 316 1766 per
337 1718 518 1761 accidens,
537 1726 645 1765 prout
662 1717 744 1753 finis
762 1717 942 1766 dependet
961 1730 1004 1753 ex
1024 1718 1107 1762 fine,
1127 1727 1162 1754 et
1180 1719 1351 1755 voluntas
1371 1731 1414 1754 ex
1432 1720 1632 1756 voluntate.

118 1772 180 1808 AD
201 1783 412 1809 SECUNDUM
433 1772 642 1815 dicendum,
665 1772 776 1820 quod,
804 1773 991 1820 supposito
1015 1774 1113 1820 quod
1139 1773 1309 1809 voluntas
1339 1774 1384 1809 sit
1413 1775 1512 1818 boni,
1533 1775 1634 1810 nulla

47 1827 320 1863 circumstantia
337 1835 458 1874 potest
475 1838 559 1862 eam
579 1826 699 1862 facere
719 1826 876 1870 malam;
899 1828 998 1874 quod
1018 1839 1106 1875 ergo
1126 1828 1268 1871 dicitur,
1288 1830 1386 1876 quod
1407 1829 1536 1876 aliquis
1555 1830 1634 1865 vult

47 1880 197 1928 aliquod
217 1881 370 1925 bonurn,
393 1881 540 1928 quando
562 1893 638 1916 non
659 1881 777 1924 debet,
799 1890 920 1929 potest
940 1882 1095 1929 intengi
1117 1882 1319 1930 dupliciter.
1354 1885 1427 1919 Uno
1450 1884 1547 1919 modo
1569 1885 1631 1928 ita,

48 1936 147 1983 quod
168 1935 237 1971 ista
256 1936 530 1971 circumstantia
558 1935 736 1971 referatur
758 1936 802 1970 ad
824 1936 1000 1971 volitum:
1025 1945 1060 1971 et
1081 1937 1132 1972 sic
1155 1937 1326 1973 voluntas
1352 1950 1427 1973 non
1450 1947 1504 1974 est
1524 1939 1632 1983 boni3

47 1990 133 2038 quia
153 1989 249 2026 velle
269 1989 391 2026 facere
413 1989 562 2038 aliquid,
585 1990 732 2037 quando
753 2002 829 2025 non
853 1991 960 2026 debet
981 1991 1070 2034 fieri,
1091 2003 1167 2026 non
1190 2000 1244 2027 est
1264 1992 1359 2028 velle
1381 1993 1539 2028 bonum:
1563 1994 1630 2029 alio

45 2043 143 2080 modo
163 2044 226 2088 ita,
244 2044 342 2092 quod
357 2043 532 2080 referatur
547 2045 591 2079 ad
607 2053 731 2080 actum
748 2044 915 2080 volendi:
941 2054 976 2081 et
997 2046 1047 2080 sic
1061 2045 1287 2093 impossibile
1303 2056 1367 2090 est,
1383 2048 1480 2095 quod
1501 2048 1631 2095 aliquis

46 2098 135 2134 velit
154 2099 307 2142 bonum,
329 2098 476 2150 quando
498 2111 575 2134 non
596 2099 722 2142 debet;
745 2099 829 2146 quia
848 2111 993 2147 semper
1011 2100 1127 2135 homo
1147 2100 1255 2136 debet
1272 2101 1367 2137 velle
1385 2102 1542 2137 bonum:
1562 2103 1631 2138 nisi

46 2151 139 2198 forte
157 2165 222 2201 per
239 2153 421 2196 accidens,
439 2154 657 2201 inquantum
676 2152 806 2200 aliquis
824 2154 984 2189 volendo
1004 2154 1075 2189 hoc
1095 2155 1246 2198 bonum,
1266 2156 1462 2203 impeditur
1480 2169 1525 2192 ne
1544 2166 1629 2192 tunc

46 2206 135 2243 velit
154 2207 302 2255 aliquod
322 2208 462 2243 bonum
484 2208 665 2244 debiturn:
689 2216 726 2243 et
745 2216 832 2242 tunc
854 2219 930 2243 non
952 2209 1079 2244 incidit
1096 2209 1236 2244 malum
1255 2222 1298 2245 ex
1318 2223 1362 2246 eo
1382 2212 1480 2258 quod
1501 2211 1629 2259 aliquis

45 2261 124 2297 vuit
143 2261 233 2297 illud
253 2262 413 2305 bonum;
435 2263 498 2298 sed
521 2275 565 2298 ex
587 2273 632 2297 eo
654 2262 753 2309 quod
773 2273 849 2297 non
868 2263 947 2298 vult
969 2263 1067 2298 aliud
1085 2264 1243 2299 bonum:
1268 2273 1303 2300 et
1324 2265 1492 2301 similiter
1510 2266 1629 2302 dicen-

46 2314 135 2351 dum
155 2324 211 2352 est
230 2316 274 2352 de
297 2316 377 2352 aliis
399 2316 694 2352 circumstantiis.

116 2368 178 2406 AD
199 2380 374 2406 TERTmM
396 2370 606 2414 dicendum,
633 2370 731 2418 quod
759 2370 1117 2408 circumstantiarum
1144 2374 1351 2420 ignorantia
1379 2384 1528 2411 excusat
1555 2388 1629 2411 ma-

46 2422 164 2460 litiam
182 2423 393 2468 voluntatis,
416 2425 621 2460 secundum
642 2425 740 2472 quod
765 2427 1061 2463 circumstantiae
1088 2439 1126 2463 se
1156 2436 1281 2464 tenent
1308 2441 1351 2464 ex
1380 2439 1482 2477 parte
1512 2431 1627 2475 volni,

46 2478 262 2526 inquantum
282 2478 423 2515 scilicet
442 2480 589 2526 ignorat
610 2479 903 2516 circumstantias
925 2490 1038 2525 actm,
1061 2494 1172 2529 quem
1193 2482 1281 2518 vult.

603 2600 953 2646 ARTICULUS
990 2602 1069 2646 ΙΙΙ.
1561 2628 1625 2664 117

193 2696 348 2728 UTRUM
376 2697 559 2728 BONITAS
582 2698 868 2730 VOLUNTATIS
897 2701 1163 2731 DEPENDEAT
1186 2702 1243 2731 EX
1267 2702 1477 2732 RATIONE.

581 2774 684 2820 (Infr.
707 2787 737 2823 q.
760 2788 810 2812 21.
831 2782 895 2813 art.
917 2790 944 2812 1.
968 2779 1087 2824 corp).

117 2855 178 2891 AD
203 2867 377 2894 TERTnJM
398 2858 450 2894 sic
472 2859 690 2906 proceditur.
714 2860 878 2904 Videtur,
900 2863 998 2909 quod
1019 2862 1163 2898 bonitas
1182 2863 1380 2898 voluntatis
1400 2875 1474 2899 non
1494 2864 1624 2911 depen-

47 2908 131 2946 deat
150 2921 171 2946 a
188 2911 348 2948 ratione:
369 2913 468 2960 prius
486 2915 586 2949 enim
606 2926 681 2950 non
703 2914 885 2962 dependet
907 2928 926 2951 a
948 2917 1160 2963 posteriori:
1189 2918 1250 2953 sed
1278 2918 1417 2953 bonum
1439 2930 1502 2967 per
1524 2920 1622 2967 prius
