1907 3198
482 209 705 247 QuAflsrto
740 208 858 239 Lxlx.
892 207 1139 239 Ana-[cums
1173 206 1234 237 111.
1560 194 1646 251 487

70 294 289 330 ctationibus
311 293 449 328 mundi.
472 293 551 328 Alio
578 292 674 327 modo
697 303 892 338 possumus
909 291 943 326 in
958 291 1015 326 his
1029 289 1312 326 beatitudinibus
1327 289 1558 324 considerare
1574 300 1650 324 mo-

67 349 143 384 tiva
164 348 344 396 ipsarum:
369 355 404 382 et
425 347 476 382 sic
496 354 671 394 quantum
695 346 737 380 ad
755 345 875 392 aliqua
891 357 1020 380 eorum
1036 353 1180 392 oportet
1196 343 1299 378 aliter
1321 343 1534 379 attribuere:
1549 355 1649 390 prae-

72 403 176 450 cipue
198 401 296 436 enim
319 401 363 436 ad
385 401 704 436 mansuetudinem
727 408 853 435 movet
874 399 1075 434 reverentia
1098 399 1141 433 ad
1163 399 1298 440 Deum,
1321 409 1413 444 quae
1436 399 1591 444 pertinet
1605 397 1649 432 ad

71 456 260 504 pietatem:
289 455 332 489 ad
360 454 561 501 lugendum
589 462 710 488 autem
742 462 868 488 movet
895 453 1088 500 praecipue
1116 452 1279 494 scientia,
1306 463 1370 498 per
1396 463 1507 498 quam
1533 451 1649 486 homo

71 509 264 557 cognoscit
284 509 445 544 defectus
468 520 566 551 suos,
593 517 627 543 et
656 519 778 543 rerum
809 508 1092 549 mundanarum,
1126 506 1326 541 secundum
1355 505 1443 540 illud
1471 505 1569 540 Eccl.
1602 516 1649 540 1.:

73 565 146 610 Qui
166 563 259 600 addit
278 565 460 606 scientiam,
484 563 577 598 addit
604 568 632 598 et
662 563 829 598 dolorem:
863 563 906 597 ad
937 562 1169 597 esuriendum
1199 569 1320 596 autem
1351 561 1507 607 justitiae
1539 572 1650 608 opera

70 618 266 666 praecipue
288 625 412 653 movet
434 617 545 652 animi
564 617 757 652 fortitudo:
781 617 824 651 ad
847 617 1095 652 miserendum
1114 627 1201 650 vero
1215 616 1407 662 praecipue
1423 624 1549 651 movet
1568 627 1651 650 con-

71 671 193 713 silium
213 671 296 715 Dei,
318 671 519 706 secundum
541 671 629 706 illud
652 671 746 706 Dan.
769 681 814 714 4:
840 671 1025 706 Consilium
1049 682 1155 705 meum
1180 670 1421 717 chipltzreut:
1439 670 1577 705 Peccata
1594 675 1651 704 tna

69 726 274 773 eleemosynis
295 725 430 768 redime,
453 731 483 761 et
505 727 692 772 iniquitates
715 730 786 760 tuas
808 724 1043 760 misericordiis
1061 730 1253 772 pauperum
1265 736 1276 765 ,·
1305 732 1341 758 et
1366 724 1463 758 hunc
1492 725 1645 758 modum

72 779 315 815 attributionis
329 779 490 826 sequitur
504 779 731 825 Augustinus
754 779 790 813 in
805 778 864 813 lib.
886 789 912 813 1.
930 778 972 813 de
989 778 1106 813 Serm.
1118 778 1271 812 Domini
1287 778 1323 812 in
1339 786 1465 812 monte
1481 778 1571 824 (cap.
1587 779 1649 824 4.).

143 834 203 870 An
226 844 416 874 QUARTUM
439 833 646 876 dicendum,
669 833 766 880 quod
789 844 938 867 necesse
971 840 1024 867 est
1053 832 1294 867 beatitudines
1325 843 1467 874 omnes,
1495 843 1587 878 quae
1614 832 1651 866 in

73 887 186 924 Sacra
207 887 394 935 Scriptura
416 895 612 934 ponuntur,
635 887 678 921 ad
700 887 766 921 has
785 887 921 929 reduci,
943 885 1002 921 vel
1024 894 1199 933 quantum
1223 886 1266 920 ad
1289 885 1431 928 merita,
1458 885 1516 920 vel
1542 897 1653 933 quan-

70 950 149 978 tum
172 941 216 976 ad
238 941 420 989 praemia:
443 941 527 988 quia
545 952 694 976 necesse
717 949 782 983 est,
804 940 902 988 quod
925 951 1054 975 omnes
1083 940 1288 987 pertineant
1315 939 1437 986 aliquo
1466 940 1578 974 modo
1607 939 1650 974 ad

71 996 185 1031 vitam
207 995 378 1038 activam,
399 994 457 1030 vel
480 995 523 1029 ad
545 995 658 1030 vitam
681 994 1024 1042 contemplativam:
1044 994 1138 1028 unde
1161 994 1258 1041 quod
1275 993 1426 1028 dicitur:
1450 995 1651 1037 Beatusvir,

72 1051 130 1097 qui
151 1050 336 1096 corripitur
357 1060 377 1083 a
399 1049 560 1091 Domino,
584 1049 738 1096 pertinet
760 1049 804 1083 ad
825 1048 1088 1083 beatitudinem
1110 1048 1249 1084 luctus:
1277 1048 1374 1095 quod
1390 1059 1477 1083 vero
1501 1048 1650 1082 dicitur:

73 1105 194 1139 Beatus
217 1104 286 1145 vir,
314 1103 371 1149 qui
391 1114 457 1136 non
480 1103 563 1137 abiit
585 1104 618 1137 in
640 1103 776 1138 consilio
798 1104 994 1150 impiorum,
1019 1102 1173 1148 pertinet
1197 1102 1240 1136 ad
1264 1102 1481 1139 munditiam
1509 1102 1652 1137 cordis:

74 1157 172 1205 quod
193 1167 281 1192 vero
304 1156 452 1191 dicitur:
476 1158 596 1192 Beatus
621 1158 691 1200 vir,
719 1158 777 1203 qui
804 1158 931 1192 invenit
955 1158 1166 1204 sapientium,
1194 1157 1350 1203 pertinet
1376 1157 1419 1190 ad
1447 1147 1653 1203 praemium

73 1212 251 1260 septimae
271 1210 521 1254 beatitudinis;
545 1219 580 1246 et
602 1211 697 1246 idern
721 1219 820 1258 patet
841 1211 885 1246 de
913 1211 1083 1245 omnibus
1112 1210 1202 1253 aliis,
1225 1222 1316 1257 quae
1344 1219 1494 1257 possunt
1517 1210 1651 1244 induci.

146 1267 206 1302 AD
229 1275 408 1306 QUINTUM
435 1265 643 1308 dicendum,
662 1266 759 1312 quod
780 1273 909 1300 octava
927 1264 1112 1299 beatitudo
1132 1273 1186 1299 est
1204 1264 1384 1311 quaedam
1405 1263 1652 1306 confirmatio,

72 1329 108 1356 et
128 1318 370 1355 manifestatio
392 1319 559 1354 omnium
582 1319 896 1365 praecedentium:
921 1329 962 1353 ex
984 1319 1055 1352 hoc
1080 1318 1179 1353 enim
1202 1318 1299 1364 quod
1327 1318 1456 1364 aliquis
1485 1326 1538 1352 est
1566 1329 1650 1352 con-

70 1373 234 1409 firmatus
251 1373 287 1408 in
305 1380 515 1420 paupertate
537 1372 694 1419 spiritus,
711 1381 745 1407 et
764 1373 929 1414 mititate,
949 1380 984 1406 et
999 1371 1076 1406 aliis
1100 1371 1344 1418 sequentibus,
1366 1371 1535 1418 provenit
1553 1371 1651 1418 quod

72 1427 114 1462 ab
135 1427 192 1462 his
212 1427 316 1462 bonis
338 1434 486 1474 propter
508 1426 668 1473 aliquam
696 1426 991 1473 persecutionem
1013 1437 1088 1460 non
1111 1425 1264 1469 recedit3
1293 1425 1388 1460 unde
1415 1434 1546 1460 octava
1572 1425 1653 1459 bea-

69 1481 187 1516 titudo
210 1480 486 1528 quodammodo
511 1481 555 1515 ad
578 1489 716 1528 septem
740 1481 999 1527 praecedentes
1022 1480 1186 1527 pertinet.

142 1534 204 1570 AD
226 1545 378 1571 SEXTUM
401 1534 609 1577 dicendum,
625 1535 722 1581 quod
739 1535 856 1569 Lucas
874 1542 996 1569 narrat
1014 1545 1225 1569 sermonem
1243 1533 1398 1568 Domini
1415 1533 1553 1568 factum
1572 1545 1651 1569 esse

71 1589 116 1625 ad
136 1589 278 1633 turbas;
300 1589 394 1624 unde
417 1589 657 1624 beatitudines
681 1597 939 1623 enumerantur
962 1589 1004 1622 ab
1028 1600 1072 1623 eo
1095 1588 1298 1623 secundum
1322 1588 1563 1635 capacitatem
1582 1596 1653 1622 tur-

69 1643 209 1687 barum,
231 1654 323 1690 quae
345 1642 464 1678 solam
484 1642 756 1690 voluptuosam,
780 1650 814 1677 et
834 1642 1090 1690 temporalem,
1119 1650 1153 1677 et
1179 1648 1367 1677 terrenam·
1389 1642 1651 1677 beatitudinem

69 1705 268 1740 noverunt3
290 1697 385 1732 unde
407 1697 591 1732 Dominus
614 1708 677 1744 per
698 1705 854 1744 quatuor
872 1697 1124 1739 beatitudines,
1143 1702 1289 1744 quatuor
1308 1696 1475 1739 excludit,
1495 1708 1587 1743 quae
1608 1696 1651 1731 ad

70 1751 293 1798 praedictam
314 1751 576 1801 beatitudinem
598 1751 778 1798 pertinere
800 1751 978 1785 videntur.
1001 1750 1172 1792 Quorum
1187 1752 1339 1798 primum
1361 1759 1414 1785 est
1433 1751 1651 1785 abundantia

68 1805 251 1840 bonorum
273 1805 512 1848 exteriorum;
543 1805 641 1852 quod
665 1805 824 1839 excludit
846 1816 909 1852 per
929 1805 1001 1839 hoc
1026 1805 1123 1852 quod
1147 1805 1249 1840 dicit:
1279 1806 1374 1839 Beati
1395 1811 1582 1852 pauperes,-
1610 1816 1653 1840 ss-

71 1859 215 1895 cundum
236 1866 301 1902 est,
323 1859 420 1906 quod
441 1859 486 1894 sit
503 1859 594 1894 bene
617 1859 761 1893 homini
782 1869 958 1906 quantum
983 1859 1026 1893 ad
1050 1870 1181 1905 corpus
1204 1859 1240 1892 in
1264 1858 1363 1900 cibis,
1387 1866 1421 1893 et
1443 1859 1598 1905 potibus,
1619 1867 1653 1893 et

71 1912 150 1948 aliis
167 1913 396 1960 hujusmodi;
419 1921 453 1948 et
471 1913 543 1948 hoc
564 1913 722 1948 excludit
740 1924 803 1960 per
822 1913 1035 1955 secundum,
1051 1913 1149 1959 quod
1169 1913 1290 1959 ponit:
1306 1914 1413 1955 Beati,
1430 1914 1486 1958 qui
1501 1914 1629 1947 esuritis
1638 1925 1650 1954 ,-

72 1969 203 2004 terta‘um
223 1975 286 2010 est,
309 1967 406 2014 quod
429 1967 473 2002 sit
495 1968 637 2002 homini
664 1967 755 2002 bene
786 1976 962 2014 quantum
995 1967 1037 2001 ad
1070 1967 1189 2001 cordis
1219 1967 1500 2013 jucunditatem3
1525 1975 1559 2001 et
1579 1967 1651 2001 hoc

72 2021 229 2057 excludit
248 2021 357 2070 tertio
379 2021 523 2056 dicens:
556 2023 649 2057 Beati
671 2023 728 2068 qui
749 2034 834 2056 nnnc
862 2022 965 2065 fietis,-
998 2027 1155 2068 quartum
1189 2029 1242 2056 est
1275 2021 1430 2056 exterior
1458 2021 1652 2055 hominum

71 2074 192 2119 favor3
211 2083 246 2111 et
266 2075 338 2110 hoc
361 2075 519 2110 excludit
540 2084 669 2123 quarto
692 2076 832 2111 dicens:
857 2077 952 2110 Beati
972 2077 1074 2118 erilis,
1100 2088 1173 2110 cnm
1192 2087 1250 2110 vos
1269 2075 1398 2110 oderint
1417 2075 1584 2115 hominem
1606 2082 1652 2117 et,

73 2129 166 2165 sicut
186 2129 404 2165 Ambrosius
426 2129 512 2164 dicit
533 2130 622 2176 (loco
643 2136 744 2177 supra
766 2130 903 2174 citam:
934 2130 1119 2177 Paupertas-
1140 2131 1284 2176 pertine!
1312 2129 1354 2164 ad
1385 2130 1651 2176 tantilmrantiam,

74 2194 155 2231 quae
174 2184 363 2219 illecebrosa
384 2195 449 2219 non
470 2196 551 2231 qua
538 2185 621 2219 erit:
644 2185 764 2219 esuries
785 2184 827 2218 ad
845 2186 1036 2230 justitiam,-
1059 2186 1137 2231 quia
1160 2185 1217 2230 qui
1238 2197 1265 2219 tr.
1260 2186 1352 2227 mit,
1381 2185 1596 2230 compatitur,
1624 2189 1654 2218 tt

35 2263 37 2265 ·
75 2237 300 2286 compatiendo
328 2238 494 2285 largitur:
514 2239 612 2285 fletus
641 2238 684 2274 ad
705 2238 811 2286 prud
808 2240 934 2281 utiam,
958 2241 1052 2285 cujus
1073 2244 1117 2274 cst
1139 2239 1221 2285 stara
1251 2239 1411 2274 occidua:
1437 2239 1511 2284 pati
1541 2238 1652 2272 odium

29 2295 33 2303 ⁴
75 2291 257 2336 hominum,
278 2291 321 2328 ad
334 2292 583 2340 fortitudinem.

629 2411 975 2457 ARTICULUS
1024 2413 1100 2456 iv.
1589 2424 1652 2471 367

123 2507 278 2539 UTRUM
302 2508 492 2540 PRAEMIA
521 2509 863 2540 BEATITUDINUM
892 2510 1232 2541 CONVENIENTER
1261 2510 1600 2542 ENUMERENTUR.

612 2585 660 2632 (3.
684 2586 773 2621 Dist.
798 2597 849 2633 34.
873 2598 903 2633 q.
926 2599 952 2622 1.
976 2592 1040 2622 ιιι-Ι.
1062 2588 1125 2633 4.).

147 2665 208 2702 AD
229 2678 418 2708 QUARTUM
441 2669 491 2703 sic
514 2668 735 2715 proceditur.
758 2668 921 2711 Videtur,
940 2670 1037 2716 quod
1061 2671 1222 2716 praemia
1245 2671 1508 2705 beatitudinum
1533 2672 1656 2706 incon-

46 2727 54 2759 ᾗ
71 2719 263 2756 ’ποίει-κεῖ
283 2730 556 2757 enumerentur:
581 2723 615 2757 in
640 2734 753 2768 regno
769 2725 866 2757 enim
884 2724 1087 2767 coelorum,
1107 2725 1203 2771 quod
1228 2733 1281 2759 est
1299 2725 1369 2759 vita
1386 2734 1542 2767 aeterna,
1559 2726 1653 2761 bona

38 2783 39 2786 ’
77 2774 206 2810 omnia
227 2775 476 2820 continentur;
499 2777 619 2824 posito
643 2788 730 2823 ergo
753 2789 867 2823 regno
891 2778 1093 2820 coelorum,
1116 2790 1190 2813 non
1219 2779 1379 2825 oportuit
1402 2779 1470 2812 alia
1494 2780 1654 2826 praemia

50 2829 229 2878 ’'ponere.

152 2891 184 2918 2.
205 2882 442 2920 PRAETEREA.
474 2885 643 2931 Regnum
668 2885 856 2920 coelorum
881 2886 1028 2933 ponitur
1051 2898 1114 2933 pro
1137 2887 1301 2934 praemio
1325 2895 1359 2921 et
1383 2887 1415 2921 in
1439 2887 1555 2934 prima
1575 2888 1656 2923 bea-

80 2934 244 2980 titudine,
265 2945 301 2973 et
320 2938 357 2972 in
379 2947 528 2982 octava;
551 2950 639 2986 ergo
663 2940 790 2974 cadem
815 2941 953 2975 ratione
976 2940 1098 2975 debuit
1119 2941 1205 2988 poni
1230 2941 1264 2974 in
1288 2941 1469 2975 omnibus.
