1907 3182
279 180 363 236 238
699 191 921 228 QUAEsa-ro
952 191 1071 221 xxm.
1105 191 1349 229 ARTICULus
1382 192 1422 221 v.

277 273 335 308 vel
361 272 600 319 perfectiones
627 274 820 320 operantis,
847 273 999 308 scilicet:
1021 272 1232 319 intelligere,
1259 273 1401 315 sentire,
1426 272 1529 316 velle,
1555 280 1590 308 et
1613 272 1838 318 hujusmodi:

277 338 363 361 nam
385 327 558 369 actiones,
580 338 671 373 quae
692 335 878 361 transeunt
899 327 935 360 in
957 327 1172 361 exteriorem
1200 326 1401 368 materiam,
1423 326 1539 372 magis
1561 334 1644 360 sunt
1664 326 1838 368 actiones,

279 388 314 414 et
340 380 578 426 perfectiones
608 381 780 414 materiae
810 388 1086 414 transmutatae:
1118 388 1238 413 motus
1269 380 1365 412 enim
1388 388 1439 413 est
1460 384 1550 414 actus
1579 379 1710 413 mobilis
1730 390 1750 412 a
1771 389 1839 413 mo-

276 439 388 468 vente.-
416 434 465 467 sic
496 434 603 479 igitur
630 434 833 480 praedictae
865 433 1026 466 actiones
1056 433 1198 466 animae
1229 432 1431 474 sensitivae,
1462 440 1496 466 et
1526 432 1777 473 intellectivae,
1804 439 1840 466 et

278 488 375 532 ipsae
397 495 480 521 sunt
498 487 682 532 quoddam
699 487 836 520 bonum
859 486 1051 531 operantis,
1075 494 1109 520 et
1131 493 1213 519 sunt
1234 485 1344 519 etiam
1363 487 1529 531 cognitae
1548 497 1610 531 per
1632 496 1790 527 sensum,
1805 493 1840 519 et

278 539 518 582 intellectum3
541 540 634 574 unde
657 541 766 573 etiam
788 550 830 573 ex
850 539 936 584 ipsis
959 539 1143 585 consurgit
1165 538 1369 580 delectatio,
1384 547 1418 572 et
1431 550 1505 572 non
1518 538 1638 573 solum
1657 550 1699 572 ex
1714 549 1839 572 earum

279 593 441 638 objectis.
458 593 497 627 Si
512 593 618 639 igitur
640 599 894 638 comparentur
916 591 1174 626 delectationes
1188 591 1431 637 intelligibiles
1450 592 1749 626 delectationibus
1764 602 1841 625 sen-

279 646 450 689 sibilibus,
473 646 672 681 secundum
695 646 791 691 quod
813 645 1035 679 delectamur
1056 646 1092 679 in
1115 645 1200 692 ipsis
1228 645 1440 687 actionibus,
1467 654 1551 691 puta
1572 645 1609 679 in
1631 645 1840 692 cognitione

278 711 416 742 sensus,
432 708 466 734 et
487 701 521 733 in
545 700 753 745 cognitione
772 698 987 741 intellectus,
1002 710 1076 733 non
1093 708 1145 733 est
1160 699 1321 742 dubium,
1335 699 1433 745 quod
1447 699 1562 733 multo
1584 707 1668 734 sunt
1684 699 1840 744 majores

280 753 539 788 delectationes
566 752 820 798 intelligibiles,
848 764 957 798 quam
983 752 1193 787 sensibiles:
1233 752 1348 787 multo
1376 753 1474 786 enirn
1500 754 1616 799 magis
1644 752 1842 787 delectatur

279 807 394 840 homo
416 807 459 841 de
481 807 552 840 hoc
575 806 671 852 quod
699 806 890 852 cognoscit
916 805 1049 852 aliquid
1076 806 1325 852 intelligendo,
1347 817 1456 852 quam
1487 806 1530 840 de
1557 806 1629 840 hoc
1659 805 1756 852 quod
1785 817 1843 840 co-

279 860 422 905 gnoscit
448 859 581 905 aliquid
608 859 820 893 sentiendo:
849 859 933 905 quia
958 859 1212 894 intellectualis
1247 859 1408 905 cognitio
1436 867 1471 893 et
1495 858 1689 905 perfectior
1715 866 1779 902 est,
1807 867 1842 894 et

280 913 387 947 etiam
404 913 520 959 magis
537 913 787 959 cognoscitur3
810 913 894 959 quia
908 912 1111 947 intellectus
1127 913 1243 959 magis
1258 913 1452 947 reflectitur
1465 924 1573 958 supra
1589 921 1710 947 actum
1724 924 1842 954 suum,

279 977 389 1012 quam
410 977 546 1000 sensus.
570 966 632 1000 Est
653 966 761 1000 etiam
785 966 946 1011 cognitio
967 965 1187 1000 intellectiva
1210 967 1326 1012 magis
1348 965 1497 1000 dilecta:
1520 965 1641 1000 nullus
1659 966 1758 1000 enim
1777 974 1842 1008 est,

279 1019 339 1065 qui
360 1031 434 1053 non
459 1019 569 1053 vellet
590 1019 706 1065 magis
729 1030 851 1053 carere
872 1019 950 1053 visu
974 1019 1166 1065 corporali,
1188 1031 1298 1066 quarn
1311 1019 1391 1053 visu
1405 1018 1652 1062 intellectuali,
1667 1030 1711 1054 eo
1730 1019 1842 1053 modo

279 1084 350 1118 quo
372 1073 518 1114 bestiae,
540 1072 597 1106 vel
619 1072 717 1106 stulti
739 1080 871 1114 carent,
886 1073 978 1107 sicut
991 1073 1145 1119 August.
1169 1073 1254 1107 dicit
1274 1073 1310 1107 in
1332 1072 1391 1107 lib.
1417 1083 1469 1116 14.
1491 1072 1536 1106 de
1559 1071 1660 1106 Trin.
1681 1072 1770 1120 (cap.
1786 1084 1837 1118 14.

279 1137 299 1160 α
321 1125 402 1160 med.
425 1138 503 1168 non,
525 1127 607 1160 sicut
621 1127 729 1172 Ριίἰις,
752 1125 789 1160 de
813 1125 888 1160 Civ.
911 1127 1005 1172 Det).

350 1179 421 1213 Sed
443 1179 473 1213 si
495 1188 751 1225 comparentur
769 1179 1028 1214 delectationes
1050 1179 1292 1226 intelligibiles
1315 1178 1517 1226 spirituales
1539 1178 1857 1214 delectationibus

280 1232 506 1267 sensibilibus
529 1232 787 1279 corporalibus,
808 1233 860 1267 sic
883 1233 1083 1268 secundum
1109 1245 1158 1276 se,
1182 1242 1216 1268 et
1237 1233 1448 1279 simpliciter
1473 1232 1670 1279 loquendo,
1693 1232 1846 1267 delecta-

279 1289 396 1322 tiones
418 1287 622 1334 spirituales
644 1295 726 1322 sunt
748 1289 915 1333 majores.
948 1287 991 1322 Et
1019 1288 1091 1322 hoc
1122 1296 1268 1334 apparet
1293 1288 1492 1322 secundum
1512 1289 1591 1330 tria,
1615 1298 1706 1334 quae
1732 1287 1846 1334 requi-

280 1349 404 1375 runtur
426 1342 469 1375 ad
491 1341 791 1384 delectationem3
814 1341 968 1376 scilicet:
988 1342 1126 1376 bonum
1140 1344 1367 1388 conjunctum,
1387 1349 1423 1376 et
1437 1341 1471 1375 id
1495 1341 1553 1375 cui
1573 1343 1796 1387 conjungitur,
1811 1351 1846 1375 et

282 1395 359 1441 ipsa
380 1396 589 1441 conjunctio:
612 1406 697 1428 nam
719 1395 838 1441 ipsum
860 1395 996 1429 bonurn
1025 1395 1206 1441 spirituale
1229 1404 1264 1430 et
1285 1404 1338 1430 est
1364 1396 1493 1441 majus,
1520 1406 1630 1441 quam
1657 1394 1844 1441 corporale

285 1448 435 1490 bonum,
467 1455 500 1482 et
528 1456 581 1482 est
608 1448 724 1494 magis
755 1448 946 1482 dilectum:
979 1450 1079 1494 cujus
1108 1449 1252 1495 signum
1283 1457 1346 1491 est,
1377 1448 1473 1494 quod
1501 1448 1672 1482 homines
1693 1449 1802 1482 etiam
1824 1459 1844 1481 a

282 1501 450 1536 maximis
473 1501 721 1548 corporalibus
742 1501 985 1548 voluptatibus
1008 1502 1197 1544 abstinent,
1224 1510 1262 1536 ut
1288 1513 1361 1536 non
1388 1502 1540 1548 perdant
1564 1501 1758 1543 honorem,
1784 1500 1846 1547 qui

281 1563 334 1589 est
354 1555 493 1589 bonum
514 1554 749 1601 intelligibile.
779 1555 952 1589 Similiter
979 1556 1088 1590 etiarn
1115 1556 1191 1602 ipsa
1217 1567 1299 1602 pars
1325 1554 1546 1590 intellectiva
1567 1562 1621 1589 est
1641 1554 1756 1589 multo
1783 1565 1845 1588 no-

278 1608 395 1650 bilior,
411 1616 445 1643 et
460 1609 576 1654 magis
592 1608 853 1654 cognoscitiva,
869 1620 978 1655 quam
1001 1620 1080 1655 pars
1095 1609 1267 1643 sensitiva
1282 1622 1288 1644 :
1313 1608 1521 1655 conjunctio
1537 1608 1647 1642 etiam
1662 1608 1845 1654 utriusque

284 1670 337 1696 est
363 1662 478 1708 magis
505 1662 643 1704 intima,
671 1670 705 1696 et
732 1662 848 1708 magis
875 1661 1044 1707 perfecta,
1072 1671 1107 1697 et
1134 1662 1248 1708 magis
1275 1661 1402 1696 firma:
1429 1662 1591 1696 intimior
1612 1661 1759 1708 quidem
1781 1669 1846 1704 est,

280 1715 363 1761 quia
383 1727 507 1750 sensus
526 1715 616 1750 sistit
631 1715 725 1750 circa
740 1715 916 1749 exteriora
932 1716 1132 1750 accidentia
1146 1716 1214 1758 rei3
1239 1715 1443 1750 intellectus
1458 1726 1545 1750 vero
1560 1722 1724 1762 penetrat
1733 1726 1846 1761 usque

280 1769 323 1803 ad
338 1769 388 1803 rei
403 1770 596 1803 essentiam
611 1780 618 1802 ε
639 1769 822 1814 objectum
837 1769 935 1803 enim
953 1768 1156 1804 intellectus
1172 1777 1225 1804 est
1238 1769 1323 1815 quod
1337 1768 1470 1815 quidest
1486 1782 1495 1804 .·
1518 1767 1710 1815 perfectior
1725 1776 1846 1802 autem

280 1830 343 1865 est,
366 1822 449 1868 quia
471 1822 719 1868 conjunctioni
746 1822 923 1856 sensibilis
951 1823 994 1857 ad
1021 1834 1167 1857 sensum
1196 1822 1402 1869 adjungitur
1428 1830 1562 1864 motus,
1589 1822 1650 1869 qui
1672 1830 1725 1856 est
1746 1829 1846 1856 actus

277 1876 525 1923 imperfectus:
549 1876 643 1911 unde
667 1884 701 1910 et
722 1876 982 1911 delectationes
1005 1876 1191 1911 sensibiles
1210 1888 1285 1911 non
1304 1884 1386 1911 sunt
1404 1884 1502 1910 totae
1521 1875 1641 1918 simul,
1660 1876 1722 1910 sed
1740 1875 1777 1909 in
1797 1875 1846 1910 eis

279 1929 412 1976 aliquid
434 1931 634 1976 pertransit,
651 1938 686 1964 et
704 1929 838 1976 aliquid
861 1938 1068 1976 expectatur
1091 1929 1443 1972 consummandum;
1465 1937 1504 1963 ut
1524 1937 1623 1976 patet
1640 1929 1676 1963 in
1695 1928 1848 1963 delecta-

278 1983 376 2018 tione
399 1984 575 2026 ciborum,
598 1991 632 2017 et
653 1994 910 2017 venereorum:
934 1984 996 2018 sed
1018 1983 1258 2030 intelligibilia
1280 1990 1362 2018 sunt
1383 1983 1518 2029 absque
1537 1990 1659 2018 motu:
1678 1982 1772 2017 unde
1791 1982 1847 2017 de-

279 2036 491 2071 lectationes
514 2037 602 2071 tales
625 2045 707 2071 sunt
727 2045 825 2071 totae
847 2037 966 2071 simul.
989 2037 1051 2072 Est
1073 2037 1183 2072 etiam
1205 2036 1355 2079 firmior,
1373 2037 1457 2083 quia
1476 2035 1701 2071 delectabilia
1721 2047 1846 2082 corpo-

280 2091 367 2125 ralia
395 2100 477 2126 sunt
504 2091 761 2138 corruptibilia,
784 2100 818 2126 et
840 2092 911 2126 cito
942 2091 1133 2134 deficiunt3
1167 2092 1263 2126 bona
1285 2102 1371 2126 vero
1393 2090 1591 2138 spiritualia
1622 2099 1705 2126 sunt
1732 2091 1847 2125 incor-

282 2145 474 2192 ruptibilia.

353 2198 425 2233 Sed
452 2199 570 2245 quoad
593 2209 660 2233 nos
681 2198 939 2233 delectationes
966 2198 1174 2245 corporales
1201 2207 1284 2234 sunt
1310 2199 1426 2245 magis
1447 2199 1683 2233 vehementes
1702 2205 1847 2245 propter

281 2254 357 2287 tria.
379 2253 507 2294 Primo,
532 2252 613 2298 quia
636 2252 816 2286 sensibilia
839 2261 920 2286 sunt
942 2253 1059 2298 magis
1087 2261 1174 2287 nota
1205 2252 1324 2299 quoad
1347 2263 1426 2294 nos,
1448 2264 1556 2299 quarn
1584 2251 1843 2298 intelligibilia:

280 2305 415 2340 secundo
439 2305 547 2340 etiam
571 2305 652 2351 quia
675 2305 932 2339 delectationes
960 2306 1156 2348 sensibiles,
1185 2317 1269 2340 cum
1297 2306 1367 2340 sint
1392 2306 1580 2352 passiones
1605 2305 1765 2340 sensitivi
1790 2317 1849 2352 ap-

281 2360 423 2405 petitus,
450 2367 532 2393 sunt
559 2370 642 2392 cum
670 2358 787 2405 aliqua
818 2360 1118 2393 transmutatione
1150 2359 1352 2406 corporali3
1381 2359 1477 2406 quod
1505 2370 1579 2393 non
1607 2359 1784 2405 contingit
1810 2359 1846 2393 in

281 2412 581 2447 delectationibus
603 2412 856 2458 spiritualibus,
878 2413 946 2447 nisi
966 2425 1028 2459 per
1046 2413 1244 2459 quamdam
1263 2413 1539 2447 redundantiam
1559 2424 1578 2446 a
1597 2413 1773 2459 superiori
1791 2424 1848 2460 ap·
1889 2443 1894 2447 .

280 2468 391 2513 petitu
415 2467 458 2500 ad
480 2465 705 2500 inferiorem:
730 2468 838 2509 terlio,
862 2467 944 2512 quia
968 2467 1226 2502 delectationes
1249 2467 1457 2514 corporales
1480 2475 1696 2514 appetuntur
1717 2475 1755 2502 ut
1776 2478 1849 2502 me-

281 2521 420 2554 dicinae
437 2519 614 2566 quaedam
631 2528 755 2554 contra
776 2520 984 2566 corporales
1003 2520 1174 2563 desectus,
1190 2520 1247 2555 vel
1267 2521 1465 2563 molestias,
1484 2533 1526 2555 ex
1543 2520 1671 2567 quibus
1685 2521 1847 2555 tristitiae

280 2574 458 2620 quaedam
486 2582 777 2619 consequuntur:
814 2574 906 2608 unde
938 2574 1197 2609 delectationes
1225 2574 1433 2621 corporales
1459 2574 1610 2609 tristitiis
1637 2574 1847 2620 hujusmodi

281 2628 574 2674 supervenientes
597 2628 712 2673 magis
732 2628 942 2669 sentiuntur,
962 2637 995 2662 et
1014 2640 1076 2674 per
1095 2640 1321 2674 consequens
1340 2629 1457 2674 magis
1477 2636 1720 2674 acceptantur,
1738 2639 1847 2675 quam

282 2681 539 2716 delectationes
559 2681 771 2727 spirituales,
787 2693 877 2727 quae
897 2693 970 2716 non
989 2682 1123 2716 habent
1141 2682 1300 2716 tristitias
1321 2682 1531 2724 contrarias,
1546 2690 1584 2716 ut
1600 2680 1692 2716 infra
1710 2682 1847 2717 dicetur

283 2735 329 2781 (q.
350 2747 394 2781 35.
417 2740 479 2769 art.
499 2736 557 2781 5..)

354 2789 413 2823 ΑΙ)
429 2799 577 2824 muttum
597 2799 684 2834 ergo
704 2788 909 2830 dicendum,
929 2789 1024 2835 quod
1045 2789 1126 2823 ideo
1146 2789 1264 2835 plures
1284 2797 1481 2835 sequuntur
1495 2787 1754 2823 delectationes
1772 2798 1847 2823 cor-

282 2842 437 2889 porales,
460 2842 542 2888 quia
564 2842 659 2876 bona
682 2842 862 2877 sensibilia
885 2851 966 2876 sunt
988 2843 1116 2888 magis,
1139 2851 1173 2876 et
1195 2842 1354 2889 pluribus
1376 2850 1478 2877 nota:
1502 2850 1537 2876 et
1558 2841 1667 2877 etiam
1682 2841 1764 2888 quia
1783 2841 1846 2876 ho-

283 2895 398 2930 mines
428 2895 589 2942 indigent
615 2895 914 2930 delectationibus
945 2904 981 2930 ut
1011 2896 1198 2931 medicinis
1225 2904 1351 2930 contra
1378 2895 1597 2942 multiplices
1626 2894 1783 2937 dolores,
1805 2903 1840 2930 et
