<?xml version="1.0" encoding="UTF-8"?>
<!DOCTYPE html PUBLIC "-//W3C//DTD XHTML 1.0 Transitional//EN"
    "http://www.w3.org/TR/xhtml1/DTD/xhtml1-transitional.dtd">
<html xmlns="http://www.w3.org/1999/xhtml" xml:lang="en" lang="en">
 <head>
  <title>
</title>
<meta http-equiv="Content-Type" content="text/html;charset=utf-8" />
  <meta name='ocr-system' content='tesseract 3.04.00' />
  <meta name='ocr-capabilities' content='ocr_page ocr_carea ocr_par ocr_line ocrx_word'/>
</head>
<body>
  <div class='ocr_page' id='page_1' title='image "./divithomaeaquina02thomuoft_0234.png"; bbox 0 0 1907 3182; ppageno 0'>
   <div class='ocr_carea' id='block_1_1' title="bbox 271 185 1404 228">
    <p class='ocr_par' dir='ltr' id='par_1_1' title="bbox 271 185 1404 228">
     <span class='ocr_line' id='line_1_1' title="bbox 271 185 1404 228; baseline 0.001 -13"><span class='ocrx_word' id='word_1_1' title='bbox 271 186 354 228; x_wconf 76' lang='grc'>230</span> <span class='ocrx_word' id='word_1_2' title='bbox 691 185 912 221; x_wconf 84' lang='lat' dir='ltr'>QUAESTIO</span> <span class='ocrx_word' id='word_1_3' title='bbox 946 185 1047 215; x_wconf 85' lang='lat' dir='ltr'>XXX.</span> <span class='ocrx_word' id='word_1_4' title='bbox 1082 186 1327 216; x_wconf 84' lang='lat' dir='ltr'>ARTICULUS</span> <span class='ocrx_word' id='word_1_5' title='bbox 1361 186 1404 216; x_wconf 90' lang='grc' dir='ltr'>ΙΙ.</span> 
     </span>
    </p>
   </div>
   <div class='ocr_carea' id='block_1_2' title="bbox 266 265 1830 847">
    <p class='ocr_par' dir='ltr' id='par_1_2' title="bbox 267 265 1830 420">
     <span class='ocr_line' id='line_1_2' title="bbox 269 265 1830 314; baseline 0.003 -15"><span class='ocrx_word' id='word_1_6' title='bbox 269 265 407 300; x_wconf 87' lang='lat' dir='ltr'>ratione</span> <span class='ocrx_word' id='word_1_7' title='bbox 428 266 609 312; x_wconf 84' lang='lat' dir='ltr'>praeteriti</span> <span class='ocrx_word' id='word_1_8' title='bbox 632 274 684 301; x_wconf 92' lang='lat' dir='ltr'>est</span> <span class='ocrx_word' id='word_1_9' title='bbox 705 266 887 312; x_wconf 85' lang='lat' dir='ltr'>objectum</span> <span class='ocrx_word' id='word_1_10' title='bbox 910 266 1128 309; x_wconf 82' lang='lat' dir='ltr'>memoriae3</span> <span class='ocrx_word' id='word_1_11' title='bbox 1151 266 1362 312; x_wconf 83' lang='lat' dir='ltr'>hujusmodi</span> <span class='ocrx_word' id='word_1_12' title='bbox 1383 267 1480 301; x_wconf 89' lang='lat' dir='ltr'>enim</span> <span class='ocrx_word' id='word_1_13' title='bbox 1499 268 1732 314; x_wconf 87' lang='lat' dir='ltr'>particulares</span> <span class='ocrx_word' id='word_1_14' title='bbox 1747 281 1830 304; x_wconf 91' lang='lat' dir='ltr'>con-</span> 
     </span>
     <span class='ocr_line' id='line_1_3' title="bbox 267 319 1828 366; baseline 0.003 -13"><span class='ocrx_word' id='word_1_15' title='bbox 267 319 421 354; x_wconf 87' lang='lat' dir='ltr'>ditiones</span> <span class='ocrx_word' id='word_1_16' title='bbox 444 319 683 354; x_wconf 86' lang='lat' dir='ltr'>diversificant</span> <span class='ocrx_word' id='word_1_17' title='bbox 705 320 863 366; x_wconf 88' lang='lat' dir='ltr'>speciem</span> <span class='ocrx_word' id='word_1_18' title='bbox 885 320 1107 365; x_wconf 79' lang='lat' dir='ltr'>passionum,</span> <span class='ocrx_word' id='word_1_19' title='bbox 1134 319 1192 354; x_wconf 89' lang='lat' dir='ltr'>vel</span> <span class='ocrx_word' id='word_1_20' title='bbox 1223 320 1334 354; x_wconf 88' lang='lat' dir='ltr'>etiam</span> <span class='ocrx_word' id='word_1_21' title='bbox 1367 321 1610 366; x_wconf 89' lang='lat' dir='ltr'>potentiarum</span> <span class='ocrx_word' id='word_1_22' title='bbox 1637 323 1828 359; x_wconf 88' lang='lat' dir='ltr'>sensitivae</span> 
     </span>
     <span class='ocr_line' id='line_1_4' title="bbox 267 373 929 420; baseline -0.002 -13"><span class='ocrx_word' id='word_1_23' title='bbox 267 373 388 419; x_wconf 86' lang='lat' dir='ltr'>partis,</span> <span class='ocrx_word' id='word_1_24' title='bbox 410 385 500 419; x_wconf 88' lang='lat' dir='ltr'>quae</span> <span class='ocrx_word' id='word_1_25' title='bbox 524 374 668 420; x_wconf 79' lang='lat' dir='ltr'><strong>respicit</strong></span> <span class='ocrx_word' id='word_1_26' title='bbox 690 373 929 420; x_wconf 86' lang='lat' dir='ltr'>particularia.</span> 
     </span>
    </p>

    <p class='ocr_par' dir='ltr' id='par_1_3' title="bbox 267 425 1829 685">
     <span class='ocr_line' id='line_1_5' title="bbox 338 425 1828 476; baseline 0.002 -15"><span class='ocrx_word' id='word_1_27' title='bbox 338 427 398 460; x_wconf 85' lang='lat' dir='ltr'>AD</span> <span class='ocrx_word' id='word_1_28' title='bbox 418 437 624 461; x_wconf 77' lang='lat' dir='ltr'>SECUNDUM</span> <span class='ocrx_word' id='word_1_29' title='bbox 647 426 852 468; x_wconf 89' lang='lat' dir='ltr'>dicendum,</span> <span class='ocrx_word' id='word_1_30' title='bbox 875 426 971 472; x_wconf 91' lang='lat' dir='ltr'>quod</span> <span class='ocrx_word' id='word_1_31' title='bbox 993 425 1055 460; x_wconf 87' lang='lat' dir='ltr'>illa</span> <span class='ocrx_word' id='word_1_32' title='bbox 1075 426 1296 472; x_wconf 85' lang='lat' dir='ltr'>praedicatio</span> <span class='ocrx_word' id='word_1_33' title='bbox 1321 434 1373 460; x_wconf 90' lang='lat' dir='ltr'>est</span> <span class='ocrx_word' id='word_1_34' title='bbox 1394 439 1458 473; x_wconf 90' lang='lat' dir='ltr'>per</span> <span class='ocrx_word' id='word_1_35' title='bbox 1480 439 1638 471; x_wconf 85' lang='lat' dir='ltr'>causam,</span> <span class='ocrx_word' id='word_1_36' title='bbox 1665 440 1739 463; x_wconf 92' lang='lat' dir='ltr'>non</span> <span class='ocrx_word' id='word_1_37' title='bbox 1765 441 1828 476; x_wconf 89' lang='lat' dir='ltr'>per</span> 
     </span>
     <span class='ocr_line' id='line_1_6' title="bbox 268 479 1829 525; baseline 0.002 -11"><span class='ocrx_word' id='word_1_38' title='bbox 268 480 478 522; x_wconf 83' lang='lat' dir='ltr'>essentiam3</span> <span class='ocrx_word' id='word_1_39' title='bbox 501 492 574 514; x_wconf 93' lang='lat' dir='ltr'>non</span> <span class='ocrx_word' id='word_1_40' title='bbox 598 480 694 514; x_wconf 87' lang='lat' dir='ltr'>enirn</span> <span class='ocrx_word' id='word_1_41' title='bbox 718 479 892 525; x_wconf 74' lang='lat' dir='ltr'>cupiditas</span> <span class='ocrx_word' id='word_1_42' title='bbox 916 486 967 513; x_wconf 90' lang='lat' dir='ltr'>est</span> <span class='ocrx_word' id='word_1_43' title='bbox 981 491 1043 525; x_wconf 90' lang='lat' dir='ltr'>per</span> <span class='ocrx_word' id='word_1_44' title='bbox 1058 490 1095 513; x_wconf 89' lang='lat' dir='ltr'>se</span> <span class='ocrx_word' id='word_1_45' title='bbox 1113 491 1226 521; x_wconf 83' lang='lat' dir='ltr'>amor,</span> <span class='ocrx_word' id='word_1_46' title='bbox 1242 480 1303 513; x_wconf 91' lang='lat' dir='ltr'>sed</span> <span class='ocrx_word' id='word_1_47' title='bbox 1319 481 1452 515; x_wconf 85' lang='lat' dir='ltr'>amoris</span> <span class='ocrx_word' id='word_1_48' title='bbox 1468 481 1626 516; x_wconf 86' lang='lat' dir='ltr'>effectus.</span> <span class='ocrx_word' id='word_1_49' title='bbox 1643 481 1711 516; x_wconf 87' lang='lat' dir='ltr'>Vel</span> <span class='ocrx_word' id='word_1_50' title='bbox 1727 482 1829 518; x_wconf 85' lang='lat' dir='ltr'>aliter</span> 
     </span>
     <span class='ocr_line' id='line_1_7' title="bbox 267 532 1829 583; baseline 0.003 -17"><span class='ocrx_word' id='word_1_51' title='bbox 267 533 474 575; x_wconf 87' lang='lat' dir='ltr'>dicendum,</span> <span class='ocrx_word' id='word_1_52' title='bbox 497 533 593 579; x_wconf 91' lang='lat' dir='ltr'>quod</span> <span class='ocrx_word' id='word_1_53' title='bbox 616 533 840 578; x_wconf 83' lang='lat' dir='ltr'>Augustinus</span> <span class='ocrx_word' id='word_1_54' title='bbox 863 533 993 578; x_wconf 87' lang='lat' dir='ltr'>accipit</span> <span class='ocrx_word' id='word_1_55' title='bbox 1016 533 1249 579; x_wconf 83' lang='lat' dir='ltr'>cupiditatem</span> <span class='ocrx_word' id='word_1_56' title='bbox 1271 532 1369 579; x_wconf 86' lang='lat' dir='ltr'>large</span> <span class='ocrx_word' id='word_1_57' title='bbox 1391 545 1455 579; x_wconf 91' lang='lat' dir='ltr'>pro</span> <span class='ocrx_word' id='word_1_58' title='bbox 1478 535 1638 580; x_wconf 90' lang='lat' dir='ltr'>quolibet</span> <span class='ocrx_word' id='word_1_59' title='bbox 1656 543 1758 570; x_wconf 89' lang='lat' dir='ltr'>motu</span> <span class='ocrx_word' id='word_1_60' title='bbox 1773 547 1829 583; x_wconf 88' lang='lat' dir='ltr'>ap-</span> 
     </span>
     <span class='ocr_line' id='line_1_8' title="bbox 267 585 1829 633; baseline 0.003 -13"><span class='ocrx_word' id='word_1_61' title='bbox 267 586 407 632; x_wconf 87' lang='lat' dir='ltr'>petitus,</span> <span class='ocrx_word' id='word_1_62' title='bbox 430 587 490 632; x_wconf 91' lang='lat' dir='ltr'>qui</span> <span class='ocrx_word' id='word_1_63' title='bbox 511 594 629 632; x_wconf 90' lang='lat' dir='ltr'>potest</span> <span class='ocrx_word' id='word_1_64' title='bbox 655 597 731 620; x_wconf 88' lang='lat' dir='ltr'>esse</span> <span class='ocrx_word' id='word_1_65' title='bbox 759 594 924 632; x_wconf 86' lang='lat' dir='ltr'>respectu</span> <span class='ocrx_word' id='word_1_66' title='bbox 952 586 1037 620; x_wconf 90' lang='lat' dir='ltr'>boni</span> <span class='ocrx_word' id='word_1_67' title='bbox 1063 585 1189 628; x_wconf 80' lang='lat' dir='ltr'>futuri3</span> <span class='ocrx_word' id='word_1_68' title='bbox 1217 586 1310 620; x_wconf 89' lang='lat' dir='ltr'>unde</span> <span class='ocrx_word' id='word_1_69' title='bbox 1338 588 1614 633; x_wconf 84' lang='lat' dir='ltr'>comprehendit</span> <span class='ocrx_word' id='word_1_70' title='bbox 1639 589 1702 623; x_wconf 92' lang='lat' dir='ltr'>sub</span> <span class='ocrx_word' id='word_1_71' title='bbox 1729 600 1767 623; x_wconf 88' lang='lat' dir='ltr'>se</span> <span class='ocrx_word' id='word_1_72' title='bbox 1794 597 1829 624; x_wconf 89' lang='lat' dir='ltr'>et</span> 
     </span>
     <span class='ocr_line' id='line_1_9' title="bbox 268 647 634 685; baseline -0.003 -12"><span class='ocrx_word' id='word_1_73' title='bbox 268 651 444 681; x_wconf 87' lang='lat' dir='ltr'>amorem,</span> <span class='ocrx_word' id='word_1_74' title='bbox 467 647 501 673; x_wconf 92' lang='lat' dir='ltr'>et</span> <span class='ocrx_word' id='word_1_75' title='bbox 522 650 634 685; x_wconf 87' lang='lat' dir='ltr'>spem.</span> 
     </span>
    </p>

    <p class='ocr_par' dir='ltr' id='par_1_4' title="bbox 266 692 1828 847">
     <span class='ocr_line' id='line_1_10' title="bbox 337 692 1828 741; baseline 0.002 -14"><span class='ocrx_word' id='word_1_76' title='bbox 337 693 396 727; x_wconf 88' lang='lat' dir='ltr'>AD</span> <span class='ocrx_word' id='word_1_77' title='bbox 420 703 590 727; x_wconf 78' lang='lat' dir='ltr'>TERTIUM</span> <span class='ocrx_word' id='word_1_78' title='bbox 613 692 818 735; x_wconf 85' lang='lat' dir='ltr'>dicendum,</span> <span class='ocrx_word' id='word_1_79' title='bbox 840 692 936 738; x_wconf 92' lang='lat' dir='ltr'>quod</span> <span class='ocrx_word' id='word_1_80' title='bbox 959 692 1090 738; x_wconf 80' lang='lat' dir='ltr'>passio,</span> <span class='ocrx_word' id='word_1_81' title='bbox 1107 704 1198 738; x_wconf 87' lang='lat' dir='ltr'>quae</span> <span class='ocrx_word' id='word_1_82' title='bbox 1215 692 1348 727; x_wconf 83' lang='lat' dir='ltr'>directe</span> <span class='ocrx_word' id='word_1_83' title='bbox 1365 694 1558 739; x_wconf 90' lang='lat' dir='ltr'>opponitur</span> <span class='ocrx_word' id='word_1_84' title='bbox 1573 695 1828 741; x_wconf 90' lang='lat' dir='ltr'>concupiscen-</span> 
     </span>
     <span class='ocr_line' id='line_1_11' title="bbox 267 746 1828 796; baseline 0.002 -16"><span class='ocrx_word' id='word_1_85' title='bbox 267 747 348 788; x_wconf 91' lang='lat' dir='ltr'>tiae,</span> <span class='ocrx_word' id='word_1_86' title='bbox 372 748 597 780; x_wconf 79' lang='lat' dir='ltr'>innominata</span> <span class='ocrx_word' id='word_1_87' title='bbox 620 754 693 789; x_wconf 70' lang='lat' dir='ltr'>est,</span> <span class='ocrx_word' id='word_1_88' title='bbox 716 746 799 792; x_wconf 88' lang='lat' dir='ltr'>quia</span> <span class='ocrx_word' id='word_1_89' title='bbox 823 746 883 791; x_wconf 88' lang='lat' dir='ltr'>[al.</span> <span class='ocrx_word' id='word_1_90' title='bbox 906 747 1003 792; x_wconf 71' lang='lat' dir='ltr'>quaa]</span> <span class='ocrx_word' id='word_1_91' title='bbox 1027 748 1074 780; x_wconf 87' lang='lat' dir='ltr'>ita</span> <span class='ocrx_word' id='word_1_92' title='bbox 1093 757 1129 780; x_wconf 85' lang='lat' dir='ltr'>se</span> <span class='ocrx_word' id='word_1_93' title='bbox 1151 746 1260 781; x_wconf 88' lang='lat' dir='ltr'>habet</span> <span class='ocrx_word' id='word_1_94' title='bbox 1287 747 1330 781; x_wconf 90' lang='lat' dir='ltr'>ad</span> <span class='ocrx_word' id='word_1_95' title='bbox 1361 748 1511 790; x_wconf 86' lang='lat' dir='ltr'>malum,</span> <span class='ocrx_word' id='word_1_96' title='bbox 1541 749 1632 783; x_wconf 87' lang='lat' dir='ltr'>sicut</span> <span class='ocrx_word' id='word_1_97' title='bbox 1661 749 1828 796; x_wconf 89' lang='lat' dir='ltr'>concupi-</span> 
     </span>
     <span class='ocr_line' id='line_1_12' title="bbox 266 799 1827 847; baseline 0.003 -14"><span class='ocrx_word' id='word_1_98' title='bbox 266 800 402 834; x_wconf 80' lang='lat' dir='ltr'>scentia</span> <span class='ocrx_word' id='word_1_99' title='bbox 425 800 467 833; x_wconf 86' lang='lat' dir='ltr'>ad</span> <span class='ocrx_word' id='word_1_100' title='bbox 490 800 645 833; x_wconf 86' lang='lat' dir='ltr'>bonum:</span> <span class='ocrx_word' id='word_1_101' title='bbox 669 800 730 834; x_wconf 90' lang='lat' dir='ltr'>sed</span> <span class='ocrx_word' id='word_1_102' title='bbox 753 800 835 846; x_wconf 89' lang='lat' dir='ltr'>quia</span> <span class='ocrx_word' id='word_1_103' title='bbox 858 808 910 834; x_wconf 87' lang='lat' dir='ltr'>est</span> <span class='ocrx_word' id='word_1_104' title='bbox 939 799 1025 833; x_wconf 86' lang='lat' dir='ltr'>mali</span> <span class='ocrx_word' id='word_1_105' title='bbox 1054 800 1209 834; x_wconf 89' lang='lat' dir='ltr'>absentis</span> <span class='ocrx_word' id='word_1_106' title='bbox 1237 799 1296 844; x_wconf 85' lang='lat' dir='ltr'>[al.</span> <span class='ocrx_word' id='word_1_107' title='bbox 1327 801 1409 834; x_wconf 82' lang='lat' dir='ltr'>mali</span> <span class='ocrx_word' id='word_1_108' title='bbox 1436 807 1465 836; x_wconf 79' lang='lat' dir='ltr'>et</span> <span class='ocrx_word' id='word_1_109' title='bbox 1490 803 1642 847; x_wconf 72' lang='lat' dir='ltr'>absmtis]</span> <span class='ocrx_word' id='word_1_110' title='bbox 1674 803 1766 837; x_wconf 89' lang='lat' dir='ltr'>sicut</span> <span class='ocrx_word' id='word_1_111' title='bbox 1792 811 1827 838; x_wconf 92' lang='lat' dir='ltr'>et</span> 
     </span>
    </p>
   </div>
   <div class='ocr_carea' id='block_1_3' title="bbox 210 852 1825 901">
    <p class='ocr_par' dir='ltr' id='par_1_5' title="bbox 210 852 1825 901">
     <span class='ocr_line' id='line_1_13' title="bbox 210 852 1825 901; baseline 0.002 -15"><span class='ocrx_word' id='word_1_112' title='bbox 210 852 213 855; x_wconf 69' lang='grc'><strong><em>’</em></strong></span> <span class='ocrx_word' id='word_1_113' title='bbox 265 853 385 895; x_wconf 84' lang='lat' dir='ltr'>timor,</span> <span class='ocrx_word' id='word_1_114' title='bbox 409 853 625 899; x_wconf 82' lang='lat' dir='ltr'>quandoque</span> <span class='ocrx_word' id='word_1_115' title='bbox 647 852 731 887; x_wconf 92' lang='lat' dir='ltr'>loco</span> <span class='ocrx_word' id='word_1_116' title='bbox 755 854 829 898; x_wconf 88' lang='lat' dir='ltr'>ejus</span> <span class='ocrx_word' id='word_1_117' title='bbox 851 853 994 900; x_wconf 89' lang='lat' dir='ltr'>ponitur</span> <span class='ocrx_word' id='word_1_118' title='bbox 1015 853 1143 887; x_wconf 87' lang='lat' dir='ltr'>timor:</span> <span class='ocrx_word' id='word_1_119' title='bbox 1163 853 1254 887; x_wconf 90' lang='lat' dir='ltr'>sicut</span> <span class='ocrx_word' id='word_1_120' title='bbox 1273 864 1307 888; x_wconf 89' lang='lat' dir='ltr'>et</span> <span class='ocrx_word' id='word_1_121' title='bbox 1321 854 1538 900; x_wconf 80' lang='lat' dir='ltr'>quandoque</span> <span class='ocrx_word' id='word_1_122' title='bbox 1553 855 1725 901; x_wconf 86' lang='lat' dir='ltr'>cupiditas</span> <span class='ocrx_word' id='word_1_123' title='bbox 1741 856 1825 890; x_wconf 90' lang='lat' dir='ltr'>loco</span> 
     </span>
    </p>
   </div>
   <div class='ocr_carea' id='block_1_4' title="bbox 264 906 1827 1060">
    <p class='ocr_par' dir='ltr' id='par_1_6' title="bbox 264 906 1827 1060">
     <span class='ocr_line' id='line_1_14' title="bbox 265 906 1824 955; baseline 0.003 -16"><span class='ocrx_word' id='word_1_124' title='bbox 265 906 352 952; x_wconf 89' lang='lat' dir='ltr'>spei,</span> <span class='ocrx_word' id='word_1_125' title='bbox 374 907 471 952; x_wconf 87' lang='lat' dir='ltr'>quod</span> <span class='ocrx_word' id='word_1_126' title='bbox 493 906 590 940; x_wconf 90' lang='lat' dir='ltr'>enim</span> <span class='ocrx_word' id='word_1_127' title='bbox 609 915 662 941; x_wconf 87' lang='lat' dir='ltr'>est</span> <span class='ocrx_word' id='word_1_128' title='bbox 682 918 832 953; x_wconf 88' lang='lat' dir='ltr'>parvum</span> <span class='ocrx_word' id='word_1_129' title='bbox 855 907 1003 948; x_wconf 89' lang='lat' dir='ltr'>bonum,</span> <span class='ocrx_word' id='word_1_130' title='bbox 1025 906 1083 940; x_wconf 83' lang='lat' dir='ltr'>vel</span> <span class='ocrx_word' id='word_1_131' title='bbox 1105 906 1254 948; x_wconf 85' lang='lat' dir='ltr'>malum,</span> <span class='ocrx_word' id='word_1_132' title='bbox 1277 907 1380 953; x_wconf 88' lang='lat' dir='ltr'>quasi</span> <span class='ocrx_word' id='word_1_133' title='bbox 1393 919 1467 941; x_wconf 90' lang='lat' dir='ltr'>non</span> <span class='ocrx_word' id='word_1_134' title='bbox 1480 916 1680 955; x_wconf 86' lang='lat' dir='ltr'>reputatur:</span> <span class='ocrx_word' id='word_1_135' title='bbox 1696 917 1731 944; x_wconf 89' lang='lat' dir='ltr'>et</span> <span class='ocrx_word' id='word_1_136' title='bbox 1744 910 1824 944; x_wconf 89' lang='lat' dir='ltr'>ideo</span> 
     </span>
     <span class='ocr_line' id='line_1_15' title="bbox 266 959 1827 1009; baseline 0.003 -16"><span class='ocrx_word' id='word_1_137' title='bbox 266 971 330 1005; x_wconf 89' lang='lat' dir='ltr'>pro</span> <span class='ocrx_word' id='word_1_138' title='bbox 354 960 454 993; x_wconf 89' lang='lat' dir='ltr'>omni</span> <span class='ocrx_word' id='word_1_139' title='bbox 476 967 578 994; x_wconf 90' lang='lat' dir='ltr'>motu</span> <span class='ocrx_word' id='word_1_140' title='bbox 602 960 778 1006; x_wconf 87' lang='lat' dir='ltr'>appetitus</span> <span class='ocrx_word' id='word_1_141' title='bbox 799 960 835 993; x_wconf 89' lang='lat' dir='ltr'>in</span> <span class='ocrx_word' id='word_1_142' title='bbox 853 960 1002 1001; x_wconf 87' lang='lat' dir='ltr'>bonurn,</span> <span class='ocrx_word' id='word_1_143' title='bbox 1024 959 1082 994; x_wconf 89' lang='lat' dir='ltr'>vel</span> <span class='ocrx_word' id='word_1_144' title='bbox 1104 960 1139 993; x_wconf 90' lang='lat' dir='ltr'>in</span> <span class='ocrx_word' id='word_1_145' title='bbox 1162 959 1301 993; x_wconf 86' lang='lat' dir='ltr'>malum</span> <span class='ocrx_word' id='word_1_146' title='bbox 1323 959 1482 995; x_wconf 86' lang='lat' dir='ltr'>futurum</span> <span class='ocrx_word' id='word_1_147' title='bbox 1503 962 1648 1008; x_wconf 89' lang='lat' dir='ltr'>ponitur</span> <span class='ocrx_word' id='word_1_148' title='bbox 1673 973 1765 1009; x_wconf 87' lang='lat' dir='ltr'>spes,</span> <span class='ocrx_word' id='word_1_149' title='bbox 1793 971 1827 997; x_wconf 87' lang='lat' dir='ltr'>et</span> 
     </span>
     <span class='ocr_line' id='line_1_16' title="bbox 264 1012 1305 1060; baseline 0 -13"><span class='ocrx_word' id='word_1_150' title='bbox 264 1013 385 1055; x_wconf 89' lang='lat' dir='ltr'>timor,</span> <span class='ocrx_word' id='word_1_151' title='bbox 407 1024 497 1060; x_wconf 89' lang='lat' dir='ltr'>quae</span> <span class='ocrx_word' id='word_1_152' title='bbox 516 1013 711 1060; x_wconf 88' lang='lat' dir='ltr'>respiciunt</span> <span class='ocrx_word' id='word_1_153' title='bbox 731 1013 880 1055; x_wconf 88' lang='lat' dir='ltr'>bonum,</span> <span class='ocrx_word' id='word_1_154' title='bbox 903 1013 959 1047; x_wconf 81' lang='lat' dir='ltr'>vel</span> <span class='ocrx_word' id='word_1_155' title='bbox 982 1012 1120 1047; x_wconf 87' lang='lat' dir='ltr'>malum</span> <span class='ocrx_word' id='word_1_156' title='bbox 1143 1013 1305 1047; x_wconf 88' lang='lat' dir='ltr'>arduum.</span> 
     </span>
    </p>
   </div>
   <div class='ocr_carea' id='block_1_5' title="bbox 815 1178 1825 1239">
    <p class='ocr_par' dir='ltr' id='par_1_7' title="bbox 815 1178 1825 1239">
     <span class='ocr_line' id='line_1_17' title="bbox 815 1178 1825 1239; baseline 0.006 -17"><span class='ocrx_word' id='word_1_157' title='bbox 815 1178 1158 1224; x_wconf 87' lang='lat' dir='ltr'>ARTICULUS</span> <span class='ocrx_word' id='word_1_158' title='bbox 1188 1178 1266 1222; x_wconf 88' lang='grc' dir='ltr'>ΠΙ.</span> <span class='ocrx_word' id='word_1_159' title='bbox 1762 1203 1825 1239; x_wconf 89' lang='lat'>172</span> 
     </span>
    </p>
   </div>
   <div class='ocr_carea' id='block_1_6' title="bbox 413 1293 1669 1396">
    <p class='ocr_par' dir='ltr' id='par_1_8' title="bbox 413 1293 1669 1396">
     <span class='ocr_line' id='line_1_18' title="bbox 413 1293 1669 1335; baseline 0.001 -11"><span class='ocrx_word' id='word_1_160' title='bbox 413 1294 566 1325; x_wconf 89' lang='lat' dir='ltr'>UTRUM</span> <span class='ocrx_word' id='word_1_161' title='bbox 598 1294 695 1325; x_wconf 89' lang='lat' dir='ltr'>SINT</span> <span class='ocrx_word' id='word_1_162' title='bbox 728 1294 922 1331; x_wconf 84' lang='lat' dir='ltr'>ALIQUAE</span> <span class='ocrx_word' id='word_1_163' title='bbox 956 1294 1367 1324; x_wconf 89' lang='lat' dir='ltr'>CONCUPISCENTIAE</span> <span class='ocrx_word' id='word_1_164' title='bbox 1399 1293 1669 1335; x_wconf 87' lang='lat' dir='ltr'>NATURALES,</span> 
     </span>
     <span class='ocr_line' id='line_1_19' title="bbox 690 1359 1397 1396; baseline -0.001 -7"><span class='ocrx_word' id='word_1_165' title='bbox 690 1360 746 1390; x_wconf 91' lang='lat' dir='ltr'>ET</span> <span class='ocrx_word' id='word_1_166' title='bbox 779 1360 972 1396; x_wconf 87' lang='lat' dir='ltr'>ALIQUAE</span> <span class='ocrx_word' id='word_1_167' title='bbox 1003 1360 1095 1391; x_wconf 91' lang='lat' dir='ltr'>NON</span> <span class='ocrx_word' id='word_1_168' title='bbox 1127 1359 1397 1391; x_wconf 91' lang='lat' dir='ltr'>NATURALES.</span> 
     </span>
    </p>
   </div>
   <div class='ocr_carea' id='block_1_7' title="bbox 265 1452 1824 1500">
    <p class='ocr_par' dir='ltr' id='par_1_9' title="bbox 265 1452 1824 1500">
     <span class='ocr_line' id='line_1_20' title="bbox 265 1452 1824 1500; baseline 0.001 -14"><span class='ocrx_word' id='word_1_169' title='bbox 265 1452 366 1497; x_wconf 79' lang='lat' dir='ltr'>(Infr.</span> <span class='ocrx_word' id='word_1_170' title='bbox 378 1465 407 1499; x_wconf 85' lang='lat' dir='ltr'>q.</span> <span class='ocrx_word' id='word_1_171' title='bbox 419 1464 465 1499; x_wconf 82' lang='lat'>31.</span> <span class='ocrx_word' id='word_1_172' title='bbox 481 1458 581 1499; x_wconf 80' lang='lat' dir='ltr'>art.3.</span> <span class='ocrx_word' id='word_1_173' title='bbox 597 1457 664 1499; x_wconf 73' lang='lat' dir='ltr'>atq.</span> <span class='ocrx_word' id='word_1_174' title='bbox 679 1464 730 1498; x_wconf 81' lang='lat'>41.</span> <span class='ocrx_word' id='word_1_175' title='bbox 746 1458 846 1500; x_wconf 79' lang='lat' dir='ltr'>art.3.</span> <span class='ocrx_word' id='word_1_176' title='bbox 863 1459 950 1500; x_wconf 74' lang='lat' dir='ltr'>corp.</span> <span class='ocrx_word' id='word_1_177' title='bbox 966 1458 994 1488; x_wconf 76' lang='lat' dir='ltr'>et</span> <span class='ocrx_word' id='word_1_178' title='bbox 1007 1465 1036 1499; x_wconf 82' lang='lat' dir='ltr'>q.</span> <span class='ocrx_word' id='word_1_179' title='bbox 1052 1464 1103 1500; x_wconf 89' lang='lat'>77.</span> <span class='ocrx_word' id='word_1_180' title='bbox 1119 1458 1184 1488; x_wconf 78' lang='lat' dir='ltr'>art.</span> <span class='ocrx_word' id='word_1_181' title='bbox 1194 1464 1223 1499; x_wconf 84' lang='lat'>5.</span> <span class='ocrx_word' id='word_1_182' title='bbox 1238 1459 1328 1499; x_wconf 79' lang='lat' dir='ltr'>corp.</span> <span class='ocrx_word' id='word_1_183' title='bbox 1340 1457 1371 1488; x_wconf 86' lang='lat' dir='ltr'>et</span> <span class='ocrx_word' id='word_1_184' title='bbox 1383 1464 1452 1487; x_wconf 88' lang='lat'><strong><em>2-2.</em></strong></span> <span class='ocrx_word' id='word_1_185' title='bbox 1467 1464 1497 1498; x_wconf 85' lang='lat' dir='ltr'>q.</span> <span class='ocrx_word' id='word_1_186' title='bbox 1512 1463 1579 1499; x_wconf 88' lang='lat'><strong><em>117.</em></strong></span> <span class='ocrx_word' id='word_1_187' title='bbox 1590 1457 1691 1499; x_wconf 83' lang='lat' dir='ltr'>art.5.</span> <span class='ocrx_word' id='word_1_188' title='bbox 1706 1453 1749 1488; x_wconf 85' lang='lat' dir='ltr'>ad</span> <span class='ocrx_word' id='word_1_189' title='bbox 1761 1454 1824 1499; x_wconf 89' lang='lat'><strong><em>2.).</em></strong></span> 
     </span>
    </p>
   </div>
   <div class='ocr_carea' id='block_1_8' title="bbox 256 1547 1827 2936">
    <p class='ocr_par' dir='ltr' id='par_1_10' title="bbox 263 1547 1825 1757">
     <span class='ocr_line' id='line_1_21' title="bbox 334 1547 1822 1595; baseline 0.001 -13"><span class='ocrx_word' id='word_1_190' title='bbox 334 1548 393 1582; x_wconf 89' lang='lat' dir='ltr'>AD</span> <span class='ocrx_word' id='word_1_191' title='bbox 421 1558 591 1583; x_wconf 76' lang='lat' dir='ltr'>TERTIUM</span> <span class='ocrx_word' id='word_1_192' title='bbox 614 1548 664 1582; x_wconf 88' lang='lat' dir='ltr'>sic</span> <span class='ocrx_word' id='word_1_193' title='bbox 691 1549 907 1595; x_wconf 88' lang='lat' dir='ltr'>proceditur.</span> <span class='ocrx_word' id='word_1_194' title='bbox 934 1548 1096 1593; x_wconf 86' lang='lat' dir='ltr'>Videtur,</span> <span class='ocrx_word' id='word_1_195' title='bbox 1124 1547 1220 1594; x_wconf 90' lang='lat' dir='ltr'>quod</span> <span class='ocrx_word' id='word_1_196' title='bbox 1248 1547 1625 1593; x_wconf 83' lang='lat' dir='ltr'>concupiscentiarum</span> <span class='ocrx_word' id='word_1_197' title='bbox 1652 1559 1726 1582; x_wconf 91' lang='lat' dir='ltr'>non</span> <span class='ocrx_word' id='word_1_198' title='bbox 1752 1548 1822 1584; x_wconf 89' lang='lat' dir='ltr'>sint</span> 
     </span>
     <span class='ocr_line' id='line_1_22' title="bbox 263 1601 1824 1649; baseline 0.001 -13"><span class='ocrx_word' id='word_1_199' title='bbox 263 1602 422 1649; x_wconf 74' lang='lat' dir='ltr'>quaedam</span> <span class='ocrx_word' id='word_1_200' title='bbox 443 1601 635 1644; x_wconf 84' lang='lat' dir='ltr'>naturales,</span> <span class='ocrx_word' id='word_1_201' title='bbox 652 1610 686 1636; x_wconf 90' lang='lat' dir='ltr'>et</span> <span class='ocrx_word' id='word_1_202' title='bbox 700 1603 859 1648; x_wconf 72' lang='lat' dir='ltr'>quaedam</span> <span class='ocrx_word' id='word_1_203' title='bbox 880 1614 954 1637; x_wconf 93' lang='lat' dir='ltr'>non</span> <span class='ocrx_word' id='word_1_204' title='bbox 972 1601 1168 1636; x_wconf 83' lang='lat' dir='ltr'>naturales:</span> <span class='ocrx_word' id='word_1_205' title='bbox 1193 1601 1488 1647; x_wconf 87' lang='lat' dir='ltr'>concupiscentia</span> <span class='ocrx_word' id='word_1_206' title='bbox 1502 1601 1599 1635; x_wconf 89' lang='lat' dir='ltr'>enim</span> <span class='ocrx_word' id='word_1_207' title='bbox 1613 1602 1766 1648; x_wconf 91' lang='lat' dir='ltr'>pertinet</span> <span class='ocrx_word' id='word_1_208' title='bbox 1780 1603 1824 1637; x_wconf 88' lang='lat' dir='ltr'>ad</span> 
     </span>
     <span class='ocr_line' id='line_1_23' title="bbox 263 1656 1825 1703; baseline 0.001 -13"><span class='ocrx_word' id='word_1_209' title='bbox 263 1657 460 1703; x_wconf 86' lang='lat' dir='ltr'>appetitum</span> <span class='ocrx_word' id='word_1_210' title='bbox 483 1656 690 1699; x_wconf 86' lang='lat' dir='ltr'>animalem,</span> <span class='ocrx_word' id='word_1_211' title='bbox 713 1665 751 1692; x_wconf 86' lang='lat' dir='ltr'>ut</span> <span class='ocrx_word' id='word_1_212' title='bbox 772 1658 908 1692; x_wconf 89' lang='lat' dir='ltr'>dictum</span> <span class='ocrx_word' id='word_1_213' title='bbox 930 1666 983 1692; x_wconf 88' lang='lat' dir='ltr'>est</span> <span class='ocrx_word' id='word_1_214' title='bbox 1007 1657 1085 1701; x_wconf 79' lang='lat' dir='ltr'>(art.</span> <span class='ocrx_word' id='word_1_215' title='bbox 1107 1670 1134 1692; x_wconf 76' lang='grc' dir='ltr'>Ι.</span> <span class='ocrx_word' id='word_1_216' title='bbox 1157 1657 1226 1702; x_wconf 74' lang='lat' dir='ltr'><em>huj.</em></span> <span class='ocrx_word' id='word_1_217' title='bbox 1257 1656 1326 1702; x_wconf 83' lang='lat' dir='ltr'>q.):</span> <span class='ocrx_word' id='word_1_218' title='bbox 1353 1656 1415 1691; x_wconf 86' lang='lat' dir='ltr'>sed</span> <span class='ocrx_word' id='word_1_219' title='bbox 1445 1656 1622 1703; x_wconf 90' lang='lat' dir='ltr'>appetitus</span> <span class='ocrx_word' id='word_1_220' title='bbox 1653 1657 1825 1692; x_wconf 85' lang='lat' dir='ltr'>naturalis</span> 
     </span>
     <span class='ocr_line' id='line_1_24' title="bbox 263 1710 1639 1757; baseline 0 -13"><span class='ocrx_word' id='word_1_221' title='bbox 263 1710 430 1744; x_wconf 86' lang='lat' dir='ltr'>dividitur</span> <span class='ocrx_word' id='word_1_222' title='bbox 454 1718 577 1744; x_wconf 88' lang='lat' dir='ltr'>contra</span> <span class='ocrx_word' id='word_1_223' title='bbox 600 1710 815 1754; x_wconf 81' lang='lat' dir='ltr'>animalem3</span> <span class='ocrx_word' id='word_1_224' title='bbox 839 1722 924 1757; x_wconf 84' lang='lat' dir='ltr'>ergo</span> <span class='ocrx_word' id='word_1_225' title='bbox 947 1710 1045 1744; x_wconf 86' lang='lat' dir='ltr'>nulla</span> <span class='ocrx_word' id='word_1_226' title='bbox 1068 1710 1361 1756; x_wconf 86' lang='lat' dir='ltr'>concupiscentia</span> <span class='ocrx_word' id='word_1_227' title='bbox 1383 1717 1436 1744; x_wconf 86' lang='lat' dir='ltr'>est</span> <span class='ocrx_word' id='word_1_228' title='bbox 1455 1710 1639 1745; x_wconf 90' lang='lat' dir='ltr'>naturalis.</span> 
     </span>
    </p>

    <p class='ocr_par' dir='ltr' id='par_1_11' title="bbox 260 1763 1827 2079">
     <span class='ocr_line' id='line_1_25' title="bbox 335 1763 1826 1812; baseline 0.002 -15"><span class='ocrx_word' id='word_1_229' title='bbox 335 1774 365 1797; x_wconf 89' lang='lat'>2.</span> <span class='ocrx_word' id='word_1_230' title='bbox 388 1763 623 1798; x_wconf 77' lang='lat' dir='ltr'>PRAETEREA.</span> <span class='ocrx_word' id='word_1_231' title='bbox 646 1764 844 1799; x_wconf 89' lang='lat' dir='ltr'>Diversitas</span> <span class='ocrx_word' id='word_1_232' title='bbox 867 1764 1061 1799; x_wconf 88' lang='lat' dir='ltr'>materialis</span> <span class='ocrx_word' id='word_1_233' title='bbox 1083 1775 1157 1798; x_wconf 91' lang='lat' dir='ltr'>non</span> <span class='ocrx_word' id='word_1_234' title='bbox 1179 1763 1263 1798; x_wconf 86' lang='lat' dir='ltr'>facit</span> <span class='ocrx_word' id='word_1_235' title='bbox 1285 1763 1530 1798; x_wconf 87' lang='lat' dir='ltr'>diversitatem</span> <span class='ocrx_word' id='word_1_236' title='bbox 1550 1764 1736 1799; x_wconf 88' lang='lat' dir='ltr'>secundun</span> <span class='ocrx_word' id='word_1_237' title='bbox 1751 1776 1826 1812; x_wconf 87' lang='lat' dir='ltr'>spe-</span> 
     </span>
     <span class='ocr_line' id='line_1_26' title="bbox 263 1817 1825 1864; baseline 0.001 -13"><span class='ocrx_word' id='word_1_238' title='bbox 263 1817 367 1859; x_wconf 89' lang='lat' dir='ltr'>ciem,</span> <span class='ocrx_word' id='word_1_239' title='bbox 390 1817 451 1851; x_wconf 85' lang='lat' dir='ltr'>sed</span> <span class='ocrx_word' id='word_1_240' title='bbox 474 1817 594 1852; x_wconf 90' lang='lat' dir='ltr'>solum</span> <span class='ocrx_word' id='word_1_241' title='bbox 617 1819 816 1852; x_wconf 90' lang='lat' dir='ltr'>secundum</span> <span class='ocrx_word' id='word_1_242' title='bbox 838 1829 1032 1852; x_wconf 89' lang='lat' dir='ltr'>numerum</span> <span class='ocrx_word' id='word_1_243' title='bbox 1054 1829 1145 1864; x_wconf 90' lang='lat' dir='ltr'>quae</span> <span class='ocrx_word' id='word_1_244' title='bbox 1173 1817 1319 1864; x_wconf 90' lang='lat' dir='ltr'>quidem</span> <span class='ocrx_word' id='word_1_245' title='bbox 1347 1817 1532 1852; x_wconf 83' lang='lat' dir='ltr'>diversitas</span> <span class='ocrx_word' id='word_1_246' title='bbox 1559 1817 1622 1852; x_wconf 90' lang='lat' dir='ltr'>sub</span> <span class='ocrx_word' id='word_1_247' title='bbox 1651 1826 1724 1853; x_wconf 89' lang='lat' dir='ltr'>arte</span> <span class='ocrx_word' id='word_1_248' title='bbox 1750 1830 1825 1853; x_wconf 89' lang='lat' dir='ltr'>non</span> 
     </span>
     <span class='ocr_line' id='line_1_27' title="bbox 263 1870 1825 1919; baseline 0.001 -15"><span class='ocrx_word' id='word_1_249' title='bbox 263 1871 372 1905; x_wconf 84' lang='lat' dir='ltr'>cadit:</span> <span class='ocrx_word' id='word_1_250' title='bbox 395 1871 455 1905; x_wconf 89' lang='lat' dir='ltr'>sed</span> <span class='ocrx_word' id='word_1_251' title='bbox 478 1871 507 1905; x_wconf 88' lang='lat' dir='ltr'>si</span> <span class='ocrx_word' id='word_1_252' title='bbox 530 1883 620 1918; x_wconf 89' lang='lat' dir='ltr'>quae</span> <span class='ocrx_word' id='word_1_253' title='bbox 643 1872 712 1906; x_wconf 90' lang='lat' dir='ltr'>sint</span> <span class='ocrx_word' id='word_1_254' title='bbox 734 1872 1049 1919; x_wconf 86' lang='lat' dir='ltr'>concupiscentiae</span> <span class='ocrx_word' id='word_1_255' title='bbox 1068 1871 1259 1913; x_wconf 85' lang='lat' dir='ltr'>naturales,</span> <span class='ocrx_word' id='word_1_256' title='bbox 1282 1879 1316 1905; x_wconf 90' lang='lat' dir='ltr'>et</span> <span class='ocrx_word' id='word_1_257' title='bbox 1337 1882 1412 1905; x_wconf 90' lang='lat' dir='ltr'>non</span> <span class='ocrx_word' id='word_1_258' title='bbox 1441 1870 1633 1913; x_wconf 86' lang='lat' dir='ltr'>naturales,</span> <span class='ocrx_word' id='word_1_259' title='bbox 1660 1882 1734 1906; x_wconf 88' lang='lat' dir='ltr'>non</span> <span class='ocrx_word' id='word_1_260' title='bbox 1762 1872 1825 1906; x_wconf 89' lang='lat' dir='ltr'>dif-</span> 
     </span>
     <span class='ocr_line' id='line_1_28' title="bbox 260 1924 1823 1971; baseline 0.002 -13"><span class='ocrx_word' id='word_1_261' title='bbox 260 1924 377 1959; x_wconf 90' lang='lat' dir='ltr'>ferunt</span> <span class='ocrx_word' id='word_1_262' title='bbox 398 1925 466 1959; x_wconf 89' lang='lat' dir='ltr'>nisi</span> <span class='ocrx_word' id='word_1_263' title='bbox 487 1925 686 1959; x_wconf 88' lang='lat' dir='ltr'>secundum</span> <span class='ocrx_word' id='word_1_264' title='bbox 709 1925 848 1960; x_wconf 85' lang='lat' dir='ltr'>diversa</span> <span class='ocrx_word' id='word_1_265' title='bbox 870 1926 1011 1971; x_wconf 84' lang='lat' dir='ltr'>objecta</span> <span class='ocrx_word' id='word_1_266' title='bbox 1034 1924 1347 1971; x_wconf 87' lang='lat' dir='ltr'>concupiscibilia;</span> <span class='ocrx_word' id='word_1_267' title='bbox 1370 1924 1466 1971; x_wconf 89' lang='lat' dir='ltr'>quod</span> <span class='ocrx_word' id='word_1_268' title='bbox 1489 1924 1574 1960; x_wconf 88' lang='lat' dir='ltr'>facit</span> <span class='ocrx_word' id='word_1_269' title='bbox 1595 1925 1823 1961; x_wconf 89' lang='lat' dir='ltr'>materialem</span> 
     </span>
     <span class='ocr_line' id='line_1_29' title="bbox 262 1978 1827 2024; baseline 0.001 -12"><span class='ocrx_word' id='word_1_270' title='bbox 262 1978 512 2021; x_wconf 84' lang='lat' dir='ltr'>differentiam,</span> <span class='ocrx_word' id='word_1_271' title='bbox 536 1987 569 2013; x_wconf 88' lang='lat' dir='ltr'>et</span> <span class='ocrx_word' id='word_1_272' title='bbox 590 1979 789 2013; x_wconf 88' lang='lat' dir='ltr'>secundum</span> <span class='ocrx_word' id='word_1_273' title='bbox 811 1991 1005 2013; x_wconf 89' lang='lat' dir='ltr'>numerum</span> <span class='ocrx_word' id='word_1_274' title='bbox 1026 1986 1186 2021; x_wconf 81' lang='lat' dir='ltr'>tantum3</span> <span class='ocrx_word' id='word_1_275' title='bbox 1209 1989 1282 2012; x_wconf 93' lang='lat' dir='ltr'>non</span> <span class='ocrx_word' id='word_1_276' title='bbox 1305 1989 1391 2024; x_wconf 88' lang='lat' dir='ltr'>ergo</span> <span class='ocrx_word' id='word_1_277' title='bbox 1415 1978 1626 2013; x_wconf 87' lang='lat' dir='ltr'>dividendae</span> <span class='ocrx_word' id='word_1_278' title='bbox 1648 1987 1730 2014; x_wconf 90' lang='lat' dir='ltr'>sunt</span> <span class='ocrx_word' id='word_1_279' title='bbox 1744 1991 1827 2014; x_wconf 88' lang='lat' dir='ltr'>con-</span> 
     </span>
     <span class='ocr_line' id='line_1_30' title="bbox 262 2032 1160 2079; baseline 0.001 -14"><span class='ocrx_word' id='word_1_280' title='bbox 262 2032 503 2078; x_wconf 85' lang='lat' dir='ltr'>cupiscentiae</span> <span class='ocrx_word' id='word_1_281' title='bbox 522 2044 584 2079; x_wconf 84' lang='lat' dir='ltr'>per</span> <span class='ocrx_word' id='word_1_282' title='bbox 604 2032 796 2075; x_wconf 83' lang='lat' dir='ltr'>naturales,</span> <span class='ocrx_word' id='word_1_283' title='bbox 819 2040 851 2067; x_wconf 90' lang='lat' dir='ltr'>et</span> <span class='ocrx_word' id='word_1_284' title='bbox 872 2044 946 2066; x_wconf 89' lang='lat' dir='ltr'>non</span> <span class='ocrx_word' id='word_1_285' title='bbox 968 2032 1160 2067; x_wconf 86' lang='lat' dir='ltr'>naturales.</span> 
     </span>
    </p>

    <p class='ocr_par' dir='ltr' id='par_1_12' title="bbox 256 2085 1824 2388">
     <span class='ocr_line' id='line_1_31' title="bbox 336 2085 1820 2133; baseline 0.001 -14"><span class='ocrx_word' id='word_1_286' title='bbox 336 2097 363 2131; x_wconf 80' lang='lat'>3.</span> <span class='ocrx_word' id='word_1_287' title='bbox 391 2086 626 2121; x_wconf 75' lang='lat' dir='ltr'>PRAETEREA.</span> <span class='ocrx_word' id='word_1_288' title='bbox 655 2086 760 2120; x_wconf 84' lang='lat' dir='ltr'>Ratio</span> <span class='ocrx_word' id='word_1_289' title='bbox 786 2094 911 2120; x_wconf 86' lang='lat' dir='ltr'>contra</span> <span class='ocrx_word' id='word_1_290' title='bbox 933 2095 1099 2121; x_wconf 87' lang='lat' dir='ltr'>naturam</span> <span class='ocrx_word' id='word_1_291' title='bbox 1122 2085 1300 2128; x_wconf 87' lang='lat' dir='ltr'>dividitur,</span> <span class='ocrx_word' id='word_1_292' title='bbox 1330 2093 1367 2119; x_wconf 91' lang='lat' dir='ltr'>ut</span> <span class='ocrx_word' id='word_1_293' title='bbox 1393 2092 1491 2132; x_wconf 84' lang='lat' dir='ltr'>patet</span> <span class='ocrx_word' id='word_1_294' title='bbox 1520 2086 1554 2119; x_wconf 94' lang='lat' dir='ltr'>in</span> <span class='ocrx_word' id='word_1_295' title='bbox 1583 2096 1613 2119; x_wconf 91' lang='lat'>2.</span> <span class='ocrx_word' id='word_1_296' title='bbox 1637 2085 1745 2133; x_wconf 82' lang='lat' dir='ltr'>Phys.</span> <span class='ocrx_word' id='word_1_297' title='bbox 1771 2086 1820 2130; x_wconf 84' lang='lat' dir='ltr'>(in</span> 
     </span>
     <span class='ocr_line' id='line_1_32' title="bbox 256 2139 1823 2185; baseline 0.001 -12"><span class='ocrx_word' id='word_1_298' title='bbox 256 2140 366 2185; x_wconf 75' lang='lat' dir='ltr'>princ.</span> <span class='ocrx_word' id='word_1_299' title='bbox 388 2144 416 2173; x_wconf 76' lang='lat' dir='ltr'>et</span> <span class='ocrx_word' id='word_1_300' title='bbox 438 2145 498 2174; x_wconf 58' lang='lat' dir='ltr'>tex.</span> <span class='ocrx_word' id='word_1_301' title='bbox 514 2140 611 2185; x_wconf 52' lang='lat'>469:</span> <span class='ocrx_word' id='word_1_302' title='bbox 635 2140 662 2174; x_wconf 91' lang='lat' dir='ltr'>si</span> <span class='ocrx_word' id='word_1_303' title='bbox 685 2140 791 2185; x_wconf 84' lang='lat' dir='ltr'>igitur</span> <span class='ocrx_word' id='word_1_304' title='bbox 806 2140 841 2173; x_wconf 91' lang='lat' dir='ltr'>in</span> <span class='ocrx_word' id='word_1_305' title='bbox 855 2140 1006 2174; x_wconf 88' lang='lat' dir='ltr'>homine</span> <span class='ocrx_word' id='word_1_306' title='bbox 1029 2147 1081 2174; x_wconf 84' lang='lat' dir='ltr'>cst</span> <span class='ocrx_word' id='word_1_307' title='bbox 1103 2139 1222 2185; x_wconf 83' lang='lat' dir='ltr'>aliqua</span> <span class='ocrx_word' id='word_1_308' title='bbox 1238 2139 1532 2185; x_wconf 84' lang='lat' dir='ltr'>concupiscentia</span> <span class='ocrx_word' id='word_1_309' title='bbox 1547 2150 1621 2173; x_wconf 91' lang='lat' dir='ltr'>non</span> <span class='ocrx_word' id='word_1_310' title='bbox 1639 2140 1823 2182; x_wconf 88' lang='lat' dir='ltr'>naturalis,</span> 
     </span>
     <span class='ocr_line' id='line_1_33' title="bbox 262 2193 1823 2240; baseline 0.002 -14"><span class='ocrx_word' id='word_1_311' title='bbox 262 2201 414 2239; x_wconf 87' lang='lat' dir='ltr'>oportet,</span> <span class='ocrx_word' id='word_1_312' title='bbox 434 2194 529 2239; x_wconf 86' lang='lat' dir='ltr'>quod</span> <span class='ocrx_word' id='word_1_313' title='bbox 553 2194 596 2228; x_wconf 87' lang='lat' dir='ltr'>sit</span> <span class='ocrx_word' id='word_1_314' title='bbox 617 2193 819 2228; x_wconf 86' lang='lat' dir='ltr'>rationalis:</span> <span class='ocrx_word' id='word_1_315' title='bbox 840 2194 902 2228; x_wconf 87' lang='lat' dir='ltr'>sed</span> <span class='ocrx_word' id='word_1_316' title='bbox 924 2194 995 2228; x_wconf 90' lang='lat' dir='ltr'>hoc</span> <span class='ocrx_word' id='word_1_317' title='bbox 1026 2205 1103 2228; x_wconf 84' lang='lat' dir='ltr'>esse</span> <span class='ocrx_word' id='word_1_318' title='bbox 1131 2205 1204 2227; x_wconf 89' lang='lat' dir='ltr'>non</span> <span class='ocrx_word' id='word_1_319' title='bbox 1235 2201 1372 2239; x_wconf 86' lang='lat' dir='ltr'>potest:</span> <span class='ocrx_word' id='word_1_320' title='bbox 1404 2193 1487 2239; x_wconf 86' lang='lat' dir='ltr'>quia</span> <span class='ocrx_word' id='word_1_321' title='bbox 1518 2194 1823 2240; x_wconf 87' lang='lat' dir='ltr'>concupiscentia,</span> 
     </span>
     <span class='ocr_line' id='line_1_34' title="bbox 262 2246 1824 2293; baseline 0.001 -13"><span class='ocrx_word' id='word_1_322' title='bbox 262 2258 344 2280; x_wconf 86' lang='lat' dir='ltr'>cum</span> <span class='ocrx_word' id='word_1_323' title='bbox 369 2247 412 2281; x_wconf 89' lang='lat' dir='ltr'>sit</span> <span class='ocrx_word' id='word_1_324' title='bbox 433 2247 552 2292; x_wconf 88' lang='lat' dir='ltr'>passio</span> <span class='ocrx_word' id='word_1_325' title='bbox 575 2247 765 2293; x_wconf 82' lang='lat' dir='ltr'>quaedam,</span> <span class='ocrx_word' id='word_1_326' title='bbox 795 2248 947 2293; x_wconf 84' lang='lat' dir='ltr'>pertinet</span> <span class='ocrx_word' id='word_1_327' title='bbox 977 2248 1020 2281; x_wconf 87' lang='lat' dir='ltr'>ad</span> <span class='ocrx_word' id='word_1_328' title='bbox 1052 2247 1248 2293; x_wconf 88' lang='lat' dir='ltr'>appetitum</span> <span class='ocrx_word' id='word_1_329' title='bbox 1278 2246 1502 2289; x_wconf 88' lang='lat' dir='ltr'>sensitivum,</span> <span class='ocrx_word' id='word_1_330' title='bbox 1529 2258 1602 2281; x_wconf 89' lang='lat' dir='ltr'>non</span> <span class='ocrx_word' id='word_1_331' title='bbox 1631 2255 1753 2282; x_wconf 87' lang='lat' dir='ltr'>autem</span> <span class='ocrx_word' id='word_1_332' title='bbox 1780 2249 1824 2282; x_wconf 88' lang='lat' dir='ltr'>ad</span> 
     </span>
     <span class='ocr_line' id='line_1_35' title="bbox 260 2300 1824 2348; baseline 0.002 -15"><span class='ocrx_word' id='word_1_333' title='bbox 260 2300 496 2341; x_wconf 85' lang='lat' dir='ltr'>voluntatem,</span> <span class='ocrx_word' id='word_1_334' title='bbox 517 2312 607 2346; x_wconf 88' lang='lat' dir='ltr'>quae</span> <span class='ocrx_word' id='word_1_335' title='bbox 625 2308 676 2335; x_wconf 81' lang='lat' dir='ltr'>est</span> <span class='ocrx_word' id='word_1_336' title='bbox 690 2301 866 2347; x_wconf 88' lang='lat' dir='ltr'>appetitus</span> <span class='ocrx_word' id='word_1_337' title='bbox 881 2301 1049 2343; x_wconf 85' lang='lat' dir='ltr'>rationis;</span> <span class='ocrx_word' id='word_1_338' title='bbox 1064 2312 1138 2335; x_wconf 89' lang='lat' dir='ltr'>non</span> <span class='ocrx_word' id='word_1_339' title='bbox 1156 2311 1242 2346; x_wconf 86' lang='lat' dir='ltr'>ergo</span> <span class='ocrx_word' id='word_1_340' title='bbox 1258 2307 1339 2334; x_wconf 87' lang='lat' dir='ltr'>sunt</span> <span class='ocrx_word' id='word_1_341' title='bbox 1354 2300 1669 2347; x_wconf 85' lang='lat' dir='ltr'>concupiscentiae</span> <span class='ocrx_word' id='word_1_342' title='bbox 1684 2301 1824 2348; x_wconf 89' lang='lat' dir='ltr'>aliquae</span> 
     </span>
     <span class='ocr_line' id='line_1_36' title="bbox 260 2354 549 2388; baseline 0 0"><span class='ocrx_word' id='word_1_343' title='bbox 260 2365 335 2388; x_wconf 90' lang='lat' dir='ltr'>non</span> <span class='ocrx_word' id='word_1_344' title='bbox 357 2354 549 2388; x_wconf 87' lang='lat' dir='ltr'>naturales.</span> 
     </span>
    </p>

    <p class='ocr_par' dir='ltr' id='par_1_13' title="bbox 261 2407 1823 2549">
     <span class='ocr_line' id='line_1_37' title="bbox 333 2407 1823 2454; baseline 0.001 -13"><span class='ocrx_word' id='word_1_345' title='bbox 333 2407 407 2442; x_wconf 67' lang='lat' dir='ltr'>Sur&gt;</span> <span class='ocrx_word' id='word_1_346' title='bbox 427 2418 582 2443; x_wconf 74' lang='lat' dir='ltr'>CONTRA</span> <span class='ocrx_word' id='word_1_347' title='bbox 606 2415 669 2449; x_wconf 79' lang='lat' dir='ltr'>est,</span> <span class='ocrx_word' id='word_1_348' title='bbox 692 2408 787 2454; x_wconf 85' lang='lat' dir='ltr'>quod</span> <span class='ocrx_word' id='word_1_349' title='bbox 810 2407 946 2442; x_wconf 87' lang='lat' dir='ltr'>Philos.</span> <span class='ocrx_word' id='word_1_350' title='bbox 962 2408 997 2441; x_wconf 91' lang='lat' dir='ltr'>in</span> <span class='ocrx_word' id='word_1_351' title='bbox 1016 2419 1043 2454; x_wconf 84' lang='lat'>3.</span> <span class='ocrx_word' id='word_1_352' title='bbox 1060 2407 1140 2442; x_wconf 86' lang='lat' dir='ltr'>Eth.</span> <span class='ocrx_word' id='word_1_353' title='bbox 1159 2407 1247 2454; x_wconf 75' lang='lat' dir='ltr'>(cap.</span> <span class='ocrx_word' id='word_1_354' title='bbox 1263 2419 1308 2442; x_wconf 74' lang='grc' dir='ltr'>Π.</span> <span class='ocrx_word' id='word_1_355' title='bbox 1325 2408 1512 2454; x_wconf 74' lang='lat' dir='ltr'>inprims),</span> <span class='ocrx_word' id='word_1_356' title='bbox 1528 2415 1563 2442; x_wconf 92' lang='lat' dir='ltr'>et</span> <span class='ocrx_word' id='word_1_357' title='bbox 1576 2407 1612 2442; x_wconf 91' lang='lat' dir='ltr'>in</span> <span class='ocrx_word' id='word_1_358' title='bbox 1632 2419 1658 2442; x_wconf 90' lang='lat'>1.</span> <span class='ocrx_word' id='word_1_359' title='bbox 1674 2408 1823 2443; x_wconf 89' lang='lat' dir='ltr'>Rhetor.</span> 
     </span>
     <span class='ocr_line' id='line_1_38' title="bbox 264 2460 1816 2508; baseline 0.001 -13"><span class='ocrx_word' id='word_1_360' title='bbox 264 2460 351 2508; x_wconf 76' lang='lat' dir='ltr'>(cap.</span> <span class='ocrx_word' id='word_1_361' title='bbox 375 2473 419 2496; x_wconf 82' lang='lat'>11.</span> <span class='ocrx_word' id='word_1_362' title='bbox 434 2467 557 2508; x_wconf 70' lang='lat' dir='ltr'>parum</span> <span class='ocrx_word' id='word_1_363' title='bbox 581 2472 600 2495; x_wconf 78' lang='lat' dir='ltr'>a</span> <span class='ocrx_word' id='word_1_364' title='bbox 617 2462 742 2507; x_wconf 71' lang='lat' dir='ltr'>princ.)</span> <span class='ocrx_word' id='word_1_365' title='bbox 766 2461 868 2507; x_wconf 83' lang='lat' dir='ltr'>ponit</span> <span class='ocrx_word' id='word_1_366' title='bbox 888 2461 1045 2507; x_wconf 72' lang='lat' dir='ltr'>quasdam</span> <span class='ocrx_word' id='word_1_367' title='bbox 1069 2461 1380 2507; x_wconf 84' lang='lat' dir='ltr'>concupiscentias</span> <span class='ocrx_word' id='word_1_368' title='bbox 1402 2460 1595 2503; x_wconf 87' lang='lat' dir='ltr'>naturales,</span> <span class='ocrx_word' id='word_1_369' title='bbox 1611 2469 1646 2496; x_wconf 89' lang='lat' dir='ltr'>et</span> <span class='ocrx_word' id='word_1_370' title='bbox 1659 2462 1816 2508; x_wconf 80' lang='lat' dir='ltr'>quasdam</span> 
     </span>
     <span class='ocr_line' id='line_1_39' title="bbox 261 2514 547 2549; baseline 0 -1"><span class='ocrx_word' id='word_1_371' title='bbox 261 2525 334 2549; x_wconf 90' lang='lat' dir='ltr'>non</span> <span class='ocrx_word' id='word_1_372' title='bbox 357 2514 547 2548; x_wconf 83' lang='lat' dir='ltr'>naturales.</span> 
     </span>
    </p>

    <p class='ocr_par' dir='ltr' id='par_1_14' title="bbox 260 2567 1825 2936">
     <span class='ocr_line' id='line_1_40' title="bbox 334 2567 1825 2616; baseline 0 -13"><span class='ocrx_word' id='word_1_373' title='bbox 334 2568 563 2603; x_wconf 56' lang='lat' dir='ltr'>Respoxmzo</span> <span class='ocrx_word' id='word_1_374' title='bbox 586 2568 791 2609; x_wconf 84' lang='lat' dir='ltr'>dicendum,</span> <span class='ocrx_word' id='word_1_375' title='bbox 813 2568 921 2613; x_wconf 84' lang='lat' dir='ltr'>quod,</span> <span class='ocrx_word' id='word_1_376' title='bbox 945 2569 1033 2602; x_wconf 81' lang='lat' dir='ltr'>sicut</span> <span class='ocrx_word' id='word_1_377' title='bbox 1065 2568 1200 2602; x_wconf 86' lang='lat' dir='ltr'>dictum</span> <span class='ocrx_word' id='word_1_378' title='bbox 1223 2575 1275 2602; x_wconf 84' lang='lat' dir='ltr'>cst</span> <span class='ocrx_word' id='word_1_379' title='bbox 1307 2567 1385 2612; x_wconf 76' lang='lat' dir='ltr'>(art.</span> <span class='ocrx_word' id='word_1_380' title='bbox 1416 2580 1444 2603; x_wconf 75' lang='grc' dir='ltr'>Ι.</span> <span class='ocrx_word' id='word_1_381' title='bbox 1470 2569 1538 2614; x_wconf 80' lang='lat' dir='ltr'><em>huj.</em></span> <span class='ocrx_word' id='word_1_382' title='bbox 1566 2569 1626 2614; x_wconf 85' lang='lat' dir='ltr'>q.)‚</span> <span class='ocrx_word' id='word_1_383' title='bbox 1655 2569 1825 2616; x_wconf 90' lang='lat' dir='ltr'>concupi-</span> 
     </span>
     <span class='ocr_line' id='line_1_41' title="bbox 261 2621 1825 2668; baseline 0.001 -12"><span class='ocrx_word' id='word_1_384' title='bbox 261 2622 395 2656; x_wconf 82' lang='lat' dir='ltr'>scentia</span> <span class='ocrx_word' id='word_1_385' title='bbox 419 2630 471 2656; x_wconf 86' lang='lat' dir='ltr'>cst</span> <span class='ocrx_word' id='word_1_386' title='bbox 494 2622 669 2668; x_wconf 82' lang='lat' dir='ltr'>appetitus</span> <span class='ocrx_word' id='word_1_387' title='bbox 689 2621 773 2655; x_wconf 80' lang='lat' dir='ltr'>boni</span> <span class='ocrx_word' id='word_1_388' title='bbox 805 2621 1037 2655; x_wconf 76' lang='lat' dir='ltr'>delectabilis.</span> <span class='ocrx_word' id='word_1_389' title='bbox 1069 2622 1258 2668; x_wconf 54' lang='lat' dir='ltr'>Dupliciler</span> <span class='ocrx_word' id='word_1_390' title='bbox 1286 2629 1405 2655; x_wconf 83' lang='lat' dir='ltr'>autem</span> <span class='ocrx_word' id='word_1_391' title='bbox 1434 2621 1567 2668; x_wconf 82' lang='lat' dir='ltr'>aliquid</span> <span class='ocrx_word' id='word_1_392' title='bbox 1595 2630 1648 2657; x_wconf 84' lang='lat' dir='ltr'>cst</span> <span class='ocrx_word' id='word_1_393' title='bbox 1673 2622 1825 2657; x_wconf 83' lang='lat' dir='ltr'>delecta-</span> 
     </span>
     <span class='ocr_line' id='line_1_42' title="bbox 260 2674 1821 2722; baseline 0.001 -13"><span class='ocrx_word' id='word_1_394' title='bbox 260 2675 349 2709; x_wconf 84' lang='lat' dir='ltr'>bile:</span> <span class='ocrx_word' id='word_1_395' title='bbox 373 2688 436 2709; x_wconf 72' lang='lat' dir='ltr'>uno</span> <span class='ocrx_word' id='word_1_396' title='bbox 460 2675 567 2717; x_wconf 76' lang='lat' dir='ltr'>modo,</span> <span class='ocrx_word' id='word_1_397' title='bbox 591 2675 672 2721; x_wconf 80' lang='lat' dir='ltr'>quia</span> <span class='ocrx_word' id='word_1_398' title='bbox 696 2683 747 2709; x_wconf 86' lang='lat' dir='ltr'>est</span> <span class='ocrx_word' id='word_1_399' title='bbox 770 2675 990 2708; x_wconf 75' lang='lat' dir='ltr'>conveniens</span> <span class='ocrx_word' id='word_1_400' title='bbox 1014 2683 1162 2709; x_wconf 81' lang='lat' dir='ltr'>naturae</span> <span class='ocrx_word' id='word_1_401' title='bbox 1185 2674 1369 2709; x_wconf 80' lang='lat' dir='ltr'>animalis:</span> <span class='ocrx_word' id='word_1_402' title='bbox 1389 2675 1481 2709; x_wconf 87' lang='lat' dir='ltr'>sicut</span> <span class='ocrx_word' id='word_1_403' title='bbox 1508 2676 1619 2717; x_wconf 81' lang='lat' dir='ltr'>cibus,</span> <span class='ocrx_word' id='word_1_404' title='bbox 1647 2684 1681 2710; x_wconf 85' lang='lat' dir='ltr'>ct</span> <span class='ocrx_word' id='word_1_405' title='bbox 1705 2684 1821 2722; x_wconf 86' lang='lat' dir='ltr'>potus,</span> 
     </span>
     <span class='ocr_line' id='line_1_43' title="bbox 262 2728 1821 2774; baseline 0.001 -12"><span class='ocrx_word' id='word_1_406' title='bbox 262 2737 295 2764; x_wconf 85' lang='lat' dir='ltr'>et</span> <span class='ocrx_word' id='word_1_407' title='bbox 318 2729 385 2762; x_wconf 79' lang='lat' dir='ltr'>alia</span> <span class='ocrx_word' id='word_1_408' title='bbox 409 2729 634 2774; x_wconf 81' lang='lat' dir='ltr'>hujusmodi:</span> <span class='ocrx_word' id='word_1_409' title='bbox 659 2738 692 2763; x_wconf 84' lang='lat' dir='ltr'>et</span> <span class='ocrx_word' id='word_1_410' title='bbox 713 2728 899 2773; x_wconf 65' lang='lat' dir='ltr'>hujumodi</span> <span class='ocrx_word' id='word_1_411' title='bbox 921 2730 1179 2774; x_wconf 48' lang='lat' dir='ltr'>consupin-entia</span> <span class='ocrx_word' id='word_1_412' title='bbox 1202 2728 1398 2763; x_wconf 57' lang='lat' dir='ltr'>deluclqu&#39;lis</span> <span class='ocrx_word' id='word_1_413' title='bbox 1419 2728 1541 2763; x_wconf 77' lang='lat' dir='ltr'>dicitur</span> <span class='ocrx_word' id='word_1_414' title='bbox 1555 2730 1736 2764; x_wconf 73' lang='lat' dir='ltr'>naturalis:</span> <span class='ocrx_word' id='word_1_415' title='bbox 1754 2730 1821 2764; x_wconf 78' lang='lat' dir='ltr'>alio</span> 
     </span>
     <span class='ocr_line' id='line_1_44' title="bbox 262 2781 1820 2828; baseline 0.001 -12"><span class='ocrx_word' id='word_1_416' title='bbox 262 2783 355 2816; x_wconf 77' lang='lat' dir='ltr'>modo</span> <span class='ocrx_word' id='word_1_417' title='bbox 378 2783 506 2816; x_wconf 83' lang='lat' dir='ltr'>dicitur</span> <span class='ocrx_word' id='word_1_418' title='bbox 528 2783 658 2828; x_wconf 82' lang='lat' dir='ltr'>aliquid</span> <span class='ocrx_word' id='word_1_419' title='bbox 683 2794 759 2816; x_wconf 79' lang='lat' dir='ltr'>esse</span> <span class='ocrx_word' id='word_1_420' title='bbox 783 2781 1007 2823; x_wconf 78' lang='lat' dir='ltr'>delectabile,</span> <span class='ocrx_word' id='word_1_421' title='bbox 1031 2782 1110 2827; x_wconf 80' lang='lat' dir='ltr'>quia</span> <span class='ocrx_word' id='word_1_422' title='bbox 1136 2791 1186 2816; x_wconf 86' lang='lat' dir='ltr'>est</span> <span class='ocrx_word' id='word_1_423' title='bbox 1209 2783 1429 2816; x_wconf 83' lang='lat' dir='ltr'>conveniens</span> <span class='ocrx_word' id='word_1_424' title='bbox 1453 2782 1600 2816; x_wconf 78' lang='lat' dir='ltr'>animali</span> <span class='ocrx_word' id='word_1_425' title='bbox 1622 2783 1820 2818; x_wconf 86' lang='lat' dir='ltr'>secundum</span> 
     </span>
     <span class='ocr_line' id='line_1_45' title="bbox 262 2835 1822 2882; baseline 0 -12"><span class='ocrx_word' id='word_1_426' title='bbox 262 2836 604 2882; x_wconf 74' lang='lat' dir='ltr'>apprehensionem:</span> <span class='ocrx_word' id='word_1_427' title='bbox 629 2836 719 2869; x_wconf 87' lang='lat' dir='ltr'>sicut</span> <span class='ocrx_word' id='word_1_428' title='bbox 742 2847 823 2869; x_wconf 75' lang='lat' dir='ltr'>cuni</span> <span class='ocrx_word' id='word_1_429' title='bbox 852 2835 978 2881; x_wconf 74' lang='lat' dir='ltr'>aliquis</span> <span class='ocrx_word' id='word_1_430' title='bbox 1009 2836 1243 2881; x_wconf 74' lang='lat' dir='ltr'>apprehendit</span> <span class='ocrx_word' id='word_1_431' title='bbox 1274 2835 1407 2881; x_wconf 83' lang='lat' dir='ltr'>aliquid</span> <span class='ocrx_word' id='word_1_432' title='bbox 1438 2843 1474 2870; x_wconf 87' lang='lat' dir='ltr'>ut</span> <span class='ocrx_word' id='word_1_433' title='bbox 1503 2836 1652 2878; x_wconf 87' lang='lat' dir='ltr'>bonum,</span> <span class='ocrx_word' id='word_1_434' title='bbox 1679 2846 1711 2870; x_wconf 90' lang='lat' dir='ltr'>et</span> <span class='ocrx_word' id='word_1_435' title='bbox 1739 2848 1822 2871; x_wconf 86' lang='lat' dir='ltr'>con-</span> 
     </span>
     <span class='ocr_line' id='line_1_46' title="bbox 261 2888 1820 2936; baseline 0.001 -13"><span class='ocrx_word' id='word_1_436' title='bbox 261 2890 419 2931; x_wconf 80' lang='lat' dir='ltr'>veniens,</span> <span class='ocrx_word' id='word_1_437' title='bbox 443 2898 477 2924; x_wconf 84' lang='lat' dir='ltr'>et</span> <span class='ocrx_word' id='word_1_438' title='bbox 498 2902 559 2936; x_wconf 83' lang='lat' dir='ltr'>per</span> <span class='ocrx_word' id='word_1_439' title='bbox 581 2901 806 2935; x_wconf 82' lang='lat' dir='ltr'>consequens</span> <span class='ocrx_word' id='word_1_440' title='bbox 829 2888 1026 2923; x_wconf 76' lang='lat' dir='ltr'>delectatur</span> <span class='ocrx_word' id='word_1_441' title='bbox 1050 2890 1083 2922; x_wconf 91' lang='lat' dir='ltr'>in</span> <span class='ocrx_word' id='word_1_442' title='bbox 1106 2889 1200 2935; x_wconf 84' lang='lat' dir='ltr'>ipso:</span> <span class='ocrx_word' id='word_1_443' title='bbox 1224 2897 1258 2923; x_wconf 82' lang='lat' dir='ltr'>ct</span> <span class='ocrx_word' id='word_1_444' title='bbox 1277 2889 1463 2935; x_wconf 70' lang='lat' dir='ltr'>hujusmodi</span> <span class='ocrx_word' id='word_1_445' title='bbox 1485 2889 1681 2925; x_wconf 63' lang='lat' dir='ltr'>delectabilis</span> <span class='ocrx_word' id='word_1_446' title='bbox 1706 2902 1820 2925; x_wconf 79' lang='lat' dir='ltr'>concu-</span> 
     </span>
    </p>
   </div>
  </div>
 </body>
</html>
