1907 3198
547 190 771 228 QUAESTIO
804 190 846 220 C.
872 188 1120 220 ARTICULUS
1153 188 1210 219 [X.
1577 188 1661 231 727

89 275 246 324 eligens:
266 274 304 310 in
324 285 399 322 quo
417 273 634 320 importatur
654 272 774 320 duplex
796 279 919 306 motus
938 271 1100 312 interior,
1126 269 1265 305 scilicet
1284 269 1475 312 voluntatis,
1498 277 1534 304 et
1559 271 1666 305 inten-

90 330 203 373 tionis,
216 327 262 364 de
275 327 406 376 quibus
426 338 534 374 supra
556 327 693 361 dictum
721 334 774 361 est
797 325 843 372 (q.
865 325 898 360 8.
920 330 948 360 ct
970 325 1058 370 12.),·
1081 332 1117 359 et
1137 324 1206 358 ista
1226 322 1290 358 duo
1312 333 1387 357 non
1408 323 1582 368 dijudicat
1607 322 1664 358 lex

89 383 265 425 humana,
285 381 348 417 sed
370 380 491 416 solum
514 380 652 414 divina:
675 379 735 414 lex
756 379 854 414 enim
876 378 1037 412 humana
1058 388 1132 412 non
1154 377 1256 424 punit
1278 387 1376 418 eum,
1398 377 1460 423 qui
1480 375 1556 411 vult
1571 377 1665 411 occi-

90 436 188 479 dere,
206 443 242 471 et
261 446 336 470 non
359 433 513 476 occidit;
534 433 637 481 punit
658 441 779 468 autem
803 443 886 466 eum
909 431 965 466 lex
987 431 1121 473 divina,
1142 429 1343 465 secundum
1366 429 1452 464 illud
1467 429 1595 464 Matth.
1616 441 1664 475 5.:

93 490 165 536 Qui
184 489 344 524 irascitur
356 488 468 535 fratri
487 499 558 528 suo,
581 499 653 522 rcus
673 487 739 522 erit
754 485 904 532 judicio:
929 487 1062 520 tertium
1086 493 1220 527 autem,
1242 492 1280 518 ut
1301 483 1462 525 firmiter,
1483 491 1519 518 et
1536 483 1666 518 immo·

88 542 210 579 biliter
228 542 373 585 habeat,
386 549 430 577 vet
450 549 639 588 operetur:
662 549 698 576 et
718 540 786 575 ista
815 539 968 574 firmitas
997 538 1141 586 proprie
1168 538 1324 585 pertinet
1351 538 1395 572 ad
1424 537 1601 579 habitum,
1628 545 1667 572 ut

90 595 230 633 scilicet
250 594 380 643 aliquis
400 606 446 630 ex
462 594 588 629 habitu
610 594 772 628 radicato
793 601 982 640 operetur:
1005 601 1040 627 et
1065 600 1242 639 quantum
1269 591 1313 625 ad
1339 591 1414 626 hoc
1441 591 1574 626 modus
1599 591 1666 626 vir-

90 650 177 686 tutis
193 660 270 686 non
283 649 380 685 cadit
392 648 459 684 sub
475 656 670 695 praecepto
684 658 802 694 neque
816 646 907 693 legis
922 646 1076 688 divinae,
1091 656 1208 692 neque
1222 644 1312 692 legis
1326 644 1530 679 humanae:
1548 655 1665 691 neque

91 703 191 740 enim
212 703 257 739 ab
278 702 442 744 homine,
463 713 582 749 neque
604 713 624 736 a
648 702 729 736 Deo
751 701 897 748 punitur
916 708 1105 747 tamquam
1132 699 1315 746 praecepti
1340 707 1579 745 trangressor,
1605 699 1666 744 qui

91 757 255 793 debitum
276 755 486 804 parentibus
506 755 690 790 honorem
711 754 900 802 impendit,
918 753 1084 801 quamvis
1098 764 1172 787 non
1186 753 1320 787 habeat
1332 752 1496 787 habitum
1512 751 1666 799 pietatis.
1694 762 1701 770 ·

164 810 227 846 AD
252 819 403 846 numm
430 820 519 856 ergo
547 808 757 851 dicendum,
791 808 889 854 quod
921 807 1054 842 modus
1079 806 1237 841 faciendi
1263 815 1385 841 actum
1411 806 1580 852 justitiae,
1606 804 1668 852 qui

93 863 191 900 cadit
209 863 275 900 sub
294 871 503 911 praecepto,
524 870 589 904 est,
611 870 650 897 ut
672 861 735 897 fiat
755 861 889 908 aliquid
911 861 1112 896 secundum
1134 860 1301 895 ordinem
1328 859 1426 906 juris,
1448 870 1522 894 non
1545 867 1667 894 autem

92 917 192 966 quod
209 916 273 953 fiat
289 927 332 952 ex
354 916 480 951 habitu
501 915 669 962 justitiae.

165 971 229 1007 An
248 980 458 1006 sncuumm
476 969 688 1011 dicendum,
710 968 808 1016 quod
828 968 982 1004 intentio
1003 967 1222 1014 legislatoris
1243 975 1297 1002 est
1317 967 1361 1002 de
1382 967 1528 1001 duobus:
1543 966 1588 1001 de
1602 977 1668 1001 uno

95 1023 257 1072 quidem,
282 1023 328 1059 ad
354 1023 453 1071 quod
478 1023 631 1058 intendit
657 1033 720 1070 per
746 1029 940 1069 praecepta
965 1021 1055 1068 legis
1081 1021 1272 1056 inducere:
1300 1028 1335 1055 et
1359 1020 1431 1055 hoc
1454 1029 1507 1055 est
1533 1020 1667 1054 virtus:

95 1077 189 1115 aliud
209 1086 334 1114 autem
354 1085 420 1121 est,
441 1077 485 1112 de
507 1087 580 1124 quo
602 1076 758 1112 intendit
782 1083 1018 1123 praeceptum
1045 1074 1154 1110 ferre:
1182 1082 1217 1110 et
1241 1074 1314 1109 hoc
1342 1083 1406 1116 est,
1434 1074 1531 1120 quod
1559 1073 1669 1116 ducit,

94 1131 154 1168 vel
174 1131 335 1180 disponit
355 1132 398 1166 ad
421 1131 606 1172 virtutem,
629 1129 768 1164 scilicet
790 1138 892 1164 actus
909 1129 1068 1164 virtutis:
1089 1139 1163 1163 non
1179 1128 1277 1163 enim
1290 1128 1387 1163 idem
1406 1135 1460 1162 est
1478 1127 1558 1162 finis
1571 1137 1670 1174 prae-

94 1186 202 1234 cepti,
223 1193 258 1221 et
278 1185 315 1220 id
336 1185 381 1220 de
402 1195 477 1232 quo
498 1192 735 1232 praeceptum
757 1183 878 1226 datur3
896 1183 988 1218 sicut
1001 1194 1119 1229 neque
1134 1182 1170 1216 in
1185 1181 1264 1216 aliis
1279 1182 1384 1216 rebus
1398 1181 1494 1216 idern
1510 1190 1563 1216 est
1577 1180 1670 1223 finis,

95 1247 133 1275 et
151 1239 251 1287 quod
271 1246 327 1274 est
346 1238 390 1274 ad
411 1237 534 1273 finem.

166 1293 229 1329 AD
255 1302 429 1329 τειτῐωι
454 1291 664 1333 dicendum,
685 1290 783 1337 quod
805 1289 948 1337 operari
969 1290 1046 1324 sine
1067 1289 1210 1324 tristitia
1232 1300 1323 1336 opus
1340 1288 1481 1323 virtutis
1496 1287 1592 1322 cadit
1605 1287 1669 1322 sub

97 1354 294 1395 praecepto
313 1344 406 1392 legis
426 1344 590 1380 divinae:
611 1344 695 1391 quia
717 1344 938 1390 quicumque
960 1354 1044 1378 cum
1065 1343 1208 1378 tristitia
1234 1351 1416 1389 operatur,
1442 1353 1516 1376 non
1543 1341 1671 1377 volens

97 1396 288 1449 operatum
307 1399 372 1435 sed
392 1397 655 1434 delectabiliter
676 1397 829 1444 operari,
851 1397 926 1432 sive
945 1408 1030 1431 cum
1052 1396 1199 1438 laetitia,
1217 1396 1276 1431 vel
1289 1395 1483 1438 hilaritate,
1498 1396 1672 1442 quodam-

98 1453 212 1489 modo
246 1451 345 1488 cadit
367 1452 434 1487 sub
460 1459 676 1499 praecept03
703 1450 844 1486 scilicet
870 1450 1071 1485 secundum
1097 1450 1195 1497 quod
1222 1450 1383 1496 sequitur
1409 1449 1603 1484 delectatio
1629 1460 1672 1484 ex

97 1505 293 1542 dilectione
312 1505 396 1548 Dei,
417 1512 454 1540 et
473 1504 642 1552 proximi,
664 1515 757 1551 quae
781 1503 877 1538 cadit
897 1504 961 1538 sub
984 1511 1192 1550 praecepto,
1211 1515 1295 1538 cum
1318 1513 1423 1538 amor
1434 1503 1479 1537 sit
1493 1514 1602 1537 causa
1616 1503 1673 1537 de-

95 1559 322 1603 lectationis;
355 1567 392 1594 et
423 1558 700 1605 quodammodo
726 1568 814 1600 non,
848 1557 1049 1592 secundum
1077 1557 1174 1604 quod
1209 1556 1403 1592 delectatio
1439 1557 1674 1603 consequitur

96 1613 284 1650 habitum:
305 1611 500 1648 delectatio
522 1612 622 1647 enim
644 1611 764 1658 operis
792 1619 846 1646 est
871 1611 1017 1656 signum
1043 1611 1188 1646 habitus
1215 1610 1391 1657 generati,
1418 1618 1456 1645 ut
1481 1610 1612 1645 dicitur
1637 1611 1673 1645 in

98 1677 131 1703 2.
157 1666 277 1703 Ethic.
302 1665 392 1713 (cap.
413 1677 443 1713 3.
469 1666 504 1700 in
526 1666 676 1712 princ.):
705 1672 825 1712 potest
851 1665 948 1699 enim
976 1664 1106 1711 aliquis
1133 1673 1234 1700 actus
1260 1675 1338 1699 esse
1365 1663 1588 1699 delectabilis
1615 1663 1674 1699 vel

95 1728 243 1769 propter
262 1718 387 1762 finem,
407 1719 466 1754 vel
487 1727 635 1766 propter
656 1718 952 1753 convenientiam
974 1718 1129 1753 habitus.

665 1860 1013 1906 ARTICULUS
1048 1860 1103 1903 X.
1608 1884 1674 1920 539

98 1971 254 2003 υτκυκ
279 1970 433 2002 monus
460 1969 726 2001 CHARITATIS
759 1969 908 2000 cmm
936 1969 1014 1999 sun
1041 1969 1298 2000 PRAEct-:Pro
1328 1969 1507 2000 mvaE
1535 1970 1674 2000 tems.

2 2083 6 2110 κ,
209 2057 295 2104 (2-2.
316 2069 348 2105 q.
369 2068 428 2103 44.
449 2063 514 2093 art.
536 2070 564 2093 1.
586 2057 630 2092 ad
650 2069 677 2092 1.
700 2062 730 2092 et
747 2069 775 2103 3.
799 2057 885 2092 Dist.
909 2068 961 2104 27.
983 2069 1014 2104 q.
1034 2068 1061 2103 3.
1084 2062 1150 2092 art.
1171 2068 1205 2102 4.
1227 2062 1255 2091 et
1274 2057 1361 2092 Dist.
1380 2068 1430 2104 37.
1453 2062 1507 2092 art
1530 2057 1563 2092 6.

4 2122 5 2133 ¹
97 2116 130 2149 at
155 2111 245 2148 Veri.
265 2122 298 2159 q.
319 2123 367 2159 ²5·
389 2116 455 2147 art.
482 2122 512 2158 7.
534 2111 577 2146 ad
597 2112 630 2147 8.
651 2116 682 2146 ct
707 2123 737 2157 q.
764 2122 820 2155 24.
847 2115 910 2145 art.
933 2122 983 2146 12.
1002 2110 1045 2145 ad
1071 2111 1122 2146 16.
1149 2115 1178 2146 et
1204 2110 1288 2146 Mal,
1315 2123 1345 2157 q.
1374 2122 1406 2147 2.
1433 2116 1497 2146 art.
1522 2123 1550 2157 5.
1573 2110 1616 2146 ad
1643 2122 1674 2158 7.

2 2139 33 2246 t}
681 2169 710 2199 el
730 2171 839 2212 opusc.
862 2175 911 2210 17.
935 2171 1008 2211 cap.
1031 2163 1095 2210 6.).

171 2255 234 2292 An
260 2264 438 2291 necuim(
464 2255 515 2290 sic
542 2253 761 2301 proceditur.
787 2252 952 2296 Videtur,
977 2253 1074 2300 quod
1103 2253 1234 2288 modus
1261 2253 1446 2288 charitatis
1473 2253 1579 2288 cadat
1610 2253 1675 2289 sub

100 2316 298 2359 praecepto
318 2308 464 2344 divinae
484 2307 593 2354 legis:
615 2307 746 2342 dicitur
765 2307 863 2342 enim
886 2306 1014 2341 Matth.
1041 2317 1112 2354 19.:
1127 2307 1163 2342 Si
1183 2308 1235 2342 vis
1252 2307 1294 2342 ad
1308 2309 1412 2342 vitam
1430 2307 1566 2352 ingredi,
1580 2319 1676 2342 serva

99 2362 281 2399 mandam
302 2373 347 2398 ex
367 2372 442 2409 quo
462 2361 616 2404 videtur,
637 2360 734 2408 quod
758 2359 965 2395 observatio
987 2360 1245 2395 mandatorum
1268 2359 1422 2395 sufficiat
1450 2361 1493 2394 ad
1521 2361 1678 2395 introdu-

101 2415 261 2453 cendum
280 2415 327 2452 ad
346 2415 478 2450 vitam:
501 2414 564 2450 sed
587 2425 699 2462 opera
720 2414 816 2449 bona
837 2425 912 2449 non
926 2412 1110 2448 sufficiunt
1123 2414 1166 2448 ad
1182 2414 1486 2449 introducendum
1502 2414 1536 2448 in
1553 2414 1678 2456 vitam,

102 2469 174 2507 uisi
192 2480 237 2506 ex
257 2468 434 2506 charitate
455 2468 565 2504 fiant:
588 2468 718 2503 dicitur
739 2467 837 2502 enim
864 2478 891 2502 1.
914 2467 958 2502 ad
980 2466 1068 2502 Cor.
1095 2478 1166 2514 13.:
1187 2468 1224 2503 Si
1236 2467 1432 2503 distribuero
1448 2469 1482 2502 in
1497 2469 1678 2515 cibospau-

0 2557 2 2571 ,
33 2528 37 2540 “
100 2528 221 2571 porum
241 2534 352 2559 omnes
372 2522 551 2570 facultates
581 2533 682 2564 meas,
704 2526 733 2556 et
757 2522 785 2556 si
810 2520 978 2556 tradidero
1003 2527 1123 2569 corpus
1148 2533 1270 2563 mcum,
1295 2522 1342 2556 ita
1370 2527 1404 2556 ut
1431 2521 1579 2562 animm,
1606 2522 1681 2557 cha-

0 2574 1 2586 *
103 2577 237 2614 ritatem
266 2580 379 2612 auum
402 2587 470 2611 non
496 2575 655 2618 habuero,
681 2574 766 2609 nihil
792 2574 875 2609 mihi
894 2573 1027 2621 prodest
1036 2587 1048 2615 ;
1076 2585 1165 2621 ergo
1193 2574 1325 2609 modus
1352 2574 1537 2609 charitatis
1563 2583 1618 2610 est
1642 2575 1677 2610 in

102 2637 311 2679 praecepto.

175 2682 458 2719 1.ΡωτῐιΒΑ.
468 2681 527 2717 Ad
539 2681 693 2717 modum
707 2680 892 2716 charitatis
906 2681 1050 2729 proprie
1061 2681 1225 2728 pertinet,
1241 2690 1278 2716 ut
1292 2681 1417 2715 omnia
1433 2680 1519 2716 fiant
1533 2689 1680 2728 propter

102 2736 247 2781 Deum
266 2735 330 2772 sed
351 2735 446 2772 istud
467 2735 567 2771 cadit
585 2735 651 2771 sub
674 2744 888 2782 praecepto:
912 2735 999 2770 dicit
1019 2735 1118 2770 enirn
1141 2734 1341 2782 Apostolus
1368 2745 1394 2769 1.
1419 2735 1462 2769 ad
1486 2735 1574 2770 Cor.
1607 2745 1678 2771 10.:

106 2790 236 2828 Omnt'a
255 2790 291 2825 in
310 2789 456 2837 gloriam
478 2789 686 2836 &facitu
710 2799 799 2835 ergo
822 2788 953 2824 modus
971 2789 1157 2824 charitatis
1178 2789 1274 2824 cadit
1295 2789 1359 2823 sub
1383 2797 1587 2836 praecepto.

178 2854 210 2891 3.
229 2842 469 2883 Pamnm.
492 2841 533 2878 si
554 2842 686 2878 modus
707 2841 893 2877 charitatis
913 2853 987 2877 non
1007 2842 1114 2883 cadat
1131 2842 1196 2877 sub
1211 2850 1418 2889 praecepto,
1441 2853 1530 2887 ergo
1552 2841 1680 2888 aliquis

104 2903 225 2946 pooeut
242 2894 397 2945 implere
416 2904 613 2944 praecepta
633 2894 725 2943 legis
745 2906 820 2931 non
841 2895 979 2931 habens
1000 2895 1236 2931 charitatem:
1258 2895 1320 2931 sed
1343 2895 1441 2942 quod
1464 2903 1582 2942 potest
1604 2894 1680 2931 fieri
