1875 3198
220 199 306 252 556
610 210 830 245 QUAESTIO
865 210 1026 238 LXXVII.
1062 209 1305 239 ARTICULUS
1339 209 1367 238 Ι.

220 289 433 336 plerumque
456 290 615 336 sequitur
635 290 843 335 passionem
867 290 1044 335 appetitus
1066 289 1237 330 sensitivi,
1265 297 1300 323 et
1325 300 1388 334 per
1415 300 1640 335 consequens
1663 297 1782 323 motus

220 342 427 385 voluntatis,
450 344 510 389 qui
531 352 634 377 natus
654 351 706 377 est
728 354 868 387 semper
890 343 990 388 sequi
1011 342 1185 387 judicium
1208 342 1367 376 rationis.

292 397 352 430 AD
378 407 526 431 PRIMUM
561 407 647 442 ergo
675 396 880 437 dicendum,
907 395 1004 441 quod
1031 406 1094 441 per
1119 395 1327 440 passionem
1354 394 1532 441 appetitus
1559 394 1719 429 sensitivi
1746 393 1785 428 fit

223 449 340 496 aliqua
363 450 568 484 immutatio
591 449 684 483 circa
705 449 879 494 judicium
902 449 944 482 de
967 448 1109 493 objecto
1132 447 1338 490 voluntatis,
1365 448 1457 481 sicut
1485 447 1623 481 dictum
1651 454 1704 481 est
1734 446 1783 490 (in

222 510 311 549 corp.
334 503 437 547 a1·t.).·
466 503 629 548 quamvis
651 503 726 547 ipsa
748 501 867 547 passio
890 501 1066 547 appetitus
1088 501 1249 535 sensitivi
1270 511 1343 534 non
1366 501 1410 535 sit
1431 500 1564 535 directe
1590 499 1783 534 voluntatis

223 556 417 602 objectum.

292 609 352 643 AD
374 618 581 643 SECUNDUM
603 607 808 649 dicendum,
828 607 925 653 quod
944 607 1106 653 superius
1125 618 1198 640 non
1214 614 1380 641 movetur
1395 607 1436 640 ab
1455 606 1616 641 inferiori
1629 606 1782 646 directe3

222 662 283 696 sed
306 662 478 696 indirecte
500 660 774 707 quodammodo
797 660 937 694 moveri
960 667 1088 706 potest,
1111 660 1203 694 sicut
1224 660 1359 694 dictum
1382 668 1436 694 est
1458 660 1508 705 (in
1526 666 1614 706 corp.
1637 661 1730 705 art).

292 715 336 749 Et
357 714 520 749 similiter
542 713 736 748 dicendum
758 721 810 748 est
831 724 880 747 AD
903 723 1085 748 TERT1UM.

791 854 1136 899 ARTICULUS
1167 855 1222 897 ΙΙ.
1717 866 1785 909 416

223 963 375 993 UTRUM
391 963 525 993 RATIO
546 962 698 992 POSSIT
718 963 922 992 SUPERARI
941 963 966 991 A
982 963 1190 992 PASSIONE
1211 963 1389 993 CONTRA
1404 964 1518 992 SUAM
1537 962 1785 993 SCIENTIAM.

821 1049 920 1094 (Mal.
944 1062 974 1096 q.
997 1062 1021 1095 ς.
1044 1055 1109 1085 art.
1133 1051 1195 1096 9.).

293 1139 353 1173 AD
375 1149 583 1174 SECUNDUM
605 1139 655 1173 sic
683 1138 900 1184 proceditur.
923 1138 1087 1180 Videtur,
1114 1138 1211 1185 quod
1237 1139 1328 1173 ratio
1355 1150 1429 1173 non
1450 1138 1564 1185 possit
1583 1138 1743 1185 superari
1771 1151 1788 1171 r.

222 1194 389 1239 passione
413 1200 538 1226 contra
560 1203 663 1227 suam
686 1192 894 1227 scientiam:
922 1191 1049 1226 fortius
1072 1192 1169 1226 enim
1190 1203 1264 1226 non
1291 1192 1446 1226 vincitur
1472 1204 1492 1226 a
1518 1191 1700 1226 debiliori:
1728 1192 1789 1226 sed

223 1246 372 1281 scientia
399 1253 544 1292 propter
573 1257 676 1279 suam
707 1245 958 1280 certitudinem
989 1253 1043 1280 est
1071 1245 1309 1280 fortissimum
1339 1257 1479 1288 eorum,
1508 1256 1600 1291 quae
1628 1245 1663 1279 in
1685 1245 1790 1279 nobis

222 1307 324 1341 sunt3
347 1311 434 1345 ergo
456 1311 530 1333 non
557 1307 675 1345 potest
701 1299 861 1346 superari
883 1311 901 1333 a
924 1299 1104 1345 passione,
1130 1310 1222 1346 quae
1249 1307 1302 1334 est
1328 1299 1452 1334 debilis
1482 1298 1542 1344 [al.
1569 1299 1729 1344 mobilis],
1756 1307 1790 1332 et

224 1361 295 1387 cito
316 1360 505 1387 transiens.

296 1417 326 1440 2.
349 1406 585 1440 PRAETEREA.
614 1405 793 1440 Voluntas
815 1417 888 1440 non
913 1414 966 1440 est
986 1406 1054 1440 nisi
1076 1405 1173 1448 boni,
1196 1405 1253 1440 vel
1276 1406 1478 1452 apparentis
1497 1406 1601 1440 boni:
1623 1405 1684 1440 sed
1708 1417 1790 1439 cum

224 1460 343 1507 passio
366 1459 475 1493 trahit
495 1459 722 1493 voluntatem
744 1459 779 1492 in
802 1459 848 1501 id,
871 1459 968 1505 quod
991 1467 1043 1493 est
1068 1470 1151 1493 vere
1177 1459 1325 1501 bonum,
1347 1470 1422 1493 non
1442 1459 1592 1493 inclinat
1612 1459 1790 1493 rationem

226 1521 351 1548 contra
373 1512 582 1546 scientiam:
611 1524 695 1546 cum
718 1520 839 1546 autem
866 1513 974 1546 trahit
1001 1524 1082 1546 eam
1110 1514 1143 1546 in
1170 1512 1217 1554 id,
1244 1513 1341 1558 quod
1369 1521 1422 1547 est
1443 1523 1617 1558 apparens
1643 1512 1792 1553 bonum,

225 1575 259 1602 et
285 1577 359 1600 non
388 1565 553 1608 existens,
587 1565 696 1599 trahit
725 1576 807 1599 eam
834 1565 869 1599 in
898 1566 945 1607 id,
974 1565 1070 1611 quod
1098 1565 1229 1599 rationi
1254 1566 1411 1600 videtur:
1439 1565 1511 1599 hoc
1535 1573 1655 1599 autem
1683 1574 1736 1599 est
1757 1565 1792 1598 in

224 1619 372 1654 scientia
393 1619 554 1660 rationis,
577 1619 674 1664 quod
697 1618 729 1652 ei
751 1618 909 1661 videtur3
938 1630 1025 1664 ergo
1053 1619 1172 1665 passio
1201 1630 1399 1665 numquam
1431 1618 1581 1653 inclinat
1614 1618 1790 1653 rationem

225 1681 350 1708 contra
372 1684 476 1706 suam
498 1680 697 1706 scientiam.

299 1738 326 1772 3.
350 1726 586 1761 PRAETEREA.
611 1725 649 1759 Si
671 1725 820 1767 dicatur,
843 1725 938 1771 quod
962 1725 1070 1759 trahit
1100 1726 1279 1760 rationem
1301 1725 1475 1760 scientem
1507 1724 1639 1771 aliquid
1662 1725 1698 1758 in
1721 1725 1794 1758 uni-

224 1779 365 1821 versali,
387 1788 424 1814 ut
447 1779 668 1813 contrarium
695 1778 829 1824 judicet
850 1779 886 1812 in
909 1778 1134 1825 particulari:
1163 1779 1318 1813 Contra:
1342 1778 1566 1820 universalis,
1588 1786 1623 1812 et
1643 1778 1794 1825 particu-

224 1833 307 1867 laris
326 1832 525 1879 propositio
544 1832 573 1866 si
592 1840 1083 1878 opponantur,opponuntur
1101 1832 1301 1866 secundum
1322 1831 1793 1874 contradictionen1;sicut:

227 1887 345 1922 Omnis
358 1887 464 1928 homo,
477 1894 528 1920 et:
545 1887 620 1920 Non
636 1887 741 1920 omnis
755 1886 849 1920 homo
862 1899 871 1920 :
884 1886 945 1920 sed
957 1886 1048 1920 duae
1064 1886 1266 1932 opiniones,
1279 1897 1370 1932 quae
1382 1894 1464 1920 sunt
1479 1885 1794 1926 contradictoriae,

225 1948 305 1975 sunt
328 1940 541 1982 contrariae,
565 1947 602 1973 ut
623 1939 752 1973 dicitur
774 1939 807 1973 in
833 1949 863 1973 2.
886 1939 1084 1973 Periherm.
1109 1939 1196 1986 (cap.
1223 1940 1322 1985 ult.),·
1346 1940 1375 1974 si
1396 1939 1504 1986 igitur
1526 1939 1653 1985 aliquis
1678 1939 1794 1973 sciens

226 1993 358 2040 aliquid
381 1994 415 2026 in
439 1992 643 2035 universali,
669 1992 844 2038 judicaret
871 1993 1080 2039 oppositum
1107 1993 1142 2026 in
1169 1993 1354 2038 singulari,
1382 2000 1591 2039 sequeretur
1612 1992 1710 2039 quod
1737 1992 1796 2026 ha-

224 2048 323 2082 beret
344 2046 451 2081 simul
474 2046 672 2080 contrarias
695 2046 902 2092 opiniones:
928 2046 1024 2092 quod
1047 2054 1099 2080 est
1121 2045 1355 2092 impossibile.

295 2111 328 2143 4.
355 2101 590 2134 PRAETEREA.
622 2099 854 2145 Quicumque
882 2099 948 2133 scit
974 2099 1188 2141 universale,
1215 2099 1281 2134 scit
1307 2099 1416 2133 etiam
1443 2098 1671 2145 particulare,
1698 2097 1795 2144 quod

225 2154 326 2188 novit
352 2154 415 2187 sub
444 2152 636 2187 universali
664 2153 857 2186 contineri:
886 2153 977 2186 sicut
1004 2153 1064 2198 qui
1091 2153 1156 2186 scit
1182 2164 1332 2187 omnem
1359 2152 1498 2186 mulam
1526 2163 1603 2186 esse
1625 2151 1795 2191 sterilem,

226 2208 292 2242 scit
312 2207 383 2241 hoc
408 2206 543 2241 animal
565 2218 642 2240 esse
666 2206 796 2248 sterile,
819 2206 1021 2240 dummodo
1041 2206 1158 2252 ipsum
1179 2206 1270 2240 sciat
1288 2216 1366 2240 esse
1388 2205 1545 2247 mulam3
1565 2213 1603 2239 ut
1622 2213 1718 2251 patet
1736 2215 1797 2250 per
1828 2195 1831 2202 ¹

226 2261 272 2303 id,
294 2260 390 2307 quod
413 2260 542 2293 dicitur
564 2260 598 2293 in
626 2271 651 2293 1.
675 2260 812 2293 Poster.
836 2261 915 2304 (tax.
938 2260 986 2305 2.)
998 2273 1006 2294 :
1030 2260 1091 2294 sed
1115 2259 1186 2301 ille,
1208 2260 1268 2306 qui
1290 2260 1356 2293 scit
1378 2259 1511 2305 aliquid
1534 2259 1568 2293 in
1592 2257 1795 2298 universali,

226 2322 309 2361 puta
332 2313 469 2348 nullam
492 2313 770 2347 fornicationem
789 2325 866 2347 esse
882 2313 1097 2355 faciendam,
1114 2314 1179 2347 scit
1198 2313 1268 2347 hoc
1289 2313 1503 2359 particulare
1517 2313 1581 2347 sub
1604 2311 1796 2347 universali

227 2368 415 2410 contineri,
442 2376 526 2414 puta
553 2368 649 2401 hunc
678 2376 798 2401 actum
826 2378 903 2401 esse
926 2367 1179 2410 fornicarium3
1207 2379 1295 2413 ergo
1322 2367 1474 2409 videtur,
1500 2366 1597 2413 quod
1624 2366 1733 2400 etiam
1762 2365 1796 2399 in

226 2421 430 2468 particulari
452 2421 551 2455 sciat.

301 2486 329 2520 5.
352 2475 588 2509 PRAETEREA.
612 2474 674 2516 Ea,
696 2485 788 2519 quae
811 2482 891 2508 sunt
912 2474 947 2508 in
970 2486 1073 2516 voce,
1101 2482 1181 2507 sunt
1208 2474 1309 2519 signa
1337 2473 1539 2508 intellectus
1566 2472 1721 2514 animae,
1748 2483 1798 2506 se—

227 2528 386 2563 cundum
414 2527 550 2562 Philos.
579 2527 627 2571 (in
645 2528 755 2573 princ.
784 2528 838 2561 lib.
867 2540 892 2562 1.
921 2528 1140 2572 Pcr1'hcrm.).·
1169 2527 1230 2561 sed
1261 2527 1375 2561 homo
1397 2527 1433 2560 in
1455 2526 1622 2572 passione
1644 2525 1797 2560 existens

226 2581 429 2627 frequenter
452 2580 652 2622 confitetur,
672 2580 758 2614 illud
779 2581 874 2626 quod
895 2581 1004 2626 eligit,
1026 2592 1102 2615 esse
1126 2580 1263 2614 malum
1283 2580 1391 2614 etiam
1410 2580 1446 2614 in
1465 2578 1691 2625 particulari;
1710 2589 1797 2624 ergo

228 2635 335 2669 etiam
355 2635 390 2668 in
413 2633 616 2680 particulari
640 2634 747 2668 habet
769 2634 977 2676 scientiam3
1006 2634 1055 2668 sic
1079 2634 1186 2678 igitur
1215 2633 1366 2674 videtur,
1388 2633 1485 2679 quod
1513 2632 1698 2679 passiones
1724 2642 1796 2666 non

229 2689 366 2735 possint
386 2688 527 2722 trahere
550 2688 726 2722 rationem
751 2696 875 2722 contra
895 2688 1082 2721 scientiam
1104 2686 1362 2721 universalem:
1382 2686 1464 2732 quia
1484 2697 1557 2720 non
1573 2693 1691 2732 potest
1709 2695 1798 2724 esse,

228 2743 323 2788 quod
347 2742 478 2776 habeat
499 2741 686 2776 scientiam
707 2741 960 2782 universalem,
983 2750 1017 2775 et
1040 2741 1204 2775 aestimet
1226 2740 1434 2786 oppositum
1456 2739 1491 2773 in
1515 2738 1731 2785 particulari.

301 2795 375 2830 SED
403 2805 557 2829 CONTRA
593 2803 655 2836 est,
690 2794 785 2840 quod
825 2794 911 2828 dicit
933 2793 1131 2840 Apostolus
1156 2794 1198 2827 ad
1223 2794 1329 2827 Rom.
1365 2804 1416 2838 7.:
1446 2792 1544 2827 Video
1570 2792 1672 2827 aliam
1700 2792 1797 2837 legum

230 2851 262 2883 In
291 2850 443 2884 membris
471 2850 548 2883 mais*
576 2853 808 2895 repugnant-'m
837 2848 898 2892 legi
927 2849 1038 2882 nautis
1075 2859 1172 2888 υκαι,
1201 2853 1229 2882 st
1256 2838 1562 2893 ‹·11p!¹'v11r1!crn''rnc
1590 2847 1622 2879 in
1650 2844 1713 2890 lege
1730 2851 1801 2891 pcc-

228 2904 314 2937 rati:
343 2902 398 2936 lex
440 2910 573 2944 autem,
607 2913 698 2947 quac
722 2909 774 2935 est
808 2901 841 2934 in
879 2901 1062 2941 membris,
1094 2909 1145 2934 est
1180 2899 1484 2946 concupiscentia,
1514 2898 1557 2933 de
1596 2909 1666 2945 qua
1693 2907 1798 2944 supra
