1875 3198
183 215 267 270 858
608 226 827 262 QUAESTIO
861 226 964 256 exn.
999 224 1244 255 ARTICULUS
1277 224 1338 254 111.

252 309 312 343 AD
328 319 535 343 SECUNDUM
558 308 764 350 dicendum,
787 308 883 354 quod
899 306 1059 342 defectus
1082 306 1218 353 gratiae
1233 306 1349 353 prima
1365 317 1475 340 causa
1497 313 1550 340 est
1563 316 1606 340 ex
1626 304 1748 340 nobis:

179 362 242 396 sed
265 362 470 396 collationis
497 362 632 408 gratiae
657 362 773 408 prima
796 373 905 395 causa
932 369 984 395 est
1012 372 1030 394 a
1058 361 1151 402 Deo,
1179 360 1380 394 secundum
1406 359 1494 393 illud
1525 359 1648 394 Oseae
1678 369 1748 405 13.:

182 415 325 450 Per-ditio
345 421 400 450 tna
420 428 457 450 ex
479 421 505 450 t:
526 416 640 457 Israbl,
666 414 891 450 tantummodo
915 416 948 448 ιἰι
970 427 1020 448 ma
1045 414 1211 448 auxilium
1235 419 1339 449 tumn.

252 469 312 504 AD
340 480 510 504 TERTlUM
537 469 742 511 dicendum,
770 468 866 514 quod
891 468 999 502 etiam
1025 467 1061 501 in
1088 467 1192 501 rebus
1219 466 1441 501 naturalibus
1468 465 1657 513 dispositio
1671 476 1753 500 ma-

180 523 290 558 teriae
312 534 386 557 non
409 534 451 557 ex
471 523 686 557 necessitate
709 521 941 568 consequitur
961 520 1130 564 formam,
1153 520 1221 555 nisi
1241 532 1306 567 per
1330 520 1501 555 virtutem
1523 519 1673 566 agentis,
1691 518 1752 565 qui

184 576 461 623 dispositionem
484 585 617 611 causat.

737 717 1083 762 ARTICULUS
1118 717 1194 760 IV.
1687 727 1752 775 598

399 825 555 856 UTRUM
582 826 743 856 GRATIA
771 827 839 856 SIT
863 827 1000 868 MAJOR
1026 827 1070 856 IN
1092 826 1199 866 UNO,
1229 826 1354 862 QUAM
1375 826 1420 857 IN
1440 825 1559 856 ALIO.

444 913 560 959 (Supr.
583 924 613 959 q.
636 913 693 948 66.
716 918 779 948 art.
802 925 833 949 2.
856 913 899 948 ad
919 926 947 949 Ι.
968 919 996 949 et
1016 925 1086 949 2-2.
1113 926 1143 960 q.
1165 925 1198 959 4.
1220 919 1284 949 art.
1305 924 1338 959 4.
1361 913 1404 948 ad
1417 914 1475 960 3.).

253 1002 313 1036 AD
335 1012 525 1041 QUARTUM
547 1002 597 1036 sic
619 1002 836 1048 proceditur.
859 1001 1023 1045 Videtur,
1046 1002 1142 1049 quod
1169 1003 1284 1049 gratia
1309 1014 1385 1037 non
1406 1002 1452 1037 sit
1472 1002 1589 1048 major
1609 1001 1646 1036 in
1667 1012 1754 1044 uno,

182 1067 291 1102 quam
312 1056 348 1089 in
373 1055 463 1090 alio:
487 1055 602 1101 gratia
624 1056 722 1090 enim
745 1064 913 1090 causatur
933 1056 970 1090 in
992 1057 1097 1091 nobis
1119 1067 1161 1091 ex
1183 1056 1378 1091 dilectione
1397 1056 1529 1099 divina,
1556 1063 1595 1090 ut
1616 1055 1754 1090 dictum

183 1117 236 1143 est
251 1109 295 1155 (q.
310 1122 379 1145 ΠΟ.
402 1114 466 1143 art.
489 1109 558 1154 1.):
580 1109 644 1144 sed
668 1109 751 1155 Sap.
768 1107 799 1143 6.
816 1109 964 1144 dicitur:
980 1110 1154 1153 Pusillum,
1176 1115 1207 1145 et
1223 1121 1384 1156 magnum
1401 1111 1468 1157 ipse
1481 1110 1576 1156 fecit,
1595 1114 1626 1144 et
1638 1120 1756 1155 aequa-

182 1163 257 1198 liter
270 1168 312 1198 est
327 1163 468 1198 illicurcz
482 1162 518 1197 cla
532 1164 704 1204 onznilms;
723 1175 810 1209 ergo
828 1175 957 1198 omnes
973 1163 1172 1210 aequaliter
1185 1164 1341 1210 gratiam
1355 1163 1397 1197 ab
1413 1174 1457 1197 eo
1473 1170 1754 1210 consequuntur.

253 1227 284 1251 2.
304 1217 541 1252 PRAETEREA.
562 1216 613 1250 Ea
628 1229 720 1263 quae
736 1219 772 1251 in
794 1228 940 1251 summo
957 1217 1135 1261 dicuntur,
1154 1229 1229 1252 non
1244 1218 1423 1264 recipiunt
1440 1219 1556 1264 magis,
1577 1224 1614 1251 et
1626 1217 1755 1251 minus.-

183 1270 245 1306 sed
275 1271 391 1317 gratia
424 1271 460 1304 in
483 1282 628 1305 summo
658 1271 805 1313 dicitur;
829 1273 911 1317 quia
934 1271 1123 1318 conjungit
1143 1271 1274 1306 ultimo
1300 1271 1381 1315 fin'13
1410 1283 1497 1318 ergo
1530 1282 1606 1305 non
1632 1270 1758 1317 recipit

183 1326 298 1371 magis,
322 1333 357 1359 et
380 1326 509 1366 mimzs;
533 1336 608 1358 non
631 1332 684 1359 est
706 1336 792 1371 ergo
823 1326 940 1371 major
960 1325 997 1359 in
1019 1337 1105 1368 uno,
1128 1337 1238 1372 quam
1259 1325 1295 1360 in
1323 1325 1406 1360 alio.

258 1390 286 1424 3.
309 1379 548 1413 PRAETEREA.
574 1378 701 1413 Gratia
723 1387 776 1413 est
793 1379 866 1413 vita
889 1379 1044 1421 animae,
1064 1387 1103 1413 ut
1129 1391 1236 1426 supra
1255 1379 1391 1413 dictum
1415 1386 1468 1413 est
1491 1378 1535 1425 (q.
1555 1390 1625 1414 110.
1644 1383 1709 1414 art.
1729 1390 1757 1413 Ι.

185 1432 226 1467 ad
244 1444 274 1467 2.
297 1437 325 1466 et
347 1437 409 1466 art.
431 1432 506 1477 4.):
522 1431 583 1466 sed
605 1432 727 1466 vivere
749 1443 824 1466 non
839 1432 968 1467 dicitur
982 1432 1184 1467 secundum
1199 1434 1312 1479 magis,
1333 1440 1368 1467 et
1381 1434 1512 1474 minum
1536 1443 1624 1478 ergo
1647 1432 1755 1466 etiam

187 1497 305 1532 neque
327 1486 452 1532 gratia.

257 1540 331 1574 SED
355 1550 511 1574 CONTRA
533 1547 596 1581 est,
615 1539 713 1586 quod
735 1539 863 1573 dicitur
880 1540 923 1574 ad
938 1540 1069 1586 Ephes.
1088 1550 1141 1584 4:
1171 1541 1354 1586 Unicuique
1367 1540 1444 1575 data
1463 1545 1508 1575 est
1518 1541 1632 1586 gratia
1649 1551 1759 1574 secun-

185 1593 262 1628 dum
285 1604 473 1628 mansuram
495 1593 682 1627 donationis
703 1594 846 1628 Christi:
870 1594 966 1640 quod
990 1603 1110 1628 autem
1133 1602 1339 1628 mensurate
1359 1594 1473 1636 datur,
1495 1605 1569 1628 non
1589 1593 1758 1628 omnibus

186 1647 383 1694 aequaliter
405 1647 525 1689 datur3
549 1658 636 1692 ergo
659 1659 732 1681 non
756 1659 883 1681 omnes
907 1647 1096 1694 aequalem
1119 1648 1271 1694 gratiam
1292 1648 1438 1682 habent.

257 1701 488 1735 Rrspoxoro
520 1701 726 1743 dicendum,
749 1701 858 1747 quod,
885 1701 978 1735 sicut
1006 1713 1114 1748 supra
1137 1702 1274 1736 dictum
1295 1708 1348 1736 est
1368 1703 1414 1748 (q.
1432 1713 1484 1748 52.
1507 1706 1572 1737 art.
1594 1714 1621 1737 ι.
1643 1706 1674 1736 et
1693 1701 1756 1746 2.),

184 1755 327 1789 habitus
343 1755 504 1801 duplicem
520 1755 809 1801 magnitudinem
824 1755 957 1790 habere
977 1763 1111 1802 potest:
1127 1767 1230 1790 mmm
1245 1768 1287 1790 ex
1305 1765 1406 1802 parte
1427 1755 1519 1798 finis,
1536 1755 1596 1790 vel
1613 1755 1757 1801 objecti,

184 1809 385 1844 secundum
406 1808 503 1855 quod
526 1808 655 1843 dicitur
677 1821 748 1843 una
768 1810 880 1844 virtus
900 1809 970 1844 alia
991 1809 1160 1852 nobilior,
1179 1810 1396 1856 inquantum
1419 1809 1463 1844 ad
1481 1810 1598 1856 majus
1618 1809 1757 1844 bonum

185 1863 391 1897 ordinatur:
428 1863 531 1896 aliam
553 1874 640 1896 vero
672 1874 714 1897 ex
736 1871 836 1909 parte
863 1863 1027 1909 subjecti,
1055 1863 1152 1910 quod
1180 1864 1309 1910 magis,
1335 1863 1395 1898 vel
1421 1863 1541 1898 minus
1570 1863 1759 1910 participat

183 1916 348 1950 habitum
365 1916 635 1950 inhaerentem:
652 1917 853 1950 secundum
872 1917 981 1963 igitur
999 1917 1155 1964 primam
1170 1917 1461 1963 magnitudinem
1479 1917 1595 1964 gratia
1615 1924 1758 1963 gratum
1871 1939 1875 1954 .

184 1968 320 2004 faciens
341 1980 416 2003 non
438 1977 558 2015 potest
579 1981 657 2004 esse
674 1971 802 2015 major,
825 1980 860 2004 et
882 1972 1019 2004 minor:
1044 1971 1128 2017 quia
1150 1971 1266 2017 gratia
1287 1970 1489 2005 secundum
1506 1970 1562 2005 sui
1580 1970 1758 2006 rationem

185 2023 375 2069 conjungit
394 2023 588 2057 hominem
603 2035 749 2058 summo
763 2024 875 2066 bono,
894 2024 991 2071 quod
1007 2033 1060 2059 est
1080 2025 1200 2059 Deus:
1216 2024 1279 2059 sed
1294 2036 1336 2059 ex
1350 2032 1450 2071 parte
1472 2024 1623 2071 subjecti
1645 2025 1760 2071 gratia

184 2085 303 2124 potest
324 2077 506 2123 suscipere
529 2077 657 2123 magis,
672 2077 730 2112 vel
752 2078 883 2120 minus,
906 2086 1013 2124 prout
1034 2078 1173 2112 scilicet
1194 2089 1287 2113 unus
1309 2077 1502 2125 perfectius
1522 2077 1720 2113 illustratur
1740 2089 1759 2111 a

184 2131 321 2164 lumine
337 2131 484 2176 gratiae,
501 2142 612 2176 quam
631 2130 732 2166 alius.
750 2131 863 2177 Cujus
886 2132 1102 2167 diversitatis
1121 2132 1213 2166 ratio
1236 2132 1382 2179 quidem
1405 2139 1459 2166 est
1469 2131 1588 2178 aliqua
1603 2142 1645 2166 ex
1659 2139 1759 2178 parte
1852 2138 1870 2164 t·

186 2184 431 2231 praeparantis
453 2196 492 2218 se
515 2185 559 2218 ad
582 2185 749 2231 gratiam,
772 2185 833 2231 qui
852 2185 948 2219 enim
972 2186 1088 2231 magis
1111 2197 1148 2220 se
1168 2185 1211 2219 ad
1234 2185 1389 2232 gratiam
1410 2193 1610 2232 praeparat,
1625 2185 1761 2232 plenio-

187 2250 264 2272 rem
286 2238 440 2284 gratiam
462 2238 610 2284 accipit:
638 2239 701 2273 sed
724 2250 767 2273 ex
788 2239 857 2273 hac
885 2247 985 2285 parte
1007 2251 1081 2274 non
1104 2247 1224 2286 potest
1247 2239 1366 2286 accipi
1392 2239 1509 2286 prima
1535 2237 1626 2274 ratio
1653 2239 1760 2286 hujus

187 2292 416 2326 diversitatis:
441 2292 524 2338 quia
538 2293 742 2339 preparatio
759 2293 803 2327 ad
826 2293 980 2339 gratiam
1002 2305 1076 2328 non
1094 2301 1148 2328 est
1168 2293 1341 2335 hominis,
1356 2293 1426 2328 nisi
1439 2294 1656 2340 inquantum
1677 2293 1761 2328 libe-

186 2358 266 2380 rum
290 2346 474 2380 arbitrium
497 2347 572 2391 ejus
595 2354 827 2392 praeparatur
853 2358 872 2380 a
894 2347 997 2389 Deo;
1025 2347 1120 2381 unde
1143 2347 1259 2393 prima
1282 2358 1391 2381 causa
1412 2347 1519 2392 hujus
1542 2347 1760 2382 diversitatis

187 2400 397 2446 accipienda
417 2407 470 2434 est
487 2412 528 2433 ex
545 2408 643 2446 parte
660 2400 771 2446 ipsius
786 2400 867 2442 Dei,
883 2401 943 2447 qui
959 2401 1202 2435 diversimode
1217 2412 1303 2436 suae
1318 2400 1454 2447 gratiae
1469 2400 1566 2435 dona
1580 2401 1762 2447 dispensat

187 2453 230 2487 ad
252 2454 336 2495 hoc,
359 2453 456 2499 quod
491 2464 533 2487 ex
558 2453 706 2487 diversis
734 2454 903 2499 gradibus
931 2453 1176 2500 pulchritudo,
1203 2462 1238 2489 et
1264 2454 1437 2502 perfectio
1464 2453 1652 2489 Ecclesiae
1679 2465 1762 2489 con-

186 2515 325 2553 surgat:
349 2507 441 2541 sicut
471 2507 581 2541 etiam
603 2507 764 2541 diversos
787 2507 918 2553 gradus
942 2519 1061 2542 rerum
1084 2508 1247 2550 instituit,
1275 2515 1312 2542 ut
1334 2517 1429 2543 esset
1455 2508 1666 2543 universum
1686 2519 1762 2555 per-

186 2560 339 2603 fectum3
362 2561 457 2594 unde
479 2561 607 2607 Apost.
625 2562 668 2595 ad
686 2561 816 2607 Ephes.
837 2571 881 2604 4.,
904 2570 1098 2608 postquam
1121 2562 1474 2609 dixeratzUnicuique
1485 2562 1565 2598 data
1585 2567 1631 2598 est
1648 2564 1761 2609 gratia

183 2614 364 2649 §dcundum
389 2626 575 2649 mansuram
597 2614 783 2650 donationis
818 2614 954 2657 Clu-ticli,
983 2617 1204 2651 enumeratis
1227 2616 1378 2651 diversis
1399 2616 1534 2663 gratiis,
1557 2616 1760 2663 subjungit:

187 2668 241 2703 Ad
259 2670 573 2703 consumumtionam
594 2673 783 2703 sanctormn
806 2670 840 2703 in
862 2669 1123 2711 aedificationem
1147 2671 1296 2716 σοφὼ-ῖς
1324 2669 1464 2705 Christi.

258 2722 318 2756 AD
337 2733 486 2757 PRIMUM
502 2733 589 2768 ergo
609 2722 816 2764 dicendum,
835 2722 933 2769 quod
953 2734 1038 2756 cura
1058 2723 1179 2757 divina
1193 2723 1371 2771 dupliciter
1387 2722 1609 2758 considerari
1623 2730 1761 2770 potest:

185 2787 249 2810 uno
273 2776 366 2810 modo
390 2784 566 2822 quantum
589 2776 632 2809 ad
655 2777 774 2822 ipsum
796 2776 961 2810 divinum
981 2784 1116 2819 actum,
1139 2777 1200 2823 qui
1227 2785 1281 2812 est
1302 2777 1468 2823 simplex,
1495 2784 1530 2812 et
1551 2776 1762 2812 uniformis:

187 2836 222 2863 et
242 2829 443 2864 secundum
465 2830 536 2864 hoc
561 2829 759 2876 aequaliter
781 2841 817 2864 se
840 2830 950 2864 habet
973 2831 1048 2876 eius
1072 2842 1157 2865 cura
1181 2830 1224 2865 ad
1248 2841 1397 2873 omnes3
1420 2830 1503 2877 quia
1529 2829 1669 2866 scilicet
1689 2841 1762 2865 uno

187 2890 269 2917 actu
291 2882 449 2930 simplici
469 2891 504 2918 et
522 2883 672 2929 majora,
697 2891 731 2918 et
753 2883 896 2917 minora
911 2883 1111 2930 dispensat:
1129 2884 1195 2918 alio
1220 2883 1315 2919 modo
1336 2891 1456 2931 potest
1477 2883 1698 2919 considerari
1719 2894 1762 2918 ex

188 2944 287 2982 parte
311 2947 449 2981 eorum,
477 2948 568 2983 quae
591 2937 625 2971 in
650 2937 822 2972 creaturis
845 2949 886 2972 ex
910 2936 1028 2971 divina
1053 2948 1137 2971 cura
1160 2938 1394 2984 proveniunt:
1419 2945 1453 2972 et
1469 2937 1669 2973 secundum
1689 2936 1762 2972 hoc

1862 2035 1875 2169 ‘sn—PA-
1868 1968 1875 2004 =.i
