<?xml version="1.0" encoding="UTF-8"?>
<!DOCTYPE html PUBLIC "-//W3C//DTD XHTML 1.0 Transitional//EN"
    "http://www.w3.org/TR/xhtml1/DTD/xhtml1-transitional.dtd">
<html xmlns="http://www.w3.org/1999/xhtml" xml:lang="en" lang="en">
 <head>
  <title>
</title>
<meta http-equiv="Content-Type" content="text/html;charset=utf-8" />
  <meta name='ocr-system' content='tesseract 3.04.00' />
  <meta name='ocr-capabilities' content='ocr_page ocr_carea ocr_par ocr_line ocrx_word'/>
</head>
<body>
  <div class='ocr_page' id='page_1' title='image "./divithomaeaquina02thomuoft_0515.png"; bbox 0 0 1907 3198; ppageno 0'>
   <div class='ocr_carea' id='block_1_1' title="bbox 517 208 1670 251">
    <p class='ocr_par' dir='ltr' id='par_1_1' title="bbox 517 208 1670 251">
     <span class='ocr_line' id='line_1_1' title="bbox 517 208 1670 251; baseline -0.004 -9"><span class='ocrx_word' id='word_1_1' title='bbox 517 212 740 249; x_wconf 73' lang='lat' dir='ltr'><strong>QUAESTIO</strong></span> <span class='ocrx_word' id='word_1_2' title='bbox 775 211 909 241; x_wconf 86' lang='lat' dir='ltr'>Lxxu.</span> <span class='ocrx_word' id='word_1_3' title='bbox 942 210 1192 241; x_wconf 83' lang='lat' dir='ltr'><strong>ARTICULL&#39;S</strong></span> <span class='ocrx_word' id='word_1_4' title='bbox 1225 210 1266 239; x_wconf 78' lang='lat' dir='ltr'>V.</span> <span class='ocrx_word' id='word_1_5' title='bbox 1591 208 1670 251; x_wconf 70' lang='lat'>511</span> 
     </span>
    </p>
   </div>
   <div class='ocr_carea' id='block_1_2' title="bbox 94 289 1678 1360">
    <p class='ocr_par' dir='ltr' id='par_1_2' title="bbox 94 289 1678 609">
     <span class='ocr_line' id='line_1_2' title="bbox 97 289 1677 344; baseline -0.004 -14"><span class='ocrx_word' id='word_1_6' title='bbox 97 306 162 344; x_wconf 87' lang='lat' dir='ltr'>per</span> <span class='ocrx_word' id='word_1_7' title='bbox 188 294 267 342; x_wconf 91' lang='lat' dir='ltr'>ipsa</span> <span class='ocrx_word' id='word_1_8' title='bbox 293 294 470 342; x_wconf 89' lang='lat' dir='ltr'>principia</span> <span class='ocrx_word' id='word_1_9' title='bbox 497 294 660 329; x_wconf 82' lang='lat' dir='ltr'>revocari</span> <span class='ocrx_word' id='word_1_10' title='bbox 688 301 816 341; x_wconf 90' lang='lat' dir='ltr'>potest.</span> <span class='ocrx_word' id='word_1_11' title='bbox 840 293 885 328; x_wconf 88' lang='lat' dir='ltr'>Et</span> <span class='ocrx_word' id='word_1_12' title='bbox 911 292 1077 327; x_wconf 88' lang='lat' dir='ltr'>similiter</span> <span class='ocrx_word' id='word_1_13' title='bbox 1101 292 1138 326; x_wconf 92' lang='lat' dir='ltr'>in</span> <span class='ocrx_word' id='word_1_14' title='bbox 1166 290 1373 339; x_wconf 79' lang='lat' dir='ltr'>operativis,</span> <span class='ocrx_word' id='word_1_15' title='bbox 1399 290 1461 337; x_wconf 91' lang='lat' dir='ltr'>qui</span> <span class='ocrx_word' id='word_1_16' title='bbox 1487 289 1677 337; x_wconf 87' lang='lat' dir='ltr'>peccando</span> 
     </span>
     <span class='ocr_line' id='line_1_3' title="bbox 97 343 1678 394; baseline -0.004 -11"><span class='ocrx_word' id='word_1_17' title='bbox 97 348 269 384; x_wconf 86' lang='lat' dir='ltr'>avertitur</span> <span class='ocrx_word' id='word_1_18' title='bbox 289 348 333 382; x_wconf 92' lang='lat' dir='ltr'>ab</span> <span class='ocrx_word' id='word_1_19' title='bbox 356 347 487 382; x_wconf 90' lang='lat' dir='ltr'>ultimo</span> <span class='ocrx_word' id='word_1_20' title='bbox 509 347 591 389; x_wconf 84' lang='lat' dir='ltr'>fine,</span> <span class='ocrx_word' id='word_1_21' title='bbox 618 355 794 394; x_wconf 85' lang='lat' dir='ltr'>quantum</span> <span class='ocrx_word' id='word_1_22' title='bbox 817 355 871 381; x_wconf 92' lang='lat' dir='ltr'>est</span> <span class='ocrx_word' id='word_1_23' title='bbox 892 358 934 381; x_wconf 82' lang='lat' dir='ltr'>ex</span> <span class='ocrx_word' id='word_1_24' title='bbox 961 355 1090 380; x_wconf 88' lang='lat' dir='ltr'>natura</span> <span class='ocrx_word' id='word_1_25' title='bbox 1111 345 1263 392; x_wconf 88' lang='lat' dir='ltr'>peccati,</span> <span class='ocrx_word' id='word_1_26' title='bbox 1285 344 1395 379; x_wconf 85' lang='lat' dir='ltr'>habet</span> <span class='ocrx_word' id='word_1_27' title='bbox 1420 343 1563 389; x_wconf 87' lang='lat' dir='ltr'>lapsum</span> <span class='ocrx_word' id='word_1_28' title='bbox 1590 343 1678 377; x_wconf 89' lang='lat' dir='ltr'>irre-</span> 
     </span>
     <span class='ocr_line' id='line_1_4' title="bbox 96 397 1676 451; baseline -0.004 -14"><span class='ocrx_word' id='word_1_29' title='bbox 96 401 313 451; x_wconf 83' lang='lat' dir='ltr'>parabilem:</span> <span class='ocrx_word' id='word_1_30' title='bbox 335 410 372 436; x_wconf 91' lang='lat' dir='ltr'>et</span> <span class='ocrx_word' id='word_1_31' title='bbox 391 401 475 436; x_wconf 87' lang='lat' dir='ltr'>ideo</span> <span class='ocrx_word' id='word_1_32' title='bbox 491 401 620 436; x_wconf 88' lang='lat' dir='ltr'>dicitur</span> <span class='ocrx_word' id='word_1_33' title='bbox 634 412 787 448; x_wconf 87' lang='lat' dir='ltr'>peccare</span> <span class='ocrx_word' id='word_1_34' title='bbox 803 400 1015 442; x_wconf 79' lang='lat' dir='ltr'>mortaliter,</span> <span class='ocrx_word' id='word_1_35' title='bbox 1031 399 1261 434; x_wconf 83' lang='lat' dir='ltr'>aeternaliter</span> <span class='ocrx_word' id='word_1_36' title='bbox 1276 398 1497 445; x_wconf 85' lang='lat' dir='ltr'>puniendus:</span> <span class='ocrx_word' id='word_1_37' title='bbox 1513 397 1574 444; x_wconf 88' lang='lat' dir='ltr'>qui</span> <span class='ocrx_word' id='word_1_38' title='bbox 1588 407 1676 430; x_wconf 80' lang='lat' dir='ltr'>vero</span> 
     </span>
     <span class='ocr_line' id='line_1_5' title="bbox 95 450 1677 504; baseline -0.004 -13"><span class='ocrx_word' id='word_1_39' title='bbox 95 464 224 504; x_wconf 88' lang='lat' dir='ltr'>peccat</span> <span class='ocrx_word' id='word_1_40' title='bbox 244 455 334 490; x_wconf 89' lang='lat' dir='ltr'>citra</span> <span class='ocrx_word' id='word_1_41' title='bbox 355 455 586 490; x_wconf 87' lang='lat' dir='ltr'>aversionem</span> <span class='ocrx_word' id='word_1_42' title='bbox 616 466 636 489; x_wconf 89' lang='lat' dir='ltr'>a</span> <span class='ocrx_word' id='word_1_43' title='bbox 658 454 752 497; x_wconf 93' lang='lat' dir='ltr'>Deo,</span> <span class='ocrx_word' id='word_1_44' title='bbox 780 466 822 489; x_wconf 88' lang='lat' dir='ltr'>ex</span> <span class='ocrx_word' id='word_1_45' title='bbox 843 454 920 500; x_wconf 91' lang='lat' dir='ltr'>ipsa</span> <span class='ocrx_word' id='word_1_46' title='bbox 943 453 1083 488; x_wconf 87' lang='lat' dir='ltr'>ratione</span> <span class='ocrx_word' id='word_1_47' title='bbox 1105 452 1246 499; x_wconf 87' lang='lat' dir='ltr'>peccati</span> <span class='ocrx_word' id='word_1_48' title='bbox 1269 451 1517 498; x_wconf 84' lang='lat' dir='ltr'>reparabiliter</span> <span class='ocrx_word' id='word_1_49' title='bbox 1539 450 1677 484; x_wconf 88' lang='lat' dir='ltr'>deordi-</span> 
     </span>
     <span class='ocr_line' id='line_1_6' title="bbox 94 503 1678 556; baseline -0.004 -12"><span class='ocrx_word' id='word_1_50' title='bbox 94 517 220 552; x_wconf 85' lang='lat' dir='ltr'>natur;</span> <span class='ocrx_word' id='word_1_51' title='bbox 241 509 325 556; x_wconf 89' lang='lat' dir='ltr'>quia</span> <span class='ocrx_word' id='word_1_52' title='bbox 346 507 505 544; x_wconf 89' lang='lat' dir='ltr'>salvatur</span> <span class='ocrx_word' id='word_1_53' title='bbox 526 507 764 555; x_wconf 87' lang='lat' dir='ltr'>principium;</span> <span class='ocrx_word' id='word_1_54' title='bbox 787 515 823 542; x_wconf 91' lang='lat' dir='ltr'>et</span> <span class='ocrx_word' id='word_1_55' title='bbox 843 507 926 542; x_wconf 89' lang='lat' dir='ltr'>ideo</span> <span class='ocrx_word' id='word_1_56' title='bbox 949 506 1081 541; x_wconf 86' lang='lat' dir='ltr'>dicitur</span> <span class='ocrx_word' id='word_1_57' title='bbox 1102 516 1254 552; x_wconf 84' lang='lat' dir='ltr'>peccare</span> <span class='ocrx_word' id='word_1_58' title='bbox 1281 504 1484 546; x_wconf 76' lang='lat' dir='ltr'>venialiter,</span> <span class='ocrx_word' id='word_1_59' title='bbox 1507 504 1590 550; x_wconf 89' lang='lat' dir='ltr'>quia</span> <span class='ocrx_word' id='word_1_60' title='bbox 1613 503 1678 538; x_wconf 88' lang='lat' dir='ltr'>sci-</span> 
     </span>
     <span class='ocr_line' id='line_1_7' title="bbox 95 560 1289 609; baseline -0.004 -11"><span class='ocrx_word' id='word_1_61' title='bbox 95 562 182 598; x_wconf 87' lang='lat' dir='ltr'>licet</span> <span class='ocrx_word' id='word_1_62' title='bbox 200 573 276 597; x_wconf 90' lang='lat' dir='ltr'>non</span> <span class='ocrx_word' id='word_1_63' title='bbox 296 562 346 597; x_wconf 84' lang='lat' dir='ltr'>ita</span> <span class='ocrx_word' id='word_1_64' title='bbox 367 570 506 609; x_wconf 87' lang='lat' dir='ltr'>peccat,</span> <span class='ocrx_word' id='word_1_65' title='bbox 525 570 564 596; x_wconf 88' lang='lat' dir='ltr'>ut</span> <span class='ocrx_word' id='word_1_66' title='bbox 585 569 768 596; x_wconf 88' lang='lat' dir='ltr'>mereatur</span> <span class='ocrx_word' id='word_1_67' title='bbox 789 560 1097 595; x_wconf 83' lang='lat' dir='ltr'>interminabilem</span> <span class='ocrx_word' id='word_1_68' title='bbox 1119 570 1289 606; x_wconf 89' lang='lat' dir='ltr'>poenam.</span> 
     </span>
    </p>

    <p class='ocr_par' dir='ltr' id='par_1_3' title="bbox 95 610 1678 931">
     <span class='ocr_line' id='line_1_8' title="bbox 167 610 1678 662; baseline -0.005 -10"><span class='ocrx_word' id='word_1_69' title='bbox 167 616 229 652; x_wconf 82' lang='lat' dir='ltr'>AD</span> <span class='ocrx_word' id='word_1_70' title='bbox 250 625 400 651; x_wconf 67' lang='lat' dir='ltr'>numm</span> <span class='ocrx_word' id='word_1_71' title='bbox 423 626 511 662; x_wconf 87' lang='lat' dir='ltr'>ergo</span> <span class='ocrx_word' id='word_1_72' title='bbox 533 615 742 657; x_wconf 89' lang='lat' dir='ltr'>dicendum,</span> <span class='ocrx_word' id='word_1_73' title='bbox 764 614 861 661; x_wconf 90' lang='lat' dir='ltr'>quod</span> <span class='ocrx_word' id='word_1_74' title='bbox 884 622 1076 661; x_wconf 82' lang='lat' dir='ltr'>peccatum</span> <span class='ocrx_word' id='word_1_75' title='bbox 1100 612 1267 655; x_wconf 90' lang='lat' dir='ltr'>mortale,</span> <span class='ocrx_word' id='word_1_76' title='bbox 1287 620 1322 647; x_wconf 90' lang='lat' dir='ltr'>et</span> <span class='ocrx_word' id='word_1_77' title='bbox 1343 611 1486 646; x_wconf 81' lang='lat' dir='ltr'>veniale</span> <span class='ocrx_word' id='word_1_78' title='bbox 1507 610 1678 646; x_wconf 84' lang='lat' dir='ltr'>differunt</span> 
     </span>
     <span class='ocr_line' id='line_1_9' title="bbox 96 666 1674 716; baseline -0.003 -11"><span class='ocrx_word' id='word_1_79' title='bbox 96 669 132 705; x_wconf 89' lang='lat' dir='ltr'>in</span> <span class='ocrx_word' id='word_1_80' title='bbox 154 668 336 704; x_wconf 86' lang='lat' dir='ltr'>infinitum</span> <span class='ocrx_word' id='word_1_81' title='bbox 358 680 401 704; x_wconf 86' lang='lat' dir='ltr'>ex</span> <span class='ocrx_word' id='word_1_82' title='bbox 422 677 524 716; x_wconf 90' lang='lat' dir='ltr'>parte</span> <span class='ocrx_word' id='word_1_83' title='bbox 546 668 758 710; x_wconf 88' lang='lat' dir='ltr'>aversionis,</span> <span class='ocrx_word' id='word_1_84' title='bbox 779 679 853 702; x_wconf 91' lang='lat' dir='ltr'>non</span> <span class='ocrx_word' id='word_1_85' title='bbox 877 676 999 702; x_wconf 89' lang='lat' dir='ltr'>autern</span> <span class='ocrx_word' id='word_1_86' title='bbox 1022 678 1065 702; x_wconf 79' lang='lat' dir='ltr'>ex</span> <span class='ocrx_word' id='word_1_87' title='bbox 1086 675 1186 714; x_wconf 89' lang='lat' dir='ltr'>parte</span> <span class='ocrx_word' id='word_1_88' title='bbox 1207 666 1470 707; x_wconf 88' lang='lat' dir='ltr'>conversionis,</span> <span class='ocrx_word' id='word_1_89' title='bbox 1485 676 1548 712; x_wconf 89' lang='lat' dir='ltr'>per</span> <span class='ocrx_word' id='word_1_90' title='bbox 1566 676 1674 711; x_wconf 89' lang='lat' dir='ltr'>quam</span> 
     </span>
     <span class='ocr_line' id='line_1_10' title="bbox 97 719 1676 771; baseline -0.004 -13"><span class='ocrx_word' id='word_1_91' title='bbox 97 722 240 771; x_wconf 85' lang='lat' dir='ltr'>respicit</span> <span class='ocrx_word' id='word_1_92' title='bbox 255 723 452 769; x_wconf 86' lang='lat' dir='ltr'>objectum,</span> <span class='ocrx_word' id='word_1_93' title='bbox 464 722 558 757; x_wconf 89' lang='lat' dir='ltr'>unde</span> <span class='ocrx_word' id='word_1_94' title='bbox 574 730 766 769; x_wconf 88' lang='lat' dir='ltr'>peccatum</span> <span class='ocrx_word' id='word_1_95' title='bbox 782 721 941 768; x_wconf 89' lang='lat' dir='ltr'>speciem</span> <span class='ocrx_word' id='word_1_96' title='bbox 957 721 1083 756; x_wconf 83' lang='lat' dir='ltr'>habet:</span> <span class='ocrx_word' id='word_1_97' title='bbox 1101 721 1195 755; x_wconf 87' lang='lat' dir='ltr'>unde</span> <span class='ocrx_word' id='word_1_98' title='bbox 1211 719 1301 754; x_wconf 82' lang='lat' dir='ltr'>nihil</span> <span class='ocrx_word' id='word_1_99' title='bbox 1318 719 1485 766; x_wconf 84' lang='lat' dir='ltr'>prohibet</span> <span class='ocrx_word' id='word_1_100' title='bbox 1500 719 1535 753; x_wconf 90' lang='lat' dir='ltr'>in</span> <span class='ocrx_word' id='word_1_101' title='bbox 1547 719 1676 753; x_wconf 88' lang='lat' dir='ltr'>eadem</span> 
     </span>
     <span class='ocr_line' id='line_1_11' title="bbox 95 773 1677 825; baseline -0.003 -14"><span class='ocrx_word' id='word_1_102' title='bbox 95 776 216 824; x_wconf 84' lang='lat' dir='ltr'>specie</span> <span class='ocrx_word' id='word_1_103' title='bbox 236 776 391 811; x_wconf 86' lang='lat' dir='ltr'>inveniri</span> <span class='ocrx_word' id='word_1_104' title='bbox 412 775 561 823; x_wconf 92' lang='lat' dir='ltr'>aliquod</span> <span class='ocrx_word' id='word_1_105' title='bbox 584 784 776 823; x_wconf 86' lang='lat' dir='ltr'>peccatum</span> <span class='ocrx_word' id='word_1_106' title='bbox 799 774 968 817; x_wconf 84' lang='lat' dir='ltr'>mortale,</span> <span class='ocrx_word' id='word_1_107' title='bbox 991 783 1026 809; x_wconf 85' lang='lat' dir='ltr'>et</span> <span class='ocrx_word' id='word_1_108' title='bbox 1046 773 1204 825; x_wconf 62' lang='lat' dir='ltr'>veniale:</span> <span class='ocrx_word' id='word_1_109' title='bbox 1227 774 1319 809; x_wconf 90' lang='lat' dir='ltr'>sicut</span> <span class='ocrx_word' id='word_1_110' title='bbox 1340 774 1477 820; x_wconf 89' lang='lat' dir='ltr'>primus</span> <span class='ocrx_word' id='word_1_111' title='bbox 1501 782 1622 807; x_wconf 89' lang='lat' dir='ltr'>motus</span> <span class='ocrx_word' id='word_1_112' title='bbox 1640 773 1677 806; x_wconf 91' lang='lat' dir='ltr'>in</span> 
     </span>
     <span class='ocr_line' id='line_1_12' title="bbox 95 826 1677 878; baseline -0.003 -13"><span class='ocrx_word' id='word_1_113' title='bbox 95 840 230 878; x_wconf 83' lang='lat' dir='ltr'>genere</span> <span class='ocrx_word' id='word_1_114' title='bbox 250 829 418 865; x_wconf 87' lang='lat' dir='ltr'>adulterii</span> <span class='ocrx_word' id='word_1_115' title='bbox 439 838 494 864; x_wconf 87' lang='lat' dir='ltr'>est</span> <span class='ocrx_word' id='word_1_116' title='bbox 513 837 707 877; x_wconf 87' lang='lat' dir='ltr'>peccatum</span> <span class='ocrx_word' id='word_1_117' title='bbox 729 828 891 872; x_wconf 83' lang='lat' dir='ltr'>veniale3</span> <span class='ocrx_word' id='word_1_118' title='bbox 913 837 949 863; x_wconf 92' lang='lat' dir='ltr'>et</span> <span class='ocrx_word' id='word_1_119' title='bbox 970 828 1122 863; x_wconf 88' lang='lat' dir='ltr'>verbum</span> <span class='ocrx_word' id='word_1_120' title='bbox 1144 827 1318 870; x_wconf 88' lang='lat' dir='ltr'>otiosum,</span> <span class='ocrx_word' id='word_1_121' title='bbox 1341 827 1438 874; x_wconf 90' lang='lat' dir='ltr'>quod</span> <span class='ocrx_word' id='word_1_122' title='bbox 1462 826 1677 874; x_wconf 88' lang='lat' dir='ltr'>plerumque</span> 
     </span>
     <span class='ocr_line' id='line_1_13' title="bbox 95 882 883 931; baseline -0.003 -12"><span class='ocrx_word' id='word_1_123' title='bbox 95 891 149 920; x_wconf 90' lang='lat' dir='ltr'>est</span> <span class='ocrx_word' id='word_1_124' title='bbox 167 883 321 926; x_wconf 88' lang='lat' dir='ltr'>veniale,</span> <span class='ocrx_word' id='word_1_125' title='bbox 343 891 463 931; x_wconf 90' lang='lat' dir='ltr'>potest</span> <span class='ocrx_word' id='word_1_126' title='bbox 483 883 593 918; x_wconf 88' lang='lat' dir='ltr'>etiam</span> <span class='ocrx_word' id='word_1_127' title='bbox 615 894 693 918; x_wconf 88' lang='lat' dir='ltr'>esse</span> <span class='ocrx_word' id='word_1_128' title='bbox 716 882 883 917; x_wconf 90' lang='lat' dir='ltr'>mortale.</span> 
     </span>
    </p>

    <p class='ocr_par' dir='ltr' id='par_1_4' title="bbox 95 934 1678 1200">
     <span class='ocr_line' id='line_1_14' title="bbox 166 934 1675 984; baseline -0.004 -11"><span class='ocrx_word' id='word_1_129' title='bbox 166 938 450 973; x_wconf 72' lang='lat' dir='ltr'>ADSECUNDUM</span> <span class='ocrx_word' id='word_1_130' title='bbox 473 937 682 979; x_wconf 88' lang='lat' dir='ltr'>dicendum,</span> <span class='ocrx_word' id='word_1_131' title='bbox 703 936 801 984; x_wconf 89' lang='lat' dir='ltr'>quod</span> <span class='ocrx_word' id='word_1_132' title='bbox 825 947 867 971; x_wconf 83' lang='lat' dir='ltr'>ex</span> <span class='ocrx_word' id='word_1_133' title='bbox 893 936 965 970; x_wconf 87' lang='lat' dir='ltr'>hoc</span> <span class='ocrx_word' id='word_1_134' title='bbox 987 935 1085 983; x_wconf 90' lang='lat' dir='ltr'>quod</span> <span class='ocrx_word' id='word_1_135' title='bbox 1108 935 1290 970; x_wconf 88' lang='lat' dir='ltr'>invenitur</span> <span class='ocrx_word' id='word_1_136' title='bbox 1312 934 1459 981; x_wconf 88' lang='lat' dir='ltr'>aliquod</span> <span class='ocrx_word' id='word_1_137' title='bbox 1482 942 1675 980; x_wconf 89' lang='lat' dir='ltr'>peccatum</span> 
     </span>
     <span class='ocr_line' id='line_1_15' title="bbox 95 987 1678 1039; baseline -0.003 -12"><span class='ocrx_word' id='word_1_138' title='bbox 95 991 253 1027; x_wconf 87' lang='lat' dir='ltr'>mortale</span> <span class='ocrx_word' id='word_1_139' title='bbox 274 1003 318 1027; x_wconf 84' lang='lat' dir='ltr'>ex</span> <span class='ocrx_word' id='word_1_140' title='bbox 339 1002 485 1039; x_wconf 89' lang='lat' dir='ltr'>genere,</span> <span class='ocrx_word' id='word_1_141' title='bbox 504 999 539 1026; x_wconf 91' lang='lat' dir='ltr'>et</span> <span class='ocrx_word' id='word_1_142' title='bbox 558 991 692 1038; x_wconf 88' lang='lat' dir='ltr'>aliquid</span> <span class='ocrx_word' id='word_1_143' title='bbox 711 999 904 1038; x_wconf 87' lang='lat' dir='ltr'>peccatum</span> <span class='ocrx_word' id='word_1_144' title='bbox 919 989 1061 1025; x_wconf 79' lang='lat' dir='ltr'>veniale</span> <span class='ocrx_word' id='word_1_145' title='bbox 1077 1001 1119 1024; x_wconf 80' lang='lat' dir='ltr'>ex</span> <span class='ocrx_word' id='word_1_146' title='bbox 1135 1000 1280 1036; x_wconf 88' lang='lat' dir='ltr'>genere,</span> <span class='ocrx_word' id='word_1_147' title='bbox 1295 989 1467 1036; x_wconf 88' lang='lat' dir='ltr'>sequitur,</span> <span class='ocrx_word' id='word_1_148' title='bbox 1482 988 1580 1035; x_wconf 91' lang='lat' dir='ltr'>quod</span> <span class='ocrx_word' id='word_1_149' title='bbox 1595 987 1678 1022; x_wconf 85' lang='lat' dir='ltr'>talis</span> 
     </span>
     <span class='ocr_line' id='line_1_16' title="bbox 95 1043 1676 1092; baseline -0.003 -11"><span class='ocrx_word' id='word_1_150' title='bbox 95 1044 298 1081; x_wconf 85' lang='lat' dir='ltr'>differentia</span> <span class='ocrx_word' id='word_1_151' title='bbox 331 1054 576 1092; x_wconf 88' lang='lat' dir='ltr'>consequatur</span> <span class='ocrx_word' id='word_1_152' title='bbox 608 1044 855 1079; x_wconf 88' lang='lat' dir='ltr'>diversitatem</span> <span class='ocrx_word' id='word_1_153' title='bbox 889 1052 1138 1091; x_wconf 84' lang='lat' dir='ltr'>peccatorum,</span> <span class='ocrx_word' id='word_1_154' title='bbox 1173 1043 1374 1077; x_wconf 85' lang='lat' dir='ltr'>secundum</span> <span class='ocrx_word' id='word_1_155' title='bbox 1402 1043 1574 1088; x_wconf 86' lang='lat' dir='ltr'>speciem,</span> <span class='ocrx_word' id='word_1_156' title='bbox 1600 1053 1676 1076; x_wconf 87' lang='lat' dir='ltr'>non</span> 
     </span>
     <span class='ocr_line' id='line_1_17' title="bbox 95 1095 1676 1146; baseline -0.003 -12"><span class='ocrx_word' id='word_1_157' title='bbox 95 1106 217 1134; x_wconf 90' lang='lat' dir='ltr'>autem</span> <span class='ocrx_word' id='word_1_158' title='bbox 239 1099 337 1146; x_wconf 89' lang='lat' dir='ltr'>quod</span> <span class='ocrx_word' id='word_1_159' title='bbox 359 1107 483 1134; x_wconf 87' lang='lat' dir='ltr'>causet</span> <span class='ocrx_word' id='word_1_160' title='bbox 504 1109 606 1134; x_wconf 84' lang='lat' dir='ltr'>eam:</span> <span class='ocrx_word' id='word_1_161' title='bbox 629 1097 710 1133; x_wconf 88' lang='lat' dir='ltr'>talis</span> <span class='ocrx_word' id='word_1_162' title='bbox 733 1107 854 1132; x_wconf 89' lang='lat' dir='ltr'>autem</span> <span class='ocrx_word' id='word_1_163' title='bbox 877 1097 1079 1132; x_wconf 82' lang='lat' dir='ltr'>differentia</span> <span class='ocrx_word' id='word_1_164' title='bbox 1102 1105 1221 1143; x_wconf 89' lang='lat' dir='ltr'>potest</span> <span class='ocrx_word' id='word_1_165' title='bbox 1243 1097 1396 1131; x_wconf 88' lang='lat' dir='ltr'>inveniri</span> <span class='ocrx_word' id='word_1_166' title='bbox 1418 1096 1527 1131; x_wconf 86' lang='lat' dir='ltr'>etiam</span> <span class='ocrx_word' id='word_1_167' title='bbox 1551 1096 1587 1130; x_wconf 89' lang='lat' dir='ltr'>in</span> <span class='ocrx_word' id='word_1_168' title='bbox 1606 1095 1676 1137; x_wconf 91' lang='lat' dir='ltr'>his,</span> 
     </span>
     <span class='ocr_line' id='line_1_18' title="bbox 96 1151 1244 1200; baseline -0.002 -12"><span class='ocrx_word' id='word_1_169' title='bbox 96 1164 191 1200; x_wconf 85' lang='lat' dir='ltr'>quae</span> <span class='ocrx_word' id='word_1_170' title='bbox 211 1161 295 1188; x_wconf 88' lang='lat' dir='ltr'>sunt</span> <span class='ocrx_word' id='word_1_171' title='bbox 315 1152 480 1199; x_wconf 85' lang='lat' dir='ltr'>ejusdem</span> <span class='ocrx_word' id='word_1_172' title='bbox 501 1151 646 1199; x_wconf 87' lang='lat' dir='ltr'>speciei,</span> <span class='ocrx_word' id='word_1_173' title='bbox 669 1160 707 1186; x_wconf 89' lang='lat' dir='ltr'>ut</span> <span class='ocrx_word' id='word_1_174' title='bbox 728 1151 866 1186; x_wconf 89' lang='lat' dir='ltr'>dictum</span> <span class='ocrx_word' id='word_1_175' title='bbox 888 1159 942 1186; x_wconf 86' lang='lat' dir='ltr'>est</span> <span class='ocrx_word' id='word_1_176' title='bbox 962 1152 1012 1196; x_wconf 73' lang='lat' dir='ltr'>(fn</span> <span class='ocrx_word' id='word_1_177' title='bbox 1034 1157 1125 1198; x_wconf 84' lang='lat' dir='ltr'>corp.</span> <span class='ocrx_word' id='word_1_178' title='bbox 1148 1152 1244 1196; x_wconf 86' lang='lat' dir='ltr'>art.).</span> 
     </span>
    </p>

    <p class='ocr_par' dir='ltr' id='par_1_5' title="bbox 94 1202 1677 1360">
     <span class='ocr_line' id='line_1_19' title="bbox 166 1202 1677 1252; baseline -0.003 -10"><span class='ocrx_word' id='word_1_179' title='bbox 166 1206 228 1242; x_wconf 85' lang='lat' dir='ltr'>AD</span> <span class='ocrx_word' id='word_1_180' title='bbox 254 1216 427 1242; x_wconf 76' lang='lat' dir='ltr'>TERTmM</span> <span class='ocrx_word' id='word_1_181' title='bbox 453 1205 660 1247; x_wconf 89' lang='lat' dir='ltr'>dicendum,</span> <span class='ocrx_word' id='word_1_182' title='bbox 683 1205 780 1252; x_wconf 92' lang='lat' dir='ltr'>quod</span> <span class='ocrx_word' id='word_1_183' title='bbox 806 1205 1011 1252; x_wconf 88' lang='lat' dir='ltr'>praemium</span> <span class='ocrx_word' id='word_1_184' title='bbox 1033 1212 1087 1238; x_wconf 89' lang='lat' dir='ltr'>est</span> <span class='ocrx_word' id='word_1_185' title='bbox 1112 1204 1156 1239; x_wconf 91' lang='lat' dir='ltr'>de</span> <span class='ocrx_word' id='word_1_186' title='bbox 1178 1204 1380 1239; x_wconf 89' lang='lat' dir='ltr'>intentione</span> <span class='ocrx_word' id='word_1_187' title='bbox 1408 1203 1592 1245; x_wconf 88' lang='lat' dir='ltr'>merentis,</span> <span class='ocrx_word' id='word_1_188' title='bbox 1617 1202 1677 1238; x_wconf 80' lang='lat' dir='ltr'>vel</span> 
     </span>
     <span class='ocr_line' id='line_1_20' title="bbox 94 1257 1677 1307; baseline -0.001 -14"><span class='ocrx_word' id='word_1_189' title='bbox 94 1260 253 1295; x_wconf 84' lang='lat' dir='ltr'>virtuose</span> <span class='ocrx_word' id='word_1_190' title='bbox 275 1259 433 1307; x_wconf 86' lang='lat' dir='ltr'>agentis:</span> <span class='ocrx_word' id='word_1_191' title='bbox 460 1259 522 1294; x_wconf 91' lang='lat' dir='ltr'>sed</span> <span class='ocrx_word' id='word_1_192' title='bbox 549 1269 667 1306; x_wconf 85' lang='lat' dir='ltr'>poena</span> <span class='ocrx_word' id='word_1_193' title='bbox 694 1270 769 1293; x_wconf 90' lang='lat' dir='ltr'>non</span> <span class='ocrx_word' id='word_1_194' title='bbox 797 1267 849 1293; x_wconf 86' lang='lat' dir='ltr'>est</span> <span class='ocrx_word' id='word_1_195' title='bbox 876 1258 919 1292; x_wconf 90' lang='lat' dir='ltr'>de</span> <span class='ocrx_word' id='word_1_196' title='bbox 947 1258 1148 1292; x_wconf 89' lang='lat' dir='ltr'>intentione</span> <span class='ocrx_word' id='word_1_197' title='bbox 1174 1257 1371 1304; x_wconf 87' lang='lat' dir='ltr'>peccantis,</span> <span class='ocrx_word' id='word_1_198' title='bbox 1393 1257 1455 1291; x_wconf 91' lang='lat' dir='ltr'>sed</span> <span class='ocrx_word' id='word_1_199' title='bbox 1479 1257 1595 1304; x_wconf 86' lang='lat' dir='ltr'>magis</span> <span class='ocrx_word' id='word_1_200' title='bbox 1623 1265 1677 1292; x_wconf 86' lang='lat' dir='ltr'>est</span> 
     </span>
     <span class='ocr_line' id='line_1_21' title="bbox 95 1311 1186 1360; baseline -0.002 -12"><span class='ocrx_word' id='word_1_201' title='bbox 95 1322 223 1349; x_wconf 86' lang='lat' dir='ltr'>contra</span> <span class='ocrx_word' id='word_1_202' title='bbox 243 1313 470 1349; x_wconf 83' lang='lat' dir='ltr'>voluntatem</span> <span class='ocrx_word' id='word_1_203' title='bbox 492 1313 620 1360; x_wconf 89' lang='lat' dir='ltr'>ipsius:</span> <span class='ocrx_word' id='word_1_204' title='bbox 644 1312 739 1347; x_wconf 90' lang='lat' dir='ltr'>unde</span> <span class='ocrx_word' id='word_1_205' title='bbox 760 1323 836 1346; x_wconf 92' lang='lat' dir='ltr'>non</span> <span class='ocrx_word' id='word_1_206' title='bbox 858 1320 912 1347; x_wconf 91' lang='lat' dir='ltr'>est</span> <span class='ocrx_word' id='word_1_207' title='bbox 933 1311 1061 1347; x_wconf 90' lang='lat' dir='ltr'>similis</span> <span class='ocrx_word' id='word_1_208' title='bbox 1083 1312 1186 1346; x_wconf 92' lang='lat' dir='ltr'>ratio.</span> 
     </span>
    </p>
   </div>
   <div class='ocr_carea' id='block_1_3' title="bbox 93 1453 1674 1604">
    <p class='ocr_par' dir='ltr' id='par_1_6' title="bbox 93 1453 1674 1604">
     <span class='ocr_line' id='line_1_22' title="bbox 649 1453 1672 1512; baseline 0.002 -14"><span class='ocrx_word' id='word_1_209' title='bbox 649 1453 998 1500; x_wconf 83' lang='lat' dir='ltr'><strong>ARTICULUS</strong></span> <span class='ocrx_word' id='word_1_210' title='bbox 1031 1454 1109 1498; x_wconf 82' lang='lat' dir='ltr'>VI.</span> <span class='ocrx_word' id='word_1_211' title='bbox 1607 1466 1672 1512; x_wconf 81' lang='lat'>383</span> 
     </span>
     <span class='ocr_line' id='line_1_23' title="bbox 93 1562 1674 1604; baseline -0.002 -9"><span class='ocrx_word' id='word_1_212' title='bbox 93 1563 248 1596; x_wconf 76' lang='lat' dir='ltr'>UTRUM</span> <span class='ocrx_word' id='word_1_213' title='bbox 269 1563 508 1595; x_wconf 82' lang='lat' dir='ltr'>PECCATUM</span> <span class='ocrx_word' id='word_1_214' title='bbox 528 1563 858 1604; x_wconf 76' lang='lat' dir='ltr'>COMMISSIONIS,</span> <span class='ocrx_word' id='word_1_215' title='bbox 877 1564 933 1593; x_wconf 90' lang='lat' dir='ltr'>ET</span> <span class='ocrx_word' id='word_1_216' title='bbox 953 1562 1219 1603; x_wconf 82' lang='lat' dir='ltr'>OMISSIONIS‚</span> <span class='ocrx_word' id='word_1_217' title='bbox 1242 1563 1489 1593; x_wconf 84' lang='lat' dir='ltr'>DIFFERANT</span> <span class='ocrx_word' id='word_1_218' title='bbox 1510 1562 1674 1593; x_wconf 86' lang='lat' dir='ltr'><strong>SPECIE.</strong></span> 
     </span>
    </p>
   </div>
   <div class='ocr_carea' id='block_1_4' title="bbox 628 1651 1139 1698">
    <p class='ocr_par' dir='ltr' id='par_1_7' title="bbox 628 1651 1139 1698">
     <span class='ocr_line' id='line_1_24' title="bbox 628 1651 1139 1698; baseline -0.004 -11"><span class='ocrx_word' id='word_1_219' title='bbox 628 1655 676 1697; x_wconf 89' lang='lat'>(2.</span> <span class='ocrx_word' id='word_1_220' title='bbox 698 1652 788 1687; x_wconf 83' lang='lat' dir='ltr'>Dist.</span> <span class='ocrx_word' id='word_1_221' title='bbox 809 1663 865 1697; x_wconf 90' lang='lat'>42.</span> <span class='ocrx_word' id='word_1_222' title='bbox 888 1663 918 1698; x_wconf 88' lang='lat' dir='ltr'>q.</span> <span class='ocrx_word' id='word_1_223' title='bbox 941 1663 972 1687; x_wconf 82' lang='lat'>2.</span> <span class='ocrx_word' id='word_1_224' title='bbox 995 1656 1058 1686; x_wconf 85' lang='lat' dir='ltr'>art.</span> <span class='ocrx_word' id='word_1_225' title='bbox 1078 1651 1139 1695; x_wconf 89' lang='lat'><strong><em>2.).</em></strong></span> 
     </span>
    </p>
   </div>
   <div class='ocr_carea' id='block_1_5' title="bbox 92 1739 1676 2004">
    <p class='ocr_par' dir='ltr' id='par_1_8' title="bbox 92 1739 1676 2004">
     <span class='ocr_line' id='line_1_25' title="bbox 162 1739 1673 1789; baseline -0.002 -12"><span class='ocrx_word' id='word_1_226' title='bbox 162 1741 223 1777; x_wconf 88' lang='lat' dir='ltr'>AD</span> <span class='ocrx_word' id='word_1_227' title='bbox 239 1751 394 1777; x_wconf 73' lang='lat' dir='ltr'>SEXTUM</span> <span class='ocrx_word' id='word_1_228' title='bbox 407 1741 458 1776; x_wconf 89' lang='lat' dir='ltr'>sic</span> <span class='ocrx_word' id='word_1_229' title='bbox 473 1741 691 1789; x_wconf 89' lang='lat' dir='ltr'>proceditur.</span> <span class='ocrx_word' id='word_1_230' title='bbox 707 1740 873 1783; x_wconf 89' lang='lat' dir='ltr'>Videtur,</span> <span class='ocrx_word' id='word_1_231' title='bbox 888 1741 987 1788; x_wconf 91' lang='lat' dir='ltr'>quod</span> <span class='ocrx_word' id='word_1_232' title='bbox 1002 1748 1195 1787; x_wconf 86' lang='lat' dir='ltr'>peccatum</span> <span class='ocrx_word' id='word_1_233' title='bbox 1211 1739 1497 1782; x_wconf 86' lang='lat' dir='ltr'>commissionis,</span> <span class='ocrx_word' id='word_1_234' title='bbox 1514 1747 1548 1774; x_wconf 92' lang='lat' dir='ltr'>et</span> <span class='ocrx_word' id='word_1_235' title='bbox 1563 1739 1673 1774; x_wconf 89' lang='lat' dir='ltr'>omis-</span> 
     </span>
     <span class='ocr_line' id='line_1_26' title="bbox 92 1793 1675 1842; baseline -0.001 -12"><span class='ocrx_word' id='word_1_236' title='bbox 92 1793 217 1838; x_wconf 81' lang='lat' dir='ltr'>sionis,</span> <span class='ocrx_word' id='word_1_237' title='bbox 236 1795 359 1842; x_wconf 88' lang='lat' dir='ltr'>specie</span> <span class='ocrx_word' id='word_1_238' title='bbox 384 1793 569 1830; x_wconf 82' lang='lat' dir='ltr'>differant:</span> <span class='ocrx_word' id='word_1_239' title='bbox 596 1794 749 1830; x_wconf 76' lang='lat' dir='ltr'>delictum</span> <span class='ocrx_word' id='word_1_240' title='bbox 772 1795 871 1829; x_wconf 92' lang='lat' dir='ltr'>enim</span> <span class='ocrx_word' id='word_1_241' title='bbox 894 1803 1021 1829; x_wconf 89' lang='lat' dir='ltr'>contra</span> <span class='ocrx_word' id='word_1_242' title='bbox 1039 1799 1212 1841; x_wconf 71' lang='lat' dir='ltr'>peccatum</span> <span class='ocrx_word' id='word_1_243' title='bbox 1241 1793 1411 1828; x_wconf 84' lang='lat' dir='ltr'>dividitur</span> <span class='ocrx_word' id='word_1_244' title='bbox 1433 1793 1523 1840; x_wconf 88' lang='lat' dir='ltr'>Eph.</span> <span class='ocrx_word' id='word_1_245' title='bbox 1548 1804 1592 1835; x_wconf 85' lang='lat'>2.,</span> <span class='ocrx_word' id='word_1_246' title='bbox 1615 1793 1675 1828; x_wconf 88' lang='lat' dir='ltr'>ubi</span> 
     </span>
     <span class='ocr_line' id='line_1_27' title="bbox 92 1847 1673 1896; baseline -0.001 -12"><span class='ocrx_word' id='word_1_247' title='bbox 92 1847 237 1885; x_wconf 82' lang='lat' dir='ltr'>dicitur:</span> <span class='ocrx_word' id='word_1_248' title='bbox 254 1848 341 1885; x_wconf 90' lang='lat' dir='ltr'>Cum</span> <span class='ocrx_word' id='word_1_249' title='bbox 354 1850 456 1885; x_wconf 75' lang='lat' dir='ltr'>essetis</span> <span class='ocrx_word' id='word_1_250' title='bbox 470 1850 595 1884; x_wconf 77' lang='lat' dir='ltr'>mortui</span> <span class='ocrx_word' id='word_1_251' title='bbox 607 1849 743 1892; x_wconf 66' lang='lat' dir='ltr'>delictis,</span> <span class='ocrx_word' id='word_1_252' title='bbox 757 1850 936 1896; x_wconf 71' lang='lat' dir='ltr'>etpcccatis</span> <span class='ocrx_word' id='word_1_253' title='bbox 948 1849 1078 1883; x_wconf 68' lang='lat' dir='ltr'>vestris:</span> <span class='ocrx_word' id='word_1_254' title='bbox 1091 1856 1126 1882; x_wconf 89' lang='lat' dir='ltr'>et</span> <span class='ocrx_word' id='word_1_255' title='bbox 1137 1848 1285 1895; x_wconf 83' lang='lat' dir='ltr'>exponit</span> <span class='ocrx_word' id='word_1_256' title='bbox 1300 1847 1347 1882; x_wconf 86' lang='lat' dir='ltr'>ibi</span> <span class='ocrx_word' id='word_1_257' title='bbox 1361 1847 1463 1882; x_wconf 91' lang='lat' dir='ltr'>Glos.</span> <span class='ocrx_word' id='word_1_258' title='bbox 1477 1847 1496 1892; x_wconf 93' lang='lat'><em>(</em></span> <span class='ocrx_word' id='word_1_259' title='bbox 1495 1847 1656 1893; x_wconf 68' lang='lat' dir='ltr'>interlin.)</span> <span class='ocrx_word' id='word_1_260' title='bbox 1663 1861 1673 1882; x_wconf 77' lang='lat'>.-</span> 
     </span>
     <span class='ocr_line' id='line_1_28' title="bbox 92 1901 1673 1950; baseline -0.002 -12"><span class='ocrx_word' id='word_1_261' title='bbox 92 1901 246 1946; x_wconf 63' lang='lat' dir='ltr'>Danais,</span> <span class='ocrx_word' id='word_1_262' title='bbox 268 1902 362 1938; x_wconf 83' lang='lat' dir='ltr'>idest</span> <span class='ocrx_word' id='word_1_263' title='bbox 386 1902 582 1938; x_wconf 68' lang='lat' dir='ltr'>dimittendo</span> <span class='ocrx_word' id='word_1_264' title='bbox 603 1914 685 1950; x_wconf 73' lang='lat' dir='ltr'>quae</span> <span class='ocrx_word' id='word_1_265' title='bbox 708 1904 881 1948; x_wconf 80' lang='lat' dir='ltr'>jubentur,</span> <span class='ocrx_word' id='word_1_266' title='bbox 904 1910 940 1937; x_wconf 89' lang='lat' dir='ltr'>et</span> <span class='ocrx_word' id='word_1_267' title='bbox 959 1903 1099 1949; x_wconf 77' lang='lat' dir='ltr'>peccati,</span> <span class='ocrx_word' id='word_1_268' title='bbox 1128 1901 1267 1936; x_wconf 89' lang='lat' dir='ltr'>scilicet</span> <span class='ocrx_word' id='word_1_269' title='bbox 1288 1901 1409 1947; x_wconf 71' lang='lat' dir='ltr'>agendo</span> <span class='ocrx_word' id='word_1_270' title='bbox 1433 1902 1607 1948; x_wconf 75' lang='lat' dir='ltr'>proibila;</span> <span class='ocrx_word' id='word_1_271' title='bbox 1631 1913 1673 1936; x_wconf 79' lang='lat' dir='ltr'>ex</span> 
     </span>
     <span class='ocr_line' id='line_1_29' title="bbox 92 1955 1676 2004; baseline -0.002 -13"><span class='ocrx_word' id='word_1_272' title='bbox 92 1966 166 2003; x_wconf 86' lang='lat' dir='ltr'>quo</span> <span class='ocrx_word' id='word_1_273' title='bbox 186 1963 295 2004; x_wconf 86' lang='lat' dir='ltr'>patet,</span> <span class='ocrx_word' id='word_1_274' title='bbox 315 1956 414 2004; x_wconf 91' lang='lat' dir='ltr'>quod</span> <span class='ocrx_word' id='word_1_275' title='bbox 435 1967 501 2004; x_wconf 89' lang='lat' dir='ltr'>per</span> <span class='ocrx_word' id='word_1_276' title='bbox 521 1956 675 1992; x_wconf 75' lang='lat' dir='ltr'>delictum</span> <span class='ocrx_word' id='word_1_277' title='bbox 697 1955 912 2002; x_wconf 85' lang='lat' dir='ltr'>intelligitur</span> <span class='ocrx_word' id='word_1_278' title='bbox 933 1963 1125 2002; x_wconf 88' lang='lat' dir='ltr'>peccatum</span> <span class='ocrx_word' id='word_1_279' title='bbox 1148 1955 1360 1990; x_wconf 90' lang='lat' dir='ltr'>omissionis</span> <span class='ocrx_word' id='word_1_280' title='bbox 1377 1968 1384 1997; x_wconf 90' lang='grc'>;</span> <span class='ocrx_word' id='word_1_281' title='bbox 1407 1966 1470 2001; x_wconf 91' lang='lat' dir='ltr'>per</span> <span class='ocrx_word' id='word_1_282' title='bbox 1486 1960 1676 2002; x_wconf 65' lang='lat' dir='ltr'>peccatum,</span> 
     </span>
    </p>
   </div>
   <div class='ocr_carea' id='block_1_6' title="bbox 30 2008 1676 2057">
    <p class='ocr_par' dir='ltr' id='par_1_9' title="bbox 30 2008 1676 2057">
     <span class='ocr_line' id='line_1_30' title="bbox 30 2008 1676 2057; baseline -0.001 -12"><span class='ocrx_word' id='word_1_283' title='bbox 30 2042 38 2050; x_wconf 81' lang='grc'><strong><em>,</em></strong></span> <span class='ocrx_word' id='word_1_284' title='bbox 91 2018 284 2057; x_wconf 87' lang='lat' dir='ltr'>peccatum</span> <span class='ocrx_word' id='word_1_285' title='bbox 305 2010 598 2045; x_wconf 87' lang='lat' dir='ltr'>commissionis:</span> <span class='ocrx_word' id='word_1_286' title='bbox 621 2009 791 2045; x_wconf 88' lang='lat' dir='ltr'>differunt</span> <span class='ocrx_word' id='word_1_287' title='bbox 812 2010 921 2057; x_wconf 85' lang='lat' dir='ltr'>igitur</span> <span class='ocrx_word' id='word_1_288' title='bbox 942 2009 1074 2056; x_wconf 91' lang='lat' dir='ltr'>specie,</span> <span class='ocrx_word' id='word_1_289' title='bbox 1098 2020 1182 2043; x_wconf 90' lang='lat' dir='ltr'>cum</span> <span class='ocrx_word' id='word_1_290' title='bbox 1205 2020 1247 2043; x_wconf 80' lang='lat' dir='ltr'>ex</span> <span class='ocrx_word' id='word_1_291' title='bbox 1269 2009 1439 2056; x_wconf 89' lang='lat' dir='ltr'>opposito</span> <span class='ocrx_word' id='word_1_292' title='bbox 1468 2008 1676 2043; x_wconf 83' lang='lat' dir='ltr'>dividantur</span> 
     </span>
    </p>
   </div>
   <div class='ocr_carea' id='block_1_7' title="bbox 40 2064 1674 2273">
    <p class='ocr_par' dir='ltr' id='par_1_10' title="bbox 91 2064 640 2112">
     <span class='ocr_line' id='line_1_31' title="bbox 91 2064 640 2112; baseline 0 -13"><span class='ocrx_word' id='word_1_293' title='bbox 91 2069 281 2112; x_wconf 85' lang='lat' dir='ltr'>tamquam</span> <span class='ocrx_word' id='word_1_294' title='bbox 304 2064 468 2100; x_wconf 90' lang='lat' dir='ltr'>diversae</span> <span class='ocrx_word' id='word_1_295' title='bbox 489 2064 640 2111; x_wconf 90' lang='lat' dir='ltr'>species.</span> 
     </span>
    </p>

    <p class='ocr_par' dir='ltr' id='par_1_11' title="bbox 40 2116 1673 2219">
     <span class='ocr_line' id='line_1_32' title="bbox 40 2116 1673 2165; baseline -0.001 -13"><span class='ocrx_word' id='word_1_296' title='bbox 40 2159 43 2163; x_wconf 67' lang='lat'>,</span> <span class='ocrx_word' id='word_1_297' title='bbox 163 2127 195 2152; x_wconf 91' lang='lat'>2.</span> <span class='ocrx_word' id='word_1_298' title='bbox 217 2117 455 2154; x_wconf 62' lang='lat' dir='ltr'>Pmmenffl.</span> <span class='ocrx_word' id='word_1_299' title='bbox 479 2117 637 2153; x_wconf 88' lang='lat' dir='ltr'>Peccato</span> <span class='ocrx_word' id='word_1_300' title='bbox 656 2129 720 2165; x_wconf 90' lang='lat' dir='ltr'>per</span> <span class='ocrx_word' id='word_1_301' title='bbox 742 2129 779 2152; x_wconf 85' lang='lat' dir='ltr'>se</span> <span class='ocrx_word' id='word_1_302' title='bbox 801 2118 984 2159; x_wconf 90' lang='lat' dir='ltr'>convenit,</span> <span class='ocrx_word' id='word_1_303' title='bbox 1007 2117 1105 2164; x_wconf 91' lang='lat' dir='ltr'>quod</span> <span class='ocrx_word' id='word_1_304' title='bbox 1132 2117 1177 2152; x_wconf 89' lang='lat' dir='ltr'>sit</span> <span class='ocrx_word' id='word_1_305' title='bbox 1200 2125 1326 2152; x_wconf 86' lang='lat' dir='ltr'>contra</span> <span class='ocrx_word' id='word_1_306' title='bbox 1350 2116 1470 2163; x_wconf 88' lang='lat' dir='ltr'>legem</span> <span class='ocrx_word' id='word_1_307' title='bbox 1494 2116 1583 2150; x_wconf 85' lang='lat' dir='ltr'>Dei:</span> <span class='ocrx_word' id='word_1_308' title='bbox 1612 2127 1673 2163; x_wconf 92' lang='lat' dir='ltr'>po-</span> 
     </span>
     <span class='ocr_line' id='line_1_33' title="bbox 91 2169 1673 2219; baseline -0.001 -13"><span class='ocrx_word' id='word_1_309' title='bbox 91 2169 189 2206; x_wconf 82' lang='lat' dir='ltr'>nitur</span> <span class='ocrx_word' id='word_1_310' title='bbox 209 2171 307 2206; x_wconf 90' lang='lat' dir='ltr'>enim</span> <span class='ocrx_word' id='word_1_311' title='bbox 328 2171 365 2206; x_wconf 87' lang='lat' dir='ltr'>in</span> <span class='ocrx_word' id='word_1_312' title='bbox 387 2172 464 2218; x_wconf 83' lang='lat' dir='ltr'>ejus</span> <span class='ocrx_word' id='word_1_313' title='bbox 485 2171 707 2214; x_wconf 85' lang='lat' dir='ltr'>definitione,</span> <span class='ocrx_word' id='word_1_314' title='bbox 731 2180 768 2206; x_wconf 91' lang='lat' dir='ltr'>ut</span> <span class='ocrx_word' id='word_1_315' title='bbox 791 2184 834 2206; x_wconf 88' lang='lat' dir='ltr'>ex</span> <span class='ocrx_word' id='word_1_316' title='bbox 856 2183 964 2219; x_wconf 84' lang='lat' dir='ltr'>supra</span> <span class='ocrx_word' id='word_1_317' title='bbox 987 2171 1092 2206; x_wconf 82' lang='lat' dir='ltr'>dictis</span> <span class='ocrx_word' id='word_1_318' title='bbox 1113 2179 1212 2218; x_wconf 91' lang='lat' dir='ltr'>patet</span> <span class='ocrx_word' id='word_1_319' title='bbox 1233 2171 1282 2217; x_wconf 89' lang='lat' dir='ltr'>(q.</span> <span class='ocrx_word' id='word_1_320' title='bbox 1298 2183 1347 2218; x_wconf 82' lang='lat'>71.</span> <span class='ocrx_word' id='word_1_321' title='bbox 1370 2176 1436 2206; x_wconf 86' lang='lat' dir='ltr'>art.</span> <span class='ocrx_word' id='word_1_322' title='bbox 1460 2171 1509 2216; x_wconf 85' lang='lat'>6.)</span> <span class='ocrx_word' id='word_1_323' title='bbox 1522 2184 1531 2205; x_wconf 93' lang='lat'>.·</span> <span class='ocrx_word' id='word_1_324' title='bbox 1555 2171 1617 2204; x_wconf 83' lang='lat' dir='ltr'>sed</span> <span class='ocrx_word' id='word_1_325' title='bbox 1638 2172 1673 2205; x_wconf 86' lang='lat' dir='ltr'>in</span> 
     </span>
    </p>

    <p class='ocr_par' dir='ltr' id='par_1_12' title="bbox 92 2222 1674 2273">
     <span class='ocr_line' id='line_1_34' title="bbox 92 2222 1674 2273; baseline -0.001 -14"><span class='ocrx_word' id='word_1_326' title='bbox 92 2222 173 2272; x_wconf 85' lang='lat' dir='ltr'>lege</span> <span class='ocrx_word' id='word_1_327' title='bbox 185 2224 257 2260; x_wconf 84' lang='lat' dir='ltr'>Dei</span> <span class='ocrx_word' id='word_1_328' title='bbox 271 2224 342 2260; x_wconf 87' lang='lat' dir='ltr'>alia</span> <span class='ocrx_word' id='word_1_329' title='bbox 360 2233 443 2260; x_wconf 90' lang='lat' dir='ltr'>sunt</span> <span class='ocrx_word' id='word_1_330' title='bbox 456 2233 649 2273; x_wconf 86' lang='lat' dir='ltr'>praecepta</span> <span class='ocrx_word' id='word_1_331' title='bbox 669 2224 896 2268; x_wconf 80' lang='lat' dir='ltr'>affirmativa,</span> <span class='ocrx_word' id='word_1_332' title='bbox 912 2233 1038 2260; x_wconf 86' lang='lat' dir='ltr'>contra</span> <span class='ocrx_word' id='word_1_333' title='bbox 1057 2236 1150 2272; x_wconf 87' lang='lat' dir='ltr'>quae</span> <span class='ocrx_word' id='word_1_334' title='bbox 1164 2233 1218 2259; x_wconf 89' lang='lat' dir='ltr'>est</span> <span class='ocrx_word' id='word_1_335' title='bbox 1231 2233 1423 2271; x_wconf 87' lang='lat' dir='ltr'>peccatum</span> <span class='ocrx_word' id='word_1_336' title='bbox 1440 2225 1649 2259; x_wconf 89' lang='lat' dir='ltr'>omissionis</span> <span class='ocrx_word' id='word_1_337' title='bbox 1666 2237 1674 2267; x_wconf 90' lang='lat'>;</span> 
     </span>
    </p>
   </div>
   <div class='ocr_carea' id='block_1_8' title="bbox 28 2277 1675 2326">
    <p class='ocr_par' dir='ltr' id='par_1_13' title="bbox 28 2277 1675 2326">
     <span class='ocr_line' id='line_1_35' title="bbox 28 2277 1675 2326; baseline 0.001 -14"><span class='ocrx_word' id='word_1_338' title='bbox 28 2283 37 2290; x_wconf 85' lang='lat'>·</span> <span class='ocrx_word' id='word_1_339' title='bbox 93 2284 129 2313; x_wconf 85' lang='lat' dir='ltr'>et</span> <span class='ocrx_word' id='word_1_340' title='bbox 148 2277 218 2313; x_wconf 82' lang='lat' dir='ltr'>alia</span> <span class='ocrx_word' id='word_1_341' title='bbox 240 2286 433 2326; x_wconf 87' lang='lat' dir='ltr'>praecepta</span> <span class='ocrx_word' id='word_1_342' title='bbox 446 2279 629 2325; x_wconf 81' lang='lat' dir='ltr'>negativa,</span> <span class='ocrx_word' id='word_1_343' title='bbox 646 2287 773 2313; x_wconf 90' lang='lat' dir='ltr'>contra</span> <span class='ocrx_word' id='word_1_344' title='bbox 789 2290 881 2325; x_wconf 90' lang='lat' dir='ltr'>quae</span> <span class='ocrx_word' id='word_1_345' title='bbox 898 2287 951 2314; x_wconf 86' lang='lat' dir='ltr'>est</span> <span class='ocrx_word' id='word_1_346' title='bbox 970 2288 1162 2326; x_wconf 88' lang='lat' dir='ltr'>peccatum</span> <span class='ocrx_word' id='word_1_347' title='bbox 1179 2278 1471 2321; x_wconf 88' lang='lat' dir='ltr'>commissionis;</span> <span class='ocrx_word' id='word_1_348' title='bbox 1492 2290 1579 2325; x_wconf 80' lang='lat' dir='ltr'>ergo</span> <span class='ocrx_word' id='word_1_349' title='bbox 1595 2289 1675 2325; x_wconf 82' lang='lat' dir='ltr'>pec—</span> 
     </span>
    </p>
   </div>
   <div class='ocr_carea' id='block_1_9' title="bbox 42 2331 1676 2972">
    <p class='ocr_par' dir='ltr' id='par_1_14' title="bbox 92 2331 1369 2380">
     <span class='ocr_line' id='line_1_36' title="bbox 92 2331 1369 2380; baseline 0 -14"><span class='ocrx_word' id='word_1_350' title='bbox 92 2338 214 2367; x_wconf 82' lang='lat' dir='ltr'>catum</span> <span class='ocrx_word' id='word_1_351' title='bbox 235 2332 457 2375; x_wconf 89' lang='lat' dir='ltr'>omissionis,</span> <span class='ocrx_word' id='word_1_352' title='bbox 479 2342 514 2368; x_wconf 94' lang='lat' dir='ltr'>et</span> <span class='ocrx_word' id='word_1_353' title='bbox 535 2341 727 2380; x_wconf 88' lang='lat' dir='ltr'>peccatum</span> <span class='ocrx_word' id='word_1_354' title='bbox 751 2333 1023 2367; x_wconf 90' lang='lat' dir='ltr'>commissionis</span> <span class='ocrx_word' id='word_1_355' title='bbox 1046 2331 1216 2367; x_wconf 83' lang='lat' dir='ltr'>differunt</span> <span class='ocrx_word' id='word_1_356' title='bbox 1238 2332 1369 2379; x_wconf 88' lang='lat' dir='ltr'>specie.</span> 
     </span>
    </p>

    <p class='ocr_par' dir='ltr' id='par_1_15' title="bbox 91 2385 1676 2650">
     <span class='ocr_line' id='line_1_37' title="bbox 165 2385 1674 2433; baseline -0.001 -12"><span class='ocrx_word' id='word_1_357' title='bbox 165 2397 196 2433; x_wconf 84' lang='lat'>3.</span> <span class='ocrx_word' id='word_1_358' title='bbox 217 2385 458 2422; x_wconf 74' lang='lat' dir='ltr'>PRAETEREA.</span> <span class='ocrx_word' id='word_1_359' title='bbox 487 2386 665 2429; x_wconf 91' lang='lat' dir='ltr'>Omissio,</span> <span class='ocrx_word' id='word_1_360' title='bbox 688 2395 723 2421; x_wconf 91' lang='lat' dir='ltr'>et</span> <span class='ocrx_word' id='word_1_361' title='bbox 745 2387 960 2421; x_wconf 88' lang='lat' dir='ltr'>commissio</span> <span class='ocrx_word' id='word_1_362' title='bbox 988 2386 1169 2429; x_wconf 85' lang='lat' dir='ltr'>differunt,</span> <span class='ocrx_word' id='word_1_363' title='bbox 1197 2387 1290 2421; x_wconf 89' lang='lat' dir='ltr'>sicut</span> <span class='ocrx_word' id='word_1_364' title='bbox 1317 2385 1524 2428; x_wconf 84' lang='lat' dir='ltr'>affirmatio,</span> <span class='ocrx_word' id='word_1_365' title='bbox 1552 2394 1586 2421; x_wconf 87' lang='lat' dir='ltr'>et</span> <span class='ocrx_word' id='word_1_366' title='bbox 1612 2398 1674 2420; x_wconf 88' lang='lat' dir='ltr'>ne-</span> 
     </span>
     <span class='ocr_line' id='line_1_38' title="bbox 92 2437 1673 2488; baseline -0.001 -13"><span class='ocrx_word' id='word_1_367' title='bbox 92 2437 211 2486; x_wconf 76' lang='lat' dir='ltr'>gatio:</span> <span class='ocrx_word' id='word_1_368' title='bbox 232 2439 296 2475; x_wconf 87' lang='lat' dir='ltr'>sed</span> <span class='ocrx_word' id='word_1_369' title='bbox 318 2439 525 2483; x_wconf 84' lang='lat' dir='ltr'>affirmatio,</span> <span class='ocrx_word' id='word_1_370' title='bbox 547 2449 582 2475; x_wconf 87' lang='lat' dir='ltr'>et</span> <span class='ocrx_word' id='word_1_371' title='bbox 602 2440 751 2487; x_wconf 85' lang='lat' dir='ltr'>negatio</span> <span class='ocrx_word' id='word_1_372' title='bbox 770 2451 844 2475; x_wconf 91' lang='lat' dir='ltr'>non</span> <span class='ocrx_word' id='word_1_373' title='bbox 866 2449 1018 2488; x_wconf 88' lang='lat' dir='ltr'>possunt</span> <span class='ocrx_word' id='word_1_374' title='bbox 1037 2452 1115 2475; x_wconf 88' lang='lat' dir='ltr'>esse</span> <span class='ocrx_word' id='word_1_375' title='bbox 1134 2441 1239 2475; x_wconf 89' lang='lat' dir='ltr'>unius</span> <span class='ocrx_word' id='word_1_376' title='bbox 1258 2440 1511 2487; x_wconf 88' lang='lat' dir='ltr'>speciei;quia</span> <span class='ocrx_word' id='word_1_377' title='bbox 1526 2440 1673 2485; x_wconf 81' lang='lat' dir='ltr'>negatio</span> 
     </span>
     <span class='ocr_line' id='line_1_39' title="bbox 91 2493 1675 2542; baseline 0 -14"><span class='ocrx_word' id='word_1_378' title='bbox 91 2502 168 2528; x_wconf 82' lang='lat' dir='ltr'>non</span> <span class='ocrx_word' id='word_1_379' title='bbox 185 2493 297 2530; x_wconf 81' lang='lat' dir='ltr'>habet</span> <span class='ocrx_word' id='word_1_380' title='bbox 315 2495 496 2542; x_wconf 85' lang='lat' dir='ltr'>speciem:</span> <span class='ocrx_word' id='word_1_381' title='bbox 518 2506 593 2530; x_wconf 89' lang='lat' dir='ltr'>non</span> <span class='ocrx_word' id='word_1_382' title='bbox 616 2495 708 2530; x_wconf 90' lang='lat' dir='ltr'>entis</span> <span class='ocrx_word' id='word_1_383' title='bbox 730 2495 828 2530; x_wconf 90' lang='lat' dir='ltr'>enim</span> <span class='ocrx_word' id='word_1_384' title='bbox 851 2506 925 2529; x_wconf 91' lang='lat' dir='ltr'>non</span> <span class='ocrx_word' id='word_1_385' title='bbox 948 2503 1030 2530; x_wconf 92' lang='lat' dir='ltr'>sunt</span> <span class='ocrx_word' id='word_1_386' title='bbox 1052 2495 1203 2542; x_wconf 91' lang='lat' dir='ltr'>species,</span> <span class='ocrx_word' id='word_1_387' title='bbox 1235 2506 1354 2541; x_wconf 89' lang='lat' dir='ltr'>neque</span> <span class='ocrx_word' id='word_1_388' title='bbox 1382 2493 1620 2536; x_wconf 81' lang='lat' dir='ltr'>differentiae,</span> <span class='ocrx_word' id='word_1_389' title='bbox 1636 2502 1675 2528; x_wconf 89' lang='lat' dir='ltr'>ut</span> 
     </span>
     <span class='ocr_line' id='line_1_40' title="bbox 92 2544 1676 2596; baseline 0 -14"><span class='ocrx_word' id='word_1_390' title='bbox 92 2544 307 2595; x_wconf 82' lang='lat' dir='ltr'>Philosoph.</span> <span class='ocrx_word' id='word_1_391' title='bbox 328 2548 416 2584; x_wconf 88' lang='lat' dir='ltr'>dicit</span> <span class='ocrx_word' id='word_1_392' title='bbox 434 2548 509 2593; x_wconf 76' lang='lat' dir='ltr'>(lib.</span> <span class='ocrx_word' id='word_1_393' title='bbox 528 2560 562 2594; x_wconf 87' lang='lat'>4.</span> <span class='ocrx_word' id='word_1_394' title='bbox 585 2549 712 2596; x_wconf 83' lang='lat' dir='ltr'>Physic.</span> <span class='ocrx_word' id='word_1_395' title='bbox 735 2554 797 2584; x_wconf 69' lang='lat' dir='ltr'>tex.</span> <span class='ocrx_word' id='word_1_396' title='bbox 813 2549 888 2596; x_wconf 90' lang='lat'><em>67.)</em></span> <span class='ocrx_word' id='word_1_397' title='bbox 898 2561 910 2590; x_wconf 88' lang='grc'>,·</span> <span class='ocrx_word' id='word_1_398' title='bbox 935 2560 1022 2596; x_wconf 89' lang='lat' dir='ltr'>ergo</span> <span class='ocrx_word' id='word_1_399' title='bbox 1038 2549 1202 2592; x_wconf 77' lang='lat' dir='ltr'>omissio,</span> <span class='ocrx_word' id='word_1_400' title='bbox 1218 2557 1252 2584; x_wconf 89' lang='lat' dir='ltr'>et</span> <span class='ocrx_word' id='word_1_401' title='bbox 1267 2549 1482 2583; x_wconf 89' lang='lat' dir='ltr'>commissio</span> <span class='ocrx_word' id='word_1_402' title='bbox 1501 2560 1574 2582; x_wconf 90' lang='lat' dir='ltr'>non</span> <span class='ocrx_word' id='word_1_403' title='bbox 1595 2559 1676 2595; x_wconf 90' lang='lat' dir='ltr'>pos·</span> 
     </span>
     <span class='ocr_line' id='line_1_41' title="bbox 92 2602 570 2650; baseline 0 -14"><span class='ocrx_word' id='word_1_404' title='bbox 92 2607 177 2636; x_wconf 82' lang='lat' dir='ltr'>sunt</span> <span class='ocrx_word' id='word_1_405' title='bbox 195 2611 274 2637; x_wconf 84' lang='lat' dir='ltr'>esse</span> <span class='ocrx_word' id='word_1_406' title='bbox 295 2602 403 2637; x_wconf 88' lang='lat' dir='ltr'>unius</span> <span class='ocrx_word' id='word_1_407' title='bbox 423 2602 570 2650; x_wconf 88' lang='lat' dir='ltr'>speciei.</span> 
     </span>
    </p>

    <p class='ocr_par' dir='ltr' id='par_1_16' title="bbox 42 2653 1674 2864">
     <span class='ocr_line' id='line_1_42' title="bbox 164 2653 1672 2704; baseline -0.001 -13"><span class='ocrx_word' id='word_1_408' title='bbox 164 2653 241 2690; x_wconf 76' lang='lat' dir='ltr'>Sm</span> <span class='ocrx_word' id='word_1_409' title='bbox 266 2665 435 2691; x_wconf 68' lang='lat' dir='ltr'>CONTRA.</span> <span class='ocrx_word' id='word_1_410' title='bbox 456 2656 497 2690; x_wconf 94' lang='lat' dir='ltr'>In</span> <span class='ocrx_word' id='word_1_411' title='bbox 519 2656 648 2691; x_wconf 90' lang='lat' dir='ltr'>eadem</span> <span class='ocrx_word' id='word_1_412' title='bbox 670 2656 792 2703; x_wconf 87' lang='lat' dir='ltr'>specie</span> <span class='ocrx_word' id='word_1_413' title='bbox 814 2657 955 2704; x_wconf 84' lang='lat' dir='ltr'>peccati</span> <span class='ocrx_word' id='word_1_414' title='bbox 977 2656 1158 2691; x_wconf 89' lang='lat' dir='ltr'>invenitur</span> <span class='ocrx_word' id='word_1_415' title='bbox 1179 2656 1344 2698; x_wconf 89' lang='lat' dir='ltr'>omissio,</span> <span class='ocrx_word' id='word_1_416' title='bbox 1372 2664 1406 2690; x_wconf 88' lang='lat' dir='ltr'>et</span> <span class='ocrx_word' id='word_1_417' title='bbox 1433 2656 1672 2691; x_wconf 85' lang='lat' dir='ltr'>commissio:</span> 
     </span>
     <span class='ocr_line' id='line_1_43' title="bbox 93 2708 1672 2757; baseline 0.001 -15"><span class='ocrx_word' id='word_1_418' title='bbox 93 2716 222 2743; x_wconf 78' lang='lat' dir='ltr'>avarus</span> <span class='ocrx_word' id='word_1_419' title='bbox 243 2708 343 2744; x_wconf 88' lang='lat' dir='ltr'>enim</span> <span class='ocrx_word' id='word_1_420' title='bbox 363 2717 400 2744; x_wconf 85' lang='lat' dir='ltr'>et</span> <span class='ocrx_word' id='word_1_421' title='bbox 424 2708 543 2744; x_wconf 86' lang='lat' dir='ltr'>aliena</span> <span class='ocrx_word' id='word_1_422' title='bbox 569 2709 673 2757; x_wconf 90' lang='lat' dir='ltr'>rapit,</span> <span class='ocrx_word' id='word_1_423' title='bbox 700 2710 797 2756; x_wconf 89' lang='lat' dir='ltr'>quod</span> <span class='ocrx_word' id='word_1_424' title='bbox 825 2718 880 2744; x_wconf 91' lang='lat' dir='ltr'>est</span> <span class='ocrx_word' id='word_1_425' title='bbox 905 2719 1098 2757; x_wconf 88' lang='lat' dir='ltr'>peccatum</span> <span class='ocrx_word' id='word_1_426' title='bbox 1127 2709 1422 2751; x_wconf 89' lang='lat' dir='ltr'>commissionis;</span> <span class='ocrx_word' id='word_1_427' title='bbox 1446 2718 1480 2744; x_wconf 83' lang='lat' dir='ltr'>et</span> <span class='ocrx_word' id='word_1_428' title='bbox 1507 2721 1569 2744; x_wconf 90' lang='lat' dir='ltr'>sua</span> <span class='ocrx_word' id='word_1_429' title='bbox 1597 2721 1672 2744; x_wconf 90' lang='lat' dir='ltr'>non</span> 
     </span>
     <span class='ocr_line' id='line_1_44' title="bbox 92 2758 1674 2811; baseline 0.001 -15"><span class='ocrx_word' id='word_1_430' title='bbox 92 2758 156 2796; x_wconf 73' lang='lat' dir='ltr'>dat</span> <span class='ocrx_word' id='word_1_431' title='bbox 174 2761 304 2808; x_wconf 76' lang='lat' dir='ltr'>quibus</span> <span class='ocrx_word' id='word_1_432' title='bbox 323 2761 410 2798; x_wconf 88' lang='lat' dir='ltr'>dare</span> <span class='ocrx_word' id='word_1_433' title='bbox 430 2762 550 2806; x_wconf 88' lang='lat' dir='ltr'>debet,</span> <span class='ocrx_word' id='word_1_434' title='bbox 571 2763 670 2810; x_wconf 86' lang='lat' dir='ltr'>quod</span> <span class='ocrx_word' id='word_1_435' title='bbox 692 2772 747 2798; x_wconf 89' lang='lat' dir='ltr'>est</span> <span class='ocrx_word' id='word_1_436' title='bbox 767 2772 961 2811; x_wconf 89' lang='lat' dir='ltr'>peccatum</span> <span class='ocrx_word' id='word_1_437' title='bbox 983 2764 1213 2807; x_wconf 80' lang='lat' dir='ltr'>omissionis3</span> <span class='ocrx_word' id='word_1_438' title='bbox 1236 2775 1324 2810; x_wconf 88' lang='lat' dir='ltr'>ergo</span> <span class='ocrx_word' id='word_1_439' title='bbox 1340 2763 1505 2805; x_wconf 88' lang='lat' dir='ltr'>omissio,</span> <span class='ocrx_word' id='word_1_440' title='bbox 1524 2772 1559 2798; x_wconf 85' lang='lat' dir='ltr'>ct</span> <span class='ocrx_word' id='word_1_441' title='bbox 1574 2775 1674 2798; x_wconf 88' lang='lat' dir='ltr'>com-</span> 
     </span>
     <span class='ocr_line' id='line_1_45' title="bbox 42 2813 659 2864; baseline 0.005 -16"><span class='ocrx_word' id='word_1_442' title='bbox 42 2821 46 2829; x_wconf 84' lang='lat'><strong>·</strong></span> <span class='ocrx_word' id='word_1_443' title='bbox 94 2813 220 2850; x_wconf 82' lang='lat' dir='ltr'>missio</span> <span class='ocrx_word' id='word_1_444' title='bbox 240 2825 315 2850; x_wconf 89' lang='lat' dir='ltr'>non</span> <span class='ocrx_word' id='word_1_445' title='bbox 337 2814 507 2851; x_wconf 83' lang='lat' dir='ltr'>differunt</span> <span class='ocrx_word' id='word_1_446' title='bbox 527 2816 659 2864; x_wconf 87' lang='lat' dir='ltr'>specie.</span> 
     </span>
    </p>

    <p class='ocr_par' dir='ltr' id='par_1_17' title="bbox 92 2865 1674 2972">
     <span class='ocr_line' id='line_1_46' title="bbox 162 2865 1674 2918; baseline 0.001 -15"><span class='ocrx_word' id='word_1_447' title='bbox 162 2865 395 2906; x_wconf 64' lang='lat' dir='ltr'>Responnzo</span> <span class='ocrx_word' id='word_1_448' title='bbox 405 2869 613 2913; x_wconf 88' lang='lat' dir='ltr'>dicendum,</span> <span class='ocrx_word' id='word_1_449' title='bbox 626 2870 724 2917; x_wconf 89' lang='lat' dir='ltr'>quod</span> <span class='ocrx_word' id='word_1_450' title='bbox 739 2871 774 2905; x_wconf 92' lang='lat' dir='ltr'>in</span> <span class='ocrx_word' id='word_1_451' title='bbox 790 2870 948 2917; x_wconf 89' lang='lat' dir='ltr'>peccatis</span> <span class='ocrx_word' id='word_1_452' title='bbox 963 2871 1144 2907; x_wconf 83' lang='lat' dir='ltr'>invenitur</span> <span class='ocrx_word' id='word_1_453' title='bbox 1157 2870 1275 2918; x_wconf 75' lang='lat' dir='ltr'>duplex</span> <span class='ocrx_word' id='word_1_454' title='bbox 1290 2869 1491 2905; x_wconf 85' lang='lat' dir='ltr'>differentia</span> <span class='ocrx_word' id='word_1_455' title='bbox 1504 2882 1510 2904; x_wconf 91' lang='lat'>:</span> <span class='ocrx_word' id='word_1_456' title='bbox 1522 2883 1588 2904; x_wconf 83' lang='lat' dir='ltr'>una</span> <span class='ocrx_word' id='word_1_457' title='bbox 1601 2882 1674 2905; x_wconf 80' lang='lat' dir='ltr'>ma-</span> 
     </span>
     <span class='ocr_line' id='line_1_47' title="bbox 92 2919 1672 2972; baseline 0.002 -16"><span class='ocrx_word' id='word_1_458' title='bbox 92 2919 239 2964; x_wconf 57' lang='lat' dir='ltr'>aridis,</span> <span class='ocrx_word' id='word_1_459' title='bbox 264 2929 302 2958; x_wconf 86' lang='lat' dir='ltr'>et</span> <span class='ocrx_word' id='word_1_460' title='bbox 317 2921 387 2958; x_wconf 75' lang='lat' dir='ltr'>alia</span> <span class='ocrx_word' id='word_1_461' title='bbox 407 2921 592 2960; x_wconf 81' lang='lat' dir='ltr'>formalis:</span> <span class='ocrx_word' id='word_1_462' title='bbox 628 2924 826 2959; x_wconf 83' lang='lat' dir='ltr'>materialis</span> <span class='ocrx_word' id='word_1_463' title='bbox 848 2925 995 2972; x_wconf 89' lang='lat' dir='ltr'>quidem</span> <span class='ocrx_word' id='word_1_464' title='bbox 1019 2924 1213 2960; x_wconf 86' lang='lat' dir='ltr'>attenditur</span> <span class='ocrx_word' id='word_1_465' title='bbox 1234 2925 1435 2960; x_wconf 87' lang='lat' dir='ltr'>secundum</span> <span class='ocrx_word' id='word_1_466' title='bbox 1468 2924 1672 2960; x_wconf 87' lang='lat' dir='ltr'>naturalem</span> 
     </span>
    </p>
   </div>
  </div>
 </body>
</html>
