1907 3182
262 185 339 227 172
688 187 908 221 QUAESTIO
942 187 1030 218 XIX.
1064 188 1309 219 ARTICULUS
1343 189 1382 217 X.

256 265 395 300 ratione
415 265 513 308 boni,
535 266 645 301 habet
659 267 887 303 voluntatem
910 268 1138 303 conformem
1153 269 1332 303 voluntati
1346 269 1487 304 divinae
1503 278 1677 315 quantum
1697 270 1740 304 ad
1759 281 1812 304 ra-

255 319 393 353 tionem
415 319 536 354 voliti:
558 320 619 354 sed
641 321 678 354 in
701 321 907 367 particulari
929 323 1123 365 nescimus,
1145 323 1229 369 quid
1255 323 1356 356 Deus
1374 322 1478 356 velit:
1502 331 1537 357 et
1565 332 1739 369 quantum
1769 323 1813 357 ad

255 373 326 406 hoc
346 385 420 407 non
443 381 608 408 tenemur
631 374 861 409 conformare
879 376 1107 410 voluntatem
1120 385 1284 410 nostram
1300 376 1441 410 divinae
1455 376 1644 411 voluntati.
1666 377 1706 410 In
1720 384 1814 410 statu

254 433 378 460 tamen
400 426 537 472 gloriae
561 439 688 462 ornnes
711 428 883 463 videbunt
904 429 940 462 in
963 430 1124 475 singulis,
1147 441 1238 476 quae
1260 429 1395 471 volent,
1423 430 1588 464 ordinem
1615 442 1743 465 eorum
1770 429 1814 464 ad

255 479 302 521 id,
325 480 421 525 quod
443 480 542 514 Deus
565 481 659 514 circa
681 481 751 515 hoc
774 481 867 515 vult:
892 490 926 516 et
947 482 1028 516 ideo
1051 494 1125 517 non
1141 482 1261 517 solum
1279 482 1490 526 formaliter,
1505 484 1566 518 sed
1581 482 1814 518 materialiter

256 532 293 565 in
315 533 483 567 omnibus
505 544 607 567 suam
634 534 859 568 voluntatem
882 535 963 570 Deo
988 535 1279 570 conformabunt.

328 586 387 619 AD
410 597 616 621 SECUNDUM
639 587 843 630 dicendum,
866 589 962 634 quod
984 589 1085 624 Deus
1106 601 1181 623 non
1198 589 1275 623 vult
1289 589 1563 625 damnationem
1582 590 1732 635 alicujus
1749 588 1813 624 sub

256 638 396 673 ratione
419 640 673 682 damnationis,
699 652 766 675 nec
794 650 950 676 mortem
975 641 1136 688 alicujus,
1163 643 1379 688 inquantum
1405 651 1458 677 est
1483 654 1603 678 mors:
1629 643 1713 689 quia
1738 642 1814 688 ipse

255 692 327 726 vult
348 704 461 728 omnes
479 693 622 728 homines
642 694 751 729 salvos
772 695 869 739 fieri:
893 695 954 729 sed
976 695 1052 729 vult
1078 696 1144 729 ista
1172 696 1234 729 sub
1262 696 1402 730 ratione
1427 696 1601 742 justitiae:
1629 696 1723 730 unde
1749 694 1816 730 suf-

256 744 331 779 ficit
352 746 446 780 circa
467 746 562 788 talia,
585 747 682 793 quod
704 747 818 781 homo
840 747 927 781 velit
947 748 1122 793 justitiam
1143 749 1224 791 Dei,
1249 757 1283 783 et
1304 749 1470 784 ordinem
1495 758 1644 784 naturae
1669 749 1813 785 servari.

329 800 434 835 Unde
457 809 554 847 patet
575 801 708 835 solutio
730 812 780 836 AD
803 811 985 836 TERTIUM.

328 854 385 887 Ad
406 855 562 900 primum
580 866 678 896 vero,
701 854 797 900 quod
819 854 855 888 in
871 855 1092 889 contrarium
1107 855 1353 900 objiciebatur,
1369 855 1573 898 dicendum,
1587 855 1684 902 quod
1698 855 1815 901 magis

256 906 332 941 vult
353 907 449 953 quod
470 908 570 942 Deus
591 907 677 949 vult,
701 908 760 953 qui
775 907 981 941 conformat
995 908 1222 942 voluntatem
1241 920 1345 943 suam
1358 908 1537 943 voluntati
1551 909 1692 943 divinae
1707 919 1815 954 quan-

256 968 333 994 tum
356 960 399 993 ad
421 960 600 994 rationem
622 960 736 1002 voliti,
751 972 861 1006 quam
881 961 941 1007 qui
957 961 1163 996 conformat
1177 970 1351 1008 quantum
1367 962 1410 996 ad
1424 962 1541 1009 ipsam
1555 973 1632 996 rem
1644 961 1815 996 volitam:

257 1013 339 1059 quia
360 1013 527 1047 voluntas
549 1014 781 1060 principalius
803 1013 914 1048 fertur
934 1015 971 1048 in
993 1015 1115 1057 finem,
1138 1027 1247 1062 quam
1269 1016 1305 1049 in
1326 1016 1362 1050 id
1384 1016 1480 1061 quod
1503 1023 1556 1050 est
1577 1015 1620 1049 ad
1640 1015 1762 1049 finem.

328 1067 385 1100 Ad
411 1068 611 1101 secundum
633 1068 839 1109 dicendum,
863 1068 959 1114 quod
981 1069 1131 1114 species,
1155 1077 1189 1103 et
1210 1068 1329 1103 forma
1357 1077 1457 1103 actus
1483 1069 1600 1115 magis
1622 1068 1815 1103 attenditur

257 1120 456 1154 secundum
471 1121 650 1155 rationem
667 1121 811 1166 objecti,
827 1133 937 1167 quam
951 1122 1153 1156 secundum
1167 1122 1215 1165 id,
1232 1123 1328 1169 quod
1342 1131 1396 1157 est
1409 1122 1596 1157 materiale
1609 1122 1646 1156 in
1660 1122 1815 1168 objecto.

327 1173 385 1207 Ad
414 1174 559 1208 tertium
586 1174 792 1216 dicendum,
819 1175 916 1221 quod
942 1187 1017 1209 non
1045 1184 1099 1210 est
1124 1176 1362 1222 repugnantia
1395 1175 1636 1218 voluntatum,
1672 1174 1815 1221 quando

257 1226 367 1273 aliqui
388 1227 529 1261 diversa
546 1227 675 1262 volunt
695 1239 770 1262 non
793 1229 992 1263 secundum
1016 1230 1184 1264 eamdem
1207 1230 1407 1264 rationem:
1435 1230 1497 1264 sed
1523 1230 1554 1264 si
1578 1230 1643 1264 sub
1668 1240 1741 1263 una
1765 1240 1817 1263 ra-

255 1280 354 1314 tione
377 1289 470 1315 esset
491 1281 625 1327 aliquid
649 1282 690 1315 ab
714 1293 786 1316 uno
808 1282 975 1324 volitum,
998 1283 1095 1329 quod
1127 1283 1216 1318 alius
1246 1283 1371 1325 nollet,
1387 1283 1472 1322 *hoc
1503 1283 1691 1318 induceret
1716 1293 1816 1330 repu-

257 1335 442 1380 gnantiam
463 1335 704 1378 voluntatum,
727 1335 824 1382 quod
845 1344 968 1370 tamen
989 1348 1063 1371 non
1086 1345 1139 1371 est
1159 1337 1196 1370 in
1217 1337 1416 1384 proposito.

774 1645 1129 1706 QUAESTIO
1170 1645 1287 1693 XX.

258 1769 320 1800 DE
347 1769 598 1808 BONITATE,
623 1770 681 1801 ET
708 1770 911 1800 MALITIA
937 1770 1247 1802 EXTERIORUM
1268 1770 1466 1803 ACTUUM
1482 1771 1812 1811 HUMANORUM,

708 1841 757 1871 IN
785 1841 869 1872 SEX
897 1841 1158 1873 ARTICULOS
1186 1842 1360 1873 DIVISA.

328 1976 470 2011 Deinde
493 1976 797 2011 considerandum
819 1985 871 2011 est
893 1976 936 2011 de
957 1976 1132 2019 bonitate,
1155 1985 1190 2011 et
1210 1977 1349 2012 malitia
1371 1985 1545 2024 quantum
1561 1977 1604 2011 ad
1623 1977 1816 2012 exteriores

259 2038 369 2064 actus.

763 2113 807 2147 Et
828 2114 917 2147 circa
939 2113 997 2148 hoc
1019 2119 1226 2159 quaeruntur
1246 2125 1310 2148 sex.

330 2188 464 2223 Primo.
489 2189 619 2223 Utrum
641 2189 795 2232 bonitas,
819 2199 852 2225 et
875 2191 1013 2225 malitia
1035 2203 1099 2237 per
1121 2191 1217 2238 prius
1240 2192 1284 2226 sit
1305 2192 1341 2226 in
1364 2200 1446 2226 actu
1467 2191 1676 2234 voluntatis,
1697 2191 1756 2226 vel
1781 2191 1817 2224 in

261 2250 341 2276 actu
364 2251 540 2276 exteriori.

331 2296 512 2330 Secundo.
537 2296 667 2330 Utrum
689 2305 764 2331 tota
789 2297 942 2340 bonitas,
964 2297 1021 2332 vel
1045 2298 1183 2332 malitia
1210 2307 1310 2333 actus
1337 2298 1523 2333 exterioris
1550 2298 1752 2345 dependeat
1776 2308 1818 2332 ex

259 2349 418 2383 bonitate
439 2350 646 2384 voluntatis.

333 2403 470 2438 Tertio.
495 2404 624 2438 Utrum
647 2404 690 2438 sit
713 2405 840 2439 eadem
863 2405 1016 2447 bonitas,
1041 2414 1075 2439 ct
1097 2405 1234 2440 malitia
1249 2406 1441 2447 interioris,
1458 2413 1492 2441 et
1506 2405 1692 2440 exterioris
1707 2413 1818 2439 actus.

333 2457 486 2498 Quarto.
512 2458 641 2491 Utrum
664 2466 763 2492 actus
786 2459 939 2492 exterior
962 2459 1095 2504 aliquid
1119 2460 1226 2493 addat
1247 2460 1290 2494 dc
1318 2460 1490 2502 bonitate,
1517 2459 1576 2494 vel
1602 2459 1739 2494 malitia
1765 2470 1820 2493 su-

261 2523 323 2557 pra
346 2520 466 2546 actum
489 2511 708 2545 interiorem.

334 2565 485 2605 Quinto.
509 2565 639 2599 Utrum
663 2574 812 2600 eventus
834 2577 987 2612 sequens
1011 2565 1144 2611 aliquid
1169 2566 1275 2600 addat
1297 2566 1339 2600 de
1360 2566 1532 2608 bonitate,
1550 2565 1608 2600 vel
1623 2565 1760 2600 malitia
1775 2565 1818 2599 ad

262 2627 382 2653 actum
410 2620 635 2653 exteriorem.

332 2672 452 2707 Sexto.
478 2673 607 2707 Utrum
630 2673 727 2707 idem
751 2682 850 2707 actus
872 2673 1026 2707 exterior
1049 2674 1160 2718 possit
1181 2685 1259 2708 esse
1281 2674 1409 2716 bonus,
1431 2682 1466 2708 et
1487 2673 1615 2708 malus.
