1907 3198
522 170 747 207 QUAESTIO
780 170 838 201 lv.
871 170 1119 201 ARTICULUS
1151 170 1212 201 111.
1590 174 1642 217 53

66 251 185 299 primo
207 250 344 285 dictum
367 259 420 286 est
440 251 489 298 (q.
511 252 606 298 79.):
628 251 690 286 sed
711 251 916 286 intellectus
938 250 1158 286 sufficienter
1179 251 1363 299 perficitur
1381 264 1445 299 per
1466 253 1647 289 visionem

7 326 11 331 ·
65 305 156 348 Dei;
176 303 345 339 voluntas
367 312 489 339 autem
510 316 574 351 per
594 304 878 340 delectationem
895 304 933 339 in
950 305 1051 352 ipso;
1069 315 1158 351 ergo
1176 315 1252 340 non
1271 305 1465 352 requiritur
1484 317 1649 354 compre-

66 358 208 400 hensio,
229 365 419 404 tamquam
441 357 588 404 aliquod
610 358 769 392 tertium.

140 421 171 457 3.
191 409 430 446 PRAETEREA.
454 410 645 445 Beatitudo
672 411 709 445 in
737 411 949 458 operatione
971 411 1152 446 consistit:
1181 411 1414 458 operationes
1441 421 1565 447 autem
1592 413 1649 448 de-

66 463 305 500 terminantur
325 463 528 498 secundum
549 464 710 509 objecta:
734 465 877 510 objecta
900 472 1023 499 autem
1044 464 1230 511 generalia
1251 473 1334 500 sunt
1354 465 1440 500 duo.-
1458 478 1589 509 vcrutn,
1614 476 1648 502 et

67 518 211 554 bonum:
231 528 350 552 verum
372 517 634 564 correspondet
653 517 797 560 visioni,
825 525 860 552 et
890 518 1012 552 bonnm
1042 518 1304 564 correspondet
1325 517 1532 562 dilectioni3
1559 530 1648 566 ergo

22 604 27 616 ‚
66 581 142 606 non
162 569 357 617 requiritur
377 570 672 617 comprehensio,
695 570 798 617 quasi
821 570 968 617 aliquod
990 570 1150 606 tertium.

137 622 214 658 sim
239 633 396 659 CONTRA
417 630 483 666 est,
505 623 602 670 quod
625 623 754 670 Apost.
777 623 864 659 dicit
890 634 916 658 1.
941 623 985 658 ad
1013 623 1100 659 Cor.
1123 635 1174 671 9.:
1195 624 1251 660 Sic
1273 626 1412 667 currite,
1444 631 1480 660 ιιι
1502 633 1648 674 compre-

66 675 234 713 baudans:
256 675 318 711 sed
341 676 536 723 spiritualis
558 687 683 711 cursus
701 677 917 712 terminatur
935 676 979 711 ad
998 677 1281 721 beatitudinem;
1300 678 1396 713 unde
1414 679 1491 726 ipse
1510 680 1598 714 dicit
1616 690 1648 714 2.

11 759 14 765 .
68 729 114 766 id
134 727 235 764 Tim.
257 728 339 764 ult.:
362 730 492 765 Bonum
513 735 679 765 certamen
702 731 844 774 certavi,
872 742 1006 766 cursum
1035 733 1278 774 consummavi,
1301 731 1405 778 fidem
1435 735 1590 768 servavi:
1614 735 1647 768 in

20 788 26 795 ¹
66 783 194 831 remae
210 783 354 830 reposita
373 787 418 818 est
439 783 523 818 mihi
543 795 668 818 corona
684 785 854 830 justitiae,·
876 795 964 831 ergo
985 785 1268 832 comprehensio
1290 785 1482 832 requiritur
1504 786 1548 821 ad
1569 787 1649 822 bea—

66 835 271 872 titudinem.

136 888 371 926 Rssronnzo
393 889 601 932 dicendum,
623 890 720 937 quod
744 901 829 925 cum
849 890 1036 926 beatitudo
1059 891 1236 926 consistat
1257 892 1292 926 in
1313 893 1577 928 consecutione
1600 893 1651 928 ul-

66 942 149 980 timi
168 942 262 987 finis,
283 954 325 978 ea
347 954 439 990 quae
461 943 692 990 requiruntur
720 943 764 978 ad
791 944 1066 988 beatitudinem,
1088 953 1172 980 sunt
1201 945 1467 980 consideranda
1497 958 1539 981 ex
1569 947 1649 994 ipso

67 996 196 1034 ordine
220 997 383 1033 hominis
410 996 454 1032 ad
481 996 602 1032 finem.
630 997 688 1032 Ad
718 997 830 1033 finem
858 1006 981 1033 autem
1011 998 1278 1046 intelligibilem
1308 999 1496 1034 ordinatur
1522 1000 1650 1043 homo,

66 1050 200 1100 partim
219 1050 368 1098 quidem
389 1061 453 1098 per
473 1051 685 1094 intellectum,
707 1051 840 1098 partim
862 1060 985 1086 autern
1015 1063 1078 1098 per
1103 1052 1329 1088 voluntatem:
1359 1064 1423 1100 per
1453 1054 1648 1089 intellectum

67 1104 228 1153 quidem,
248 1104 464 1151 inquantum
486 1104 522 1138 in
543 1103 729 1139 intellectu
751 1105 960 1152 praeexistit
982 1104 1102 1152 aliqua
1125 1106 1290 1151 cognitio
1312 1105 1393 1141 finis
1414 1106 1648 1154 imperfecta:

9 1187 29 1202 ,.
67 1168 132 1206 per
148 1157 355 1202 voluntatem
376 1164 512 1199 autem,
527 1159 643 1204 primo
665 1157 813 1204 quidem
835 1169 899 1204 per
920 1169 1099 1201 amorem,
1121 1159 1183 1206 qui
1209 1168 1263 1194 est
1281 1159 1420 1206 primus
1443 1169 1568 1195 motus
1590 1171 1652 1195 vo-

66 1210 266 1247 luntatisin
279 1209 434 1258 aliquid:
445 1210 584 1245 secundo
601 1218 724 1245 autem
737 1222 802 1258 per
819 1211 956 1246 realem
970 1212 1222 1247 habitudinem
1239 1213 1394 1247 amantis
1410 1213 1454 1247 ad
1470 1222 1650 1248 amatum:

9 1275 17 1321 ζ
67 1267 162 1313 quae
183 1263 331 1312 quidem
348 1270 468 1311 potest
481 1274 560 1298 esse
575 1264 704 1311 triplex.
720 1264 932 1311 Quandoque
946 1265 1045 1299 enim
1059 1273 1224 1300 amatum
1239 1274 1293 1300 est
1307 1277 1478 1312 praesens
1498 1267 1652 1309 amanti3

19 1327 41 1345 -“
67 1324 106 1355 et
123 1317 306 1365 tuncjam
325 1327 402 1352 non
430 1317 632 1364 quaeritur:
655 1317 849 1364 quandoque
876 1326 998 1353 autem
1023 1329 1099 1353 non
1129 1326 1183 1354 est
1215 1330 1398 1366 praesens,
1426 1321 1488 1355 sed
1516 1321 1653 1366 impos-

67 1370 171 1407 sibile
191 1378 247 1407 est
265 1371 386 1418 ipsum
407 1370 578 1418 adipisci;
600 1379 636 1406 et
655 1379 740 1406 tunc
761 1371 871 1406 etiam
889 1383 965 1407 non
986 1372 1186 1419 quaeritur:
1208 1373 1402 1419 quandoque
1426 1382 1548 1408 autem
1571 1385 1652 1420 pos-

27 1463 29 1466 ,
68 1423 172 1461 sibile
188 1431 244 1460 est
258 1424 383 1472 ipsum
404 1424 566 1471 adipisci,
596 1425 659 1460 sed
688 1433 743 1459 est
763 1424 947 1460 elevatum
968 1437 1076 1472 supra
1095 1425 1309 1461 facultatem
1331 1426 1576 1473 adipiscentis,
1603 1427 1652 1461 ita

20 1495 21 1498 ¹
51 1485 109 1527 ‚ut
124 1477 247 1515 statim
267 1477 394 1513 haberi
407 1489 482 1513 non
503 1478 636 1525 possit;
651 1486 686 1513 et
705 1478 797 1514 haec
817 1487 871 1514 est
887 1479 1063 1514 habitudo
1082 1479 1259 1526 sperantis
1281 1480 1325 1514 ad
1340 1479 1539 1526 speratum,
1559 1492 1651 1527 quae

68 1531 148 1569 sola
166 1531 343 1567 habitudo
364 1530 452 1566 facit
471 1531 552 1566 finis
572 1532 859 1579 inquisitionem.

70 1590 91 1633 ,ᾖ
138 1584 185 1621 Et
204 1585 281 1621 istis
299 1585 403 1620 tribus
423 1585 645 1632 respondent
667 1585 816 1632 aliqua'
807 1597 845 1620 m
866 1586 944 1633 ipsa
961 1586 1194 1621 beatitudine.
1209 1587 1307 1621 Nam
1325 1587 1486 1634 perfecta
1508 1589 1632 1634 cogniti
1634 1601 1652 1622 1

43 1671 45 1674 .
66 1637 150 1688 finis
168 1638 366 1686 respondet
385 1637 644 1686 imperfectae:
661 1640 851 1686 praesentia
871 1651 960 1674 vero
986 1640 1098 1686 ipsius
1119 1639 1200 1675 finis
1227 1641 1423 1688 respondet
1448 1641 1652 1676 habitudini

68 1690 166 1740 spei:
186 1691 250 1728 sed
271 1691 467 1728 delectatio·
457 1703 494 1727 m
508 1692 713 1740 praesentia
736 1693 970 1740 consequitur
987 1692 1235 1736 dilectionem,
1250 1702 1289 1729 ut
1311 1706 1418 1741 supra
1438 1695 1577 1730 dictum
1599 1704 1654 1730 est

9 1744 11 1751 ’
68 1745 151 1794 (art.
164 1758 193 1782 1.
207 1745 277 1794 huj.
291 1747 366 1793 q),
381 1753 417 1781 et
433 1745 519 1781 ideo
532 1757 682 1781 necesse
698 1754 751 1781 est
769 1746 813 1781 ad
828 1747 1084 1782 beatudinem
1076 1756 1143 1782 ista
1164 1748 1231 1782 tria
1246 1759 1476 1791 concurrere,
1496 1748 1651 1784 scilicet:

67 1798 363 1848 visionem‚quae
376 1807 431 1835 est
443 1799 607 1847 cognitio
621 1798 781 1847 perfecta
795 1799 1032 1847 intelligibilis
1047 1800 1146 1835 finis:
1163 1802 1549 1862 comprehensionem,
1560 1813 1653 1849 quae

67 1851 243 1915 importat
253 1853 498 1915 praesentiam
509 1852 607 1888 finis:
623 1852 918 1896 delectationem,
940 1853 999 1889 vel
1019 1853 1242 1897 fruitionem,
1253 1866 1346 1902 quae
1368 1855 1544 1902 importat
1558 1856 1655 1902 quie·

67 1906 248 1944 tationem
268 1907 322 1942 rei
342 1907 498 1942 amantis
519 1907 556 1941 in
575 1914 710 1942 amato.

80 1965 86 1982 ³
140 1960 203 1997 AD
227 1971 380 1997 PRIMUM
401 1971 490 2008 ergo
523 1960 732 2002 dicendum,
759 1960 857 2007 quod
884 1961 1167 2008 comprehensio
1194 1961 1324 1996 dicitur
1351 1961 1538 2010 dupliciter.
1579 1963 1653 1998 Uno

68 2013 167 2051 hodo
187 2013 345 2050 inclusio
367 2013 625 2061 comprehensi
646 2013 682 2048 in
705 2014 1059 2061 comprehendente:
1088 2023 1123 2050 et
1148 2015 1199 2050 sic
1223 2027 1347 2058 omne,
1369 2016 1467 2063 quod
1492 2028 1655 2064 compre-

68 2067 240 2104 uenditur-
259 2067 410 2111 afinito,
426 2075 482 2103 est
498 2066 659 2102 finitum:
683 2067 780 2103 unde
797 2067 870 2102 hoc
893 2068 1006 2103 modo
1025 2069 1126 2104 Deus
1149 2069 1416 2116 comprehendi
1437 2081 1512 2104 non
1535 2079 1655 2117 potest

69 2121 117 2158 {b
137 2121 261 2170 aliquo
292 2119 480 2157 intellectu
506 2129 642 2156 creato.
665 2121 745 2156 Alio
772 2121 868 2156 modo
903 2122 1186 2169 comprehensio
1216 2121 1309 2157 nihil
1343 2122 1440 2157 aliud
1475 2123 1655 2165 nominat,

71 2186 184 2224 quam
202 2174 406 2211 tentionem
427 2173 580 2221 alicujus
606 2174 669 2216 rei,
696 2186 788 2221 quae
809 2176 884 2221 jam
911 2175 1196 2222 praesentialiter
1217 2176 1388 2212 habetur:
1410 2177 1503 2212 sicut
1525 2177 1655 2224 aliquis

72 2239 300 2277 consequens
321 2227 494 2276 aliquem,
511 2227 643 2262 dicitur
663 2238 749 2262 eum
767 2228 1092 2275 comprehendere,
1114 2229 1261 2276 quando
1283 2237 1382 2265 tenet
1401 2228 1508 2265 eumz'
1527 2239 1562 2265 et
1580 2231 1655 2266 hoc

8 2293 17 2333 ς
72 2281 187 2334 modo
207 2281 490 2330 comprehensio
512 2281 704 2328 requiritur
725 2281 769 2316 ad
790 2281 1063 2317 beatitudinem.

57 2327 61 2338 ’
143 2335 207 2372 AD
219 2345 431 2372 SECUNDUM
451 2334 660 2377 dicendum,
674 2335 772 2382 quod
786 2335 879 2370 sicut
894 2336 937 2370 ad
959 2348 982 2370 v
985 2335 1189 2372 oluntatem
1203 2337 1358 2383 pertinet
1373 2349 1466 2385 spes,
1481 2347 1516 2373 et
1531 2349 1656 2380 amor;

54 2388 164 2438 quia
179 2388 343 2436 ejusdem
364 2397 418 2425 est
438 2399 562 2424 amare
585 2387 732 2435 aliquid,
754 2397 789 2424 et
809 2389 987 2424 tendere'
979 2402 1015 2425 m
1037 2389 1125 2425 illud
1147 2401 1223 2425 non
1251 2391 1437 2435 habitum;
1459 2392 1508 2426 ita
1543 2392 1653 2426 etiam

67 2442 121 2480 ud
137 2441 368 2478 voluntatem
381 2442 536 2490 pertinet
549 2441 844 2499 comprehensio,
865 2451 901 2478 et
915 2443 1130 2487 delectatio;
1152 2444 1236 2491 quia
1259 2445 1422 2491 ejusdem
1445 2454 1499 2480 est
1519 2445 1655 2480 habere

19 2534 21 2546 Ι
71 2495 224 2545 ffiquid,
244 2504 282 2533 et
301 2496 488 2544 quiescere
508 2495 546 2530 in
567 2494 643 2530 illo.

67 2556 90 2574 ··’
146 2550 208 2587 An
221 2560 396 2587 TERTIUM
409 2549 618 2592 dicendum,
632 2549 730 2596 quod
746 2550 1028 2596 comprehensio
1039 2562 1114 2585 non
1129 2559 1183 2586 est
1197 2550 1318 2598 aliqua
1338 2552 1502 2599 operatio
1518 2560 1658 2599 praeter

15 2598 23 2619 ²
69 2603 269 2649 monem,
288 2604 352 2640 sed
365 2603 547 2652 quaedam
562 2603 738 2638 habitudo
749 2603 794 2639 ad
809 2603 919 2639 finem
929 2605 1004 2650 jam
1018 2604 1203 2639 habitum:
1227 2605 1322 2640 unde
1337 2605 1446 2640 etiam
1462 2606 1539 2652 ipsa
1553 2605 1658 2647 visio,

20 2701 22 2708 y
74 2656 139 2696 vel
155 2669 214 2695 res
232 2658 323 2702 visa,
343 2669 438 2706 quae
458 2656 747 2705 praesentialiter
768 2657 880 2701 adest,
903 2658 1089 2705 obiectum
1111 2658 1452 2705 comprehensionis
1474 2668 1538 2694 est.

227 2929 258 2983 S,
277 2951 401 2981 Tuom
421 2951 527 2981 sumu
551 2951 714 2990 Theologica.
735 2953 801 2981 Vol.
822 2952 860 2981 11.
1503 2962 1515 2988 5
