1907 3182
261 201 346 243 234
686 199 905 234 QUAESTIO
940 199 1059 228 XXXI.
1093 199 1337 229 ARTICULUS
1371 199 1396 230 Ι.

262 288 382 314 autem
404 279 501 326 quod
523 279 650 314 dicitur
671 280 769 314 simul
791 285 868 322 tota,
893 280 1102 321 ostenditur,
1125 279 1221 325 quod
1245 279 1453 314 constitutio
1475 291 1549 314 non
1567 279 1671 314 debet
1693 280 1819 327 accipi,

260 342 367 380 prout
388 342 441 367 est
462 333 497 367 in
520 335 684 376 constitui,
707 333 768 367 sed
791 341 898 379 prout
913 341 966 367 est
980 334 1015 366 in
1031 335 1239 368 constitutum
1254 345 1327 375 esse,
1343 334 1444 379 quasi
1458 334 1493 367 in
1507 334 1664 368 termino
1679 341 1818 368 motus:

260 398 334 421 non
357 387 453 421 enirn
477 387 666 421 delectatio
691 395 743 421 est
765 387 962 432 generatio,
983 395 1089 433 prout
1110 386 1213 420 Plato
1233 387 1371 432 posuit;
1393 387 1455 421 sed
1476 387 1593 433 magis
1608 387 1772 421 consistit
1784 388 1820 421 in

261 441 387 485 factum
409 453 481 484 esse,
503 449 541 474 ut
563 441 690 474 dicitur
713 441 747 474 in
771 451 801 485 7.
825 440 984 475 Ethicor.
1009 440 1097 487 (cap.
1125 441 1206 485 12.);
1235 451 1297 486 per
1322 440 1392 474 hoc
1421 448 1541 475 autem
1569 440 1666 486 quod
1685 440 1820 474 dicitur

262 495 430 536 sensibilis,
451 493 688 528 excluduntur
709 492 948 539 perfectiones
971 505 1090 527 rerum
1114 492 1397 535 insensibilium3
1419 493 1454 527 in
1470 493 1597 539 quibus
1611 504 1684 527 non
1700 501 1753 527 est
1767 493 1823 527 de-

260 548 423 590 lectatio;
447 549 495 581 sic
519 558 604 593 ergo
627 555 734 593 patet,
758 547 854 592 quod
877 558 961 580 cum
984 546 1176 580 delectatio
1199 546 1243 580 sit
1269 554 1389 581 motus
1415 547 1452 580 in
1475 547 1631 592 appetitu
1660 546 1819 588 animali,

262 612 488 647 consequens
512 600 839 646 apprehensionem
860 611 997 641 sensus,
1022 599 1216 634 delectatio
1239 607 1292 634 est
1312 600 1432 644 passio
1455 600 1608 634 animae.

333 655 392 689 AD
411 665 559 689 PRIMUM
582 665 668 699 ergo
692 652 898 695 dicendum,
921 653 1018 699 quod
1041 653 1204 699 operatio
1229 653 1472 687 connaturalis
1493 665 1567 688 non
1581 653 1755 700 impedita
1769 661 1822 687 est

263 708 435 755 perfectio
459 707 628 748 secunda,
652 714 689 740 ut
710 706 863 740 habetur
883 706 920 740 in
943 716 973 741 2.
997 706 1040 740 de
1062 706 1197 740 Anima
1213 707 1335 751 (taxa.
1350 718 1378 753 5.
1394 712 1424 741 et
1437 706 1502 752 6.);
1518 714 1553 741 et
1572 706 1655 741 ideo
1677 706 1821 753 quando

264 762 531 796 constituuntur
552 772 607 794 res
630 761 665 794 in
692 759 837 805 propria
863 760 1074 806 operatione
1100 760 1267 802 naturali,
1295 767 1329 794 et
1353 771 1428 794 non
1453 760 1647 806 impedita,
1663 760 1824 806 sequitur

264 815 468 857 delectatio,
491 826 582 860 quae
606 813 771 848 consistit
800 813 835 846 in
861 814 1043 860 perfectum
1069 825 1141 854 esse,
1168 821 1206 848 ut
1228 813 1365 847 dictum
1387 821 1440 848 est
1463 813 1513 858 (in
1538 820 1629 860 corp.
1647 814 1743 858 art.),·
1772 813 1823 847 sic

265 881 351 915 ergo
375 880 457 903 cum
481 868 620 909 dicitur,
644 867 740 913 quod
763 866 928 902 delectatio
951 873 995 902 est
1014 869 1171 914 operatio,
1193 878 1268 901 non
1296 875 1348 902 est
1373 867 1593 913 praedicatio
1619 877 1825 914 perfessen-

263 923 363 965 tiam,
386 923 448 956 sed
469 933 532 968 per
554 932 712 955 causam.

337 976 395 1010 AD
415 984 622 1010 SECUNDUM
644 974 850 1016 dicendum,
874 974 969 1020 quod
992 974 1029 1008 in
1051 973 1200 1008 animali
1225 974 1343 1021 duplex
1369 982 1490 1008 motus
1517 973 1735 1008 considerari
1761 984 1826 1020 po-

264 1037 351 1064 test:
375 1041 458 1063 unas
480 1028 680 1062 secundum
704 1028 943 1062 intentionem
965 1027 1065 1069 finis,
1094 1029 1153 1074 qui
1181 1029 1333 1073 pertinet
1361 1027 1404 1062 ad
1428 1027 1639 1074 appetitum:
1667 1027 1750 1062 alius
1776 1038 1828 1061 se-

266 1083 423 1117 cundum
447 1082 710 1124 executionem,
733 1082 793 1128 qui
816 1081 967 1128 pertinet
991 1081 1033 1115 ad
1057 1082 1273 1116 exteriorem
1295 1081 1557 1128 operationem.
1572 1081 1674 1115 Licet
1689 1091 1775 1126 ergo
1789 1080 1825 1114 in

267 1148 323 1179 eo,
346 1137 406 1182 qui
427 1137 500 1181 jam
524 1144 739 1170 consecutus
763 1143 816 1170 est
839 1135 989 1177 bonum,
1017 1135 1053 1168 in
1080 1146 1151 1181 quo
1179 1135 1388 1177 delectatur,
1416 1142 1531 1169 cesset
1556 1142 1676 1169 motus
1703 1145 1828 1168 execu-

267 1190 386 1232 tionis,
409 1201 480 1235 quo
502 1189 616 1223 tendit
638 1190 679 1223 ad
702 1189 831 1231 finem;
853 1200 926 1222 non
949 1197 1072 1223 tamen
1093 1197 1208 1223 cessat
1230 1196 1351 1223 motus
1374 1188 1588 1235 appetitivae
1602 1188 1722 1234 partis,
1736 1199 1827 1234 quae

269 1245 361 1278 sicut
381 1244 477 1290 prius
500 1242 725 1277 desiderabat
745 1254 819 1276 non
846 1243 1022 1285 habitum,
1049 1243 1098 1276 ita
1124 1250 1250 1288 postea
1277 1242 1476 1276 delectatur
1500 1241 1537 1275 in
1562 1241 1698 1276 habito.
1726 1241 1829 1276 Licet

269 1298 366 1332 enim
388 1296 580 1331 delectatio
603 1296 647 1330 sit
668 1297 768 1342 quies
791 1296 970 1342 quaedam
994 1296 1182 1342 appetitus,
1206 1296 1432 1330 considerata
1453 1295 1655 1342 praesentia
1668 1295 1756 1329 boni
1774 1295 1830 1329 de-

267 1351 444 1393 lectantis,
473 1350 568 1396 quod
597 1350 767 1396 appetitui
794 1349 982 1384 satisfacit:
1011 1359 1133 1384 tamen
1160 1350 1275 1384 adhuc
1302 1357 1466 1384 remanet
1491 1349 1696 1384 immutatio
1724 1361 1828 1396 appe-

271 1405 355 1439 titus
379 1404 420 1437 ab
445 1403 638 1449 appetibili,
661 1403 798 1437 ratione
822 1404 921 1448 cujus
944 1403 1135 1437 delectatio
1158 1411 1280 1438 motus
1302 1403 1449 1450 quidam
1471 1411 1534 1438 est.

341 1458 400 1492 AD
429 1468 599 1492 TERTIUM
623 1457 829 1499 dicendum,
857 1457 953 1503 quod
976 1457 1140 1503 quamvis
1162 1468 1298 1491 nomen
1328 1457 1506 1502 passionis
1536 1456 1653 1503 magis
1684 1456 1827 1503 proprie

275 1512 468 1546 conveniat
488 1511 714 1556 passionibus
737 1511 1008 1557 corruptivis,et
1025 1511 1061 1544 in
1080 1510 1217 1545 malum
1238 1511 1485 1553 tendentibus3
1507 1510 1600 1544 sicut
1619 1518 1701 1545 sunt
1720 1510 1831 1556 aegri-

273 1566 413 1600 tudines
438 1564 656 1611 corporales,
680 1573 713 1599 et
734 1564 888 1606 tristitia,
911 1572 944 1598 et
965 1564 1076 1598 timor
1093 1564 1129 1598 in
1152 1564 1291 1598 anima:
1313 1572 1437 1598 tamen
1452 1563 1762 1598 etiaminbonum
1778 1574 1831 1598 or-

271 1620 437 1654 dinantur
459 1618 600 1664 aliquae
622 1618 820 1663 passiones,
842 1626 880 1652 ut
901 1629 1007 1664 supra
1029 1618 1165 1652 dictum
1189 1626 1241 1653 est
1263 1618 1331 1664 (qq.
1350 1629 1400 1653 21.
1422 1629 1475 1653 22.
1495 1622 1526 1653 et
1541 1618 1627 1664 23);
1651 1625 1686 1652 et
1706 1628 1832 1653 secun-

270 1673 356 1708 dum
378 1673 448 1707 hoc
471 1672 663 1707 delectatio
686 1672 814 1707 dicitur
835 1672 966 1718 passio.

832 1815 1177 1860 ARTICULUS
1207 1816 1264 1859 II.
1767 1839 1827 1875 175

595 1924 748 1954 UTRUM
780 1925 1064 1955 DELECTATIO
1099 1925 1167 1955 sIT
1200 1926 1244 1955 IN
1277 1925 1498 1955 TEMPORE.

273 2010 372 2058 (Insr.
392 2016 454 2046 art.
478 2011 510 2047 6.
534 2019 623 2058 corp.
644 2017 673 2047 ct
693 2023 726 2057 4.
749 2013 836 2047 Dist.
859 2023 915 2058 49.
938 2024 968 2058 q.
987 2025 1015 2059 3.
1038 2018 1102 2048 art.
1126 2025 1153 2048 1.
1172 2024 1202 2058 q.
1218 2025 1245 2059 3.
1268 2018 1298 2048 at
1325 2013 1410 2048 Veri.
1429 2025 1458 2059 q.
1477 2013 1509 2049 8.
1528 2017 1592 2048 art.
1610 2023 1662 2058 14.
1684 2012 1728 2048 ad
1747 2014 1831 2059 12.)-

343 2101 402 2134 ΑΙ)
430 2111 636 2135 SECUNDUM
664 2101 713 2135 sic
740 2101 956 2148 proceditur.
984 2101 1147 2144 Videtur,
1175 2101 1271 2148 quod
1299 2101 1491 2136 delectatio
1517 2101 1561 2136 sit
1587 2103 1622 2136 in
1648 2110 1831 2148 ternpore:

273 2153 465 2188 delectatio
488 2156 585 2188 enim
608 2162 661 2188 est
683 2163 803 2189 motus
823 2155 981 2201 quidam,
1009 2163 1047 2189 ut
1073 2156 1108 2189 in
1140 2166 1166 2189 1.
1194 2155 1299 2189 Rhet.
1321 2155 1407 2202 (cap.
1428 2168 1473 2190 Π.
1496 2157 1530 2190 in
1543 2156 1671 2202 princ.)
1694 2155 1832 2192 Philos.

274 2207 376 2242 dicit:
400 2208 460 2241 sed
484 2215 604 2242 motus
627 2208 746 2242 omnis
769 2216 821 2242 est
842 2208 877 2242 in
898 2217 1082 2255 tempore3
1110 2220 1196 2255 ergo
1219 2208 1412 2243 delectatio
1434 2216 1488 2243 est
1508 2209 1543 2243 in
1563 2216 1741 2256 tempore.

345 2271 376 2295 2.
398 2261 633 2296 Pmmmm.
659 2262 880 2304 Dintzcrnum,
903 2262 961 2296 vel
984 2275 1149 2297 morosum
1165 2262 1294 2297 dicitur
1309 2262 1441 2309 aliquid
1457 2263 1656 2298 secundum
1674 2271 1832 2311 ternpus:

275 2315 336 2349 sed
359 2314 500 2360 aliquae
523 2314 782 2350 delectationes
804 2316 971 2350 dicuntur
993 2328 1162 2357 morosam
1192 2327 1278 2362 ergo
1301 2316 1494 2351 delectatio
1517 2325 1570 2351 est
1594 2316 1631 2350 in
1657 2324 1832 2364 ternpore.

349 2380 377 2414 3.
400 2369 634 2403 PRAETERr-„r
652 2369 842 2403 Passiones
859 2370 1000 2404 animae
1016 2379 1098 2404 sunt
1114 2370 1216 2404 unius
1232 2370 1391 2416 generis:
1410 2370 1473 2405 sed
1488 2369 1629 2416 aliquae
1647 2371 1833 2417 passiones
1860 2365 1863 2374 ⁴

275 2423 417 2456 animae
440 2430 520 2456 sunt
542 2422 574 2456 in
598 2431 780 2469 tempore3
804 2435 890 2469 ergo
914 2431 946 2457 et
970 2423 1174 2458 delectatio.

347 2476 421 2511 SED
445 2487 599 2511 CONTRA
622 2485 685 2518 est,
709 2477 804 2522 quod
828 2476 963 2511 Philos.
988 2478 1074 2512 dicit
1095 2478 1130 2511 in
1158 2488 1207 2512 10.
1231 2477 1346 2512 Ethic.
1376 2477 1464 2525 (cap.
1483 2489 1512 2525 3.
1534 2483 1562 2513 et
1581 2479 1632 2524 4),
1660 2478 1757 2525 quod
1784 2489 1834 2513 se-

274 2531 432 2565 cundum
454 2529 595 2563 nullum
617 2538 759 2576 tempus
782 2531 932 2576 accipiet
955 2531 1032 2577 quis
1055 2531 1346 2566 delectationem.

344 2584 572 2618 Rssspoifflm
595 2583 801 2625 dicendum,
824 2584 920 2630 quod
944 2584 1077 2630 aliquid
1105 2585 1281 2631 contingit
1303 2596 1380 2620 esse
1402 2585 1438 2619 in
1456 2593 1621 2632 tempore
1635 2585 1832 2632 dupliciter:

273 2650 336 2672 uno
354 2637 447 2671 modo
470 2637 669 2671 secundum
685 2649 739 2672 se:
764 2638 830 2671 alio
854 2637 946 2671 modo
970 2650 1031 2683 per
1053 2638 1160 2680 aliud,
1177 2647 1211 2673 et
1232 2638 1333 2684 quasi
1355 2649 1417 2685 per
1435 2639 1619 2681 accidens3
1639 2639 1722 2685 quia
1736 2639 1833 2674 enim

272 2700 415 2738 tempus
437 2699 489 2725 est
511 2702 682 2725 numerus
705 2691 1008 2733 successivorum,
1031 2691 1090 2725 illa
1113 2692 1310 2726 secundum
1334 2703 1370 2726 se
1393 2692 1560 2727 dicuntur
1581 2703 1658 2726 esse
1685 2692 1721 2727 in
1748 2700 1835 2727 tem-

273 2757 372 2792 pore,
399 2745 442 2779 de
470 2756 625 2791 quorum
653 2745 790 2779 ratione
819 2753 871 2780 cst
897 2746 1090 2787 successio,
1117 2745 1174 2780 vel
1202 2745 1334 2792 aliquid
1363 2746 1406 2780 ad
1433 2745 1702 2780 successionem
1732 2745 1834 2792 perti-

273 2812 382 2835 nens:
411 2800 502 2834 sicut
524 2808 655 2842 motus,
678 2800 790 2846 quies,
818 2799 966 2842 locutio,
993 2809 1027 2834 et
1050 2800 1118 2834 alia
1140 2800 1368 2845 hujusmodi:
1397 2801 1596 2836 secundum
1618 2799 1713 2835 aliud
1734 2811 1833 2843 vero,

275 2861 310 2888 et
330 2865 403 2888 non
426 2864 488 2900 per
509 2865 546 2888 se
568 2853 733 2888 dicuntur
755 2864 832 2888 esse
855 2853 889 2887 iu
909 2862 1073 2899 tempore
1089 2853 1160 2896 illa,
1176 2854 1218 2888 de
1234 2865 1387 2900 quorum
1403 2854 1542 2889 ratione
1554 2864 1628 2888 non
1647 2862 1700 2889 est
1713 2853 1833 2900 aliqua

274 2907 468 2950 successio,
490 2907 551 2942 sed
573 2915 694 2942 tamen
718 2906 824 2942 alicui
847 2909 1052 2942 successivo
1075 2907 1278 2953 subjacent:
1302 2907 1394 2943 sicut
1415 2918 1493 2943 esse
1514 2907 1705 2943 hominem
1720 2907 1763 2943 de
1777 2906 1832 2943 sui
