1875 3198
230 200 314 256 840
661 211 879 247 QUAESTIO
913 211 999 240 CIX.
1032 209 1278 240 ARTICULUS
1310 209 1352 238 X.

799 367 1144 412 ARTICULUS
1174 367 1230 410 X.
1601 380 1605 389 ·
1728 379 1789 425 585

229 478 382 508 UTRUM
405 477 533 507 HOMO
562 477 606 507 IN
633 476 795 507 GRATIA
823 475 1133 519 CONSTITUTUS
1162 475 1374 505 INDIGEAT
1398 474 1580 504 AUXILIO
1604 474 1793 505 GRATIAE

766 542 825 570 AD
862 541 1247 571 PERSEVERANDUM.

277 631 380 677 (Infr.
403 642 433 676 q.
455 618 528 674 2114.
557 635 622 664 art.
649 641 680 664 2.
703 633 731 663 et
751 640 821 663 2-2.
843 641 874 674 q.
895 629 961 675 133.
990 633 1053 663 art.
1080 640 1114 673 4.
1141 633 1169 662 et
1189 640 1220 663 2.
1238 629 1328 663 Dist.
1346 639 1402 674 29.
1423 629 1460 662 in
1479 634 1553 675 exp.
1574 628 1621 664 lit.
1644 627 1688 663 ad
1712 640 1744 664 2.

566 688 594 717 ct
615 683 710 729 lib.3.
728 683 882 727 Commag.
905 688 974 728 cap.
998 694 1057 728 155.
1081 687 1110 716 et
1130 682 1217 716 Veri.
1229 694 1258 727 q.
1273 693 1329 726 24.
1341 686 1405 716 art.
1427 693 1470 728 13.

511 742 539 772 et
565 748 595 782 q.
618 747 671 782 27.
694 741 757 770 art.
780 749 809 782 5.
832 735 875 770 ad
898 748 926 782 3.
949 741 977 770 et
999 736 1050 770 Ps.
1065 748 1112 782 31.
1135 741 1165 770 et
1184 736 1284 780 Joan.
1306 747 1336 782 7.
1359 736 1427 770 lect.
1449 736 1509 779 2.).

298 828 357 861 AD
380 837 557 861 DECIMUM
578 826 628 860 sic
644 825 859 871 proceditur.
876 824 1039 867 Videtur,
1052 825 1148 871 quod
1163 825 1279 859 homo
1294 824 1331 858 in
1349 824 1464 871 gratia
1487 824 1702 859 constitutus
1720 836 1795 859 non

228 881 388 926 indigeat
410 879 541 914 auxilio
557 879 693 925 gratiae
714 879 756 913 ad
772 880 1096 924 perseverandum:
1118 878 1385 924 perseverantia
1400 878 1498 912 enim
1520 885 1572 912 est
1587 878 1719 924 aliquid
1735 880 1798 913 rni-

227 946 293 968 nus
311 934 452 975 virtute,
473 933 566 967 sicut
585 941 619 967 et
640 932 873 974 continentia,
885 941 923 966 ut
938 940 1034 979 patet
1048 944 1111 979 per
1129 932 1267 966 Philos.
1289 932 1326 965 in
1337 942 1368 977 7.
1384 931 1502 966 Ethic.
1519 931 1659 979 (implic.
1675 938 1748 979 cap.
1764 943 1794 979 7.

228 994 257 1022 et
278 989 325 1032 S.)
344 1001 353 1022 .·
376 988 438 1022 sed
460 987 575 1021 homo
602 998 677 1020 non
703 986 840 1032 indiget
862 985 933 1020 alio
957 986 1090 1020 auxilio
1114 986 1251 1032 gratiae
1274 985 1318 1019 ad
1339 985 1548 1019 habendum
1569 985 1731 1028 virtutes,
1754 996 1797 1020 ex

228 1053 298 1088 quo
323 1049 376 1076 est
396 1040 608 1087 justificatus
641 1052 705 1086 per
738 1040 914 1085 gratiam3
946 1051 1033 1086 ergo
1055 1040 1171 1074 multo
1195 1040 1314 1074 minus
1339 1039 1479 1085 indiget
1504 1039 1637 1074 auxilio
1659 1040 1796 1086 gratiae

228 1096 271 1129 ad
293 1095 501 1129 habendum
522 1094 842 1141 perseverantiam.

299 1159 329 1183 2.
348 1149 585 1183 PRAETEREA.
610 1148 752 1183 Omnes
778 1147 926 1182 virtutes
949 1147 1057 1182 simul
1078 1146 1332 1182 infunduntur:
1355 1146 1418 1181 sed
1439 1147 1708 1193 perseverantia
1733 1158 1795 1194 po-

229 1203 324 1237 nitur
350 1202 529 1248 quaedam
551 1202 681 1244 virtus3
704 1213 791 1247 ergo
815 1201 966 1243 videtur,
989 1202 1085 1248 quod
1119 1200 1229 1236 simul
1251 1212 1335 1235 cum
1349 1201 1463 1247 gratia
1483 1200 1610 1235 infusis
1632 1200 1710 1236 aliis
1731 1201 1798 1235 vir-

227 1257 361 1291 tutibus
384 1255 651 1302 perseverantia
674 1255 785 1290 detur.

300 1323 329 1357 3.
352 1311 588 1345 PRAETEREA.
613 1310 715 1344 Sicut
735 1309 936 1356 Apostolus
958 1309 1045 1343 dicit
1065 1309 1172 1343 Rom.
1199 1319 1227 1354 5,
1249 1308 1330 1355 plus
1355 1310 1560 1343 restitutum
1582 1316 1636 1344 est
1655 1308 1799 1343 homini

227 1376 289 1410 per
315 1365 453 1398 donum
481 1364 629 1406 Christi,
657 1375 766 1409 quam
794 1363 954 1397 amiserit
979 1375 1043 1409 per
1069 1370 1261 1409 peccatum
1287 1362 1411 1398 Adae:
1444 1362 1507 1397 sed
1534 1362 1655 1397 Adam
1681 1362 1716 1397 id
1744 1373 1799 1396 ac-

227 1419 332 1465 cepit,
359 1418 453 1451 unde
479 1425 602 1464 posset
628 1428 879 1463 perseverare3
908 1428 996 1462 ergo
1024 1416 1140 1450 multo
1163 1416 1280 1461 magis
1298 1416 1403 1450 nobis
1422 1416 1619 1450 restituitur
1636 1427 1700 1462 per
1717 1427 1798 1462 gra-

226 1473 315 1507 tiam
337 1471 484 1513 Christi,
506 1479 544 1505 ut
564 1482 794 1517 perseverare
816 1470 1018 1517 possimus:
1041 1478 1076 1504 et
1097 1470 1146 1504 ita
1178 1470 1294 1504 homo
1327 1481 1411 1504 non,
1434 1470 1572 1516 indiget
1605 1469 1720 1516 gratia
1753 1469 1797 1504 ad

228 1525 542 1573 perseverandum.
1308 1526 1313 1530 ‘

299 1579 374 1613 SED
397 1589 552 1613 CONTRA
574 1585 637 1619 est,
660 1578 756 1624 quod
778 1577 930 1623 August.
954 1577 1040 1611 dicit
1060 1577 1096 1610 in
1118 1576 1178 1610 lib.
1201 1577 1244 1611 de
1265 1576 1409 1611 persev,
1432 1576 1523 1623 (cap.
1545 1576 1618 1622 2.):
1641 1576 1712 1612 Cur
1724 1583 1799 1624 per-

225 1634 413 1668 severantia
434 1633 585 1678 poscitur
606 1643 626 1665 a
648 1632 733 1672 Deo,
759 1632 787 1665 εἰ
812 1643 878 1665 non
905 1630 1004 1665 datm·
1030 1642 1050 1665 a
1078 1631 1178 1665 Deo?
1204 1642 1247 1664 an
1274 1635 1304 1665 et
1330 1631 1393 1664 ista
1418 1631 1576 1664 irrisoria
1598 1631 1714 1677 petitio
1741 1635 1796 1672 est,

228 1699 301 1722 cum
325 1686 357 1720 id
383 1687 423 1720 ab
451 1697 485 1720 co
508 1686 648 1731 petitur,
672 1684 757 1730 quod
777 1686 880 1719 scitur
901 1696 966 1718 non
990 1685 1094 1730 ipsum
1116 1683 1206 1725 darc,
1229 1683 1281 1718 sed
1302 1685 1369 1730 ipso
1391 1695 1457 1717 non
1483 1683 1580 1718 dante
1600 1695 1660 1718 esse
1681 1685 1716 1718 in
1742 1684 1799 1718 ho-

227 1741 323 1774 minis
341 1740 524 1786 potestate?
546 1738 616 1772 Sed
639 1738 905 1784 perseverantia
927 1738 1058 1784 petitur
1081 1737 1192 1771 etiam
1211 1737 1253 1771 ab
1273 1736 1354 1779 illis,
1372 1736 1434 1783 qui
1455 1745 1539 1771 sunt
1557 1749 1622 1784 per
1643 1737 1798 1784 gratiam

227 1793 460 1835 sanctificati,
484 1792 581 1838 quod
602 1791 827 1837 intelligitur,
851 1803 934 1825 cum
957 1791 1130 1825 dicimus:
1151 1791 1382 1837 Sanctificetur
1399 1802 1516 1825 nomen
1535 1795 1639 1834 tuum,
1659 1799 1698 1825 ut
1714 1791 1798 1825 ibid.

229 1848 273 1892 (et
293 1848 349 1882 lili.
372 1847 408 1881 de
431 1846 581 1893 Corrept.
601 1851 629 1880 ct
647 1845 708 1880 Gr.
721 1852 794 1892 cap.
815 1845 883 1890 12.)
906 1845 1060 1891 August.
1083 1844 1276 1878 confirmat
1289 1855 1352 1891 per
1363 1844 1474 1878 verba
1495 1843 1690 1891 Cypriani;
1711 1855 1798 1891 ergo

226 1903 340 1936 homo
364 1902 473 1936 etiam
494 1901 530 1934 in
552 1900 667 1946 gratia
690 1900 904 1934 constitutus
927 1899 1076 1945 indiget,
1099 1906 1137 1933 ut
1159 1898 1191 1932 ei
1212 1899 1477 1945 perseverantia
1499 1909 1519 1931 a
1536 1898 1618 1932 Deo
1637 1897 1750 1932 detur.

297 1956 526 1990 RESPONDEO
549 1955 754 1996 dicendum,
777 1953 874 2000 quod
904 1953 1171 2000 perseverantia
1206 1952 1383 1999 tripliciter
1415 1951 1554 1987 dicitur.
1591 1951 1799 1998 Quandoque

227 2010 324 2044 enim
346 2009 525 2055 significat
545 2008 709 2042 habitum
732 2007 874 2049 mentis,
896 2018 959 2053 per
981 2018 1090 2053 quem
1112 2007 1228 2040 homo
1250 2005 1401 2040 firmiter
1414 2013 1494 2048 stat,
1508 2017 1553 2040 ne
1567 2014 1800 2040 removeatur

227 2064 268 2098 ab
293 2075 348 2106 eo,
371 2063 467 2109 quod
490 2071 543 2097 est
564 2062 764 2096 secundum
785 2061 967 2102 virtutem,
989 2072 1053 2107 per
1073 2060 1233 2094 tristitias
1254 2060 1452 2102 irruentes3
1473 2067 1512 2093 ut
1532 2059 1583 2093 sic
1605 2070 1644 2094 se
1665 2059 1799 2094 habeat

227 2117 494 2163 perseverantia
517 2116 560 2150 ad
581 2116 753 2157 tristitias,
776 2116 867 2149 sicut
901 2114 1124 2148 continentia
1159 2114 1202 2147 ad
1237 2112 1561 2159 concupiscentias,
1584 2120 1619 2147 et
1639 2112 1793 2148 delecta-

226 2172 355 2213 tiones,
377 2179 415 2204 ut
436 2169 682 2216 Philosophus
705 2169 791 2203 dicit
812 2169 847 2202 in
871 2179 901 2214 7.
924 2168 1005 2202 Eth.
1029 2168 1120 2215 (sap.
1143 2169 1203 2214 7.).
1226 2168 1305 2202 Alio
1332 2167 1428 2201 modo
1456 2173 1573 2214 potest
1594 2167 1665 2201 dici
1682 2178 1800 2214 perse-

227 2225 390 2259 verantia
410 2223 553 2258 habitus
576 2223 735 2269 quidam,
758 2222 958 2257 secundum
981 2233 1090 2268 quem
1111 2221 1227 2255 homo
1249 2221 1359 2255 habet
1379 2221 1609 2267 propositum
1637 2231 1801 2267 perseve-

229 2279 328 2313 randi
350 2279 386 2312 in
407 2278 505 2312 bono
528 2288 640 2323 usque
662 2277 698 2310 in
720 2276 849 2310 finem:
873 2284 908 2310 et
930 2283 1083 2321 utroque
1114 2275 1267 2309 istorum
1302 2274 1499 2309 modorum
1531 2275 1799 2321 perseverantia

228 2332 336 2366 simul
358 2343 441 2366 curn
464 2331 577 2378 gratia
598 2329 807 2372 infunditur,
830 2330 921 2364 sicut
943 2338 978 2363 et
1000 2329 1233 2371 continentia,
1261 2337 1295 2363 et
1329 2336 1492 2363 caeterae
1524 2328 1684 2364 virtutes.
1719 2329 1798 2364 Alio

228 2386 323 2421 morlo
346 2386 474 2420 dicitur
496 2384 762 2431 perseverantia
786 2383 1010 2417 continuatio
1034 2382 1212 2429 quaedam
1234 2382 1321 2417 boni
1342 2393 1456 2429 usque
1478 2381 1522 2416 ad
1544 2381 1655 2416 finem
1683 2383 1795 2417 vitae:

228 2448 263 2474 et
285 2440 329 2474 ad
349 2438 460 2473 talem
478 2437 784 2485 perseverantiam
802 2437 1008 2471 habendam
1024 2437 1138 2471 homo
1153 2436 1189 2470 in
1204 2436 1319 2482 gratia
1333 2436 1548 2471 constitutus
1562 2447 1637 2470 non
1652 2436 1799 2482 quidem

228 2494 365 2539 indiget
387 2493 505 2539 aliqua
529 2492 598 2526 alia
618 2490 794 2526 habituali
829 2491 955 2537 gratia,
983 2491 1045 2525 sed
1080 2490 1202 2524 divino
1239 2489 1371 2525 auxilio
1405 2490 1525 2536 ipsum
1559 2489 1747 2536 dirigente,
1766 2497 1801 2524 et

229 2555 441 2594 protegente
464 2554 589 2580 contra
610 2545 852 2579 tentationum
875 2543 1063 2590 impulsus,
1085 2543 1179 2578 sicut
1200 2555 1242 2578 ex
1264 2543 1494 2590 praecedenti
1512 2543 1723 2590 quaestione
1742 2555 1800 2590 ap-

229 2609 348 2648 paret3
371 2608 405 2635 et
427 2600 520 2641 ideo,
542 2608 736 2646 postquam
759 2598 886 2643 aliquis
909 2606 961 2632 est
982 2596 1193 2643 justificatus
1214 2609 1278 2643 per
1299 2597 1464 2643 gratiam,
1486 2607 1634 2632 necesse
1651 2597 1760 2632 habet
1778 2608 1798 2632 a

229 2656 310 2689 Deo
333 2662 455 2701 petere
478 2653 702 2700 praedictum
725 2651 1010 2698 perseverantiae
1033 2651 1183 2692 donum,
1205 2659 1243 2685 ut
1261 2650 1399 2685 scilicet
1417 2650 1639 2685 cust-odiatur
1659 2661 1679 2685 a
1697 2650 1796 2686 malo

230 2720 341 2755 usque
366 2708 408 2742 ad
432 2707 542 2742 linem
562 2707 677 2741 vitae:
700 2705 821 2739 multis
845 2705 942 2739 enim
964 2705 1067 2739 datur
1081 2705 1207 2749 gratia,
1221 2704 1349 2751 quibus
1362 2715 1438 2739 non
1452 2703 1555 2739 datur
1567 2715 1797 2751 perseverare

230 2763 266 2796 in
288 2762 413 2807 gratia.
1775 2785 1778 2787 Α

303 2816 362 2849 An
384 2825 532 2849 PRIMUM
556 2825 642 2859 ergo
665 2812 871 2853 dicendum,
893 2811 989 2858 quod
1021 2811 1176 2858 objectio
1210 2811 1271 2846 illa
1304 2810 1468 2858 procedit
1488 2811 1532 2846 de
1548 2812 1662 2858 primo
1684 2811 1796 2846 modo

233 2869 538 2916 perseverantiae3
560 2868 652 2901 sicut
673 2875 707 2901 et
728 2866 885 2901 secunda
909 2865 1064 2911 objectio
1086 2865 1251 2912 procedit
1271 2865 1314 2900 de
1334 2865 1484 2901 secundo.

304 2922 408 2958 Unde
431 2929 527 2969 patet
548 2920 680 2956 solutio
703 2931 753 2955 AD
775 2929 992 2956 SECUNDUM.

1861 1966 1875 2089 ..μμ
