1907 3198
21 597 27 604 ι

9 621 14 628 ι

12 631 26 689 f

4 692 26 730 ¹b

7 812 23 842 8

9 956 22 1011 ,ε

0 1016 25 1090 ”12

8 1096 23 1104 μ

11 1110 21 1117 ,-

473 178 696 216 QUAESTIO
730 177 854 208 XXIII.
887 176 1136 208 ARTICULUS
1169 175 1215 205 ΙΙ.
1554 175 1630 218 191

638 332 987 379 ARTICULUS
1023 332 1079 375 Π.
1572 350 1636 386 139

160 443 344 474 UTRUM
382 443 807 474 CONTRARIETAS
851 440 1169 472 PASSIONUM
1207 437 1546 469 IRASCIBILIS

253 509 321 539 SIT
354 509 596 539 SECUNDUM
629 507 1037 539 CONTRARIETATEM
1070 506 1190 546 BONI,
1222 507 1278 535 ET
1312 505 1432 535 MALI.

59 597 160 644 (Infr.
174 609 206 644 q.
219 609 277 643 40.
292 602 473 644 art.4.etq.
484 609 532 644 45.
545 603 645 634 arm.
657 609 688 633 2.
699 602 761 644 εἰς.
777 596 932 632 Dist.26.
946 601 1122 642 q.1.art.3.
1134 601 1223 642 corp.
1239 600 1269 630 et
1289 595 1375 630 Veri.
1388 606 1417 640 q.
1430 593 1485 629 26.
1495 598 1560 628 art.
1573 592 1636 638 4.).

127 688 190 724 AD
211 699 421 724 SECUNDUM
443 689 493 723 sic
517 688 736 735 proceditur.
758 687 924 729 Videtur,
946 687 1044 734 quod
1067 686 1306 720 contrarietas
1332 684 1546 732 passionum
1573 684 1639 718 ira-

0 730 29 806 Ξ
56 742 190 779 scibilis
211 753 287 777 non
308 742 354 778 sit
373 742 443 777 nisi
464 742 668 777 secundum
690 742 988 777 contrarietatem
1016 742 1104 784 boni,
1124 748 1159 775 et
1188 740 1290 775 mali:
1321 739 1512 786 passiones
1539 738 1639 772 enim

55 795 246 832 irascibilis
267 797 480 832 ordinantur
502 798 545 832 ad
564 797 753 844 passiones
776 795 1084 843 concupiscibilis,
1106 803 1145 830 ut
1172 795 1311 829 dictum
1334 802 1388 829 est
1418 794 1499 838 (art.
1521 800 1638 841 praec.

56 850 100 886 ad
117 852 186 897 1.):
209 850 272 886 sed
293 851 482 898 passiones
505 850 800 898 concupiscibilis
826 862 902 885 non
929 850 1208 892 contrariantur,
1235 849 1304 884 nisi
1331 848 1533 884 secundum
1556 859 1641 883 con-

54 905 279 941 trarietatem
301 906 392 949 boni,
416 913 451 940 et
476 905 561 940 mali
570 918 583 947 ,·
607 906 701 940 sicut
722 916 839 948 amor,
867 913 902 940 et
928 905 1068 948 odium,
1095 904 1283 952 gaudium,
1306 910 1340 938 et
1360 902 1523 946 tristitia3
1551 913 1639 950 ergo

54 970 123 995 nec
141 959 330 1007 passiones
351 959 553 994 irascibilis.

126 1024 159 1049 2.
181 1013 420 1049 PRAETEREA.
439 1013 634 1049 Passiones
653 1013 824 1049 differunt
845 1014 1049 1049 secundum
1075 1014 1231 1060 objecta,
1258 1013 1352 1048 sicut
1378 1020 1414 1048 et
1440 1021 1563 1047 motus
1589 1023 1640 1047 se-

55 1067 217 1103 cundum
237 1068 435 1111 terminos;
458 1069 520 1103 sed
543 1069 781 1104 contrarietas
803 1080 878 1104 non
901 1077 955 1103 cst
975 1069 1012 1103 in
1031 1069 1204 1110 motibus,
1226 1068 1297 1102 nisi
1323 1067 1527 1102 secundum
1555 1078 1639 1102 con-

17 1159 21 1163 ,
53 1122 277 1158 trarietatem
298 1123 554 1166 terminorum,
576 1131 614 1158 ut
635 1131 733 1170 patet
754 1123 790 1157 in
813 1135 841 1168 ς.
864 1123 1010 1170 Physic.
1034 1124 1114 1169 (tex.
1137 1124 1231 1170 49.);
1257 1133 1345 1168 ergo
1363 1133 1482 1169 neque
1505 1122 1542 1157 in
1564 1133 1642 1170 pas-

7 1225 28 1345 ὲ

10 1352 23 1374 ἡ

11 1421 21 1452 )

14 1207 20 1213 .
54 1176 216 1212 sionibus
231 1184 285 1212 est
298 1177 536 1212 contrarietas
544 1177 770 1224 passionum,
782 1177 851 1212 nisi
866 1177 1067 1212 secundun]
1085 1177 1383 1212 contrarietatem
1398 1177 1638 1223 objectorum:

22 1254 26 1260 ·
55 1230 241 1278 objectum
265 1239 388 1266 autem
411 1232 591 1279 appetitus
610 1239 663 1266 est
686 1233 822 1275 bonum,
845 1231 904 1266 vel
922 1232 1072 1273 malum;
1096 1244 1184 1278 ergo
1206 1232 1244 1266 in
1265 1231 1366 1266 nulla
1393 1232 1556 1278 potentia
1583 1243 1642 1278 ap-

53 1285 202 1332 petitiva
227 1293 348 1332 potest
373 1297 454 1321 esse
480 1286 718 1321 contrarietas
744 1286 970 1333 passionum,
996 1286 1067 1321 nisi
1100 1286 1304 1321 secundum
1343 1286 1639 1321 contrarietatem

54 1340 143 1382 boni,
166 1347 202 1375 et
222 1340 316 1374 mali.

130 1404 159 1441 3.
181 1393 421 1430 PRAETEREA.
446 1394 580 1431 Omnis
602 1395 723 1442 passio
747 1394 891 1429 animae
919 1394 1115 1429 attenditur
1140 1394 1345 1430 secundum
1373 1406 1575 1438 accessum,
1603 1402 1638 1430 et

54 1459 252 1492 recessum,
274 1457 314 1484 ut
334 1449 488 1484 Avicen.
511 1449 609 1492 dicit,
637 1449 673 1483 in
699 1447 732 1484 6.
761 1449 805 1483 de
832 1448 1092 1485 Naturalibus:
1119 1449 1181 1484 sed
1211 1460 1380 1484 accessus
1403 1457 1572 1484 causatur
1599 1461 1641 1484 ex

55 1502 197 1538 ratione
217 1502 317 1547 boni,
339 1514 505 1538 recessus
527 1511 649 1538 autem
673 1515 715 1538 ex
745 1503 886 1538 ratione
921 1503 1020 1546 mali,
1049 1503 1133 1550 quia
1163 1503 1257 1538 sicut
1276 1504 1417 1538 bonum
1449 1512 1514 1546 est,
1541 1503 1639 1550 quod

57 1557 184 1592 omnia
212 1565 398 1604 appetunt,
427 1565 467 1593 ut
495 1557 626 1592 dicitur
659 1569 687 1592 1.
714 1557 845 1601 Ethic„
872 1557 922 1592 ita
951 1557 1091 1592 malum
1114 1566 1178 1600 est,
1201 1558 1300 1605 quod
1327 1558 1452 1592 omnia
1479 1557 1638 1605 fugiunt3

57 1621 146 1659 ergo
160 1611 399 1647 contrarietas
413 1611 450 1647 in
464 1611 694 1660 passionibus
709 1612 853 1647 animae
868 1623 942 1646 non
958 1620 1078 1659 potest
1092 1624 1170 1647 esse
1184 1613 1253 1647 nisi
1275 1613 1479 1647 secundum
1502 1614 1638 1656 bonum,

58 1673 95 1701 et
111 1665 252 1702 malum.

128 1720 204 1756 SED
219 1731 388 1757 CONTRA.
405 1720 549 1764 Timor,
565 1729 600 1756 et
615 1720 767 1755 audacia
778 1729 861 1756 sunt
876 1721 1070 1763 contraria,
1081 1729 1120 1756 ut
1134 1721 1279 1768 patetin
1298 1733 1326 1768 3.
1343 1721 1460 1756 Ethic.
1475 1722 1566 1769 (cap.
1578 1721 1641 1769 7.).·

58 1774 122 1810 sed
142 1774 266 1818 timor,
289 1783 325 1811 et
343 1775 496 1810 audacia
513 1786 589 1810 non
611 1774 782 1810 differunt
803 1775 1006 1810 secundum
1029 1776 1164 1818 bonum,
1190 1783 1226 1810 et
1244 1776 1391 1817 malum,-
1410 1776 1493 1823 quia
1508 1785 1643 1811 utrum-

55 1840 126 1877 que
148 1837 202 1865 est
219 1837 386 1877 respectu
405 1829 611 1877 aliquorum
626 1829 829 1873 malorum;
845 1841 933 1876 ergo
948 1841 1023 1864 non
1040 1831 1160 1865 omnis
1176 1831 1414 1866 contrarietas
1428 1831 1643 1878 passionum

0 1929 1 1938 ἵ
54 1883 244 1919 irascibilis
265 1891 320 1919 est
339 1885 541 1919 secundum
565 1884 861 1919 contrarietatem
885 1885 975 1927 boni,
999 1892 1034 1919 et
1056 1885 1148 1919 mali.

125 1937 358 1974 RESPONDEO
369 1938 578 1982 dicendum,
593 1939 692 1986 quod
706 1939 828 1986 passio
839 1939 989 1986 quidam
1001 1947 1123 1973 motus
1138 1947 1203 1983 est,
1213 1947 1252 1974 ut
1263 1939 1393 1974 dicitur
1406 1939 1443 1974 in
1458 1939 1642 1987 3.Physic.

0 1991 1 2003 ¹
56 1991 137 2038 (tex.
159 2005 211 2040 19.
233 1997 264 2028 et
282 1993 389 2040 seq.);
413 1993 509 2028 unde
531 2001 677 2040 oportet
699 1993 996 2028 contrarietatem
1018 1993 1231 2040 passionum
1255 1994 1420 2041 accipere
1441 1994 1643 2029 secundum

57 2047 356 2082 contrarietatem
378 2055 560 2090 motuum,
581 2046 641 2082 vel
662 2047 931 2082 mutationum:
955 2055 1009 2082 est
1036 2056 1160 2082 autem
1189 2047 1312 2095 duplex
1341 2048 1579 2083 contrarietas
1606 2048 1643 2082 in

56 2101 332 2145 mutationibus,
347 2111 384 2137 et
397 2102 569 2145 motibus,
591 2110 631 2136 ut
645 2102 775 2137 dicitur
788 2102 825 2136 in
845 2113 872 2147 5.
888 2102 999 2149 Phys.
1016 2102 1088 2147 (tex
1108 2114 1163 2149 47.
1177 2103 1233 2147 48.
1253 2107 1283 2138 et
1297 2103 1392 2150 49.).·
1409 2115 1475 2138 una
1495 2103 1643 2150 quidem

60 2155 264 2192 secundum
285 2167 487 2199 accessum,
509 2164 546 2191 et
565 2167 752 2191 recessum
774 2156 817 2190 ab
848 2156 980 2191 eodem
1007 2157 1178 2200 termino,
1209 2168 1302 2204 quae
1331 2157 1480 2204 quidem
1503 2166 1644 2192 contra-

56 2210 164 2246 rietas
178 2218 233 2246 est
245 2211 390 2259 proprie
411 2211 670 2255 mutationum,
685 2211 777 2246 idest
791 2211 1049 2258 generationis,
1072 2223 1165 2258 quae
1185 2220 1239 2246 est
1256 2212 1411 2247 mutatio
1435 2212 1480 2246 ad
1499 2224 1589 2255 esse,
1609 2220 1645 2247 et

36 2299 39 2304 ,
58 2265 314 2312 corruptionis,
336 2276 429 2313 quae
451 2273 506 2301 est
527 2265 682 2300 mutatio
706 2265 748 2300 ab
772 2277 870 2300 esse:
894 2266 963 2300 alia
987 2273 1109 2300 autem
1128 2266 1330 2301 secundum
1347 2267 1643 2302 contrarietatem

56 2319 312 2363 terminorum,
334 2331 427 2367 quae
448 2320 594 2367 proprie
618 2327 672 2355 est
693 2320 930 2355 contrarietas
953 2328 1143 2355 motuum:
1167 2320 1260 2355 sicut
1274 2321 1469 2364 dealbatio,
1483 2332 1578 2368 quae
1590 2329 1644 2356 est

58 2381 181 2410 motus
203 2385 220 2410 a
243 2375 350 2422 nigro
371 2375 408 2409 in
431 2374 567 2417 album,
589 2375 787 2422 opponitur
808 2375 1064 2421 denigrationi,
1087 2387 1180 2422 quae
1199 2383 1253 2410 est
1275 2384 1397 2410 motus
1425 2376 1467 2410 ab
1497 2375 1579 2411 albo
1606 2376 1644 2410 in

58 2427 226 2476 nigrum3
247 2429 298 2464 sic
320 2429 431 2476 igitur
451 2429 488 2463 in
509 2429 740 2476 passionibus
762 2429 906 2464 animae
933 2429 1054 2477 duplex
1080 2430 1320 2464 contrarietas
1347 2430 1548 2465 invenitur:
1577 2442 1643 2465 una

59 2482 207 2530 quidem
228 2483 432 2518 secundum
454 2483 751 2518 contrarietatem
774 2483 1016 2530 objectorum,
1039 2483 1179 2519 scilicet
1194 2485 1284 2527 boni,
1302 2492 1336 2519 et
1351 2485 1455 2520 mali:
1471 2485 1539 2519 alia
1554 2496 1643 2519 vero

60 2537 262 2572 secundum
283 2549 486 2580 accessum,
508 2545 544 2572 et
564 2549 750 2572 recessum
774 2538 816 2572 ab
839 2538 971 2573 eodem
993 2538 1163 2573 termino.
1187 2539 1228 2573 In
1246 2539 1476 2586 passionibus
1496 2539 1644 2586 quidem

61 2591 355 2638 concupiscibilis
366 2591 547 2626 invenitur
557 2591 674 2639 prima
690 2592 928 2627 contrarietas
942 2601 1096 2636 tantum,
1114 2604 1206 2640 quae
1221 2593 1361 2629 scilicet
1375 2602 1428 2628 est
1442 2594 1644 2628 secundum

60 2643 222 2691 objecta:
244 2647 282 2681 in
302 2646 532 2694 passionibus
562 2654 685 2681 autem
709 2647 899 2682 irascibilis
930 2648 1112 2682 invenitur
1139 2656 1308 2695 utraque:
1335 2649 1437 2695 cujus
1469 2648 1562 2683 ratio
1590 2657 1644 2683 est

59 2698 144 2747 quia
164 2699 354 2747 obiectum
376 2700 685 2748 concupiscibilis,
707 2710 746 2736 ut
775 2713 882 2748 supra
913 2702 1052 2736 dictum
1079 2711 1133 2737 est
1154 2704 1234 2747 (art.
1259 2703 1406 2750 praec),
1429 2711 1483 2737 est
1509 2704 1643 2745 bonum,

59 2751 120 2789 vel
139 2753 267 2790 malum
286 2755 437 2790 sensibile
465 2753 641 2790 absolute.
671 2755 817 2790 Bonum
846 2763 980 2799 autem,
1011 2756 1227 2803 inquantum
1250 2757 1402 2799 bonum,
1425 2768 1503 2791 non
1526 2765 1646 2804 potest

61 2815 140 2843 esse
158 2808 339 2844 terminus
358 2816 398 2844 ut
417 2820 439 2844 a
459 2820 536 2856 quo,
559 2808 624 2844 sed
646 2808 768 2844 solum
791 2818 829 2844 ut
850 2809 893 2845 ad
914 2822 1030 2857 quam:
1054 2811 1138 2857 quia
1160 2810 1251 2845 nihil
1274 2810 1406 2857 refugit
1426 2811 1577 2854 bonum,
1596 2811 1646 2846 in-

61 2868 238 2908 quantum
257 2861 418 2906 bonum;
439 2863 502 2898 sed
521 2863 647 2898 omnia
669 2872 842 2911 appetunt
862 2864 1001 2912 ipsum:
1024 2865 1190 2900 similiter
1211 2865 1303 2900 nihil
1331 2865 1466 2912 appetit
1493 2866 1644 2909 malum,

61 2913 276 2963 inquantum
298 2916 522 2965 hujusmodi,
544 2917 606 2953 secl
628 2918 753 2953 omnia
774 2917 919 2966 fugiunt
939 2920 1077 2966 ipsum:
1102 2928 1136 2954 et
1157 2927 1305 2967 propter
1322 2919 1394 2955 hoc
1414 2920 1553 2956 malum
1569 2932 1644 2956 non
