1907 3182
270 212 350 254 144
680 211 899 247 QUAESTIO
931 212 1035 241 XVII.
1071 212 1314 242 ARTICULUS
1348 213 1406 243 IX.

805 399 1150 444 ARTICULUS
1188 400 1265 442 IX.
1763 423 1823 459 103

418 518 572 549 UTRUM
600 519 741 549 ACTUS
770 520 1054 550 EXTERIORUM
1080 500 1355 550 MEMBRORUM
1381 519 1671 551 IMPERENTUR.

511 618 617 662 (Part.
640 631 667 654 1.
695 631 724 665 q.
746 620 796 654 81.
819 624 882 654 art.
901 631 930 666 3.
952 619 995 653 ad
1015 631 1045 655 2.
1068 624 1096 654 et
1117 631 1185 655 2-2,
1209 631 1238 665 q.
1261 618 1336 654 168.
1356 623 1419 654 art.
1441 632 1468 655 1.
1492 625 1580 666 corp.

331 676 360 705 et
380 682 411 706 2.
434 671 521 706 Dist.
544 684 594 707 10.
618 684 647 718 q.
670 685 697 708 ι.
720 677 785 707 art.
808 685 838 707 2.
862 673 904 707 ad
919 685 946 719 3.
969 678 997 708 et
1025 674 1110 708 Vari.
1134 685 1163 719 q.
1186 685 1230 719 15.
1252 677 1316 707 art.
1337 683 1371 718 4.
1393 672 1435 707 ad
1451 684 1480 720 5.
1503 678 1566 709 art.
1584 684 1613 720 5.
1636 672 1678 708 ad
1702 683 1753 718 14.

779 731 807 761 et
829 727 912 761 Mal.
935 739 964 773 q.
987 738 1016 773 7.
1036 732 1099 762 art.
1121 739 1154 762 2.
1175 726 1217 761 ad
1234 727 1308 773 15).

329 824 389 860 AD
411 836 552 860 NONUM
574 827 623 860 sic
646 826 863 872 proceditur.
886 826 1050 869 Videtur,
1074 827 1170 873 quod
1193 826 1357 861 membra
1380 827 1543 873 corporis
1561 838 1636 861 non
1655 827 1826 862 obediant

256 879 387 912 rationi
409 887 583 925 quantum
607 880 649 914 ad
673 888 772 914 actus
795 892 899 915 suos:
924 888 1064 915 constat
1087 882 1183 915 enim
1207 880 1303 926 quod
1326 881 1489 914 membra
1517 880 1679 927 corporis
1708 881 1826 927 magis

257 931 389 965 distant
410 944 429 966 a
451 933 602 975 ratione,
626 945 733 979 quam
760 934 854 968 vires
883 936 1025 968 animae
1052 934 1279 980 vegetabilis:
1308 934 1369 968 sed
1396 931 1489 969 vire's
1517 935 1659 968 animae
1685 942 1828 980 vegeta-

255 984 335 1019 bilis
361 997 435 1020 non
463 987 635 1020 obediunt
661 987 802 1030 rationi,
832 995 869 1022 ut
900 988 1037 1022 dictum
1068 996 1121 1022 est
1151 989 1234 1034 (art.
1257 989 1412 1034 praec.);
1437 999 1523 1034 ergo
1557 987 1674 1023 multo
1705 988 1825 1023 minus

256 1039 419 1073 membra
442 1040 615 1085 corporis.

327 1102 357 1126 2.
380 1092 617 1128 PRAETEREA.
642 1093 718 1128 Cor
740 1101 793 1129 est
814 1095 1031 1141 principium
1053 1102 1175 1130 motus
1191 1095 1377 1130 animalis:
1401 1094 1463 1130 sed
1478 1103 1599 1130 motus
1615 1095 1733 1130 cordis
1750 1106 1825 1130 non

254 1146 415 1180 subditur
443 1147 595 1193 imperio
627 1148 792 1183 rationis:
816 1148 901 1182 dicit
924 1149 1020 1183 enirn
1045 1149 1246 1195 Gregorius
1268 1149 1455 1195 Nyssenus
1477 1149 1544 1194 (vel
1564 1149 1693 1184 Nemes.
1712 1149 1768 1185 lib.
1790 1149 1827 1184 de

254 1199 332 1233 Nat.
354 1200 455 1234 Hom.
471 1207 541 1247 cap.
558 1201 642 1246 22),
660 1202 757 1247 quod
772 1201 991 1248 pulsativum
1012 1214 1085 1237 non
1103 1211 1155 1237 est
1168 1203 1402 1249 persuasibile
1418 1203 1578 1246 ratione3
1597 1214 1685 1249 ergo
1705 1211 1825 1237 motus

253 1253 504 1287 membrorum
529 1255 773 1301 corporalium
796 1267 871 1289 non
893 1256 1055 1302 subjacet
1075 1257 1230 1303 imperio
1253 1257 1413 1291 rationis.

327 1318 355 1352 3.
379 1307 615 1342 PRAETEREA.
639 1309 792 1355 August.
810 1309 896 1344 dicit
918 1320 968 1352 14.
985 1310 1028 1344 de
1045 1309 1125 1344 Civ.
1144 1311 1214 1344 Dei
1235 1310 1323 1357 (cap.
1343 1310 1395 1345 16.
1415 1321 1434 1344 a
1452 1309 1562 1354 med),
1587 1309 1682 1356 quod
1702 1317 1823 1345 motus

252 1361 501 1395 membrorum
524 1363 735 1408 genitalium
759 1363 952 1409 aliquando
974 1364 1203 1411 importunus
1226 1373 1278 1399 est
1298 1364 1400 1399 nullo
1419 1372 1612 1410 poscente3
1629 1363 1823 1410 aliquando

253 1422 374 1449 autem
396 1415 555 1450 destituit
576 1417 794 1459 inhiantem3
819 1425 852 1451 et
874 1429 957 1451 cum
980 1419 1015 1452 in
1038 1419 1160 1453 animo
1184 1418 1480 1464 concupiscentia
1494 1417 1641 1460 ferveat,
1663 1417 1770 1464 friget
1787 1418 1823 1452 in

254 1479 426 1514 corpore;
449 1480 536 1515 ergo
559 1478 680 1504 motus
703 1472 952 1505 membrorum
973 1483 1047 1505 non
1071 1472 1244 1506 obediunt
1265 1473 1408 1506 rationi.

326 1522 400 1556 SED
428 1533 582 1558 CONTRA
606 1532 669 1566 est,
693 1524 789 1570 quod
812 1525 965 1570 August.
986 1525 1072 1560 dicit
1091 1525 1122 1559 8.
1143 1525 1312 1560 Confess.
1333 1526 1423 1572 (cap.
1446 1537 1478 1573 9.
1494 1531 1621 1572 parum
1643 1536 1662 1559 a
1678 1525 1819 1571 princ),

252 1575 406 1621 imperat
426 1577 577 1619 animus,
600 1585 638 1611 ut
658 1586 849 1612 moveatur
870 1590 1012 1621 manus,
1035 1587 1069 1613 et
1089 1586 1188 1614 tanta
1210 1588 1263 1614 est
1284 1579 1448 1622 facilitas,
1474 1586 1512 1613 ut
1540 1579 1600 1613 vix
1630 1590 1650 1613 a
1677 1579 1823 1614 servitio

253 1629 477 1664 discernatur
499 1631 704 1677 imperium.

324 1683 553 1719 RESPONDEO
581 1685 787 1728 dicendum,
809 1685 906 1732 quod
929 1686 1093 1720 membra
1116 1686 1278 1733 corporis
1301 1693 1383 1720 sunt
1405 1697 1542 1733 organa
1566 1686 1744 1732 quaedam
1764 1697 1825 1733 po-

251 1738 446 1771 tentiarum
469 1738 632 1781 animae3
655 1739 750 1773 unde
774 1750 817 1773 eo
840 1739 964 1782 modo,
987 1751 1058 1786 quo
1081 1739 1264 1786 potentiae
1289 1740 1432 1774 animae
1454 1752 1492 1775 se
1513 1739 1650 1775 habent
1676 1739 1719 1774 ad
1737 1740 1822 1783 hoc,

250 1791 347 1836 quod
370 1791 538 1826 obediant
567 1792 708 1835 rationi,
731 1793 802 1826 hoc
829 1793 942 1827 modo
973 1805 1010 1828 se
1038 1793 1174 1828 habent
1204 1793 1312 1828 etiam
1341 1794 1504 1840 corporis
1530 1793 1711 1828 membra:
1740 1793 1823 1840 quia

249 1845 357 1890 igitur
377 1846 471 1880 vires
493 1846 685 1881 sensitivae
708 1846 907 1881 subduntur
925 1847 1079 1894 imperio
1099 1848 1260 1890 rationis,
1278 1859 1353 1882 non
1374 1856 1495 1882 autern
1515 1847 1609 1882 vires
1627 1847 1822 1890 naturales,

250 1898 331 1933 ideo
355 1910 483 1934 omnes
506 1908 626 1934 motus
653 1900 915 1943 membrorum,
943 1912 1035 1947 quae
1063 1909 1257 1936 moventur
1284 1913 1303 1935 a
1330 1902 1501 1948 potentiis
1528 1901 1719 1944 sensitivis,
1745 1901 1824 1935 sub-

250 1952 382 1987 duntur
402 1953 555 1999 imperio
578 1954 743 1989 rationis:
767 1963 888 1989 motus
912 1963 1033 1989 autem
1056 1955 1319 1998 membrorum,
1342 1957 1403 2002 qui
1425 1962 1697 2001 consequuntur
1728 1954 1822 1989 vires

249 2006 444 2049 naturales,
466 2018 540 2041 non
563 2007 760 2042 subduntur
782 2009 936 2055 imperio
959 2009 1120 2043 rationis.

321 2060 381 2094 AD
411 2071 561 2095 PRIMUM
584 2073 671 2107 ergo
695 2062 899 2105 dicendum,
923 2063 1020 2108 quod
1047 2063 1211 2097 membra
1241 2074 1315 2097 non
1338 2069 1487 2097 movent
1509 2062 1639 2109 seipsa,
1657 2062 1719 2097 sed
1747 2073 1823 2097 mo-

248 2122 376 2148 ventur
397 2126 460 2160 per
481 2115 659 2160 potentias
682 2116 845 2159 animae3
864 2128 1018 2162 quarum
1037 2116 1215 2163 quaedam
1235 2124 1316 2151 sunt
1334 2116 1465 2151 rationi
1483 2116 1688 2158 viciniores,
1711 2127 1820 2162 quam

248 2169 341 2201 vires
364 2168 506 2202 animae
533 2169 756 2214 vegetabilis.

319 2221 378 2256 AD
399 2232 605 2257 SECUNDUM
627 2222 834 2265 dicendum,
857 2224 953 2269 quod
975 2224 1011 2257 in
1030 2224 1097 2266 his,
1114 2235 1205 2270 quae
1221 2223 1264 2258 ad
1283 2223 1520 2266 intellectum,
1541 2231 1576 2258 et
1592 2222 1820 2258 voluntatem

248 2276 437 2321 pertinent,
459 2275 616 2321 primum
637 2277 816 2311 invenitur
838 2277 884 2319 id,
908 2277 1004 2323 quod
1028 2286 1081 2312 est
1102 2278 1302 2313 secundum
1324 2286 1503 2320 naturam,
1527 2288 1568 2311 ex
1590 2288 1662 2323 quo
1679 2276 1748 2310 alia
1764 2277 1821 2311 de-

249 2329 428 2372 rivantur3
450 2337 487 2363 ut
511 2341 529 2363 a
553 2330 761 2376 cognitione
784 2331 1041 2377 principiorum
1065 2332 1276 2366 naturaliter
1297 2340 1469 2366 notorum
1494 2331 1654 2377 cognitio
1678 2330 1822 2365 conclu-

248 2383 405 2425 sionum,
429 2391 462 2417 et
485 2395 503 2417 a
524 2383 710 2418 voluntate
741 2384 820 2418 finis
851 2385 1062 2419 naturaliter
1092 2385 1283 2420 desiderati
1310 2385 1491 2420 derivatur
1518 2385 1648 2419 electio
1679 2395 1819 2426 eorum,

248 2449 339 2482 quae
362 2445 443 2471 sunt
466 2437 508 2471 ad
532 2437 660 2479 fine1n3
688 2438 735 2471 ita
764 2439 875 2472 etiam
906 2439 941 2472 in
974 2439 1222 2485 corporalibus
1255 2440 1413 2474 motibus
1441 2438 1659 2485 principium
1690 2446 1743 2472 est
1768 2449 1821 2473 sc-

224 2490 405 2529 ,cundum
428 2499 606 2526 naturam.
641 2491 863 2538 Principium
900 2501 1020 2526 autem
1050 2493 1249 2539 corporalis
1279 2501 1400 2528 motus
1427 2500 1481 2527 est
1507 2504 1525 2527 a
1553 2500 1654 2526 motu
1683 2492 1818 2535 cordis;

247 2544 341 2578 unde
369 2552 489 2579 motus
518 2545 635 2579 cordis
663 2546 863 2579 secundum
891 2555 1057 2580 naturam
1087 2555 1150 2588 est,
1178 2555 1212 2581 et
1238 2558 1313 2581 non
1340 2547 1542 2581 secundum
1573 2545 1818 2581 voluntatem:

248 2600 479 2644 consequitur
506 2599 615 2641 enim,
638 2599 728 2633 sicut
750 2611 812 2645 per
835 2611 871 2634 se
896 2600 1073 2642 accidens,
1097 2601 1221 2643 vitam,
1242 2612 1332 2647 quae
1356 2609 1408 2635 est
1428 2612 1470 2634 ex
1489 2600 1623 2634 unione
1644 2599 1818 2646 corporis,

247 2660 280 2685 et
299 2652 458 2686 animae:
478 2652 569 2686 sicut
589 2661 709 2686 motus
726 2654 902 2697 gravium,
922 2662 956 2688 et
974 2653 1109 2688 levium
1126 2655 1358 2700 consequitur
1372 2654 1529 2688 formam
1545 2652 1817 2688 substantialem

246 2706 424 2750 ipsorum3
446 2706 540 2740 unde
561 2714 593 2741 et
611 2718 628 2740 a
644 2716 838 2751 generant:
856 2708 994 2741 moveri
1012 2708 1188 2749 dicuutur,
1205 2708 1405 2742 secundum
1420 2707 1557 2742 Philos.
1574 2708 1608 2741 in
1624 2708 1655 2741 8.
1671 2707 1816 2753 Physic.

249 2760 326 2803 (tax.
349 2772 403 2805 29.
426 2765 454 2794 et
471 2761 564 2806 serp),
586 2769 619 2794 et
638 2768 783 2806 propter
806 2761 874 2794 hoc
896 2770 1016 2794 motus
1037 2763 1099 2795 iste
1119 2763 1231 2796 ‘vitulis
1250 2762 1395 2803 dicitur3
1416 2762 1510 2796 unde
1530 2761 1640 2807 Greg.
1661 2761 1816 2806 Nyssen.

247 2813 330 2847 dicit
352 2814 429 2858 (loc.
450 2816 502 2848 cit.
524 2816 555 2848 in
578 2816 679 2859 arg),
703 2815 799 2860 quod
822 2815 913 2848 sicut
936 2815 1199 2859 generativum,
1223 2824 1257 2849 et
1279 2816 1489 2850 nutritivum
1518 2826 1591 2849 non
1618 2814 1740 2848 obedit
1766 2826 1817 2848 ra-

246 2867 347 2909 tioni,
370 2869 416 2901 ita
438 2879 504 2902 uec
528 2867 758 2914 pulsativum,
778 2869 873 2914 quod
898 2876 948 2902 est
971 2868 1089 2902 vitale.
1112 2869 1334 2903 l‘ulsativum
1356 2877 1476 2903 autem
1497 2868 1652 2915 appellat
1674 2876 1814 2902 motum

247 2920 376 2963 cordis,
399 2922 457 2966 qui
481 2921 728 2956 manifestatur
749 2934 812 2968 per
833 2933 942 2956 venas
965 2922 1158 2968 pulsatiles.
