1875 3198
232 184 316 237 564
609 196 831 231 QUAESTIO
865 196 1026 225 LXXVII.
1062 197 1306 226 ARTICULUS
1340 197 1414 227 VII.

230 283 293 317 est,
316 275 412 321 quod
435 275 568 322 aliquid
591 276 719 310 dicitur
740 276 986 310 voluntarium
1000 276 1130 318 directe,
1153 276 1211 311 vel
1230 277 1398 312 indirecte:
1422 277 1557 312 directe
1575 278 1723 324 quidem
1744 279 1792 322 id,

229 329 264 361 in
283 329 379 374 quod
394 328 560 363 voluntas
576 329 704 364 fertur:
720 330 893 363 indirecte
910 338 1029 363 autem
1049 329 1148 372 illud,
1167 330 1263 376 quod
1278 330 1445 364 voluntas
1459 332 1576 377 potuit
1589 332 1792 377 prohibere,

229 382 290 415 sed
324 393 398 415 non
428 383 604 428 prohibet.
635 382 845 416 Secundum
879 382 949 416 hoc
984 383 1092 428 igitur
1125 383 1419 428 distinguendum
1452 392 1520 418 est:
1556 386 1639 430 quia
1671 385 1791 431 passio

229 435 445 481 quandoque
468 435 614 480 quidem
636 443 688 469 est
709 443 818 477 tanta,
841 436 936 481 quod
959 435 1117 469 totaliter
1139 435 1252 470 aufert
1266 447 1371 470 usum
1392 437 1562 479 rationis;
1583 437 1677 472 sicut
1695 446 1793 484 patet

229 488 263 521 in
297 488 365 530 his,
394 489 455 534 qui
480 496 625 534 propter
652 500 828 530 amorem,
855 488 913 522 vel
938 490 1029 522 iram
1063 489 1262 523 insaniunt:
1291 497 1326 523 et
1351 498 1435 524 tunc
1463 490 1492 524 si
1516 489 1598 524 talis
1625 493 1745 536 passio
1773 503 1792 524 a

228 541 403 587 principio
425 540 530 575 fuerit
550 541 766 583 voluntaria,
780 543 976 588 imputatur
996 550 1095 576 actus
1112 542 1154 575 ad
1170 550 1380 588 peccatum3
1400 543 1483 589 quia
1498 551 1552 577 est
1567 543 1792 578 voluntarius

228 595 263 628 in
286 606 349 628 sua
372 605 497 636 causa3
516 595 609 628 sicut
634 595 743 628 etiam
766 595 809 628 de
832 595 1002 629 ebrietate
1030 595 1167 629 dictum
1190 603 1243 630 est
1269 595 1338 640 (bic
1359 597 1497 642 sztpra).·
1519 596 1550 630 si
1570 607 1657 630 vero
1685 607 1792 631 causa

228 659 301 681 non
330 647 436 682 fuerit
462 647 678 690 voluntaria,
713 648 773 682 sed
803 647 988 689 naturalis,
1010 656 1095 694 puta
1125 660 1209 682 cum
1236 648 1363 694 aliquis
1397 660 1439 683 ex
1470 649 1704 695 aegritudine,
1734 650 1792 684 vel

229 700 347 746 aliqua
366 701 575 746 hujusmodi
598 712 705 734 causa
724 701 847 734 incidit
865 701 900 734 in
918 700 1029 735 talem
1044 701 1264 746 passionem,
1279 713 1371 747 quae
1385 701 1544 736 totaliter
1557 701 1672 736 aufert
1685 714 1792 737 usum

229 754 387 796 rationis,
411 762 510 788 actus
533 754 684 788 omnino
707 754 865 788 redditur
886 754 1169 797 involuntarius3
1192 762 1226 788 et
1251 766 1314 800 per
1336 766 1562 801 consequens
1587 755 1746 790 totaliter
1773 768 1792 790 a

229 815 379 852 peccato
402 815 607 841 excusatur:
631 807 848 853 quandoque
869 818 956 841 vero
983 807 1103 853 passio
1130 818 1204 841 non
1231 816 1284 842 est
1304 816 1415 850 tanta,
1441 808 1538 854 quod
1559 807 1718 842 totaliter
1743 809 1792 843 in-

227 860 392 906 tercipiat
412 872 518 894 usum
539 862 703 894 rationis:
727 869 761 894 et
778 869 863 894 tunc
886 861 977 894 ratio
999 868 1118 906 potest
1138 861 1345 906 passionem
1367 860 1557 896 excludere
1579 861 1791 896 divertendo

229 913 272 946 ad
307 913 394 947 alias
422 914 673 958 cogitationes,
703 913 761 947 vel
791 914 967 959 impedire
993 925 1038 947 ne
1065 925 1171 947 suum
1198 922 1466 960 consequantur
1493 913 1681 948 effectum:
1708 915 1792 961 quia

229 967 393 1000 membra
414 978 488 1000 non
511 966 735 1013 applicantur
756 967 868 1012 operi,
889 967 958 1000 nisi
972 978 1035 1012 per
1057 978 1274 1001 consensum
1297 968 1456 1009 rationis,
1475 975 1513 1001 ut
1530 979 1637 1014 supra
1655 968 1790 1002 dictum

229 1029 281 1054 est
304 1020 347 1065 (q.
371 1031 421 1066 17.
444 1025 507 1054 art.
531 1020 602 1066 9.),·
625 1021 720 1064 unde
741 1019 821 1054 talis
840 1020 959 1066 passio
981 1031 1055 1053 non
1075 1020 1233 1054 totaliter
1255 1028 1401 1054 excusat
1422 1032 1441 1054 a
1463 1028 1626 1066 peccato.

299 1074 358 1107 AD
373 1084 522 1108 PRIMUM
550 1084 636 1119 ergo
660 1074 864 1115 dicendum,
887 1073 984 1119 quod
1011 1073 1082 1106 hoc
1105 1073 1201 1119 quod
1229 1073 1375 1108 dicitur:
1409 1074 1453 1108 Ut
1477 1085 1543 1108 non
1568 1085 1790 1120 quaecumque

227 1127 338 1169 vultis,
361 1127 572 1173 illafaciatis,
590 1138 664 1160 non
688 1135 740 1161 est
763 1126 990 1161 referendum
1009 1126 1051 1160 ad
1068 1138 1121 1168 ea,
1136 1137 1227 1172 quae
1242 1126 1332 1161 fiunt
1344 1138 1409 1173 per
1423 1126 1639 1161 exteriorem
1654 1135 1788 1169 actum,

228 1180 288 1214 sed
305 1180 348 1213 ad
367 1180 576 1214 interiorem
597 1180 913 1226 concupiscentiae
933 1187 1094 1222 motum3
1117 1179 1226 1213 vellet
1245 1182 1341 1214 enim
1355 1180 1470 1214 homo
1489 1191 1690 1226 numquam
1709 1191 1793 1214 con-

229 1235 413 1280 cupiscere
436 1233 591 1267 malum:
615 1234 706 1268 sicut
728 1234 837 1267 etiam
861 1234 1050 1280 exponitur
1071 1233 1118 1276 id,
1141 1234 1238 1279 quod
1261 1233 1390 1268 dicitur
1411 1233 1518 1268 Rom.
1542 1244 1591 1279 7.:
1616 1233 1717 1279 Quod
1737 1234 1792 1268 odi

229 1288 368 1330 mulum,
386 1287 466 1321 illud
476 1288 592 1333 facio:
612 1287 670 1321 vel
685 1295 803 1334 potest
820 1286 943 1321 referri
962 1287 1004 1320 ad
1023 1287 1249 1321 voluntatem
1264 1287 1544 1334 praecedentem
1563 1287 1789 1334 passionem;

229 1349 265 1375 ut
288 1349 383 1387 patet
405 1341 440 1374 in
462 1341 781 1383 incontinentibus,
797 1341 857 1386 qui
880 1348 1005 1374 contra
1027 1352 1134 1374 suurn
1155 1341 1382 1387 propositum
1401 1349 1512 1387 agunt
1526 1349 1673 1387 propter
1688 1352 1790 1375 suam

228 1394 572 1440 concupiscentiam.

299 1448 358 1482 AD
390 1459 597 1482 SECUNDUM
625 1448 831 1490 dicendum,
862 1447 959 1493 quod
994 1447 1199 1493 ignorantia
1233 1447 1470 1494 particularis,
1505 1459 1597 1494 quae
1630 1447 1790 1482 totaliter

229 1509 387 1542 excusat,
410 1509 463 1535 est
484 1501 689 1547 ignorantia
712 1501 1025 1542 circumstantiae3
1048 1512 1157 1547 quam
1179 1501 1325 1547 quidem
1348 1501 1426 1547 quis
1453 1501 1544 1535 scire
1571 1512 1646 1536 non
1672 1509 1791 1547 potest

229 1555 348 1588 debita
363 1554 548 1600 diligentia
571 1554 752 1589 adhibita:
776 1555 837 1588 sed
860 1555 978 1600 passio
999 1562 1123 1588 causat
1141 1554 1383 1600 ignorantiam
1404 1554 1489 1600 juris
1515 1555 1551 1588 in
1573 1554 1789 1601 particulari,

229 1608 315 1641 dum
330 1608 480 1654 impedit
492 1607 769 1654 applicationem
783 1607 988 1641 communis
1004 1607 1175 1642 scientiae
1192 1608 1234 1641 ad
1250 1607 1504 1654 particularem
1522 1616 1662 1650 actum3
1677 1619 1787 1654 quam

228 1662 373 1707 quidem
397 1661 605 1707 passionem
627 1661 717 1695 ratio
740 1660 913 1707 repellere
935 1669 1064 1707 potest,
1087 1669 1125 1694 ut
1146 1661 1282 1695 dictum
1305 1669 1358 1695 est
1381 1661 1431 1704 (in
1453 1667 1542 1707 corp.
1565 1661 1659 1706 art.).

300 1715 359 1749 AD
387 1726 557 1749 TERTHJM
580 1715 786 1756 dicendum,
808 1715 904 1760 quod
931 1714 1120 1748 infirmitas
1148 1715 1310 1761 corporis
1337 1722 1390 1748 est
1415 1714 1670 1756 involuntaria,
1697 1723 1791 1749 esset

229 1776 348 1802 autern
372 1768 500 1810 simile,
523 1769 552 1803 si
574 1776 668 1802 esset
687 1767 910 1810 voluntaria3
934 1768 1026 1802 sicut
1044 1768 1086 1801 de
1106 1768 1277 1802 ebrietate
1299 1768 1436 1802 dictum
1455 1775 1508 1803 est
1522 1769 1573 1812 (in
1591 1774 1681 1815 corp.
1693 1769 1788 1814 art),

228 1833 318 1868 quae
341 1830 394 1856 est
415 1823 593 1868 quaedam
616 1821 814 1867 corporalis
837 1821 1036 1855 infirmitas.

770 1963 1115 2009 ARTICULUS
1150 1963 1274 2006 VIII.
1720 1986 1788 2019 422

229 2072 379 2101 UTRUM
409 2072 658 2111 PECCATUM,
688 2071 813 2107 QUOD
841 2071 920 2101 EST
948 2072 1002 2100 EX
1024 2071 1244 2110 PASSIONE,
1267 2071 1418 2100 POSSlT
1438 2071 1540 2100 ESSE
1565 2071 1788 2101 MORTALE.

616 2160 718 2204 (Mal.
741 2172 772 2205 q.
789 2171 817 2206 3.
840 2164 903 2193 art.
926 2171 976 2194 10.
997 2164 1026 2194 et
1043 2171 1070 2205 3.
1093 2159 1202 2194 Ethic.
1226 2158 1294 2193 lect.
1317 2159 1396 2204 17.).

298 2249 358 2283 AD
374 2258 562 2282 OCTAVUM
578 2248 625 2281 sic
641 2248 855 2294 proceditur.
869 2247 1030 2289 Videtur,
1047 2247 1142 2293 quod
1161 2255 1362 2293 peccatum,
1378 2247 1475 2293 quod
1485 2255 1538 2281 est
1553 2259 1595 2281 ex
1609 2247 1788 2294 passione,

228 2314 301 2336 non
324 2302 436 2348 possit
457 2313 534 2335 esse
557 2301 728 2335 mortale:
757 2301 896 2335 veniale
924 2301 1021 2335 enim
1048 2308 1238 2346 peccatum
1266 2300 1434 2334 dividitur
1461 2308 1586 2335 contra
1614 2300 1787 2336 mortale:

229 2356 290 2390 sed
313 2363 516 2401 peccatum,
539 2355 634 2400 quod
655 2363 707 2388 est
728 2366 769 2388 ex
784 2354 1002 2395 infirmitate,
1018 2362 1071 2388 est
1088 2353 1249 2395 veniale3
1271 2365 1355 2387 cum
1377 2353 1508 2388 habeat
1529 2353 1564 2387 in
1586 2364 1625 2388 se
1639 2364 1786 2388 causam

227 2409 373 2451 veniae3
395 2420 477 2442 cum
501 2408 608 2454 igitur
629 2416 831 2454 peccatum,
851 2408 946 2453 quod
967 2416 1019 2442 est
1037 2418 1078 2441 ex
1094 2407 1272 2453 passione,
1288 2407 1333 2441 sit
1351 2418 1393 2441 ex
1411 2406 1630 2449 infirmitate,
1647 2407 1788 2442 videtur

227 2463 323 2509 quod
345 2473 418 2496 non
441 2462 554 2508 possit
575 2473 652 2495 esse
675 2461 838 2495 mortale.

299 2527 330 2550 2.
354 2516 589 2550 Pium-mm.
614 2514 735 2549 Causa
758 2523 810 2548 est
831 2515 951 2560 potior
973 2514 1121 2548 effectu:
1145 2513 1206 2548 sed
1229 2513 1348 2560 passio
1371 2524 1444 2547 non
1467 2521 1585 2559 potest
1605 2524 1683 2548 esse
1710 2524 1789 2560 pec-

229 2578 350 2603 catum
374 2569 547 2603 mortale:
570 2579 643 2602 non
667 2568 763 2601 enim
780 2568 813 2601 in
836 2567 1067 2602 sensualitate
1087 2575 1140 2602 est
1159 2575 1348 2613 peccatum
1371 2566 1537 2608 mortale,
1556 2574 1595 2601 ut
1609 2567 1788 2613 supraha-

229 2623 340 2657 bitum
363 2631 416 2656 est
439 2623 483 2668 (q.
507 2633 560 2668 74.
583 2626 646 2655 art.
669 2622 739 2666 4.),·
764 2633 850 2667 ergo
874 2629 1076 2667 peccatum,
1099 2621 1195 2667 quod
1219 2628 1272 2654 est
1294 2631 1335 2654 ex
1363 2620 1543 2666 passione,
1569 2631 1644 2654 non
1670 2627 1788 2666 potest

227 2687 304 2710 esse
327 2675 490 2710 mortale.

304 2740 329 2774 3.
354 2729 590 2763 PRAETERffl.
613 2728 738 2762 Passio
767 2728 909 2762 abducit
937 2739 954 2761 a
983 2728 1132 2769 ratione,
1161 2736 1198 2761 ut
1223 2738 1265 2762 ex
1291 2726 1396 2761 dictis
1423 2734 1521 2772 patet
1546 2726 1630 2772 (art.
1651 2735 1678 2760 ι.
1699 2731 1728 2761 ει
1753 2737 1784 2761 2.

228 2783 296 2828 lmj.
318 2784 364 2828 q.)
379 2796 388 2817 .·
412 2783 473 2816 sed
497 2782 644 2816 rationis
667 2790 720 2816 est
741 2782 901 2815 converti
926 2781 967 2815 ad
997 2782 1128 2823 Deum,
1155 2780 1212 2815 vel
1239 2780 1350 2814 averti
1377 2791 1396 2813 a
1423 2780 1525 2822 Deo3
1546 2779 1583 2814 in
1603 2790 1676 2826 quo
1703 2790 1786 2814 con·

228 2836 318 2870 sistit
340 2836 430 2870 ratio
454 2836 591 2882 pcccati
611 2834 792 2876 mortali53
816 2843 1003 2880 peccatum
1023 2846 1123 2879 ergo,
1138 2834 1234 2880 quod
1254 2842 1306 2868 est
1321 2844 1362 2868 ex
1378 2833 1556 2879 passione,
1575 2843 1648 2867 non
1668 2839 1786 2879 potest

229 2901 305 2924 csse
329 2889 493 2924 mortale.
