1955 3182
275 181 329 235 58
716 192 937 227 QUAi-:srlo
973 192 1028 222 tv.
1063 192 1309 222 ARTICULUS
1344 192 1400 222 vr.

273 275 388 307 immo
418 273 610 318 requiritur
637 273 680 306 ad
713 284 807 314 eam,
834 281 873 306 ut
904 272 1055 306 omnino
1084 273 1204 306 anima
1231 273 1275 306 sit
1309 283 1327 306 a
1358 283 1512 318 corpore
1539 280 1725 318 separata3
1752 273 1849 306 unde

274 327 369 372 Aug.
396 336 447 360 12.
470 325 513 360 de
536 326 615 360 Civ.
638 326 707 360 Dei
728 327 816 372 (cap.
839 327 894 361 26.
918 327 951 359 in
966 327 1092 371 princ.)
1116 325 1311 360 introducit
1332 326 1445 359 verba
1468 325 1663 371 Porphyrii
1682 325 1847 366 dicentis,

274 380 371 425 quod
393 379 435 413 ad
456 380 514 413 hoc
535 379 620 424 quod
640 380 681 413 sit
703 380 798 413 beata
819 380 946 421 anima,
969 390 1062 412 omne
1083 385 1201 424 corpus
1217 378 1415 423 fugiendum
1444 383 1504 412 est:
1533 379 1595 412 sed
1623 379 1694 412 hoc
1718 386 1771 412 est
1791 378 1846 412 in-

275 433 512 466 conveniens:
530 443 612 465 cum
629 432 725 465 enim
744 431 906 465 naturale
925 432 969 465 sit
983 431 1126 465 animae
1142 431 1285 477 corpori
1299 431 1407 473 uniri,
1422 442 1496 465 non
1513 439 1632 477 potest
1646 442 1735 473 esse,
1751 431 1849 477 quod

274 486 449 532 perfectio
476 486 619 519 animae
646 484 849 519 naturalem
876 486 950 530 ejus
977 484 1239 530 perfectionem
1265 484 1446 518 excludat.
1474 483 1520 518 Et
1544 484 1626 518 ideo
1654 484 1849 518 dicendum

276 547 339 581 est,
354 539 450 585 quod
466 538 509 572 ad
523 538 783 572 beatitudinem
799 538 967 572 omnibus
990 538 1107 571 modis
1123 537 1319 583 perfectam
1337 537 1530 583 requiritur
1553 536 1710 583 perfecta
1733 537 1853 583 dispo-

275 592 356 626 sitio
372 592 534 638 corporis
550 599 584 625 et
598 591 827 632 antecedenter,
843 599 877 624 et
891 596 1135 636 consequenter:
1159 591 1380 625 antecedenter
1401 590 1565 636 quidem,
1588 590 1683 636 quia,
1698 597 1737 624 ut
1753 590 1849 636 Aug.

276 644 362 678 dicit
391 654 442 678 12.
469 655 576 690 super
599 644 689 678 Gen.
713 644 757 677 ad
778 643 920 678 literam
944 643 1029 690 (cap.
1045 645 1130 690 35.).·
1153 644 1189 678 Si
1211 644 1272 678 tale
1303 645 1345 678 sit
1367 649 1497 689 corpus,
1520 645 1612 688 cujus
1637 645 1677 677 sit
1698 643 1848 688 difficilis,

275 703 306 732 et
323 699 438 743 gravis
459 697 716 738 administratio,
739 699 822 731 sicut
843 708 934 739 caro,
958 709 1038 742 quae
1066 699 1308 743 corrmnpitur,
1336 701 1364 731 et
1389 701 1554 742 aggravat
1580 697 1732 730 animam
1758 708 1854 731 aver-

276 751 358 785 titur
378 762 465 785 mens
486 752 526 785 al]
550 751 608 784 illa
628 752 756 784 visione
776 751 897 784 sumini
918 750 1018 790 cotti,-
1042 750 1135 784 unde
1152 750 1352 791 concludit,
1373 750 1471 795 quod
1486 761 1560 784 cuin
1575 750 1633 784 hoc
1648 756 1764 795 corpus
1773 751 1849 795 jam

276 815 341 837 non
368 805 429 837 erit
456 803 612 845 animale,
633 803 685 838 sed
705 804 888 849 spirituale,
912 808 988 838 tunc
1010 804 1128 848 angelis
1155 804 1409 848 adaequabitur,
1434 808 1462 837 et
1483 804 1547 837 erit
1569 804 1598 837 ei
1624 803 1666 837 ad
1690 803 1849 848 gloriam,

276 856 363 902 quod
382 858 531 891 sarcinae
550 857 642 902 fuit:
670 861 898 902 consequenter
922 867 1021 898 vero,
1050 857 1133 902 quia
1159 867 1201 889 ex
1228 855 1453 890 beatitudine
1477 856 1621 890 animae
1639 855 1700 889 fiet
1721 855 1852 890 redun-

276 909 397 943 dantia
416 910 459 943 ad
479 921 621 955 corpus,
644 917 682 944 ut
704 918 738 944 et
760 911 875 955 ipsum
899 920 961 942 sua
980 909 1200 954 perfectione
1219 909 1405 955 potiatur;
1427 908 1521 942 unde
1541 909 1698 954 August.
1714 908 1800 943 dicit
1814 909 1851 942 in

277 963 376 1009 epist,
404 962 455 1007 56.
479 963 522 996 ad
545 963 785 996 Dioscorum:
818 963 901 996 Tum
918 963 1046 1008 potenti
1064 967 1185 996 natura
1205 963 1293 996 Deus
1306 962 1394 1007 fecit
1411 962 1574 1002 animam,
1597 966 1633 996 ut
1650 964 1770 1008 exejus
1784 962 1854 1008 ple-

276 1017 411 1051 nissima
433 1015 633 1050 beatitudine
655 1015 810 1049 redundat
832 1017 865 1049 in
888 1016 1081 1060 inferiorern
1103 1020 1259 1049 naturam
1282 1016 1549 1061 incorruptionis
1569 1016 1678 1060 vigor.

347 1069 407 1103 AD
434 1079 595 1110 PRIMUM,
618 1079 704 1113 ergo
727 1068 932 1109 dicendum,
955 1068 1051 1113 quod
1074 1068 1109 1101 in
1133 1067 1313 1113 corporali
1333 1067 1434 1102 bono
1459 1078 1534 1101 non
1558 1068 1722 1102 consistit
1742 1067 1852 1102 beati-

276 1122 377 1163 tudo,
390 1122 482 1156 sicut
496 1122 531 1155 in
548 1122 690 1166 objecto
713 1121 960 1155 beatitudinis:
983 1121 1045 1154 sed
1068 1120 1258 1166 corporale
1280 1121 1420 1155 bonurn
1444 1129 1565 1166 potest
1584 1120 1704 1155 facere
1727 1121 1772 1155 ad
1793 1121 1854 1155 ali—

277 1187 386 1221 quem
410 1175 640 1209 beatitudinis
663 1174 847 1216 decorem,
869 1174 926 1208 vel
948 1173 1223 1220 perfectionem.

348 1229 408 1262 AD
430 1239 638 1263 SECUNDUM
660 1227 865 1269 dicendum,
888 1228 985 1273 quod
1008 1228 1073 1261 etsi
1097 1239 1226 1273 corpus
1247 1227 1339 1261 nihil
1363 1226 1527 1262 conferat
1546 1227 1589 1261 ad
1608 1227 1710 1261 illam
1729 1239 1854 1273 opera-

278 1282 417 1316 tionem
438 1281 653 1322 intellectus‚
676 1292 745 1326 qua
767 1280 836 1314 Dei
858 1281 1012 1315 essentia
1033 1281 1183 1322 videtur,
1206 1289 1329 1314 tamen
1353 1289 1478 1326 posset
1499 1281 1541 1314 ab
1563 1281 1633 1314 hac
1656 1281 1851 1326 impedire:

279 1343 313 1370 et
331 1335 413 1369 ideo
435 1335 626 1380 requiritur
646 1333 819 1380 perfectio
844 1334 1016 1379 corporis,
1039 1341 1075 1367 ut
1097 1345 1170 1367 non
1192 1333 1366 1379 impediat
1390 1333 1635 1368 elevationem
1653 1334 1796 1368 mentis.

237 1387 243 1393 ’
350 1388 410 1422 AD
434 1398 605 1422 TERTIUM
628 1387 833 1428 dicendum,
849 1387 945 1432 quod
961 1387 1003 1420 ad
1018 1386 1216 1431 perfectam
1238 1387 1496 1434 operationem
1515 1386 1720 1428 intellectus
1738 1387 1854 1433 requi-

279 1441 367 1475 ritur
388 1441 533 1486 quidem
557 1441 749 1475 abstractio
773 1441 814 1474 ab
837 1441 907 1474 hoc
932 1440 1155 1486 corruptibili
1182 1452 1348 1486 corpore,
1371 1440 1469 1486 quod
1485 1449 1659 1486 aggravat
1673 1441 1852 1474 animam:

279 1505 353 1528 non
377 1502 498 1528 autem
521 1506 539 1528 a
562 1493 736 1540 spirituali
755 1504 925 1540 corpore;
945 1494 1041 1539 quod
1061 1494 1126 1527 erit
1140 1493 1299 1528 totaliter
1315 1494 1455 1539 spiritui
1470 1495 1685 1539 subjectum.
1704 1494 1761 1528 De
1779 1506 1851 1540 quo

279 1548 315 1581 in
331 1548 434 1582 tertia
448 1556 547 1594 parte
561 1548 667 1593 hujus
690 1548 808 1593 operis
828 1547 975 1581 dicetur.
999 1548 1060 1592 (Et
1081 1547 1228 1582 dicturus
1248 1552 1330 1588 erat,
1346 1549 1410 1582 nisi
1425 1549 1753 1593 nzorspraevenisset.
1775 1547 1852 1582 Vide

279 1602 488 1648 supplement.
508 1613 539 1635 2.
562 1606 592 1636 et
612 1601 703 1646 seq).

832 1699 1176 1744 ARTicutus
1199 1700 1300 1743 VH.
1810 1724 1847 1759 31

280 1802 434 1831 UTRUM
454 1802 512 1830 AD
542 1802 874 1831 BEATITUDINEM
901 1802 1211 1837 REQUIRANTUR
1240 1801 1408 1838 ALIQUA
1437 1802 1689 1832 EXTERIORA
1715 1803 1848 1833 BONA.

820 1885 901 1929 (2-2.
924 1895 953 1930 (J.
976 1885 1025 1919 18.
1048 1890 1113 1919 art.
1133 1897 1161 1930 3.
1183 1884 1225 1918 ad
1246 1885 1309 1929 4.).

377 1967 436 2001 AD
457 1977 649 2001 SEPTIMUM
670 1967 720 2001 sic
744 1967 959 2013 proceditur.
979 1966 1142 2008 Videtur,
1162 1966 1259 2012 quod
1281 1967 1325 2000 ad
1345 1966 1606 2001 beatitudinem
1625 1967 1853 2013 requirantur

282 2020 391 2054 etiam
414 2020 590 2054 exteriora
611 2020 718 2061 bona,
742 2021 839 2066 quod
862 2020 958 2054 enim
981 2020 1016 2053 in
1039 2020 1241 2066 praemium
1264 2020 1397 2054 sanctis
1418 2020 1652 2066 promittitur,
1680 2021 1722 2054 ad
1745 2021 1853 2055 beati-

280 2074 443 2108 tudinem
465 2073 637 2119 pertinet:
661 2073 722 2108 sed
741 2074 873 2107 sanctis
896 2074 1196 2119 repromittuntur
1218 2073 1398 2107 exteriora
1424 2073 1532 2115 bona,
1554 2073 1647 2108 sicut
1673 2081 1708 2108 et
1733 2082 1851 2120 potuS,

281 2127 438 2168 divitiae,
461 2134 495 2161 et
517 2138 687 2172 regnum:
711 2127 839 2160 dicitur
861 2127 958 2160 enim
981 2127 1068 2161 Luc.
1091 2137 1166 2160 22.:
1198 2127 1242 2161 Ut
1264 2126 1380 2168 edatis,
1400 2132 1429 2161 et
1451 2128 1568 2162 bibatis
1592 2133 1687 2173 super
1708 2139 1851 2162 mensam

281 2191 389 2214 meam
419 2181 453 2213 in
483 2191 579 2225 regno
607 2191 687 2214 meo.
715 2180 759 2214 Et
786 2180 913 2214 Matth.
942 2178 989 2215 6.:
1028 2180 1261 2225 Thesaurizate
1282 2181 1377 2214 vobis
1408 2180 1598 2215 thesaurum
1627 2181 1662 2214 in
1687 2180 1784 2215 coelo.
1808 2180 1853 2214 Et

281 2233 408 2267 Matth.
426 2243 499 2277 25.:
534 2233 657 2275 Venite,
681 2233 838 2267 lnenerlicli
860 2233 969 2267 Patris
984 2233 1228 2279 inei,possiclete
1250 2245 1400 2279 regnum;
1422 2244 1509 2279 ergo
1529 2233 1573 2267 ad
1591 2233 1851 2268 beatitudinem

282 2287 510 2332 requiruntur
532 2286 709 2320 exteriora
728 2286 835 2319 bona.

355 2350 386 2374 2.
408 2340 644 2374 PRAETEREA.
669 2339 878 2374 Secundum
900 2340 1001 2374 Boet.
1025 2340 1059 2373 in
1086 2351 1113 2385 3.
1137 2340 1180 2373 de
1202 2339 1356 2374 Consol.
1377 2340 1493 2386 (prosa
1512 2340 1574 2386 2.),
1595 2339 1779 2374 beatitudo
1799 2349 1852 2375 est

282 2401 394 2428 status
416 2392 583 2427 omnium
609 2393 790 2426 bonorum
819 2393 1076 2438 aggregatione
1104 2392 1300 2438 perfectus:
1329 2393 1392 2427 sed
1415 2393 1592 2427 exteriora
1622 2401 1705 2427 sunt
1731 2392 1850 2439 aliqua

282 2446 442 2481 hominis
464 2446 571 2487 bona,
593 2445 677 2479 licet
712 2446 875 2487 minima,
898 2454 935 2479 ut
965 2446 1118 2491 August.
1142 2445 1228 2480 dicit
1251 2446 1324 2489 (lib.
1347 2458 1377 2481 2.
1397 2445 1433 2480 de
1455 2446 1530 2480 Lilr.
1553 2447 1638 2481 ΑΓΖ).
1661 2452 1734 2492 cap.
1749 2458 1800 2492 19.
1822 2451 1853 2481 ct

282 2512 310 2535 Ι.
334 2501 420 2535 Retr.
440 2505 511 2545 cap.
535 2500 606 2544 9),-
631 2510 718 2543 ergo
740 2499 816 2544 ipsa
839 2499 947 2533 etiam
971 2499 1199 2544 requiruntur
1222 2499 1264 2532 ad
1292 2499 1563 2533 beatitudinem.

358 2564 386 2598 3.
414 2552 649 2587 PRAETEREA.
673 2552 854 2586 Dominus
877 2552 1003 2585 Matth.
1032 2563 1058 2596 5.
1082 2552 1185 2586 dicit:
1211 2553 1336 2587 Merces
1357 2557 1466 2587 vestra
1488 2552 1595 2587 multa
1615 2557 1658 2587 est
1679 2553 1712 2587 in
1734 2553 1848 2588 coelis:

283 2607 345 2642 sed
368 2618 444 2641 esse
466 2607 502 2640 in
530 2606 641 2640 coelis
668 2605 847 2651 significat
868 2618 945 2641 csse
972 2607 1008 2639 in
1031 2606 1133 2648 loco3
1158 2618 1246 2652 ergo
1274 2606 1404 2642 saltem
1433 2606 1537 2641 locus
1559 2606 1714 2641 exterior
1739 2607 1852 2652 requi-

284 2660 371 2694 ritur
393 2660 436 2693 ad
459 2659 731 2694 beatitudinem.

351 2713 426 2747 SED
449 2723 603 2748 CONTRA
626 2720 688 2754 est,
712 2713 808 2758 quod
831 2713 958 2747 dicitur
977 2713 1011 2747 in
1032 2712 1127 2747 Psal.
1149 2723 1224 2757 72.:
1249 2713 1343 2757 Quid
1357 2715 1445 2750 enim
1468 2713 1552 2747 nu‘hi
1567 2718 1610 2748 est
1622 2714 1658 2747 in
1676 2713 1774 2755 coela,
1788 2718 1816 2748 et
1831 2725 1850 2748 a

284 2771 312 2801 te
333 2766 411 2811 quid
431 2767 524 2800 volui
548 2772 643 2812 super
669 2767 819 2800 terrain?
841 2766 942 2812 quasi
970 2766 1081 2800 dicat:
1107 2765 1205 2800 Nihil
1228 2766 1326 2808 volo,
1349 2767 1417 2801 nisi
1439 2766 1524 2809 hoc,
1546 2766 1643 2813 quod
1670 2766 1848 2812 sequitur:

285 2818 374 2852 Mihi
395 2819 570 2854 adimerem
591 2820 663 2854 Deo
686 2820 804 2853 bonnm
825 2824 887 2859 est;
911 2830 997 2864 ergo
1020 2818 1109 2852 nihil
1133 2819 1229 2852 aliud
1253 2827 1352 2854 extra
1380 2820 1501 2854 Deum
1525 2819 1568 2853 ad
1590 2819 1848 2854 beatitudinem

285 2872 487 2918 requiritur.
