1907 3182
215 187 293 242 138
634 199 850 235 QUAESTIO
884 199 989 228 XVII.
1023 199 1266 229 ARTICULUS
1302 199 1362 228 III.

209 282 283 327 ejus
307 281 402 327 quod
422 289 475 316 est
490 281 533 315 ad
549 281 670 324 finem,
685 280 885 316 secundum
900 281 996 328 quod
1011 281 1173 315 subditur
1186 281 1369 327 potentiae
1384 281 1602 323 executivae,
1617 281 1777 328 sequitur

206 334 417 380 imperium3
441 346 484 369 eo
507 335 603 380 quod
625 347 709 369 usus
731 336 861 369 utentis
878 336 1091 381 conjunctus
1107 343 1159 369 est
1174 346 1257 368 cum
1273 342 1353 368 actu
1370 335 1456 380 ejus,
1472 346 1543 380 quo
1559 335 1637 381 quis
1656 335 1775 369 utitur:

206 399 280 421 non
303 388 399 421 enim
421 388 529 422 utitur
551 388 678 434 aliquis
696 388 839 430 baculo,
856 396 1050 434 antequam
1067 388 1186 434 aliquo
1202 387 1313 422 modo
1333 399 1396 433 per
1410 387 1580 422 baculum
1595 395 1774 434 operetur.

206 441 405 487 Imperium
428 449 548 475 autem
570 453 643 475 non
667 450 719 475 est
740 441 848 475 simul
867 453 949 476 cum
973 450 1053 476 actu
1074 443 1160 487 ejus,
1181 442 1237 475 cui
1256 441 1469 486 imperatur3
1488 441 1550 475 sed
1568 441 1778 476 naturaliter

206 494 304 540 prius
328 502 380 529 est
401 495 606 541 imperium,
630 507 739 541 quam
769 495 923 541 imperio
959 495 1157 537 obediatur,
1181 503 1215 529 θῖ
1237 494 1431 540 aliquando
1459 495 1568 528 etiarn
1602 503 1654 529 est
1679 495 1777 541 prius

205 555 387 594 tempore,
410 549 504 582 unde
527 548 759 583 manifestum
781 557 844 590 est,
867 548 964 594 quod
986 549 1179 594 imperium
1203 556 1255 581 est
1276 547 1384 593 prius,
1407 559 1516 593 quarn
1537 560 1632 582 usus.

276 602 335 635 AD
357 613 505 636 PRIMUM
529 613 615 647 ergo
639 602 843 643 dicendum,
867 602 963 648 quod
986 613 1060 635 non
1092 601 1211 635 omnis
1243 609 1342 634 actus
1369 600 1565 636 voluntatis
1593 601 1778 648 praecedit

204 654 300 688 hunc
324 663 445 689 actum
467 655 627 697 rationis,
650 655 710 701 qui
732 663 784 689 est
806 655 1017 701 imperium:
1037 655 1099 689 sed
1120 654 1247 700 aliquis
1265 654 1458 700 praecedit,
1477 654 1616 689 scilicet
1634 655 1776 698 electio;

205 716 240 742 et
261 708 387 754 aliquis
409 709 578 754 sequitur,
598 709 736 743 scilicet
755 720 859 743 usus:
880 709 961 754 quia
982 716 1062 755 post
1081 708 1421 742 determinationem
1441 708 1594 751 consilii,
1613 719 1705 755 quae
1724 716 1777 743 est

203 761 377 807 judicium
399 763 559 805 rationis,
581 762 749 796 voluntas
772 762 890 808 eligit3
922 771 956 796 et
989 769 1070 808 post
1096 761 1315 795 electionem
1348 761 1439 795 ratio
1474 762 1626 808 imperat
1648 762 1691 804 ei,
1713 773 1777 808 per

205 816 301 861 quod
324 816 504 861 agendum
527 825 589 857 θεῖ,
613 816 709 862 quod
732 815 893 861 eligitur3
916 824 950 850 et
971 824 1055 849 tunc
1085 815 1233 848 demum
1266 814 1434 849 voluntas
1469 814 1619 861 alicujus
1652 815 1777 862 incipit

204 870 254 902 uti
276 868 487 914 exequendo
510 870 702 915 imperium
725 869 890 902 rationis:
914 869 1132 914 quandoque
1155 867 1302 914 quidem
1324 867 1492 902 voluntas
1514 867 1672 910 alterius,
1692 880 1776 902 cum

204 921 331 968 aliquis
354 923 505 969 imperat
527 922 646 956 alteri:
667 922 884 969 quandoque
905 930 1026 956 autem
1044 921 1212 955 voluntas
1231 921 1342 968 ipsius
1362 922 1583 968 imperantis,
1603 933 1687 955 cum
1706 920 1775 955 ali-

202 975 280 1021 quis
301 976 455 1021 imperat
475 976 540 1009 sibi
561 976 638 1022 ipsi.

275 1029 334 1063 AD
350 1040 555 1064 SECUNDUM
570 1029 774 1071 dicendum,
790 1028 887 1074 quod
903 1029 995 1063 sicut
1011 1037 1110 1063 actus
1125 1036 1207 1063 sunt
1220 1028 1357 1075 praevii
1371 1028 1552 1075 potentiis,
1567 1028 1616 1063 ita
1632 1028 1774 1074 objecta

204 1081 358 1116 actibus:
383 1083 564 1127 objectum
588 1090 708 1116 autem
731 1094 815 1116 usus
838 1090 891 1116 est
912 1083 946 1116 id
969 1083 1066 1129 quod
1089 1090 1141 1117 θεῖ
1163 1083 1206 1116 ad
1228 1081 1359 1125 finem3
1382 1093 1424 1115 ex
1445 1082 1517 1116 hoc
1553 1093 1640 1128 ergo
1675 1081 1772 1128 quod

202 1135 318 1181 ipsum
341 1136 534 1181 imperium
557 1144 609 1170 est
625 1136 667 1169 ad
683 1135 804 1178 finem,
820 1136 936 1182 magis
951 1144 1070 1183 potest
1085 1135 1265 1178 concludi,
1282 1135 1379 1182 quod
1395 1135 1588 1182 imperium
1602 1135 1647 1170 sit
1664 1135 1776 1182 prius,

202 1200 278 1230 usu,
300 1201 408 1235 quam
431 1190 527 1235 quod
549 1190 593 1223 sit
614 1190 801 1235 posterius.

272 1242 331 1276 AD
354 1253 524 1278 TERTIUM
547 1243 751 1285 dicendum,
775 1243 872 1289 quod
895 1245 986 1278 sicut
1008 1251 1107 1278 actus
1125 1243 1322 1277 voluntatis
1341 1243 1471 1278 utentis
1490 1244 1631 1278 ratione
1651 1242 1694 1277 ad
1712 1243 1778 1277 im-

202 1296 401 1342 perandum
423 1297 605 1343 praecedit
626 1297 745 1343 ipsum
768 1297 980 1343 imperium3
1004 1297 1051 1331 ita
1074 1297 1183 1331 etiam
1205 1304 1323 1343 potest
1353 1297 1435 1340 dici,
1469 1297 1566 1343 quod
1600 1305 1635 1331 et
1667 1298 1775 1331 istum

204 1361 310 1383 usum
332 1349 527 1385 voluntatis
550 1351 734 1396 praecedit
756 1350 901 1396 aliquod
923 1351 1116 1397 imperium
1152 1350 1312 1393 rationis,
1335 1362 1378 1385 eo
1402 1350 1498 1397 quod
1521 1357 1621 1385 actus
1642 1350 1773 1385 harum

204 1404 447 1450 potentiarum
470 1416 576 1451 supra
598 1405 736 1451 seipsos
757 1405 915 1439 invicem
937 1405 1178 1439 reflectuntur.

758 1535 1103 1580 ARTICULUS
1144 1537 1220 1580 IV.
1729 1548 1774 1596 98

291 1643 445 1673 UTRUM
471 1643 695 1683 IMPERIUM,
723 1644 778 1673 ET
806 1644 948 1674 ACTUS
977 1645 1222 1674 IMPERATUS
1251 1645 1349 1675 SINT
1383 1644 1526 1674 ACTUS
1559 1645 1690 1685 UNUS,

836 1710 920 1739 VEL
953 1711 1138 1741 DIVERSI.

480 1798 582 1844 (Insr.
606 1810 635 1844 εἷ.
658 1810 713 1833 20.
736 1803 788 1833 art
806 1811 832 1845 3.
857 1806 944 1845 corp.
967 1805 995 1834 et
1017 1799 1059 1834 ad
1080 1812 1108 1835 Ι.
1130 1805 1158 1835 et
1174 1812 1204 1846 3.
1227 1812 1256 1846 q.
1280 1812 1331 1846 19.
1354 1805 1417 1835 art.
1439 1800 1497 1846 1.).

273 1887 332 1920 AD
355 1897 542 1926 QUARTUM
566 1887 614 1920 sic
638 1887 854 1933 proceditur.
877 1886 1040 1930 Videtur,
1063 1888 1160 1934 quod
1183 1896 1282 1923 actus
1304 1888 1501 1935 imperatus
1523 1899 1598 1922 non
1620 1888 1665 1922 sit
1683 1899 1775 1922 unus

204 1948 303 1974 actus
326 1952 408 1974 cum
431 1941 603 1986 imperio:
627 1941 849 1975 diversarum
872 1941 969 1975 enim
992 1942 1236 1987 potentiarum
1259 1942 1390 1977 diversi
1408 1950 1490 1977 sunt
1509 1950 1627 1977 actus:
1648 1941 1710 1976 sed
1730 1941 1776 1976 al-

202 1994 311 2028 terius
334 1994 514 2039 potentiae
538 2002 590 2028 est
614 2003 713 2028 actus
735 1995 943 2040 imperatus,
966 2003 1000 2029 θῖ
1023 1995 1168 2030 alterius
1190 1996 1309 2042 ipsum
1337 1996 1550 2042 imperium3
1585 1995 1669 2042 quia
1703 1995 1773 2029 alia

202 2055 254 2081 θεῖ
275 2048 445 2093 potentia,
469 2060 559 2094 quae
582 2048 746 2094 imperat,
770 2056 803 2082 et
825 2048 906 2091 alia,
930 2049 988 2082 cui
1009 2049 1226 2095 imperatum
1251 2061 1338 2096 ergo
1360 2061 1435 2084 non
1458 2057 1511 2085 est
1539 2049 1636 2083 idern
1671 2056 1771 2083 actus

207 2101 404 2147 imperatus
429 2113 511 2135 cum
534 2102 699 2148 imperio.

276 2165 305 2189 2.
329 2155 564 2190 PRAETEREA.
595 2156 860 2202 Quaecumque
891 2165 1042 2202 possunt
1064 2157 1106 2191 ab
1130 2157 1287 2191 invicem
1321 2156 1489 2204 separari,
1511 2164 1595 2191 sunt
1612 2156 1772 2191 diversa:

201 2209 290 2243 nihil
314 2209 409 2243 enim
432 2218 616 2255 separatur
640 2221 659 2243 a
681 2210 817 2256 scipso:
841 2210 901 2244 Sed
925 2210 1120 2256 aliquando
1143 2219 1243 2245 actus
1279 2211 1475 2257 imperatus
1510 2218 1696 2257 separatur
1731 2210 1773 2243 ab

201 2263 373 2309 imperio:
397 2263 578 2308 praecedit
599 2264 695 2297 euim
720 2264 936 2309 quandoque
960 2265 1164 2310 imperium,
1188 2272 1221 2299 θῖ
1242 2276 1316 2299 non
1339 2265 1497 2311 sequitur
1531 2273 1631 2299 actus
1664 2264 1775 2310 impe-

202 2325 314 2359 ratus;
338 2328 424 2362 ergo
449 2316 543 2350 aliud
567 2325 619 2351 θεῖ
642 2318 833 2363 imperium
857 2318 898 2351 ab
923 2326 1003 2352 actu
1027 2319 1214 2365 imperato.

277 2382 304 2416 3.
327 2370 562 2404 PRAETLREA.
589 2371 853 2417 Quaecumque
876 2383 912 2405 se
932 2372 1065 2406 hahent
1084 2372 1284 2407 secundum
1303 2373 1412 2420 prius,
1433 2381 1467 2407 et
1485 2372 1674 2419 posterius,
1692 2379 1775 2406 sunt

201 2423 357 2457 diversa:
381 2424 441 2458 scd
465 2425 657 2470 imperium
689 2425 897 2459 naturaliter
930 2426 1113 2471 praecedit
1147 2434 1267 2460 actum
1302 2428 1538 2474 imperatum3
1573 2437 1659 2473 ergo
1693 2433 1775 2460 sunt

201 2477 351 2511 diversa.

273 2532 346 2565 Suu
371 2542 524 2566 CONTRA
548 2539 611 2573 θεῖ,
646 2532 741 2577 quod
777 2532 1022 2578 Philosophus
1059 2534 1144 2568 dicit
1179 2535 1253 2578 (lib.
1280 2547 1308 2581 3.
1347 2535 1427 2581 Top.
1451 2540 1522 2581 cap.
1545 2545 1576 2569 2.
1601 2535 1633 2568 in
1654 2533 1773 2581 explic.

200 2584 264 2618 lusi
285 2586 368 2630 22),
393 2585 488 2630 quod
512 2585 570 2618 uhi
594 2593 646 2619 θεῖ
668 2597 780 2618 uuum
800 2594 944 2632 propter
964 2586 1129 2629 alterum,
1150 2588 1196 2621 ihi
1216 2596 1268 2622 θεῖ
1287 2599 1400 2622 unum
1415 2595 1574 2622 tantum:
1595 2587 1656 2622 sed
1673 2595 1773 2622 actus

200 2638 395 2684 imperatus
418 2650 491 2672 non
515 2647 566 2673 θεῖ
588 2639 654 2672 nisi
678 2647 821 2685 propter
845 2640 1056 2686 impcrimng
1080 2652 1166 2686 crgo
1191 2649 1272 2676 sunt
1294 2653 1418 2676 unum.

272 2692 501 2726 Rrsmmm
525 2692 730 2734 dicendum,
754 2694 849 2738 quod
873 2693 962 2727 nihil
986 2686 1164 2739 prohihet,
1189 2695 1308 2741 aliqua
1343 2707 1420 2730 esse
1454 2694 1655 2729 secundum
1689 2693 1772 2740 quid

202 2744 325 2787 multa,
349 2754 382 2779 θῖ
404 2746 603 2780 secundum
635 2746 718 2792 quid
753 2758 883 2780 unum:
914 2748 1117 2792 quinimmo
1153 2749 1275 2782 omnia
1312 2748 1425 2783 multa
1458 2756 1540 2783 sunt
1572 2747 1772 2782 secundum

203 2798 334 2845 aliquid
357 2811 481 2841 unum,
497 2807 535 2833 ut
549 2800 701 2846 Dionys.
718 2800 803 2834 dicit
819 2800 878 2834 ult.
896 2812 972 2846 cap.
990 2802 1032 2835 de
1048 2802 1130 2835 Div.
1146 2803 1255 2836 Nom.
1283 2803 1396 2849 (paulo
1406 2807 1478 2849 post
1491 2803 1602 2849 princ.
1622 2801 1691 2836 lect.
1707 2801 1771 2845 2.).·

202 2860 253 2886 cst
274 2861 395 2887 tamen
415 2853 614 2888 differentia
631 2854 847 2888 attendenda
867 2854 901 2888 in
922 2855 1005 2896 hoc,
1022 2856 1116 2901 quod
1137 2856 1296 2901 quaedam
1317 2864 1399 2891 sunt
1417 2855 1628 2902 simpliciter
1646 2854 1772 2896 multa,

203 2914 236 2940 θῖ
257 2907 455 2941 secundum
478 2907 561 2953 quid
584 2919 715 2941 unum:
739 2907 899 2954 quaedam
921 2920 1008 2943 vcro
1031 2921 1049 2943 θ
1073 2920 1262 2944 converso.
1287 2910 1410 2945 Unum
1430 2917 1550 2944 autern
1569 2909 1640 2944 hoc
1659 2908 1772 2943 modo
