1875 3198
228 197 312 239 730
673 195 896 231 QUAESTIO
932 195 972 224 C.
1005 193 1252 224 ARTICULUS
1284 193 1344 223 XI.

226 288 358 311 norum
381 277 547 319 deorum,
576 277 635 311 cui
660 276 948 322 superadduntur
975 274 1044 308 alia
1071 282 1265 321 praecepta
1289 274 1510 320 prohibitiva
1535 285 1677 317 eorum,
1704 285 1797 321 quae

228 331 441 365 ordinantur
462 331 497 365 in
521 330 659 365 cultum
685 329 890 371 idolorum;
917 330 1008 362 sicut
1033 328 1186 362 habetur
1212 328 1320 362 Deut.
1349 327 1418 361 18.:
1442 328 1522 362 Non
1547 329 1739 363 inveniatur
1763 329 1799 362 in

228 390 267 428 te,
291 387 347 431 qui
368 386 482 420 lustret
504 385 612 430 filium
633 395 727 418 suum
754 387 812 416 aut
836 383 942 425 filiam
962 393 1070 424 suam,
1096 381 1213 416 ducens
1232 387 1295 427 per
1321 382 1450 427 ignem,¹
1478 393 1536 416 nec
1555 382 1597 416 sit
1618 382 1797 427 maleficuS,

227 451 283 473 nec
309 440 498 473 incantator
506 451 518 479 ,·
540 450 597 472 nec
623 437 784 483 Pythones
805 436 964 478 consulat,
991 447 1093 481 neque
1119 435 1261 476 divinos,
1290 439 1318 469 et
1344 439 1485 480 quaerat
1505 446 1526 468 a
1550 437 1690 470 mortuis
1715 436 1802 469 veri-

229 496 349 526 tatem:
371 492 546 526 secumium.
570 499 691 524 autem
713 497 946 536 praeceptum
967 488 1136 535 prohibet
1162 488 1381 534 perjurium:
1405 487 1656 533 superadditur
1677 496 1801 522 autem

228 545 262 579 ei
282 545 478 591 prohibitio
501 543 750 590 blasphemiae
773 543 860 576 Lev.
887 552 951 585 14„
975 549 1008 576 et
1026 542 1224 588 prohibitio
1247 541 1360 576 falsae
1382 541 1570 576 doctrinae
1589 541 1699 576 Deut.
1725 553 1800 588 13.:

229 600 323 633 tertio
338 609 424 632 vero
438 604 632 644 praecepto
648 595 938 642 superadduntur
953 595 1079 629 omnia
1095 594 1397 629 caeremonialia:
1417 600 1536 641 quarto
1559 603 1681 630 autem
1702 606 1801 642 prae-

229 659 334 697 cepto
357 652 400 685 de
421 651 562 684 honore
584 657 776 696 parentum
797 648 1050 695 superadditur
1070 657 1307 694 praeceptum
1330 648 1373 682 de
1394 648 1639 683 honoratione
1661 659 1802 690 senum,

229 704 429 739 secundum
444 703 531 737 illud
554 703 668 737 Levit.
688 714 760 749 19.:
784 703 910 737 Coram
924 714 1006 736 cano
1026 703 1130 748 capite
1144 713 1312 747 consurge,
1334 707 1365 736 et
1377 702 1505 736 honora
1512 708 1691 748 personam
1704 702 1800 744 senis,

230 766 264 792 et
287 756 536 791 universaliter
550 757 674 790 omnia
695 764 889 802 praecepto
912 755 1121 789 inducentia
1141 755 1186 789 ad
1201 755 1445 789 reverentiam
1467 755 1707 789 exhibendam
1730 766 1804 788 ma—

227 811 375 857 joribus,
390 810 448 844 vel
464 810 506 844 ad
521 809 697 844 beneficia
712 809 914 843 exhibenda
927 808 986 842 vel
1001 807 1223 855 aequalibus,
1238 808 1297 842 vel
1315 808 1532 843 minoribus:
1552 809 1666 854 quinto
1681 817 1802 842 autern

229 872 434 911 praecepto,
457 863 554 910 quod
577 872 631 898 est
644 863 687 897 de
702 862 946 909 prohibitione
959 861 1150 904 homicidi,
1165 862 1307 896 additur
1323 862 1521 908 prohibitio
1537 861 1622 904 odii,
1640 869 1675 895 et
1689 862 1804 907 cujus-

228 917 315 952 libet
334 917 543 952 violationis
575 926 700 951 contra
729 917 948 963 proximum,
978 917 1071 950 sicut
1099 915 1188 949 illud
1219 915 1333 950 Levit.
1360 926 1432 962 19.:
1460 916 1539 950 Non
1563 916 1662 950 stabis
1687 919 1804 950 contra

226 972 420 1017 sanguinein
440 972 594 1017 proximi
615 972 679 1011 ταί,-
696 978 730 1004 et
744 970 853 1004 etiam
868 969 1064 1016 prohibitio
1080 969 1155 1003 odii
1168 968 1298 1012 fratris,
1313 968 1515 1003 secundum
1529 967 1619 1003 illud
1632 968 1718 1003 LeV.
1738 979 1802 1015 19.:

230 1025 308 1059 Non
324 1024 427 1059 oderis
436 1025 586 1070 fratrem
604 1029 695 1058 tuzcm
709 1025 743 1057 in
759 1023 853 1058 corde
872 1028 942 1058 tuo:
957 1031 1151 1069 praecepto
1171 1030 1294 1056 autem
1313 1028 1415 1066 sexto,
1431 1022 1530 1069 quod
1549 1029 1603 1057 est
1619 1022 1663 1056 de
1685 1021 1805 1068 prohi-

228 1078 365 1112 bitione
389 1077 567 1119 adulterii,
589 1077 840 1124 superadditur
861 1083 1098 1123 praeceptum
1119 1075 1163 1110 de
1185 1076 1433 1122 prohibitione
1454 1075 1662 1118 meretricii,
1679 1086 1804 1109 secun-

230 1131 318 1165 dum
336 1130 424 1165 illud
445 1131 593 1165 Denter.
617 1141 691 1177 23.:
715 1131 793 1165 Non
819 1132 882 1165 erit
902 1131 1060 1164 meretrix
1077 1130 1113 1164 de
1131 1130 1269 1176 filiabus
1294 1130 1400 1165 Ιςναέῖ
1425 1141 1526 1176 neque
1549 1129 1741 1174 fornicator
1765 1129 1802 1163 de

222 1185 306 1231 filiis
319 1185 440 1225 Israiik
458 1192 491 1218 et
505 1185 637 1219 iterum
648 1184 845 1230 prohibitio
856 1183 934 1218 vitii
950 1191 1077 1218 contra
1091 1191 1270 1226 naturam,
1286 1183 1489 1218 secundum
1504 1182 1594 1217 illud
1608 1183 1723 1217 Levit.
1737 1182 1801 1217 18.:

234 1239 320 1274 Cum
347 1239 491 1273 masculo
526 1250 592 1272 non
625 1239 882 1273 commisceberis
911 1237 1196 1283 (commiscearis),
1229 1249 1303 1272 cum
1331 1239 1423 1271 omni
1441 1243 1561 1284 pecore
1585 1249 1653 1271 non
1678 1238 1804 1272 coibis:

229 1294 362 1339 septimo
385 1300 507 1326 autem
528 1299 724 1338 praecepto
747 1291 790 1325 de
811 1291 1058 1337 prohibitione
1074 1290 1159 1325 furti
1179 1290 1386 1337 adjungitur
1404 1298 1640 1337 praeceptum
1664 1289 1708 1324 de
1727 1301 1808 1336 pro-

230 1346 407 1380 hibitione
419 1356 560 1387 usurae,
575 1345 778 1379 secundum
788 1344 877 1378 illud
890 1344 998 1378 Deut.
1016 1344 1079 1378 18.:
1090 1345 1169 1379 Non
1174 1345 1405 1390 foeneraberis
1409 1344 1521 1390 fratri
1535 1349 1590 1379 tuo
1602 1343 1645 1378 ad
1654 1355 1805 1378 usuram:

232 1407 267 1433 et
279 1399 449 1445 proibitio
470 1398 616 1443 fraudis,
639 1398 839 1432 secundum
855 1397 943 1431 illud
955 1398 1103 1432 Deuter.
1127 1407 1200 1442 25.:
1224 1398 1303 1432 Non
1324 1397 1456 1432 habebis
1476 1399 1512 1431 in
1528 1397 1658 1432 sacculo
1676 1396 1807 1432 diversa

225 1453 395 1499 pondera;
417 1461 451 1486 et
468 1451 719 1487 universaliter
741 1452 876 1493 omnia,
897 1463 988 1497 quae
1008 1451 1051 1485 ad
1071 1451 1357 1498 prohibitionem
1378 1450 1595 1494 calumniae,
1611 1458 1645 1485 et
1659 1451 1807 1497 rapinae

231 1506 427 1553 pertinent:
451 1511 566 1540 octavo
588 1517 676 1540 vero
703 1513 910 1552 praecepto,
938 1506 1034 1551 quod
1063 1513 1116 1539 est
1142 1505 1186 1539 de
1213 1504 1461 1551 prohibitione
1487 1504 1568 1539 falsi
1593 1504 1807 1546 testimonii,

233 1560 374 1594 additur
394 1559 589 1606 prohibitio
616 1559 696 1593 falsi
716 1559 852 1605 judicii,
874 1558 1077 1593 secundum
1102 1558 1192 1592 illud
1213 1557 1328 1592 Exod.
1351 1568 1424 1604 23.:
1447 1558 1518 1593 Nec
1539 1558 1713 1604 injudicio
1733 1558 1809 1604 plu-

232 1616 398 1649 rimorum
419 1615 599 1660 acquiesces
618 1615 803 1653 sententiae,
826 1618 861 1647 ut
887 1625 907 1647 a
927 1615 1066 1647 veritate
1088 1612 1194 1647 devies
1204 1625 1216 1653 ;
1233 1620 1268 1647 et
1281 1612 1479 1659 prohibitio
1498 1612 1693 1654 mendacii,
1715 1612 1808 1647 sicut

231 1668 280 1702 ibi
312 1667 492 1702 subditur:
527 1667 733 1702 Mendicium
759 1667 889 1713 fngies;
925 1675 959 1701 et
992 1666 1190 1712 prohibitio
1218 1666 1463 1708 detractionis,
1490 1665 1691 1700 secundum
1717 1665 1807 1700 illud

233 1721 347 1756 Levit.
376 1733 444 1768 19.:
467 1722 545 1756 Non
571 1723 634 1756 eris
656 1722 865 1763 criminator,
884 1726 915 1755 et
934 1732 1070 1755 susurro
1092 1722 1127 1754 in
1145 1720 1294 1767 populis:
1319 1719 1397 1754 aliis
1419 1727 1542 1754 autem
1560 1719 1684 1755 duobus
1709 1731 1810 1766 prae-

234 1776 345 1822 ceptis
366 1774 466 1808 nulla
489 1774 558 1808 alia
581 1775 836 1820 adjunguntur,
859 1774 943 1821 quia
959 1786 1024 1820 per
1042 1785 1085 1808 ea
1106 1773 1358 1808 universaliter
1380 1773 1500 1808 omnis
1518 1773 1616 1808 mala
1639 1775 1809 1820 concupi-

234 1829 370 1863 scentia
389 1829 610 1875 prohibetur.

307 1882 366 1916 AD
388 1893 538 1916 PRIMUM
561 1893 648 1928 ergo
671 1881 878 1923 dicendum,
906 1881 1004 1928 quod
1031 1882 1076 1915 ad
1103 1880 1340 1916 dilectionem
1365 1881 1448 1924 Dei,
1475 1889 1511 1916 et
1535 1881 1693 1928 proximi
1719 1881 1811 1916 ordi-

232 1944 362 1970 nantur
385 1936 563 1982 quaedam
585 1943 777 1982 praecepta
800 1934 968 1980 decalogi
989 1935 1191 1969 secundum
1214 1934 1445 1970 manifestam
1467 1934 1649 1969 rationem
1676 1934 1807 1977 debiti;

234 1989 304 2024 alia
330 2001 416 2023 vero
440 1989 640 2024 secundum
663 1989 843 2023 rationem
865 1989 981 2035 magis
1006 1988 1201 2023 occultam.

304 2043 364 2077 AD
379 2053 588 2078 SECUNDUM
611 2042 816 2084 dicendum,
836 2042 933 2088 quod
951 2050 1145 2088 praecepta
1159 2041 1454 2084 caeremonialia,
1469 2050 1505 2076 et
1521 2041 1706 2087 judicialia
1723 2049 1808 2076 sunt

234 2097 510 2131 determinativa
531 2104 808 2143 praeceptorum
829 2095 997 2142 decalogi
1016 2108 1058 2130 ex
1079 2096 1115 2129 vi
1136 2096 1383 2138 institutionis,
1398 2107 1473 2130 non
1488 2103 1612 2130 autem
1633 2106 1676 2130 ex
1696 2095 1809 2129 vina-

233 2150 358 2185 turalis
379 2151 580 2192 instinctus,
602 2150 694 2184 sicut
715 2157 908 2196 praecepta
930 2149 1084 2184 moralia
1103 2149 1345 2196 superaddita.

305 2204 366 2238 AD
389 2214 560 2238 TERTHJM
582 2204 789 2246 dicendum,
807 2203 905 2250 quod
927 2211 1120 2250 praecepta
1141 2203 1232 2249 legis
1255 2203 1468 2238 ordinantur
1486 2202 1530 2237 ad
1551 2202 1690 2237 bonum
1710 2213 1810 2237 corn-
1865 2197 1867 2199 ¹

234 2269 356 2299 mune,
379 2265 417 2291 ut
438 2268 545 2303 supra
567 2257 703 2291 dictum
723 2265 776 2291 est
797 2259 842 2304 (q.
858 2269 914 2304 90.
929 2262 994 2291 art.
1014 2257 1063 2301 2.)
1075 2269 1086 2297 ,·
1104 2265 1138 2291 et
1153 2257 1236 2302 quia
1250 2257 1400 2291 virtutes
1414 2256 1622 2291 ordinantes
1637 2256 1681 2290 ad
1697 2256 1810 2291 alium

233 2311 367 2345 directe
389 2311 569 2357 pertinent
589 2311 634 2344 ad
654 2311 792 2345 bonum
809 2321 1019 2352 commune,
1035 2319 1070 2345 et
1084 2309 1249 2345 similiter
1262 2310 1374 2344 virtus
1389 2311 1574 2352 castitatis,
1589 2310 1806 2357 inquantum

235 2373 334 2399 actus
362 2364 606 2411 generationis
634 2364 788 2398 deservit
813 2365 911 2398 bono
939 2364 1129 2398 communi
1155 2364 1301 2410 speciei,
1327 2363 1412 2398 ideo
1439 2364 1483 2398 de
1509 2363 1586 2398 istis
1615 2364 1806 2398 virtutibus

234 2427 426 2466 praecepta
449 2417 628 2464 decalogi,
651 2426 685 2452 et
706 2418 946 2464 superaddita.
967 2418 1023 2452 De
1046 2426 1128 2451 actu
1151 2425 1274 2452 autem
1296 2417 1517 2452 fortitudinis
1539 2417 1644 2451 datur
1664 2428 1810 2464 praece·
1863 2434 1865 2437 ·

234 2480 335 2519 ptum
358 2471 636 2518 proponendum
660 2482 722 2517 per
744 2471 854 2506 duces
877 2472 1109 2506 exhortantes
1132 2471 1167 2504 in
1181 2470 1291 2513 bello,
1306 2471 1404 2518 quod
1422 2482 1488 2517 pro
1502 2471 1601 2505 bono
1618 2470 1809 2505 communi

235 2526 445 2572 suscipitur;
472 2534 511 2560 ut
531 2533 629 2572 patet
648 2525 757 2559 Deut.
782 2535 848 2567 20.,
872 2525 931 2559 ubi
954 2526 1145 2560 mandatur
1160 2525 1362 2567 Sacerdoti,
1381 2533 1418 2559 ut
1440 2525 1483 2559 ad
1503 2524 1680 2572 populum
1703 2525 1810 2567 dicat,
1861 2529 1864 2536 ’

237 2580 548 2626 appropinquante
563 2581 636 2625 jam
652 2578 808 2626 praelio:
832 2580 942 2614 Nolite
962 2585 1114 2621 metuere,
1138 2579 1236 2614 nolite
1250 2579 1369 2614 cedere.
1387 2578 1562 2614 Similiter
1577 2578 1687 2613 etiam
1709 2586 1810 2613 actus

236 2634 342 2680 gulae
365 2633 610 2680 prohibendus
633 2633 872 2666 committitur
898 2633 1092 2667 monitioni
1119 2641 1308 2680 paternae3
1335 2633 1418 2679 quia
1446 2632 1687 2667 contrariatur
1710 2632 1810 2667 bono

236 2687 452 2729 domestico,
475 2687 569 2721 unde
592 2687 721 2721 dicitur
739 2686 846 2720 Deut.
868 2697 921 2720 21.
942 2698 983 2720 ex
1003 2698 1158 2733 persona
1173 2693 1383 2733 parentum:
1407 2686 1541 2722 Monita
1563 2691 1677 2721 nostra
1695 2685 1811 2720 audire
1861 2699 1864 2707 ,

236 2743 423 2783 contemnit,
443 2742 730 2776 comessationibus
747 2745 848 2775 vacat
865 2745 893 2774 et
911 2741 1077 2782 luxuriae,
1097 2745 1193 2786 atque
1213 2741 1391 2775 conviviis.
