1907 3198
542 153 764 189 QUAESTIO
799 155 873 186 XII.
908 156 1154 195 ARTICULUS
1187 159 1244 189 1v.
1597 166 1672 209 113

103 233 200 280 quod
222 241 276 268 est
296 234 340 268 ad
361 233 484 276 finem,
506 243 614 281 prout
634 236 820 271 ordinatur
847 238 890 272 ad
919 237 1041 281 finem,
1065 248 1118 275 est
1144 240 1293 276 electio:
1321 251 1443 278 motus
1470 253 1591 280 autem
1617 258 1678 282 vo-

102 286 259 329 luntatis,
281 287 343 334 qui
363 286 475 322 fertur
491 288 528 322 in
551 288 673 332 finem,
701 290 903 326 secundum
925 293 1022 338 quod
1046 294 1242 340 acquiritur
1261 308 1324 342 per
1345 308 1387 331 ea
1414 309 1506 344 quae
1527 308 1610 335 sunt
1633 301 1675 335 ad

104 339 226 382 finem,
240 349 392 375 vocatur
418 342 582 385 intentio,
611 344 712 389 cujus
743 344 889 391 signum
924 354 988 388 est,
1018 348 1115 393 quod
1146 348 1299 384 intentio
1329 350 1409 385 finis
1441 362 1519 386 esse
1546 362 1676 399 potest,

4 418 7 430 r
103 393 214 430 etiam
233 395 400 429 nondum
422 395 670 432 determinatis
692 397 748 432 his
770 409 862 445 quae
884 408 967 434 sunt
989 401 1032 435 ad
1055 401 1176 445 finem,
1199 414 1354 449 quorum
1378 414 1431 440 est
1453 406 1595 443 electio.

676 540 1023 587 ARTICULUS
1053 544 1107 587 V.
1630 573 1674 608 74

290 644 445 675 UTRUM
472 646 687 678 INTENTIO
724 649 980 681 CONVENIAT
1014 652 1168 683 BRUTIS
1196 654 1477 686 ANIMALIBUS.

289 732 374 778 (2-2.
397 746 427 780 q.
448 747 517 771 110.
541 741 606 771 art.
625 749 652 772 1.
673 743 762 784 corp.
786 743 814 773 et
831 751 862 774 2.
885 740 972 775 Dist.
989 742 1040 788 38.
1063 747 1126 776 art.
1147 754 1174 789 3.
1195 750 1286 791 corp.
1309 749 1339 780 et
1360 745 1402 780 ad
1420 745 1479 790 2.).

166 821 228 857 AD
246 832 429 862 QmNTUM
445 824 495 858 sic
511 826 730 871 proceditur.
746 826 910 871 Videtur,
926 830 1021 876 quod
1038 831 1142 866 bruta
1157 832 1327 868 animalia
1342 834 1530 870 intendant
1543 835 1671 871 finem:

42 864 61 882 ⁹
95 882 224 910 natura
245 876 343 911 enim
365 877 401 911 in
423 877 491 920 his,
513 890 606 925 quae
629 881 840 927 cognitione
867 892 1001 926 carent,
1025 885 1141 932 magis
1169 887 1276 922 distat
1303 899 1321 922 a
1343 889 1511 924 rationali
1531 899 1671 934 natura,

93 941 204 976 quam
229 939 358 966 natura
384 933 566 976 sensitiva,
593 946 686 981 quae
713 944 766 971 est
792 937 827 971 in
861 938 1079 974 animalibus
1109 941 1237 976 brutis:
1267 943 1328 977 sed
1364 952 1492 978 natura
1518 946 1672 981 intendit

92 982 203 1018 finem
225 984 336 1019 etiam
358 986 394 1020 in
417 986 485 1029 his,
507 999 599 1034 quae
622 990 833 1036 cognitione
856 1002 990 1035 carent,
1014 1002 1052 1028 ut
1073 995 1245 1041 probatur
1258 996 1295 1030 in
1312 1007 1342 1031 2.
1359 997 1504 1045 Physic.
1521 1000 1600 1045 (tex.
1617 1012 1669 1047 77.

91 1042 120 1073 et
135 1038 215 1085 seq.)
223 1051 236 1080 ;
259 1050 347 1086 ergo
366 1040 483 1076 multo
505 1043 622 1089 magis
644 1043 747 1078 bruta
770 1045 942 1080 animalia
960 1047 1152 1084 intendunt
1172 1049 1294 1085 finem.

163 1101 195 1126 2.
216 1091 456 1129 PRAETEREA.
480 1095 582 1131 Sicut
603 1096 756 1132 intentio
779 1107 833 1133 est
853 1099 944 1143 finis,
967 1101 1016 1136 ita
1043 1111 1078 1136 et
1098 1102 1240 1138 fruitio:
1263 1106 1325 1140 sed
1353 1105 1475 1142 fruitio
1498 1109 1670 1145 convenit

52 1152 61 1164 ⁴
89 1145 202 1182 brutis
224 1147 453 1192 animalibus,
475 1158 513 1184 ut
533 1150 672 1185 dictum
695 1160 748 1187 est
771 1153 816 1199 (q.
840 1166 885 1189 H.
908 1160 972 1189 art.
995 1156 1044 1201 2.)
1056 1169 1069 1197 ;
1093 1168 1181 1203 ergo
1209 1167 1244 1193 et
1264 1159 1428 1195 intentio.

164 1212 193 1247 3.
215 1200 453 1238 PRAETEREA.
480 1203 566 1250 Ejus
587 1213 641 1239 est
662 1205 848 1241 intendere
871 1207 993 1251 finem,
1021 1211 1123 1256 cujus
1151 1220 1204 1246 est
1231 1224 1337 1259 agere
1365 1223 1512 1262 propter
1537 1216 1667 1260 finem3

52 1288 57 1299 ¹
91 1264 176 1288 cum
189 1254 377 1291 intendere
398 1256 490 1292 nihil
511 1257 556 1292 sit
568 1258 638 1292 nisi
653 1259 690 1293 in
706 1259 803 1295 aliud
817 1261 984 1297 tendere:
1009 1264 1071 1298 sed
1086 1264 1190 1299 bruta
1206 1267 1377 1302 animalia
1393 1278 1505 1314 agunt
1522 1280 1668 1317 propter

54 1335 57 1342 .
88 1306 218 1342 finem:
241 1317 410 1345 movetur
427 1311 526 1346 enim
548 1312 684 1347 animal
697 1313 756 1348 vel
771 1314 816 1348 ad
832 1315 953 1350 cibum
969 1319 1231 1363 quaerendum,
1248 1320 1306 1355 vel
1328 1323 1371 1356 ad
1395 1322 1530 1370 aliquid
1548 1325 1668 1372 hujus-

52 1363 57 1366 '
87 1361 209 1405 modi3
231 1373 319 1410 ergo
340 1363 443 1399 bruta
466 1365 638 1400 animalia
660 1367 850 1403 intendunt
868 1369 990 1405 finem.

160 1415 235 1451 SED
258 1427 426 1453 CONTRA.
441 1418 598 1454 Intentio
620 1419 700 1455 finis
716 1423 888 1469 importat
903 1424 1175 1461 ordinationem
1195 1427 1346 1474 alicujus
1369 1430 1405 1465 in
1424 1430 1546 1475 finem,
1566 1434 1664 1480 quod

86 1477 141 1504 est
161 1470 329 1506 rationis:
353 1483 438 1506 cum
458 1473 568 1520 igitur
589 1474 693 1510 bruta
715 1476 888 1512 animalia
908 1490 984 1513 non
1005 1479 1164 1516 habeant
1178 1482 1371 1527 rationem,
1389 1485 1543 1530 videtur,
1566 1488 1663 1534 quod

47 1540 57 1548 ν
85 1534 160 1558 non
182 1524 371 1560 intendant
390 1525 513 1562 finem.

155 1577 386 1615 RESPONDEO
405 1580 612 1625 dicendum,
632 1583 742 1629 quod,
763 1584 856 1620 sicut
877 1597 984 1633 supra
1003 1588 1140 1623 dictum
1164 1598 1217 1625 est
1231 1591 1316 1636 (art.
1334 1605 1361 1628 ι.
1379 1593 1448 1640 huj.
1471 1596 1531 1641 q.),
1551 1595 1664 1630 inten-

84 1631 168 1666 dere
183 1633 282 1668 estin
297 1632 394 1669 aliud
408 1635 571 1670 tendere:
587 1637 685 1683 quod
700 1638 848 1684 quidem
863 1648 897 1674 et
916 1644 1077 1678 moventis
1092 1651 1145 1678 est
1163 1652 1198 1679 et
1214 1647 1305 1680 moti.
1323 1646 1534 1683 Secundum
1554 1650 1663 1696 igitur

85 1685 146 1732 [al.
166 1687 345 1722 secundum
362 1688 493 1735 quidem
509 1691 630 1736 igitur]
653 1693 751 1738 quod
774 1693 903 1729 dicitur
918 1695 1104 1732 intendere
1119 1697 1230 1734 finem
1252 1700 1300 1743 id,
1321 1702 1419 1748 quod
1435 1713 1603 1739 movetur
1617 1706 1661 1740 ad

81 1737 195 1775 finem
217 1741 259 1776 ab
282 1741 367 1785 alio,
389 1742 440 1777 sic
461 1751 590 1779 natura
612 1745 742 1780 dicitur
762 1747 950 1784 intendere
972 1750 1095 1794 finem,
1115 1754 1218 1799 quasi
1241 1763 1341 1790 mota
1361 1756 1404 1790 ad
1420 1768 1526 1792 suum
1550 1758 1660 1794 finem

82 1804 103 1828 a
123 1793 225 1838 Deo;
247 1795 340 1831 sicut
366 1797 497 1843 sagitta
519 1809 539 1832 a
560 1799 772 1846 sagittante:
797 1810 831 1836 et
852 1803 924 1837 hoc
949 1805 1060 1840 modo
1084 1807 1194 1841 etiam
1220 1808 1324 1843 bruta
1351 1810 1522 1846 animalia
1549 1813 1662 1849 inten-

59 1866 63 1877 ·
80 1847 170 1883 dunt
189 1848 312 1892 finem,
338 1850 555 1897 inquantum
581 1863 778 1889 moventur
799 1856 842 1890 ab
861 1857 1033 1893 instinctu
1048 1861 1204 1895 naturali
1226 1862 1270 1896 ad
1290 1863 1435 1911 aliquid.
1464 1867 1542 1901 Alio
1564 1868 1659 1903 modo

54 1900 266 1951 ,intendere
287 1903 399 1939 finem
417 1913 472 1940 est
492 1909 686 1950 moventis,
708 1918 815 1956 prout
836 1911 976 1947 scilicet
999 1914 1142 1949 ordinat
1160 1921 1304 1951 m0tum
1327 1918 1490 1965 alicujus,
1512 1921 1570 1955 vel
1592 1923 1659 1966 sui,

20 1987 23 1990 Α
56 1955 139 1991 'vel
160 1955 305 1993 alterius
326 1958 364 1993 in
385 1958 508 2002 finem,
535 1961 632 2007 quod
655 1971 708 1997 est
729 1964 880 2000 rationis
901 1974 1054 2001 tantum.
1079 1968 1185 2004 Unde
1202 1976 1267 2017 per
1293 1972 1380 2008 hunc
1402 1973 1535 2008 modum
1559 1977 1659 2012 bruta

66 2020 146 2045 mon
164 2011 336 2048 intendunt
347 2013 466 2059 finem,
482 2015 580 2061 quod
602 2024 656 2050 est
676 2018 833 2065 proprie,
856 2027 891 2054 et
912 2021 1158 2068 principaliter
1179 2024 1378 2070 intendere,
1395 2036 1432 2062 ut
1446 2029 1584 2064 dictum
1605 2040 1658 2066 est

78 2063 162 2110 (art.
182 2077 210 2101 1.
233 2065 302 2112 huj.
321 2067 383 2113 q.).

66 2127 69 2133 ¹
149 2118 210 2154 AD
230 2129 382 2156 PR1MUM
399 2132 488 2169 ergo
510 2122 718 2168 dicendum,
741 2126 838 2172 quod
866 2128 958 2163 ratio
979 2128 1041 2164 illa
1062 2132 1238 2177 procedit,
1261 2135 1463 2170 secundum
1486 2139 1583 2184 quod
1607 2141 1655 2174 in—

56 2171 204 2208 >tendere
224 2181 278 2209 est
298 2175 386 2221 ejus,
408 2176 505 2222 quod
525 2186 694 2213 movetur
716 2180 760 2214 ad
787 2180 910 2216 finem.

66 2219 73 2279 ξ
147 2226 209 2263 An
231 2238 440 2265 SECUNDUM
461 2230 669 2275 dicendum,
688 2234 785 2280 quod
801 2234 922 2271 fruitio
938 2248 1011 2271 non
1026 2238 1201 2286 importat
1215 2242 1486 2280 ordinationem
1502 2246 1654 2294 alicujus

63 2276 115 2319 'in
134 2280 280 2329 aliquid,
302 2283 395 2318 sicut
415 2284 580 2328 intentio,
602 2287 665 2321 sed
688 2288 894 2324 absolutam
916 2291 1075 2337 quietem
1095 2294 1132 2328 in
1155 2294 1236 2330 fine.

147 2335 208 2371 AD
223 2346 396 2373 TERTIUM
410 2338 619 2383 dicendum,
635 2342 732 2387 quod
748 2343 851 2378 bruta
867 2345 1039 2381 animalia
1054 2358 1249 2385 moventur
1264 2352 1308 2386 ad
1323 2352 1446 2397 finem,
1461 2367 1536 2390 non
1551 2358 1653 2403 quasi

26 2431 27 2434 Ἰ
71 2385 353 2441 ῥοηείἀετειηῑίει,
381 2393 478 2439 quod
505 2404 568 2440 per
595 2403 736 2430 motum
763 2408 871 2432 suum
898 2401 1039 2445 possint
1066 2402 1127 2447 [al.
1145 2406 1297 2451 possunt]
1327 2409 1503 2456 consequi
1528 2410 1651 2454 finem,

23 2469 27 2477 ,
67 2442 173 2491 [quod
194 2451 248 2479 est
267 2446 412 2492 proprie
432 2446 671 2492 intendentis;
693 2450 755 2485 sed
778 2453 881 2498 quasi
900 2456 1197 2502 concupiscentia
1217 2459 1327 2495 finem
1352 2462 1412 2507 [al.
1431 2463 1483 2498 sed
1500 2467 1653 2513 concupi-

24 2543 26 2546 ·
72 2498 195 2539 &cantia
206 2499 328 2545 finem]
353 2500 508 2536 naturali
529 2501 700 2538 instinctu
723 2515 918 2542 moventur
932 2509 975 2543 ad
992 2508 1114 2554 finem,
1137 2513 1240 2559 quasi
1257 2514 1299 2548 ab
1323 2515 1396 2551 alio
1420 2526 1538 2552 mota:
1558 2519 1650 2554 sicut

26 2562 28 2573 s
74 2556 114 2586 et
131 2559 283 2596 caetera,
304 2564 398 2600 quae
420 2564 614 2591 moventur
635 2559 856 2595 naturaliter.
