1875 3198
221 217 306 272 864
617 227 838 263 QUAESTIO
876 227 998 256 cxm.
1033 225 1278 257 ARTICULUS
1312 225 1374 256 111.

783 379 1128 424 ARTICULUS
1158 380 1237 423 III.
1723 389 1790 427 602

332 488 486 518 UTRUM
512 489 662 518 MOTUS
686 488 824 517 LIBERI
846 489 1035 518 ARBITRII
1064 489 1121 517 AD
1146 487 1543 530 JUSTIFICATIONEM
1570 488 1679 517 IMPII

852 554 1147 589 REQUIRATUR.

223 641 327 685 (Insr.
350 645 414 674 art.
437 650 469 683 4.
488 651 516 685 ς.
540 644 568 674 et
589 639 620 674 6.
644 644 775 686 etpczrt.
791 651 819 685 3.
842 651 872 684 q.
895 639 950 674 86.
974 644 1037 674 art.
1054 639 1084 674 6.
1108 639 1151 673 ad
1167 652 1194 675 I.
1216 644 1247 674 et
1260 651 1291 674 2.
1313 640 1404 674 Dist.
1419 650 1473 685 27.
1487 650 1518 685 q.
1534 651 1566 674 Ι.
1581 643 1645 673 art.
1659 650 1691 674 2.
1706 638 1749 673 ad
1763 650 1792 685 7.

298 698 326 728 et
354 694 441 728 Veri.
463 705 492 738 t]-
515 693 569 728 28.
585 698 648 727 art.
668 705 696 739 3.
720 698 748 728 et
768 704 802 737 4.
824 699 912 739 corp.
936 698 965 727 et
980 693 1080 737 joan.
1098 704 1132 737 4.
1152 693 1220 727 lect.
1242 705 1274 728 2.
1293 698 1323 727 et
1342 693 1430 739 Eph.
1448 705 1477 739 5.
1504 693 1573 728 lect.
1583 704 1613 739 5.
1632 693 1718 736 fin).

293 783 353 816 AD
379 792 549 816 TERTit'M
577 781 626 816 sic
649 782 867 827 proceditur.
895 781 1060 824 Videtur,
1088 782 1183 828 quod
1208 782 1250 816 ad
1277 781 1572 828 justificationem
1592 781 1695 828 impii
1719 792 1795 816 non

222 836 423 882 requiratur
433 843 556 870 motus
567 835 669 870 liberi
682 836 822 870 arbitri:
839 835 1005 870 videmus
1021 836 1130 878 enim,
1140 836 1238 882 quod
1255 847 1319 882 per
1333 843 1606 870 sacramentum
1619 835 1796 882 Baptismi

221 889 460 936 justificantur
481 888 583 935 pueri
605 889 739 934 absque
761 897 864 923 motu
887 888 990 923 liberi
1012 889 1148 923 arbitrii
1170 897 1206 923 et
1227 889 1338 923 etiam
1358 889 1541 923 interdum
1559 888 1687 923 adulti:
1710 888 1796 922 dicit

223 943 320 977 enim
343 943 439 988 Aug.
461 942 498 976 in
519 952 552 985 4.
576 941 727 977 Confes.
758 942 847 990 (cap.
866 943 929 988 4.),
953 943 1062 989 quod,
1083 954 1167 977 cum
1189 942 1338 989 quidam
1355 954 1440 977 suus
1459 942 1598 977 amicus
1615 941 1797 976 laboraret

222 996 389 1039 febribus,
416 996 528 1042 jacuit
549 995 609 1029 diu
631 996 709 1030 sine
731 1007 839 1031 sensu
866 997 902 1030 in
925 997 1056 1031 sudore
1079 996 1216 1039 lethali,
1244 1004 1279 1031 et
1300 1007 1385 1030 cum
1406 996 1666 1043 desperaretur,-
1687 995 1796 1042 bapti-

222 1059 322 1085 zatus
353 1058 407 1084 est
435 1049 612 1092 nesciens,
644 1058 679 1084 et
704 1058 848 1085 renatus
877 1058 944 1085 est:
972 1050 1070 1096 quod
1097 1050 1135 1084 fit
1161 1062 1224 1096 per
1250 1050 1405 1096 gratiam
1429 1049 1708 1096 justificantem:
1734 1049 1795 1084 sed

221 1104 322 1138 Deus
343 1103 546 1150 potentiam
567 1115 672 1138 suam
686 1115 760 1138 non
777 1103 939 1149 alligavit
954 1104 1220 1147 Sacramentis;
1243 1115 1330 1150 ergo
1346 1104 1455 1138 etiam
1468 1111 1588 1150 potest
1602 1103 1796 1151 justificare

221 1158 412 1192 hominem
434 1157 511 1192 sine
535 1157 782 1192 Sacramentis
806 1158 940 1204 absque
963 1158 1066 1192 omni
1088 1166 1192 1192 motu
1213 1157 1317 1192 liberi
1339 1157 1485 1192 arbitrii.

293 1222 325 1246 2.
348 1211 586 1246 PRAETEREA.
615 1212 656 1245 In
683 1212 901 1246 dormiendo
927 1211 1044 1246 homo
1071 1223 1147 1246 non
1167 1211 1279 1246 habet
1300 1223 1407 1246 usum
1429 1210 1594 1254 rationis,
1620 1211 1697 1245 sine
1724 1221 1796 1257 quo

227 1277 301 1300 non
322 1273 443 1312 potest
463 1277 541 1299 esse
563 1273 685 1300 motus
701 1265 803 1300 liberi
818 1266 974 1300 arbitrii:
998 1266 1060 1300 sed
1083 1265 1264 1300 Salomon
1281 1265 1318 1299 in
1341 1265 1557 1300 dormiendo
1580 1272 1796 1300 consecutus

223 1327 276 1354 est
298 1330 317 1353 a
337 1319 420 1354 Deo
443 1319 581 1353 donum
605 1319 813 1366 sapientiae,
835 1327 874 1353 ut
895 1319 1048 1354 habetur
1071 1331 1100 1366 3.
1121 1319 1211 1366 Reg.
1231 1331 1259 1366 3.
1275 1327 1310 1354 et
1327 1329 1358 1353 2.
1377 1318 1495 1354 Paral.
1515 1330 1563 1362 1.;
1583 1330 1670 1365 ergo
1686 1318 1796 1353 etiam

221 1373 297 1420 pari
319 1373 459 1407 ratione
473 1373 611 1407 donum
627 1374 764 1419 gratiae
778 1373 1004 1419 justificantis
1021 1373 1239 1420 quandoque
1256 1373 1360 1408 datur
1373 1372 1552 1407 hominia
1564 1373 1646 1407 Deo
1662 1372 1796 1419 absque

222 1435 325 1461 motu
347 1426 450 1460 liberi
473 1427 617 1460 arbitrii.

297 1492 326 1527 3.
349 1480 586 1515 PRAETEREA.
609 1481 678 1514 Per
700 1480 868 1515 eamdem
892 1492 1041 1515 causam
1061 1481 1176 1527 gratia
1197 1480 1408 1527 producitur
1428 1480 1465 1515 in
1487 1491 1577 1524 esse,
1600 1488 1635 1515 et
1655 1491 1798 1515 conser-

222 1543 343 1570 vatur:
363 1535 449 1569 dicit
471 1535 567 1570 enim
590 1535 685 1581 Aug.
709 1535 740 1569 8.
764 1547 872 1582 super
896 1536 987 1570 Gen.
1013 1536 1056 1570 ad
1078 1535 1129 1570 lit.
1154 1535 1242 1583 (cap.
1264 1548 1316 1571 10.
1345 1537 1436 1570 circa
1455 1535 1544 1581 fin),
1567 1535 1665 1582 quod
1690 1535 1740 1570 ita
1758 1546 1795 1569 se

224 1589 330 1623 debet
349 1589 464 1623 homo
489 1589 531 1622 ad
553 1589 676 1622 Deum
705 1597 928 1632 convertere,
952 1598 990 1623 ut
1012 1590 1053 1624 ab
1076 1589 1140 1623 illo
1163 1600 1306 1636 semper
1328 1588 1389 1624 fiat
1410 1590 1542 1636 justus:
1571 1589 1633 1624 sed
1662 1589 1795 1636 absque

223 1650 326 1677 motu
353 1642 456 1676 liberi
477 1642 612 1676 arbitrii
639 1643 752 1688 gratia
774 1643 809 1676 in
838 1643 980 1677 homini
1009 1651 1268 1686 conservatur3
1296 1654 1384 1689 ergo
1407 1643 1541 1690 absque
1563 1651 1666 1678 motu
1692 1642 1794 1678 liberi

223 1696 357 1730 arbitrii
379 1704 499 1742 potest
521 1707 539 1730 a
561 1696 740 1742 principio
762 1695 914 1731 infundi.

297 1750 371 1784 SED
388 1760 544 1785 CONTRA
567 1758 630 1792 est,
646 1750 743 1796 quod
759 1750 888 1784 dicitur
897 1750 1000 1796 Joan.
1017 1749 1070 1785 6.:
1096 1751 1226 1793 Omnis,
1243 1752 1300 1797 qui
1318 1750 1448 1786 audivit
1461 1762 1482 1786 a
1499 1752 1612 1794 Patre,
1628 1756 1658 1786 et
1671 1750 1796 1794 didicit,

223 1805 315 1839 venit
336 1803 378 1837 aaz
398 1816 470 1838 ma:
499 1803 561 1838 sed
583 1803 722 1838 discere
749 1815 824 1837 non
854 1812 907 1838 est
935 1804 1012 1838 sine
1041 1812 1144 1839 motu
1172 1804 1275 1839 liberi
1303 1804 1453 1840 arbitrii:
1483 1804 1671 1840 addiscens
1699 1805 1796 1839 enim

223 1857 404 1892 consentit
419 1857 582 1900 docenti3
599 1869 687 1903 ergo
702 1856 822 1891 nullus
836 1858 936 1892 venit
951 1858 995 1892 ad
1010 1858 1131 1893 Deum
1144 1869 1208 1905 per
1222 1858 1376 1905 gratiam
1390 1858 1646 1904 justificantem
1662 1858 1796 1906 absque

223 1919 325 1945 motu
348 1910 449 1945 liberi
475 1911 620 1945 arbitrii.

293 1965 524 1999 Rnspoxnfio
553 1964 758 2007 dicendum,
781 1965 878 2011 quod
899 1964 1107 2011 justificatio
1130 1965 1232 2012 impii
1254 1964 1292 2000 fit
1312 1966 1394 2001 Deo
1414 1973 1586 2001 movente
1604 1966 1796 2001 hominem

224 2019 267 2053 ad
286 2018 471 2064 justitiam:
497 2019 572 2065 ipse
593 2019 690 2052 enim
710 2027 773 2061 est,
794 2019 853 2065 qui
872 2019 1042 2065 justificat
1060 2019 1224 2066 impium,
1243 2027 1281 2053 ut
1300 2019 1429 2054 dicitur
1446 2020 1604 2054 Roman.
1630 2031 1658 2067 3.
1672 2032 1680 2054 ε
1695 2020 1796 2054 Deus

225 2081 345 2107 autem
368 2080 491 2106 movet
514 2072 637 2106 omnia
659 2072 861 2107 secundum
882 2073 1036 2107 modum
1059 2073 1359 2120 uniuscujusque:
1390 2073 1484 2108 sicut
1509 2074 1546 2108 in
1573 2073 1796 2108 naturalibus

224 2126 402 2168 videmus,
422 2126 519 2172 quod
542 2125 644 2160 aliter
665 2134 860 2160 moventur
882 2127 923 2160 ab
947 2127 1026 2173 ipso
1049 2127 1185 2172 gravia,
1209 2134 1245 2161 et
1266 2126 1368 2162 aliter
1389 2126 1494 2170 levia,
1517 2135 1663 2175 propter
1685 2128 1797 2162 diver-

225 2191 303 2214 sam
330 2188 498 2214 naturam
526 2179 736 2226 utriusque3
765 2180 860 2214 unde
890 2188 923 2214 et
949 2180 1141 2214 hominem
1167 2180 1210 2214 ad
1237 2181 1413 2226 justitiam
1443 2188 1568 2216 movet
1595 2181 1795 2216 secundum

226 2234 475 2268 conditionem
496 2241 645 2267 naturae
667 2234 866 2268 humanae:
898 2234 1013 2268 homo
1044 2242 1166 2268 autem
1194 2234 1396 2269 secundum
1423 2235 1608 2282 propriam
1629 2242 1796 2270 naturam

225 2288 344 2329 habet,
367 2287 463 2334 quod
486 2287 530 2321 sit
551 2287 652 2321 liberi
679 2287 830 2330 arbitrii;
855 2296 889 2322 et
911 2287 992 2322 ideo
1016 2288 1051 2322 in
1075 2299 1131 2329 eo,
1161 2289 1220 2334 qui
1249 2288 1360 2323 habet
1386 2300 1493 2323 usum
1519 2288 1623 2323 liberi
1650 2289 1796 2331 arbitrii,

225 2353 298 2374 non
322 2341 359 2375 fit
381 2341 496 2375 motio
521 2352 539 2374 a
560 2341 641 2374 Deo
666 2341 708 2374 ad
731 2341 904 2386 justitiam
925 2342 1058 2388 absque
1078 2349 1181 2376 motu
1199 2342 1302 2376 liberi
1321 2342 1473 2378 arbitrii:
1495 2343 1557 2377 sed
1575 2343 1624 2377 ita
1642 2342 1797 2377 infundit

226 2396 363 2428 donum
385 2395 521 2439 gratiae
543 2394 781 2440 justificantis,
804 2396 900 2441 quod
924 2395 1034 2429 etiam
1057 2395 1165 2430 simul
1189 2407 1272 2429 cum
1295 2396 1366 2430 hoc
1391 2404 1515 2431 movet
1535 2396 1690 2431 liberum
1709 2396 1798 2431 arbi-

224 2449 334 2482 trium
357 2449 399 2482 ad
423 2449 562 2482 donum
582 2449 719 2493 gratiae
735 2449 999 2494 acceptandum
1015 2449 1049 2483 in
1069 2449 1136 2491 his,
1153 2451 1212 2496 qui
1227 2458 1309 2484 sunt
1321 2450 1429 2496 hujus
1443 2450 1617 2485 motionis
1632 2461 1795 2497 capaces.

298 2502 357 2536 AD
384 2513 535 2536 PRIMUM
558 2513 646 2547 ergo
670 2502 877 2544 dicendum,
905 2503 1002 2548 quod
1030 2504 1129 2549 pueri
1157 2514 1230 2537 non
1257 2511 1340 2538 sunt
1366 2514 1518 2550 capaces
1546 2511 1668 2538 motus
1695 2504 1798 2538 liberi

227 2556 377 2598 arbitrii;
397 2565 430 2590 et
445 2556 527 2590 ideo
543 2564 736 2590 moventur
751 2568 769 2590 a
785 2557 865 2590 Deo
883 2557 925 2590 ad
940 2557 1113 2602 justitiam
1129 2569 1192 2604 per
1206 2557 1324 2592 solam
1339 2557 1638 2593 informationem
1654 2558 1796 2593 animae

225 2611 403 2657 ipsorum:
426 2610 498 2644 hoc
522 2618 643 2644 autem
661 2621 735 2644 non
755 2609 793 2644 fit
812 2610 887 2645 sine
909 2611 1163 2646 Sacramento:
1185 2611 1267 2658 quia
1286 2611 1379 2646 sicut
1397 2620 1588 2658 peccatum
1608 2611 1796 2658 originale,

227 2676 245 2698 a
269 2675 340 2710 quo
362 2663 610 2709 justificantur,
629 2675 703 2698 non
726 2665 871 2710 propria
892 2663 1080 2700 voluntate
1105 2666 1146 2699 ad
1171 2676 1233 2699 eos
1253 2665 1426 2712 pervenit,
1445 2665 1508 2700 sed
1530 2676 1593 2712 per
1612 2665 1796 2700 carnalem

227 2718 423 2761 originem:
447 2717 494 2751 ita
518 2718 626 2751 etiam
649 2729 713 2764 per
734 2717 958 2763 spiritualem
982 2719 1297 2763 regenerationem
1325 2730 1344 2753 a
1367 2718 1516 2754 Christo
1538 2719 1574 2754 in
1596 2730 1659 2754 eos
1682 2719 1796 2767 gratia

227 2771 423 2805 derivatur:
448 2779 483 2805 et
505 2771 633 2805 eadem
655 2771 746 2805 ratio
771 2779 824 2806 est
846 2771 889 2805 de
912 2771 1067 2813 furiosis,
1091 2781 1125 2807 et
1148 2773 1365 2815 amentibus,
1387 2773 1448 2819 qui
1466 2784 1668 2820 numquam
1690 2785 1796 2808 usum

227 2824 329 2858 liberi
353 2825 485 2858 arbitrii
506 2825 724 2859 habuerunt:
750 2825 810 2859 sed
833 2825 861 2859 si
881 2825 959 2871 quis
984 2825 1178 2872 aliquando
1202 2826 1328 2860 habuit
1350 2837 1455 2861 usum
1477 2826 1580 2862 liberi
1603 2827 1749 2870 arbitrii,
1761 2835 1796 2862 et

229 2879 462 2925 postmodum
483 2890 526 2913 eo
546 2887 676 2921 careat,
691 2879 747 2913 vel
767 2891 830 2926 per
848 2878 1108 2922 infirmitatem,
1123 2879 1181 2915 vel
1195 2891 1258 2927 per
1276 2891 1460 2923 somnum,
1474 2892 1548 2916 non
1564 2881 1797 2928 consequitur

229 2932 382 2976 gratiam
416 2932 670 2978 justificantem
701 2944 763 2979 per
792 2932 1016 2979 Raptis-‚nium
1047 2934 1200 2968 exterius
1229 2933 1442 2977 adhibitum,
1473 2942 1533 2969 aut
1560 2946 1623 2981 per
1650 2934 1796 2982 alitluod
