1955 3182
300 263 356 305 24
751 257 971 293 QUAESTIO
1006 257 1033 286 Ι.
1067 256 1310 287 ARTICULUS
1344 257 1401 286 IV.

297 342 477 376 invenitur
498 341 620 388 duplex
641 340 744 382 ordo,
767 339 905 373 scilicet
926 338 1004 373 ordo
1029 339 1238 380 inventionis,
1259 346 1294 372 et
1314 337 1392 371 ordo
1414 338 1628 372 executionis:
1652 345 1686 371 et
1712 337 1747 370 in
1765 344 1860 371 utro-

299 408 369 441 que
391 395 515 429 ordine
539 402 682 440 oportet
704 405 780 428 esse
805 392 938 438 aliquid
953 392 1122 438 primum.
1138 391 1177 424 Id
1200 391 1309 433 enim,
1324 390 1420 436 quod
1436 398 1489 424 est
1501 390 1658 436 primum
1676 390 1712 424 in
1735 390 1860 424 ordine

299 448 519 489 intentionis,
542 456 594 481 est
615 447 716 493 quasi
738 446 954 492 principium
978 456 1129 478 movens
1153 444 1370 490 appetitum:
1398 443 1492 477 unde
1526 443 1708 477 subtracto
1735 443 1862 489 princi-

299 502 371 548 pio,
389 501 564 548 appetitus
581 512 599 534 a
613 499 714 534 nullo
730 506 948 533 moveretur.
966 498 1003 531 Id
1020 505 1152 539 autem,
1168 497 1264 543 quod
1284 505 1336 531 est
1349 496 1566 543 principium
1586 496 1623 530 in
1638 496 1861 538 executione,

300 562 354 589 est
374 555 468 588 unde
489 554 614 599 incipit
636 553 815 599 operatio:
839 552 945 592 unde,
967 551 1036 584 isto
1058 550 1236 596 principio
1259 550 1453 591 subtracto,
1475 548 1594 582 nullus
1608 549 1783 594 inciperet
1803 548 1864 582 ali-

300 608 384 654 quid
407 607 563 653 operari:
586 606 805 652 principium
828 612 949 638 autem
970 604 1180 638 intentionis
1204 612 1256 638 est
1277 603 1423 637 ultimus
1445 602 1542 636 finis:
1569 602 1787 648 principium
1806 613 1864 636 au-

299 669 374 695 tem
396 660 616 695 executionis
641 668 695 693 est
717 659 875 705 primum
897 669 1036 699 eorum,
1060 669 1150 703 quae
1173 665 1254 691 sunt
1276 657 1320 690 ad
1341 656 1468 690 finem:
1492 656 1541 690 sic
1565 666 1651 701 ergo
1675 666 1717 689 ex
1737 663 1864 689 neutra

300 722 400 760 parte
422 713 592 760 possibile
616 721 668 747 est
698 713 734 746 in
767 711 946 745 infinitum
974 711 1188 756 procedere:
1213 710 1295 756 quia
1325 710 1355 743 si
1375 721 1449 743 non
1483 716 1576 743 esset
1597 708 1745 743 ultimus
1770 708 1863 750 finis,

300 767 391 801 nihil
412 775 648 813 appeteretur,
664 777 729 799 nec
747 765 866 811 aliqua
882 765 975 798 actio
990 764 1261 806 terminaretur3
1284 775 1350 797 nec
1367 763 1477 797 etiam
1495 763 1695 809 quiesceret
1711 762 1863 796 intentio

302 821 450 867 agentis.
475 821 514 854 Si
536 828 657 854 autem
680 831 754 853 non
778 826 871 852 esset
892 818 1050 864 primum
1072 817 1108 851 in
1130 817 1197 859 his,
1220 828 1311 863 quae
1333 825 1416 850 sunt
1438 817 1481 850 ad
1503 816 1624 858 finem,
1642 815 1762 850 nullus
1779 815 1866 849 inci-

301 882 402 920 peret
416 873 548 919 aliquid
564 872 721 919 operari3
743 883 809 906 nec
825 871 1078 905 terminaretur
1093 870 1299 912 consilium,
1315 871 1375 904 sed
1395 870 1431 903 in
1445 869 1625 903 infinitum
1639 869 1862 915 procederet.

372 929 423 962 Ea
444 939 542 969 vero,
565 939 655 973 quae
677 938 751 960 non
772 926 906 960 habent
928 925 1093 958 ordinem
1116 936 1178 970 per
1199 935 1248 965 se,
1263 924 1324 957 sed
1344 935 1405 969 per
1427 923 1594 956 accidens
1616 923 1683 956 sibi
1707 923 1862 956 invicem

302 983 582 1027 conjunguntur,
604 980 695 1014 nihil
714 979 880 1026 prohibet
909 978 1124 1012 infinitatem
1138 977 1283 1011 habere.
1315 977 1458 1011 Causae
1489 976 1586 1010 enirn
1608 987 1671 1022 per
1697 976 1865 1010 accidens

300 1035 601 1069 indeterminatae
624 1042 721 1067 sunt:
751 1040 785 1066 et
813 1032 884 1065 hoc
909 1031 1018 1065 etiam
1041 1031 1152 1064 modo
1185 1030 1362 1075 contingit
1383 1041 1460 1063 esse
1486 1029 1665 1063 infinitum
1686 1040 1750 1075 per
1777 1030 1867 1064 acci-

301 1088 388 1122 dens
410 1088 446 1121 in
468 1087 610 1127 finibus,
633 1094 668 1120 et
688 1086 756 1127 his,
780 1096 870 1130 quae
893 1092 975 1118 sunt
997 1084 1039 1117 ad
1061 1083 1184 1117 finem.

372 1141 431 1175 AD
458 1150 607 1174 PRIMUM
630 1150 716 1185 ergo
748 1138 955 1179 dicendum,
986 1137 1083 1183 quod
1105 1137 1148 1171 de
1171 1137 1310 1170 ratione
1337 1136 1425 1170 boni
1451 1144 1513 1178 est,
1542 1136 1638 1182 quod
1661 1135 1794 1182 aliquid
1822 1137 1864 1170 ab

300 1195 378 1241 ipso
406 1193 551 1235 effluat3
573 1204 647 1226 non
669 1200 791 1226 tamen
815 1192 911 1237 quod
938 1191 1058 1237 ipsum
1081 1190 1122 1224 ab
1153 1190 1223 1224 alio
1242 1189 1424 1236 procedat.
1444 1189 1489 1223 Et
1506 1189 1599 1231 ideo,
1623 1201 1706 1223 cum
1728 1190 1865 1224 bonum

300 1248 431 1281 habeat
446 1247 623 1280 rationem
640 1246 731 1287 finis,
747 1253 780 1279 et
794 1245 952 1291 primum
966 1245 1105 1278 bonum
1121 1244 1164 1278 sit
1179 1243 1326 1277 ultimus
1342 1243 1432 1284 finis,
1448 1243 1538 1277 ratio
1554 1243 1621 1277 ista
1638 1254 1713 1277 non
1727 1243 1866 1289 probat,

301 1301 398 1347 quod
420 1311 494 1333 non
517 1300 562 1333 sit
583 1299 731 1333 ultimus
753 1298 852 1340 finis;
875 1298 936 1332 sed
960 1298 1056 1344 quod
1081 1309 1099 1330 a
1127 1297 1197 1331 fine
1225 1297 1342 1343 primo
1373 1297 1560 1342 supposito
1589 1297 1805 1343 procedatur
1830 1297 1866 1330 in

301 1354 480 1388 infinitum
503 1353 649 1386 inferius
671 1363 794 1386 versus
818 1363 870 1393 ea,
890 1363 980 1397 quae
1003 1358 1084 1385 sunt
1104 1351 1147 1384 ad
1166 1350 1293 1384 finem:
1318 1358 1353 1384 et
1373 1350 1444 1384 hoc
1468 1350 1614 1396 quidem
1633 1358 1866 1396 competeret,

301 1408 330 1442 si
353 1407 641 1441 consideraretur
663 1405 740 1439 sola
763 1405 873 1438 virtus
896 1404 1001 1450 primi
1024 1404 1121 1445 boni,
1144 1415 1235 1450 quae
1257 1412 1310 1437 est
1330 1403 1487 1437 infinita:
1511 1403 1572 1438 sed
1600 1404 1683 1449 quia
1709 1404 1866 1450 primum

301 1461 438 1495 bonum
460 1460 569 1493 habet
591 1459 823 1493 diffusionem
838 1458 1038 1492 secundum
1053 1458 1291 1499 intellectum,
1307 1458 1407 1502 cujus
1422 1465 1475 1491 est
1488 1457 1689 1491 secundum
1708 1456 1866 1503 aliquam

303 1525 450 1548 causam
474 1521 609 1547 certam
632 1512 810 1558 profluere
825 1512 860 1545 in
877 1519 1034 1553 causata,
1051 1511 1177 1557 aliquis
1194 1518 1310 1544 certus
1326 1510 1456 1544 modus
1480 1511 1668 1544 adhibetur
1684 1511 1865 1545 bonorum

303 1567 447 1601 effluxui
466 1578 484 1600 a
506 1566 623 1612 primo
646 1566 756 1607 bono,
773 1577 791 1599 a
808 1576 879 1611 quo
896 1565 1018 1599 omnia
1034 1565 1103 1598 alia
1118 1565 1213 1598 bona
1228 1564 1444 1610 participant
1457 1564 1627 1598 virtutem
1642 1563 1866 1607 diffusivam3

303 1628 337 1654 et
358 1621 440 1654 ideo
458 1619 600 1653 diffusio
615 1619 798 1652 bonorum
813 1630 887 1652 non
902 1618 1066 1664 procedit
1085 1618 1121 1651 in
1135 1617 1333 1651 infinitum:
1349 1617 1423 1659 sed,
1437 1617 1530 1651 sicut
1544 1617 1672 1652 dicitur
1694 1617 1778 1664 Sap.
1797 1629 1866 1652 11.:

306 1675 396 1708 Deus
418 1675 532 1707 omnia
554 1673 713 1719 disposuit
740 1674 773 1706 in
795 1684 944 1714 numero,
963 1671 1121 1718 pondere,
1145 1676 1172 1705 et
1193 1682 1354 1705 mensura.

372 1727 433 1761 AD
460 1736 667 1761 SECUNDUM
698 1725 904 1766 dicendum,
927 1725 1023 1771 quod
1045 1725 1081 1758 in
1103 1724 1170 1766 his,
1193 1735 1284 1770 quae
1311 1732 1394 1758 sunt
1418 1736 1482 1770 per
1503 1735 1552 1766 se,
1578 1724 1670 1759 ratio
1696 1724 1822 1772 incipit
1848 1737 1867 1758 a

302 1780 484 1827 principiis
502 1779 712 1813 naturaliter
732 1779 840 1820 notis,
856 1786 890 1812 et
905 1778 948 1812 ad
965 1777 1122 1823 aliquem
1137 1778 1334 1812 terminum
1349 1778 1594 1824 progreditur:
1617 1778 1712 1813 unde
1730 1778 1867 1813 Philos.

302 1834 429 1880 probat
451 1833 486 1866 in
509 1833 646 1866 Poster.
672 1832 748 1875 (tex.
774 1833 837 1877 6.),
861 1832 957 1877 quod
980 1831 1015 1865 in
1039 1831 1407 1865 demonstrationibus
1434 1842 1509 1865 non
1536 1839 1590 1865 est
1614 1843 1805 1878 processus
1832 1832 1867 1865 in

301 1887 499 1928 infinitum,
523 1886 605 1931 quia
634 1886 670 1919 in
699 1885 1068 1919 demonstrationibus
1100 1885 1293 1919 attenditur
1322 1884 1412 1919 ordo
1443 1884 1650 1931 aliquorum
1670 1896 1733 1932 per
1758 1897 1796 1920 se
1823 1886 1866 1919 ad

302 1941 458 1974 invicem
482 1950 742 1980 connexorum,
766 1947 800 1973 et
821 1950 895 1972 non
918 1950 980 1984 per
1003 1938 1188 1972 accidens:
1211 1938 1247 1971 in
1269 1938 1325 1972 his
1348 1946 1482 1979 autem,
1504 1949 1595 1984 quae
1614 1950 1678 1985 per
1700 1938 1867 1973 accidens

304 2001 581 2034 connectuntur,
603 1992 693 2026 nihil
715 1992 882 2038 prohibet
901 1992 1080 2026 rationem
1095 1992 1131 2025 in
1146 1991 1326 2025 infinitum
1348 1991 1571 2037 procederet.
1587 1992 1732 2026 Accidit
1745 2000 1867 2027 autem

303 2047 504 2093 quantitati,
527 2054 588 2080 aut
609 2057 762 2079 numero
786 2045 1050 2091 praeexistenti,
1072 2045 1287 2091 inquantum
1308 2046 1530 2091 hujusmodi,
1549 2046 1646 2092 quod
1665 2047 1699 2080 ei
1717 2046 1868 2080 addatur

302 2101 493 2146 quantitas,
517 2108 577 2133 aut
599 2100 731 2133 unitas:
755 2099 849 2133 unde
871 2099 907 2132 in
929 2099 1140 2144 hujusmodi
1160 2099 1250 2133 nihil
1272 2099 1439 2145 prohibet
1464 2099 1644 2134 rationem
1670 2099 1867 2146 procedere

302 2154 338 2188 in
360 2153 551 2187 infinitum.

374 2207 433 2241 AD
450 2217 620 2241 TERTmM
635 2206 841 2247 dicendum,
864 2206 959 2251 quod
975 2205 1036 2239 illa
1055 2205 1308 2252 multiplicatio
1329 2214 1476 2240 actuum
1496 2206 1692 2242 voluntatis
1714 2207 1866 2242 reflexae

303 2272 409 2306 supra
431 2260 585 2305 seipsam
609 2271 671 2305 per
693 2259 859 2293 accidens
882 2271 919 2293 se
942 2259 1050 2293 habet
1068 2259 1111 2292 ad
1132 2259 1296 2293 ordinem
1320 2259 1464 2294 finium:
1487 2260 1584 2306 quod
1603 2268 1701 2307 patet
1722 2272 1764 2295 ex
1782 2261 1866 2303 hoc,

303 2314 400 2360 quod
422 2313 517 2346 circa
540 2325 663 2354 unum,
687 2321 720 2346 et
750 2313 920 2347 eumdem
944 2320 1064 2346 actum
1092 2311 1338 2347 indifferenter
1357 2313 1482 2355 semel,
1509 2313 1567 2348 vel
1596 2313 1730 2360 pluries
1759 2326 1866 2361 supra

303 2368 458 2414 seipsam
480 2366 647 2401 voluntas
669 2366 873 2401 reflectitur.

865 2507 1209 2552 ARTICULUS
1243 2508 1296 2551 v.
1849 2534 1862 2567 s

392 2618 545 2648 UTRUM
571 2617 701 2648 UNIUS
729 2617 912 2647 HOMINIS
941 2617 1123 2647 POSSINT
1150 2617 1250 2646 ESSE
1277 2617 1437 2647 PLURES
1464 2616 1620 2646 ULTIMI
1646 2608 1781 2648 FINES.

323 2708 424 2753 (Insr.
451 2719 480 2752 q.
508 2718 557 2741 12.
585 2711 648 2740 art.
677 2718 703 2740 1.
731 2705 772 2739 ad
798 2718 824 2740 J.
851 2710 880 2739 et
905 2717 934 2750 q.
963 2717 1005 2750 13.
1033 2710 1097 2739 art.
1122 2717 1148 2750 3.
1177 2705 1218 2738 ad
1244 2716 1274 2739 2.
1301 2710 1329 2739 et
1354 2716 1386 2740 2.
1413 2705 1500 2740 Dist.
1528 2716 1582 2750 24.
1610 2710 1674 2740 art.
1698 2717 1726 2752 3.
1754 2711 1845 2753 corp.

456 2765 484 2794 et
501 2772 530 2806 3.
552 2761 638 2793 Dist.
658 2771 703 2805 31.
728 2771 757 2805 q.
781 2771 806 2793 1.
830 2763 894 2794 art.
917 2771 942 2793 1.
965 2765 1056 2805 corp.
1080 2763 1107 2792 e!
1134 2758 1218 2792 Mal.
1245 2770 1275 2804 q.
1298 2769 1347 2802 14.
1368 2763 1432 2794 art.
1455 2770 1486 2794 2.
1508 2759 1711 2806 corp.fin.).

373 2849 433 2883 AD
455 2859 635 2888 QUINTUM
658 2848 707 2882 sic
730 2847 947 2894 proceditur.
969 2847 1130 2888 Videtur,
1147 2847 1242 2893 quod
1259 2847 1428 2893 possibile
1446 2847 1491 2882 sit
1510 2847 1736 2882 voluntatem
1758 2848 1864 2882 unius

302 2902 462 2936 hominis
484 2902 518 2935 in
541 2902 642 2947 plura
664 2901 747 2935 ferri
769 2900 887 2942 simul,
910 2901 1001 2935 sicut
1022 2901 1058 2934 in
1080 2900 1227 2935 ultimos
1255 2900 1354 2935 fines.
1377 2901 1475 2936 Dicit
1496 2901 1592 2935 enim
1614 2901 1710 2947 Aug.
1742 2911 1792 2947 19.
1820 2902 1864 2936 de

305 2956 384 2991 Civ.
407 2955 477 2991 Dei
501 2955 588 3002 (cup.
605 2968 631 2989 l.
651 2966 669 2988 α
681 2956 791 3001 princ.
813 2960 841 2990 cl
859 2960 930 3001 scip.
950 2955 1009 3000 5.),
1025 2955 1122 3000 quod
1144 2954 1291 3001 quidam
1312 2954 1479 2989 ultimum
1497 2954 1658 2989 hominis
1674 2953 1786 2989 finem
1804 2966 1866 3002 po-
