1907 3182
259 214 338 254 126
680 220 900 257 QUAESTIO
934 220 1021 248 XIV.
1056 217 1298 248 ARTICULUS
1331 216 1388 245 VI.
1424 232 1425 235 =

324 316 354 340 2.
377 305 612 339 PRAETEREA.
637 303 709 336 Sub
733 301 964 348 inquisitione
980 299 1123 335 consilii
1143 299 1237 333 cadit
1252 296 1492 337 considerare,
1512 307 1585 330 non
1601 293 1723 329 solum
1733 293 1817 340 quid

253 358 433 406 agendum
446 357 571 400 sit‚sed
583 357 691 391 etiam
708 355 894 402 quomodo
906 354 1166 400 impedimenta
1183 352 1367 387 tollantur:
1385 350 1445 384 sed
1465 349 1645 396 quaelibet
1657 349 1818 382 humana

253 413 346 446 actio
369 419 487 458 potest
512 410 648 444 infinite
671 409 848 456 impediri,
876 417 910 442 et
931 407 1234 454 impedimentum
1261 405 1340 440 tolli
1362 412 1480 451 potest
1501 414 1563 448 per
1586 402 1744 448 aliquam
1766 413 1820 435 ra-

252 467 390 500 tionem
420 466 638 506 humanam3
673 474 759 509 ergo
795 463 830 496 in
864 462 1044 496 infinitum
1071 468 1234 495 remanet
1272 469 1445 505 quaerere
1481 457 1523 490 de
1550 455 1819 502 impedimentis

252 519 432 554 tollendis.

328 585 354 618 3.
377 573 613 607 PRAETEREA.
637 569 825 616 Inquisitio
848 569 1019 603 scientiae
1047 567 1354 602 demonstrativae
1376 576 1450 599 non
1472 563 1635 610 procedit
1656 562 1691 596 in
1707 562 1821 596 infini-

252 636 349 669 tum;
377 626 459 672 quia
487 633 539 659 est
560 625 727 658 devenire
754 624 789 657 in
821 623 939 669 aliqua
966 622 1141 668 principia
1167 633 1229 668 per
1256 632 1293 654 se
1319 627 1417 661 nota,
1446 629 1537 664 quae
1565 616 1819 651 omnimodam

254 680 505 715 certitudinem
528 679 678 721 habent3
705 678 767 712 sed
794 676 873 711 talis
902 676 1079 711 certitudo
1102 687 1175 709 non
1198 682 1317 721 potest
1339 672 1491 708 inveniri
1517 672 1553 705 in
1580 671 1822 717 singularibus

255 734 559 780 contingentibus,
582 744 674 779 quae
696 740 779 766 sunt
800 730 997 773 variabilia,
1013 738 1048 764 et
1074 730 1229 772 incerta3
1252 739 1338 774 ergo
1369 726 1555 774 inquisitio
1578 724 1721 759 consilii
1741 735 1820 771 pro-

256 789 349 823 cedit
369 788 405 821 in
427 787 619 821 infinitum.

328 841 402 876 SED
426 851 592 876 CONTRA.
615 839 745 874 Nullus
775 846 944 873 movetur
966 837 1009 871 ad
1032 837 1078 879 id,
1107 836 1150 871 ad
1184 835 1281 882 quod
1300 833 1524 881 impossibile
1546 840 1599 867 est
1627 831 1725 879 quod
1746 843 1824 878 per-

255 895 386 937 veniat,
408 902 446 929 ut
467 894 596 928 dicitur
617 894 653 927 in
676 905 702 927 1.
727 893 769 927 de
787 891 905 926 Coelo
929 891 1006 936 (tex.
1025 890 1114 936 58.):
1134 889 1196 924 sed
1218 889 1399 922 infinitum
1421 885 1646 934 impossibile
1661 893 1714 920 est
1730 893 1826 919 tran-

255 950 335 992 sire,
357 949 387 983 si
404 949 512 994 igitur
533 948 717 994 inquisitio
741 946 883 980 consilii
905 945 948 979 sit
969 943 1119 986 infinita,
1156 942 1277 977 nullus
1305 941 1488 976 consiliari
1510 940 1696 985 inciperet,
1724 937 1822 985 quod

256 1011 353 1050 patet
375 1014 452 1037 esse
473 1001 616 1036 falsum.

326 1057 556 1091 RESPONDEO
579 1054 784 1096 dicendum,
800 1052 896 1100 quod
912 1051 1096 1098 inquisitio
1120 1050 1264 1085 consilii
1285 1057 1338 1085 est
1359 1049 1459 1083 finita
1480 1048 1517 1082 in
1540 1056 1621 1083 actu
1638 1059 1680 1082 ex
1699 1046 1824 1094 duplici

256 1119 368 1158 parte,
391 1109 529 1144 scilicet
551 1120 592 1143 ex
608 1114 704 1155 parta
723 1107 900 1154 principii,
923 1114 958 1140 et
980 1117 1021 1139 ex
1037 1110 1135 1152 parta
1153 1104 1314 1139 termini:
1339 1103 1514 1150 accipitur
1535 1102 1633 1136 enirn
1654 1101 1691 1135 in
1713 1100 1825 1146 inqui-

256 1165 385 1199 sitione
408 1163 549 1198 consilii
571 1162 688 1209 duplat
714 1161 944 1208 principium.
986 1160 1097 1194 Unum
1119 1159 1306 1205 proprium
1334 1169 1376 1191 ex
1397 1157 1476 1203 ipso
1505 1166 1637 1202 genere
1665 1153 1828 1201 operabi-

221 1264 225 1267 -
257 1219 362 1253 lium:
386 1225 421 1251 et
440 1217 512 1251 hoc
536 1224 589 1251 est
609 1216 700 1258 finis,
721 1215 764 1249 de
787 1226 858 1261 quo
880 1225 955 1248 non
978 1221 1031 1247 est
1052 1212 1258 1253 consilium,
1281 1211 1341 1246 sed
1365 1210 1579 1256 supponitur
1599 1209 1636 1243 in
1659 1207 1826 1250 consilio,

258 1280 295 1306 ut
316 1271 545 1318 principium,
568 1277 606 1304 ut
627 1270 764 1303 dictum
787 1276 839 1302 est
867 1267 945 1311 (art.
973 1278 1005 1302 2.
1026 1267 1096 1312 huj.
1125 1266 1184 1312 q).
1200 1265 1305 1300 Aliud
1327 1264 1430 1311 quasi
1452 1275 1494 1298 ex
1522 1262 1593 1296 alio
1622 1273 1753 1308 genere
1776 1272 1829 1295 as-

258 1333 461 1371 sumptum:
485 1324 577 1358 sicut
599 1331 632 1357 et
653 1323 689 1356 in
708 1322 866 1356 scientiis
886 1321 1177 1355 demonstrativis
1195 1330 1265 1353 una
1284 1318 1433 1353 scientia
1449 1316 1619 1363 supponit
1641 1315 1760 1361 aliqua
1783 1314 1824 1348 ab

260 1379 342 1421 alia,
362 1378 404 1412 de
427 1378 554 1424 quibus
581 1388 655 1411 non
677 1376 835 1422 inquirit.

331 1431 549 1478 Hujusmodi
565 1439 686 1465 autem
702 1429 889 1476 principia,
905 1440 995 1475 quae
1012 1428 1046 1462 in
1061 1426 1292 1473 inquisitione
1310 1424 1452 1459 consilii
1466 1430 1731 1470 supponuntur,
1746 1428 1829 1456 sunt

261 1497 512 1533 quaecumque
540 1493 621 1519 sunt
647 1496 709 1531 per
736 1495 883 1518 sensum
912 1490 1080 1528 accepta3
1107 1489 1231 1527 utpote
1260 1479 1356 1526 quod
1382 1479 1453 1513 hoc
1482 1478 1526 1512 sit
1547 1476 1661 1523 panis,
1682 1474 1741 1510 vel
1766 1474 1831 1509 fer-

261 1552 360 1574 rum:
381 1547 415 1574 et
434 1550 685 1586 quaecumque
705 1545 787 1572 sunt
805 1548 867 1583 per
887 1536 1046 1582 aliquam
1066 1534 1256 1569 scientiam
1270 1532 1546 1580 speculativam,
1560 1529 1619 1564 vel
1631 1529 1830 1576 practicam

261 1594 297 1628 in
319 1593 512 1628 universali
534 1592 700 1638 cognita;
728 1592 819 1625 sicut
841 1590 938 1636 quod
961 1588 1150 1623 moechari
1173 1596 1226 1622 est
1248 1599 1266 1621 a
1305 1587 1387 1621 Deo
1410 1585 1644 1632 prohibitum,
1673 1591 1707 1618 et
1733 1581 1830 1629 quod

261 1648 376 1682 homo
399 1659 473 1681 non
504 1654 621 1694 potest
643 1646 775 1687 vivere,
802 1645 871 1679 nisi
897 1644 1074 1678 nutriatur
1094 1642 1317 1676 nutrimento
1346 1638 1599 1674 convenienti:
1628 1645 1663 1672 et
1684 1637 1727 1671 de
1755 1636 1831 1670 istis

262 1714 336 1736 non
358 1701 504 1747 inquirit
527 1699 747 1735 consiliator.
772 1698 969 1732 Terminus
989 1705 1110 1731 autem
1129 1694 1371 1742 inquisitionis
1391 1701 1445 1728 est
1462 1693 1509 1736 id,
1528 1691 1625 1739 quod
1643 1691 1764 1725 statim
1779 1697 1832 1724 est

262 1756 298 1790 in
321 1763 497 1802 potestate
519 1762 654 1796 nostra,
678 1761 715 1787 ut
737 1752 932 1786 faciamus:
965 1751 1057 1785 sicut
1079 1750 1174 1784 enim
1198 1749 1277 1783 finis
1306 1748 1416 1782 habet
1437 1747 1616 1781 rationem
1642 1744 1831 1792 principii3

262 1811 311 1844 ita
333 1810 379 1852 id,
394 1809 490 1856 quod
511 1809 627 1855 agitur
646 1815 792 1854 propter
810 1806 931 1847 finem,
951 1805 1060 1839 habet
1078 1804 1258 1838 rationem
1277 1801 1540 1836 conclusionis:
1563 1800 1658 1834 unde
1673 1799 1719 1841 id,
1735 1797 1832 1845 quod

263 1864 380 1911 primo
404 1863 586 1909 agendum
610 1862 778 1902 occurrit,
800 1860 910 1894 habet
931 1859 1112 1893 rationem
1135 1857 1284 1891 ultimae
1309 1855 1568 1896 conclusionis,
1585 1853 1629 1887 ad
1653 1864 1763 1899 quam
1784 1852 1834 1885 in-

264 1918 407 1965 quisitio
429 1919 652 1952 terminatur.
676 1914 777 1950 Nihil
800 1922 922 1948 autem
945 1913 1112 1960 prohibet
1134 1910 1329 1946 consilium
1352 1909 1513 1956 potentia
1541 1907 1721 1941 infinitum
1743 1916 1832 1948 esse,

264 1973 463 2007 secundum
486 1971 583 2018 quod
606 1971 641 2004 in
664 1969 844 2003 infinitum
867 1974 1018 2014 possunt
1040 1965 1160 2012 aliqua
1182 1975 1373 1999 occurrere
1396 1962 1550 1997 consilio
1569 1959 1794 2007 inquirenda.

336 2027 395 2061 AD
417 2036 566 2060 PRIMUM
589 2035 676 2070 ergo
699 2022 905 2064 dicendum,
932 2020 1030 2067 quod
1056 2018 1252 2066 singularia
1279 2029 1354 2052 non
1381 2025 1463 2051 sunt
1488 2015 1627 2050 infinita
1655 2022 1749 2056 actu,
1772 2011 1833 2047 sed

266 2083 301 2116 in
323 2080 494 2127 potentia.
927 2116 930 2120 ι

338 2135 397 2169 AD
425 2143 632 2169 SECUNDUM
655 2130 861 2172 dicendum,
891 2128 987 2175 quod
1010 2127 1096 2162 licet
1115 2127 1276 2161 humana
1300 2124 1394 2159 actio
1416 2123 1530 2171 possit
1555 2122 1733 2170 impediri,
1759 2131 1834 2155 non

266 2198 389 2225 tamen
411 2199 552 2234 semper
578 2187 687 2221 habet
716 2185 1019 2231 impedimentum
1049 2189 1234 2229 paratum:
1266 2188 1301 2215 et
1321 2179 1404 2214 ideo
1431 2190 1505 2213 non
1527 2189 1670 2224 semper
1692 2183 1836 2223 oportet

269 2243 451 2279 consiliari
473 2243 515 2276 de
538 2241 800 2287 impedimento
822 2238 997 2272 tollendo.

339 2298 399 2332 AD
415 2306 586 2331 TERTIUM
609 2294 814 2335 dicendum,
830 2292 926 2338 quod
950 2291 984 2324 in
1005 2289 1246 2337 singularibus
1261 2287 1554 2333 contingentibus
1568 2293 1687 2333 potest
1701 2283 1835 2331 aliquid

270 2351 385 2398 accipi
408 2358 557 2391 certum,
587 2349 651 2382 etsi
673 2359 747 2381 non
770 2345 991 2392 simpliciter,
1014 2352 1137 2378 tamen
1160 2351 1197 2378 ut
1218 2354 1327 2384 nunc,
1354 2349 1461 2388 prout
1483 2339 1675 2375 assumitur
1697 2339 1731 2373 in
1755 2349 1837 2385 ope-

270 2407 427 2441 ratione:
451 2405 641 2439 Socratem
665 2402 761 2436 enim
784 2401 908 2435 sedere
936 2411 1009 2433 non
1033 2407 1086 2432 est
1108 2397 1371 2432 necessarium:
1400 2395 1462 2430 sed
1483 2406 1566 2429 eum
1587 2394 1722 2435 sedere,
1749 2393 1835 2427 dum

271 2460 380 2502 sedet,
403 2467 455 2493 est
475 2457 740 2498 necessarium3
764 2463 798 2489 et
819 2455 890 2488 hoc
912 2465 975 2500 per
992 2452 1246 2486 certitudinem
1266 2449 1381 2496 accipi
1404 2456 1532 2495 potest.
1830 2451 1831 2461 ¹
