1955 3182
230 187 283 227 16

218 1311 258 1329 10.

213 1561 239 1709 exuro-⁴

449 277 642 308 QUAESTIO
664 279 739 305 CIX.

279 335 319 361 De
334 337 459 372 principio
479 338 596 364 exteriori
616 338 779 365 bumanorum
800 344 910 370 actuum,

317 382 363 412 per
382 377 447 412 quod
462 379 584 413 juvamur
602 379 636 404 ad
654 384 717 405 recte
737 379 871 415 agendum,
890 388 893 391 ·

404 419 498 444 scilicet
517 420 546 445 de
564 421 649 455 gratia
668 426 788 455 quantum

445 460 479 486 ad
497 462 549 496 ejus
567 463 746 488 necessitatem.

253 538 258 544 .
281 518 379 544 Utrum
399 519 500 554 absque
521 521 607 555 gratia
633 521 723 555 possit
748 520 834 547 homo
860 521 973 556 aliquod

304 569 398 586 veri-lm
419 570 602 596 cognoscere.

254 621 259 627 .
281 601 379 627 Utrum
391 602 492 637 absque
504 604 591 637 gratia
602 603 653 628 Dei
664 604 753 637 possit
764 603 848 629 homo
861 603 973 638 aliquod

306 642 409 668 bonum
429 643 529 675 facere,
546 644 589 670 vel
603 644 685 670 velle.

255 703 260 709 .
282 683 380 709 Utrum
401 685 485 710 homo
501 685 602 719 absque
622 686 709 720 gratia
722 686 811 720 possit
824 686 914 712 Deum
928 695 972 712 su·

305 734 353 760 per
373 727 466 751 omnia
486 726 610 761 diligere.

254 786 259 791 .
281 766 379 792 Utrum
400 767 485 793 homo
500 768 601 802 absque
616 769 703 802 gratia
718 777 764 803 per
778 777 826 794 sua
840 769 973 796 naturalia

305 809 394 842 possit
406 816 552 844 praecepta
571 809 642 844 legis
663 810 818 836 observare.

255 848 380 874 .Utrum
400 850 485 876 homo
512 850 613 885 absque
641 852 728 886 gratia
757 852 845 886 possit
874 853 972 878 mereri

305 891 389 917 vitam
409 898 558 918 aeternam.

254 951 259 956 .
281 931 379 957 Utrum
399 932 484 958 homo
504 934 593 967 possit
612 941 641 958 se
661 934 694 959 ad
718 934 832 968 gratiam
860 943 971 969 praepa-

305 981 363 998 rare
384 974 443 999 sine
463 974 560 1008 gratia.

252 1034 257 1039 .
279 1013 377 1039 Utrum
398 1015 498 1049 absque
519 1016 607 1050 gratia
626 1016 715 1050 possit
729 1015 814 1042 homo
829 1025 971 1051 resurgere

304 1065 319 1081 a
337 1063 463 1090 peccato.

253 1117 258 1122 .
279 1097 377 1123 Utrum
407 1098 508 1133 absque
538 1099 626 1132 gratia
654 1099 744 1133 possit
771 1098 856 1124 homo
886 1099 971 1125 vitare

302 1145 456 1173 peccatum,

252 1200 258 1205 .
279 1179 377 1205 Utrum
398 1180 483 1206 homo
498 1182 612 1215 gratiam
629 1187 794 1206 consecutus
809 1182 898 1216 possit
911 1182 971 1207 abs-

303 1229 355 1255 que
373 1221 427 1247 alio
455 1222 549 1247 divino
576 1221 679 1248 auxilio
706 1222 809 1248 bonum
829 1222 930 1255 facere,
945 1230 972 1249 et

300 1263 385 1288 vitare
405 1269 559 1297 peccatum.

279 1303 377 1329 Utrum
404 1305 493 1339 possit
516 1313 687 1339 perseverare
714 1306 742 1330 in
768 1305 843 1331 bono
863 1313 910 1340 per
929 1314 970 1331 se-

300 1346 400 1380 ipsum.

457 1428 650 1459 QUAESTIO
672 1429 732 1455 CX.

272 1486 313 1513 De
331 1488 416 1523 gratia
435 1487 486 1513 Dei
505 1493 627 1523 quantum
645 1488 679 1514 acl
698 1489 749 1523 ejus
769 1489 908 1515 essentiam.

236 1572 242 1579 .
263 1552 361 1578 Utrum
381 1553 468 1588 gratia
488 1559 573 1588 ponat
592 1553 695 1588 aliquid
714 1554 742 1578 in
762 1554 862 1579 anima.

236 1614 242 1620 .
262 1594 361 1620 Utrum
381 1595 468 1630 gratia
488 1595 523 1620 sit
543 1594 670 1629 qualitas.

261 1635 359 1661 Utrum
380 1637 467 1671 gratia
488 1635 593 1661 differat
613 1645 627 1661 a
646 1636 747 1661 virtute
768 1636 869 1664 infusa.

262 1677 303 1702 De
323 1677 449 1712 subjecto
470 1678 584 1712 gratiae,
601 1683 691 1702 utrum
706 1677 815 1703 scilicet
833 1678 920 1712 gratia
934 1678 970 1703 sit

300 1719 327 1743 in
348 1719 468 1744 essentia
488 1719 605 1750 animae,
627 1719 699 1744 sicut
718 1719 745 1743 in
760 1719 896 1753 subjecto.

408 1806 643 1837 QUAESTIO
683 1807 771 1833 CXI.

435 1865 474 1891 De
494 1866 616 1892 divisione
635 1867 744 1902 gratiae.

232 1945 237 1950 .
260 1925 358 1950 Utrum
380 1926 467 1960 gratia
487 1926 684 1951 convenienter
698 1925 834 1951 dividatur
848 1934 895 1960 per
910 1935 969 1960 gra-

301 1967 367 1992 tiam
388 1967 472 2001 gratis
493 1967 594 1999 datam,
617 1973 644 1992 et
663 1973 771 2002 gratum
791 1967 949 1993 facientem.

233 2008 301 2034 ,De
330 2008 466 2034 divisione
495 2009 598 2042 gratiae
628 2014 735 2043 gratum
765 2008 892 2034 facientis
922 2017 970 2044 per

283 2042 470 2084 ’operantem‚
492 2056 518 2075 et
539 2056 744 2084 cooperantem.

232 2111 237 2116 .
259 2090 300 2116 De
320 2091 455 2117 divisione
476 2091 597 2125 ejusdem
609 2100 656 2126 per
666 2092 781 2126 gratiam
793 2092 968 2126 praevenien-

301 2138 367 2164 tem,
389 2139 415 2157 et
436 2132 660 2166 subsequentem.

233 2195 236 2199 .
259 2173 300 2199 De
320 2174 456 2200 divisione
477 2175 579 2208 gratiae
600 2175 684 2209 gratis
705 2175 794 2201 datae.

232 2236 237 2242 .
259 2215 299 2240 De
321 2216 527 2250 comparatione
547 2217 650 2250 gratiae
665 2222 772 2251 gratum
787 2215 925 2248 facientiS,
941 2223 968 2242 et

299 2258 384 2292 gratis
405 2257 493 2284 datae.

437 2345 631 2376 QUAESTIO
652 2345 742 2372 CXII.

323 2402 362 2429 De
381 2405 466 2439 gratia
485 2409 606 2439 quantum
625 2405 659 2430 ad
678 2406 729 2440 ejus
748 2414 857 2433 causam.

231 2482 236 2488 .
258 2462 355 2489 Utrum
376 2463 453 2489 solus
472 2464 548 2489 Deus
568 2465 604 2490 sit
619 2473 700 2490 causa
714 2464 835 2491 efficiens
850 2467 963 2500 gratiae.

608 199 742 228 INDEX
776 199 932 230 PRIMAE
966 200 1195 230 SECUNDAE
1228 203 1390 233 PARTIS.

1029 289 1054 306 2.
1076 279 1173 306 Utrum
1189 283 1340 316 requiratur
1353 284 1444 319 aliqua
1457 286 1603 321 dispositio
1621 289 1654 313 ad
1667 290 1782 323 gratiam

1117 331 1148 348 ex
1167 330 1242 357 parte
1262 326 1421 359 recipientis
1435 328 1522 362 ipsam
1535 337 1583 363 per
1598 337 1688 356 actum
1704 330 1782 357 liberi

1117 364 1231 391 arbitrii.

1030 413 1054 439 3.
1075 405 1174 431 Utrum
1200 415 1232 432 ex
1251 409 1416 435 necessitate
1437 410 1515 436 detur
1533 413 1621 446 gratia
1631 421 1660 438 se
1674 422 1783 449 praepa-

1117 450 1187 473 ranti
1207 449 1240 474 ad
1260 451 1384 484 gratiam.

1027 498 1053 522 4.
1075 489 1172 515 Utrum
1193 492 1280 524 gratia
1300 492 1335 516 sit
1356 492 1476 526 aequalis
1497 494 1525 519 in
1546 495 1684 523 omnibus.

1031 539 1054 564 ς,
1078 531 1176 557 Utrum
1199 531 1298 566 aliquis
1318 534 1407 567 possit
1425 535 1507 567 scire,
1537 544 1566 560 se
1595 536 1694 562 habere
1723 546 1783 572 gra-

1116 580 1192 601 tiam.

1245 695 1438 726 QUAESTIO
1462 695 1568 721 CXIII.

1056 761 1095 786 Dc
1115 762 1209 796 gratia,
1230 767 1350 796 quantum
1370 761 1404 787 ad
1423 763 1474 796 ejus
1493 761 1616 797 effectum,
1637 767 1661 788 et
1675 763 1758 797 primo

1241 802 1270 828 de
1286 802 1467 838 justificatione
1487 804 1569 838 impii,

1164 845 1207 879 qui
1226 849 1260 869 est
1280 845 1377 879 effi'ctzes
1396 845 1492 879 gratiae
1511 845 1645 880 operantis.

1047 924 1069 941 1.
1092 915 1166 945 Quid
1187 916 1222 940 sit
1240 916 1400 949 justificatio
1421 916 1508 950 impii.

1045 965 1070 983 2.
1094 957 1193 982 Utrum
1213 957 1246 982 ad
1266 965 1325 982 eam
1346 958 1497 991 requiratur
1516 958 1620 992 gratiae
1639 957 1754 983 infusio.

1047 1007 1070 1032 3.
1093 998 1190 1023 Utrum
1203 998 1236 1023 ad
1250 1007 1310 1023 eam
1322 999 1473 1032 requiratur
1486 998 1584 1034 aliquis
1598 1005 1690 1024 motus
1704 998 1783 1024 liberi

1116 1039 1229 1066 arbitrii.

1044 1090 1070 1113 4.
1092 1080 1190 1106 Utrum
1210 1081 1243 1106 ad
1262 1089 1323 1106 eam
1342 1081 1495 1115 requiratur
1512 1087 1605 1107 motus
1624 1081 1697 1108 fidei.

1047 1130 1070 1155 5.
1092 1121 1191 1147 Utrum
1211 1122 1244 1147 ad
1265 1131 1323 1148 eam
1343 1123 1494 1157 requiratur
1513 1129 1606 1149 motus
1620 1123 1700 1148 liberi
1713 1123 1782 1149 arbi-

1116 1165 1160 1189 trii
1180 1165 1208 1189 in
1228 1171 1382 1198 peccatum.

1044 1206 1069 1231 6.
1091 1205 1188 1231 Utrum
1199 1207 1356 1240 praemissis
1371 1206 1408 1232 sit
1421 1206 1645 1232 connumeranda
1655 1206 1781 1232 remissio

1117 1254 1305 1281 peccatorum.

1045 1296 1071 1322 7.
1094 1288 1192 1313 Utrum
1213 1289 1240 1313 in
1259 1289 1457 1322 justificatione
1476 1290 1553 1324 impii
1573 1289 1608 1314 sit
1625 1289 1693 1315 ordo
1713 1296 1782 1314 tem-

1116 1331 1201 1364 poris,
1223 1337 1271 1355 aut
1290 1330 1336 1355 fiat
1357 1330 1460 1356 subito.

1045 1372 1070 1397 8.
1092 1371 1133 1396 De
1153 1371 1271 1397 naturali
1291 1372 1386 1397 ordine
1407 1381 1513 1404 eorum,
1533 1380 1602 1406 quae
1627 1372 1661 1397 ad
1683 1372 1781 1407 justifi-

1116 1414 1253 1438 cationem
1274 1419 1450 1439 concurrunt.

1043 1462 1068 1487 9.
1092 1454 1189 1479 Utrum
1207 1454 1369 1489 justificatio
1389 1455 1466 1489 impii
1485 1455 1521 1480 sit
1545 1455 1692 1480 maximum
1712 1462 1781 1489 opus

1114 1496 1176 1521 Dei.

1029 1545 1069 1562 10.
1092 1536 1190 1563 Utrum
1208 1537 1368 1571 justificatio
1390 1538 1467 1572 impii
1486 1538 1522 1562 sit
1541 1537 1716 1563 miraculosa.

1239 1659 1433 1691 QUAESTIO
1455 1659 1556 1686 CXIV.

1044 1726 1084 1752 De
1104 1727 1203 1757 merito,
1225 1725 1290 1760 quod
1309 1731 1344 1751 est
1362 1725 1461 1761 effectus
1478 1725 1576 1761 gratiae
1596 1725 1760 1760 cooperantis.

1044 1807 1067 1824 1.
1089 1798 1188 1823 Utrum
1208 1797 1293 1823 homo
1313 1797 1403 1832 possit
1421 1796 1523 1831 aliquid
1537 1797 1634 1822 mereri
1654 1805 1670 1822 a
1688 1796 1760 1823 Deo.

1043 1848 1068 1866 2.
1090 1840 1189 1866 Utrum
1209 1839 1308 1874 aliquis
1328 1840 1388 1864 sine
1408 1839 1496 1874 gratia
1517 1839 1607 1874 possit
1625 1839 1723 1864 mereri
1741 1839 1779 1864 vi-

1114 1888 1169 1907 tam
1191 1888 1338 1907 aeternam.

1044 1932 1067 1957 3.
1088 1923 1187 1949 Utrum
1207 1923 1305 1957 aliquis
1325 1931 1372 1958 per
1391 1923 1504 1958 gratiam
1522 1922 1611 1957 possit
1629 1922 1727 1948 mereri
1740 1923 1779 1947 vi-

1113 1971 1168 1990 tam
1189 1971 1327 1990 aeternam
1348 1973 1380 1989 ex
1400 1964 1552 1998 condignO.

1042 2015 1067 2039 4.
1090 2006 1188 2032 Utrum
1221 2007 1308 2041 gratia
1332 2006 1368 2031 sit
1392 2006 1556 2040 principium
1582 2005 1704 2030 merendi
1724 2013 1778 2030 me-

1114 2049 1204 2073 diante
1226 2048 1357 2073 charitate
1376 2047 1572 2082 principaliter.

1043 2098 1066 2123 5.
1088 2089 1186 2115 Utrum
1206 2089 1292 2115 homo
1311 2090 1400 2124 possit
1414 2089 1466 2114 sibi
1487 2089 1583 2114 mereri
1595 2089 1707 2123 primam
1719 2097 1778 2123 gra-

1113 2133 1188 2157 tiam.

1042 2174 1066 2199 6.
1089 2173 1187 2199 Utrum
1208 2172 1293 2199 homo
1315 2173 1403 2208 possit
1423 2181 1482 2198 earn
1503 2173 1599 2198 mereri
1619 2171 1676 2198 alii.

1041 2223 1066 2249 7.
1089 2215 1186 2240 Utrum
1207 2215 1305 2249 aliquis
1325 2215 1414 2250 possit
1437 2214 1490 2240 sibi
1509 2214 1606 2239 mereri
1630 2214 1778 2248 reparatio-

1113 2265 1174 2281 nem
1195 2263 1258 2292 post
1278 2256 1394 2291 lapsum.

1040 2299 1065 2325 8.
1088 2299 1186 2325 Utrum
1207 2300 1295 2334 possit
1309 2299 1407 2333 aliquis
1421 2298 1473 2323 sibi
1488 2298 1585 2323 mereri
1599 2303 1776 2332 augmentum

1111 2341 1225 2375 gratiae,
1246 2340 1289 2366 vel
1311 2340 1462 2366 charitatis.

1040 2391 1065 2416 9.
1088 2382 1185 2408 Utrum
1215 2383 1303 2416 possit
1331 2381 1429 2416 aliquis
1459 2380 1513 2406 sibi
1540 2381 1638 2406 mereri
1666 2379 1775 2406 finalem

1110 2424 1348 2458 perseverantiam.

1024 2474 1064 2491 10.
1087 2465 1185 2491 Utrum
1207 2465 1280 2490 bona
1300 2464 1462 2500 temporalia
1483 2464 1580 2491 cadant
1601 2464 1651 2489 sub
1666 2464 1774 2489 merito.
