1907 3198
527 179 752 216 QUAESTIO
786 178 826 208 1..
859 177 1109 208 Ani-remus
1143 177 1184 206 v.
1565 176 1585 218 3
1596 176 1617 218 5
1627 176 1648 218 5

55 263 168 312 ipsius
189 262 387 311 potentiae,
415 273 491 297 non
516 261 657 308 indiget
690 260 811 308 aliqua
846 259 1019 307 qualitate
1038 258 1255 294 inclinante:
1288 258 1351 293 sed
1373 257 1457 305 quia
1482 268 1647 292 necessa-

57 318 155 354 rium
183 325 237 352 est
270 316 316 351 ad
337 315 450 351 finem
471 316 658 350 humanae
679 315 787 357 vitae,
810 314 909 361 quod
930 314 986 348 vis
1009 313 1206 360 appetitiva
1233 311 1428 347 inclinetur
1443 311 1487 346 ad
1515 310 1651 358 aliquid

57 371 355 413 determinatum,
377 370 422 404 ad
444 369 543 417 quod
565 380 641 404 non
663 368 859 404 inclinatur
880 379 923 402 ex
941 375 1071 402 natura
1089 367 1289 414 potentiae,
1311 376 1404 412 quae
1427 377 1465 400 se
1484 365 1594 399 habet
1607 365 1652 399 ad

57 424 187 468 multa,
208 433 244 460 et
260 425 415 466 diversa,
436 423 522 458 ideo
543 434 695 458 necesse
717 431 782 465 est,
809 421 908 469 quod
931 423 967 456 in
994 420 1196 463 voluntate,
1220 429 1256 455 et
1277 420 1313 454 in
1336 419 1416 454 aliis
1437 419 1573 454 viribus
1595 430 1654 466 ap-

57 479 216 527 petitivis
234 478 306 514 sint
328 477 510 526 quaedam
533 477 726 524 qualitates
748 476 979 518 inclinantes,
1001 486 1095 522 quae
1117 475 1289 509 dicuntur
1315 474 1458 509 habitus.

129 533 192 569 AD
213 543 423 569 SECUNDUM
445 531 654 574 dicendum,
681 530 780 578 quod
813 529 1020 565 intellectus
1055 539 1168 575 agens
1203 536 1257 563 est
1295 538 1407 574 agens
1434 535 1589 568 tantum,
1618 535 1654 560 et

57 586 162 623 nullo
182 586 298 622 modo
325 586 485 634 patiens:
521 585 584 621 sed
606 584 790 627 voluntas,
813 592 848 619 et
869 583 1054 631 quaelibet
1075 583 1129 617 vis
1148 582 1344 630 appetitiva
1372 589 1426 615 est
1447 592 1594 623 movens,
1618 588 1654 615 et

55 646 197 684 motum,
219 649 259 676 ut
273 641 406 676 dicitur
426 642 463 675 in
489 651 518 687 3.
541 640 585 675 de
608 639 746 674 Anima
768 639 850 685 (tex.
868 638 941 685 54.)
955 650 968 679 ‚·
993 646 1029 672 et
1054 637 1140 672 ideo
1162 648 1239 671 non
1261 645 1316 671 est
1334 635 1463 670 similis
1485 635 1578 670 ratio
1609 635 1653 669 de

57 703 232 744 utroque:
253 706 342 730 nam
362 706 424 730 esse
443 695 664 742 susceptivum
687 693 819 728 habitus
846 692 1020 727 convenit
1041 692 1086 734 ei,
1113 691 1212 738 quod
1235 698 1288 726 est
1310 690 1591 737 quodammodo
1614 689 1650 723 in

57 750 234 798 potentia.

130 804 192 840 AD
214 814 388 840 TERTIUM
403 803 614 846 dicendum,
635 802 734 850 quod
756 801 927 837 voluntas
943 813 987 837 ex
1005 802 1083 848 ipsa
1096 810 1227 836 natura
1249 801 1436 848 potentiae
1458 800 1655 834 inclinatur

57 857 96 893 in
113 857 257 893 bonum
277 857 445 892 rationis:
467 857 531 892 sed
553 857 639 904 quia
661 856 733 891 hoc
756 856 895 891 bonurn
922 855 1173 903 multipliciter
1191 854 1468 897 diversificatur,
1490 865 1656 889 necessa-

58 911 154 947 rium
175 919 241 954 est,
263 919 303 946 ut
323 911 367 946 ad
389 910 539 959 aliquod
562 911 846 946 determinatum
867 910 1008 945 bonum
1036 910 1188 945 rationis
1214 909 1384 944 voluntas
1406 921 1471 956 per
1493 909 1654 956 aliquem

57 965 226 1001 habitum
241 965 449 1008 inclinetur,
471 965 516 1000 ad
538 964 612 1000 hoc
635 965 736 1012 quod
757 973 929 1012 sequatur
955 965 1163 1012 promptior
1184 964 1363 1011 operatio.

640 1109 991 1155 ARTICULUS
1031 1109 1110 1153 VI.
1585 1118 1654 1166 276

374 1220 532 1250 UTRUM
553 1220 598 1250 IN
621 1220 809 1250 ANGELIS
838 1219 907 1250 SIT
931 1220 1110 1256 ALIQUIS
1135 1219 1341 1249 HABITUS.

595 1307 700 1354 (Irzj'r.
723 1319 754 1354 q.
773 1320 821 1354 51.
843 1312 909 1342 art.
932 1320 960 1343 1.
989 1308 1112 1355 corp).

130 1396 192 1432 AD
214 1407 371 1433 SEXTUM
393 1396 446 1432 sic
465 1397 687 1445 proceditur.
696 1397 864 1440 Videtur,
883 1397 982 1445 quod
998 1398 1035 1432 in
1051 1397 1191 1444 angelis
1204 1408 1281 1432 non
1293 1397 1365 1432 sint
1385 1397 1546 1432 habitus:
1569 1396 1656 1432 dicit

58 1450 159 1486 enim
191 1451 374 1486 Maximus
408 1459 682 1486 commentator
713 1451 870 1499 Dionys.
904 1452 942 1486 in
977 1463 1008 1497 7.
1045 1463 1123 1498 cap.
1147 1451 1191 1486 de
1219 1451 1327 1486 Coel.
1351 1451 1450 1486 Hier.
1474 1450 1614 1498 (parurn
1635 1463 1655 1485 a

0 1542 9 1553 ,
54 1505 204 1554 princ.):
222 1505 302 1541 Non
323 1507 477 1541 convenit
497 1507 670 1541 arbitrari
689 1507 829 1541 virtutes
854 1506 1087 1541 intellectuales
1108 1506 1219 1550 (idest
1244 1505 1468 1552 spirituales)
1490 1517 1583 1540 more
1604 1517 1658 1541 ac-

0 1564 10 1594 ,k
58 1558 252 1603 cidentium,
279 1559 560 1606 quemadmodum
571 1561 645 1595 etin
665 1561 762 1596 nobis
786 1565 875 1603 sunt,
890 1561 926 1594 in
947 1559 1073 1595 divinis
1086 1560 1302 1595 intellectibus
1319 1559 1478 1599 (scilicet
1497 1558 1654 1606 angelis)

0 1607 11 1663 ξ
58 1625 136 1657 esse,
157 1618 196 1650 ut
211 1613 306 1649 aliud
326 1615 363 1648 in
383 1614 451 1649 alio
472 1615 527 1657 sit,
547 1615 635 1650 sicut
655 1616 691 1649 in
707 1616 868 1661 subjecta·
885 1614 1035 1650 accidens
1052 1616 1141 1659 enim
1163 1626 1259 1649 omne
1282 1614 1376 1649 illinc
1398 1614 1568 1661 repulsum
1590 1619 1655 1649 est:

0 1672 17 1718 ξ,
58 1667 124 1703 sed
144 1668 267 1704 omnis
286 1667 432 1703 habitus
454 1677 509 1703 est
529 1668 724 1710 accidens;
747 1679 836 1715 ergo
859 1669 896 1702 in
919 1667 1060 1715 angelis
1081 1679 1156 1703 non
1179 1676 1264 1703 sunt
1283 1668 1442 1702 habitus.

132 1731 165 1757 2.
186 1721 428 1758 PRAETEREA.
451 1722 556 1758 Sicut
575 1722 784 1758 Dion.dicit
805 1723 842 1757 in
861 1734 939 1769 cap.
954 1733 988 1767 4.
1011 1723 1055 1757 de
1067 1722 1173 1758 Coel.
1191 1723 1291 1757 Hier.
1307 1723 1627 1770 (parumaprinc.)
1645 1736 1655 1757 :

0 1796 4 1805 =
56 1775 201 1812 Sanctae
225 1776 410 1812 coelestium
431 1778 644 1813 essentiarum
670 1777 900 1825 dispositiones
925 1783 1023 1824 super
1049 1779 1164 1812 onmia
1191 1777 1262 1812 alia
1287 1777 1356 1812 Dei
1378 1778 1558 1812 bonitatem
1575 1783 1657 1823 par-

0 1838 13 1865 'j
57 1832 227 1878 ticipant:
248 1831 313 1866 sed
346 1842 492 1878 semper
520 1831 620 1878 quod
642 1840 697 1866 est
723 1843 787 1878 per
809 1842 859 1874 se,
882 1840 936 1866 est
956 1831 1067 1878 prius,
1102 1839 1137 1866 et
1164 1832 1284 1878 potius
1307 1842 1365 1873 eo,
1393 1831 1493 1878 quod
1516 1839 1570 1866 est
1591 1842 1656 1878 per

59 1883 177 1921 aliud:
199 1896 290 1933 ergo
317 1884 538 1932 angelorum
559 1885 740 1921 essentiae
764 1896 828 1932 per
849 1886 986 1932 seipsas
1014 1885 1252 1932 perficiuntur
1279 1885 1324 1920 ad
1352 1884 1654 1920 conformitatem

6 1944 24 1989 ὲ,
57 1938 149 1974 Dei:
170 1949 246 1974 non
268 1950 358 1987 ergo
380 1950 444 1986 per
465 1939 608 1986 aliquos
629 1939 798 1974 habitus:
834 1948 870 1974 et
901 1940 994 1974 haec
1016 1940 1162 1975 videtur
1188 1951 1266 1975 esse
1288 1939 1382 1974 ratio
1406 1939 1571 1981 Maximi,
1594 1939 1655 1986 qui

7 1990 20 2005 ⁴*
58 1993 197 2028 ibidem
216 1993 297 2039 (loc.
319 1995 392 2038 cit.)
413 1993 552 2029 subdit:
577 1993 615 2029 Si
635 1995 725 2029 enim
746 1994 806 2029 hoc
827 1999 916 2037 esset,
939 2005 1005 2028 non
1032 1995 1144 2041 utique
1168 1999 1317 2029 maneret
1346 1995 1381 2028 in
1405 1995 1578 2041 semetipffl
1601 1994 1656 2028 ha-

58 2060 138 2084 rum
157 2049 307 2091 essentia,
328 2059 386 2084 nec
412 2047 564 2091 deificari
579 2055 642 2096 per
661 2060 705 2090 se,
733 2053 897 2094 quantum
912 2048 1006 2095 foret
1026 2048 1196 2096 possibile,
1219 2049 1387 2083 zuluisset.

135 2113 165 2150 3.
187 2101 428 2138 PRAETEREA.
455 2101 611 2137 Habitus
633 2110 687 2137 est
709 2102 899 2149 dispositio
927 2103 1123 2149 quaedam,
1150 2110 1190 2137 ut
1219 2102 1351 2137 dicitur
1372 2102 1409 2137 in
1436 2113 1464 2148 5.
1491 2101 1654 2149 Metaph.

6 2194 8 2199 ,
59 2156 142 2203 (tex.
161 2155 255 2204 25.).·
277 2155 342 2191 sed
363 2156 568 2204 dispositio,
590 2164 630 2191 ut
651 2156 787 2191 ibidem
810 2157 952 2199 dicitur,
972 2162 1015 2192 est
1041 2156 1122 2191 ordo
1137 2157 1286 2192 habentis
1300 2161 1415 2204 partes
1422 2169 1435 2198 ;
1465 2167 1549 2191 cum
1565 2166 1654 2202 ergo

60 2208 182 2258 angeli
202 2209 274 2245 sint
294 2209 481 2258 simplices
502 2210 737 2253 substantiae,
771 2210 914 2245 videtur
935 2210 1033 2257 quod
1056 2211 1092 2245 in
1115 2211 1166 2246 eis
1188 2222 1264 2246 non
1296 2212 1367 2246 sint
1393 2211 1654 2258 dispositiones

0 2264 12 2289 Υ
60 2263 272 2300 ethabitus.

34 2327 37 2331 ¹
133 2316 211 2353 SED
233 2327 392 2354 CONTRA
413 2326 479 2361 est,
497 2317 597 2366 quod
618 2318 731 2353 Dion.
750 2318 839 2353 dicit
865 2329 896 2364 7.
925 2330 1004 2366 cap.
1029 2318 1136 2354 Coel.
1164 2319 1264 2354 Hier.
1287 2319 1428 2366 (parum
1454 2331 1475 2354 a
1505 2319 1653 2366 princ),

60 2371 160 2419 quod
187 2371 311 2419 angeli
327 2371 468 2419 primae
491 2372 722 2408 hierarchiae
744 2372 984 2408 nominantur
1010 2373 1280 2416 calefacientes,
1308 2382 1342 2408 et
1366 2373 1525 2417 Throni,
1553 2382 1588 2408 et
1610 2372 1655 2408 ef-

58 2423 155 2461 fusio
176 2425 388 2474 sapientiae,
410 2425 683 2461 manifestativo
707 2426 944 2462 deiformium
966 2428 1131 2475 ipsorum
1159 2424 1352 2462 habituum
1373 2428 1537 2463 nomine.

132 2480 366 2516 RESPONDl-:o
388 2480 598 2524 dicendum,
620 2481 718 2528 quod
741 2481 891 2528 quidam
913 2491 1127 2529 posuerunt,
1159 2483 1195 2516 in
1231 2482 1371 2529 angelis
1394 2493 1469 2516 non
1493 2493 1572 2517 esse
1593 2481 1656 2516 ha-

58 2532 173 2579 bitus3
187 2535 250 2570 sed
264 2535 363 2583 quod
378 2547 635 2583 quaecumque
655 2535 824 2570 dicuntur
837 2536 881 2571 de
897 2536 961 2579 eis,
977 2536 1217 2571 essentialiter
1231 2536 1419 2580 dicuntur3
1435 2537 1530 2571 unde
1541 2536 1656 2570 Maxi-

55 2598 144 2624 mus
164 2597 248 2637 post
264 2589 451 2637 praedicta
476 2589 599 2633 verba,
621 2601 715 2636 quae
737 2590 945 2625 induximus
972 2591 1025 2636 (in
1048 2603 1120 2638 arg.
1143 2591 1206 2636 2.),
1231 2591 1334 2625 dicit:
1355 2592 1503 2626 Habitus
1524 2603 1654 2634 earum,

61 2646 158 2690 atque
176 2644 330 2686 virtutes,
358 2655 441 2691 quae
462 2645 497 2678 in
519 2645 564 2679 eis
588 2649 677 2687 sunt,
700 2644 878 2680 essentiales
899 2650 974 2680 sunt
990 2650 1132 2692 propter
1155 2645 1475 2680 immaterialitatem
1494 2658 1500 2679 z
1525 2653 1560 2679 et
1581 2644 1653 2680 hoc

99 2695 108 2704 ‘
135 2707 175 2732 m
201 2696 412 2745 Simplicius
433 2697 522 2732 dicit
542 2699 578 2732 in
601 2706 802 2733 comment.
829 2698 1060 2734 Praedicam.
1088 2699 1181 2747 (cap.
1204 2699 1241 2734 de
1265 2699 1442 2744 Qualit.).·
1464 2699 1652 2747 Sapientia,

163 2755 209 2787 est
227 2752 263 2786 in
283 2752 415 2795 anima,
438 2751 568 2787 habitus
586 2756 631 2787 est
643 2764 655 2793 ,¹
678 2763 762 2798 quae
782 2757 892 2788 autem
911 2754 946 2787 in
974 2753 1151 2796 intellectu,
1173 2754 1383 2788 substantia:
1412 2755 1526 2788 omnia
1547 2755 1653 2796 enim,

159 2810 238 2841 sunt
261 2804 393 2848 divina,
415 2810 446 2841 et
461 2811 527 2853 per
542 2817 573 2841 se
592 2806 788 2853 sufficientia
808 2811 897 2849 sunt,
920 2811 949 2841 et
972 2808 1005 2841 in
1026 2808 1137 2854 seipsis
1158 2809 1340 2842 existentia.
1372 2807 1480 2848 Quae
1503 2807 1653 2854 quidem

110 2858 195 2894 sitio
212 2859 345 2906 partim
366 2859 477 2894 habet
496 2859 701 2902 veritatem,
716 2867 752 2894 et
765 2860 898 2907 partim
921 2860 1086 2896 continet
1107 2860 1319 2896 falsitatem:
1345 2861 1579 2896 manifestum
1599 2870 1653 2897 est

184 2924 228 2949 ex
248 2913 458 2961 praemissis
478 2913 528 2961 (q.
550 2925 608 2960 49.
634 2919 699 2949 art.
721 2915 786 2960 4.),
806 2914 904 2962 quod
927 2915 1133 2961 subjectum
1154 2913 1300 2950 habitus
1319 2926 1394 2950 non
1423 2924 1476 2950 est
1498 2915 1566 2950 nisi
1589 2927 1651 2950 ens
