1955 3182
270 173 324 213 60
688 181 911 217 QUAESTIO
946 181 1002 210 IV.
1037 180 1282 210 ARTICULUS
1316 180 1406 209 VIII.

340 264 415 298 SED
443 273 599 297 CONTRA
627 270 690 304 est,
718 262 815 308 quod
843 262 972 295 dicitur
995 261 1078 307 Sap.
1103 271 1151 306 7.:
1179 262 1342 295 Venerunt
1362 261 1445 295 mihi
1466 262 1579 295 omnia
1602 262 1686 295 bona
1702 262 1833 307 pariter

268 330 342 352 [mn
364 317 435 359 illa,
464 315 603 350 scilicet
625 327 708 349 curn
732 315 852 348 divina
874 315 1061 361 sapientia,
1077 326 1169 360 quae
1185 314 1348 349 consistit
1366 314 1402 348 in
1422 314 1730 360 contemplatione
1745 314 1830 348 Dei:

268 379 302 405 et
323 371 372 404 sic
397 369 440 403 ad
462 369 723 402 beatitudinem
745 367 836 401 nihil
859 367 954 402 aliud
978 367 1180 413 requiritur.

338 423 568 457 RESPONDEO
585 421 790 464 dicendum,
806 421 902 466 quod
918 421 947 454 si
961 420 1156 467 loquamur
1171 420 1214 454 de
1229 419 1401 454 felicitate
1416 421 1613 466 praesentis
1627 420 1733 462 vitae,
1748 419 1840 454 sicut

268 475 516 521 Philosophus
533 474 619 508 dicit
636 475 671 507 in
695 485 725 519 9.
742 473 859 507 Ethic.
881 473 970 520 (cap.
990 486 1022 519 9.
1043 479 1071 507 et
1091 474 1168 518 IL),
1185 473 1269 507 felix
1287 473 1425 519 indiget
1439 473 1576 515 amicis,
1598 484 1673 507 non
1694 473 1840 519 quidem

268 537 414 575 propter
436 527 640 569 utilitatem,
664 539 748 560 cum
774 527 819 561 sit
845 527 912 561 sibi
938 526 1139 569 sufficiens;
1167 538 1233 560 nec
1263 535 1409 572 propter
1436 525 1729 568 delectationem,
1757 525 1839 572 quia

267 582 377 616 habet
402 582 438 614 in
460 581 579 626 seipso
603 580 886 614 delectationem
908 579 1107 626 perfectam
1134 580 1170 613 in
1198 580 1409 626 operatione
1428 580 1587 622 virtutis;
1610 580 1672 614 sed
1694 586 1843 625 propter

270 635 405 669 bonam
429 634 694 680 operationem,
714 641 752 667 ut
767 632 905 667 scilicet
923 633 973 667 eis
991 632 1203 675 benefaciat,
1226 640 1260 667 et
1275 641 1313 666 ut
1327 644 1389 666 eos
1411 632 1606 678 inspiciens
1627 631 1840 666 benefacere

269 688 478 730 delectetur,
503 695 536 722 et
559 695 597 721 ut
619 687 661 720 ab
685 687 734 720 eis
757 687 793 720 in
815 686 1075 720 benefaciendo
1095 688 1247 732 juvetur.
1270 687 1412 732 Indiget
1434 686 1531 720 enim
1552 686 1667 720 homo
1687 685 1731 719 ad
1752 686 1844 719 bene

269 742 496 788 operandum
519 740 651 774 auxilio
676 740 894 782 amicorum,‘
918 748 994 774 tarn
1020 740 1056 773 in
1079 740 1246 786 operibus
1267 739 1362 773 vitae
1398 739 1549 781 activae,
1572 750 1683 785 quam
1703 739 1740 772 in
1763 749 1846 785 ope-

269 795 364 829 ribus
387 795 482 828 vitae
503 793 821 839 contemplativae.

341 847 412 882 Sed
431 848 461 881 si
478 846 673 893 loquamur
692 846 735 880 de
755 845 914 892 perfecta
932 845 1165 887 beatitudine,
1191 857 1283 891 quae
1307 845 1373 879 erit
1393 845 1429 878 in
1451 845 1577 891 patria,
1599 855 1674 878 non
1701 844 1846 891 requiri-

269 909 325 935 tur
347 900 503 934 societas
526 900 731 934 amicorum
750 899 793 933 de
816 899 1030 933 necessitate
1055 899 1097 932 ad
1123 898 1402 940 beatitudinem
1425 898 1508 944 quia
1529 898 1646 932 homo
1668 898 1778 932 habet
1795 906 1847 932 to-

269 961 345 988 tam
367 953 629 998 plenitudinem
644 963 729 986 suae
744 951 975 998 perfectionis
990 951 1026 985 in
1041 951 1122 985 Deo
1139 963 1146 984 ε
1166 951 1227 985 sed
1248 951 1291 984 ad
1308 951 1400 985 bene
1419 962 1497 985 esse
1514 950 1745 987 beatitudinis
1763 950 1848 985 facit

271 1007 425 1041 societas
454 1006 677 1048 amicorum3
705 1005 799 1039 unde
826 1005 981 1050 August.
1010 1005 1096 1038 dicit
1123 1005 1154 1038 8.
1190 1015 1296 1050 super
1324 1004 1415 1039 Gen.
1445 1004 1488 1038 ad
1515 1004 1566 1038 lit.
1589 1004 1681 1051 (cap.
1703 1016 1750 1050 25.
1773 1010 1848 1052 post

272 1059 383 1105 muci),
399 1060 495 1105 quod
512 1067 677 1093 creatura
691 1057 886 1104 spiritualis
907 1059 949 1092 ad
968 1058 1039 1091 hoc
1055 1057 1152 1104 quod
1168 1058 1213 1092 sit
1227 1057 1343 1099 beata,
1358 1057 1505 1092 nonnisi
1519 1057 1734 1092 intrinsecus
1754 1058 1850 1103 adju-

271 1120 374 1146 vatur
405 1112 627 1154 aeternitate,
654 1112 815 1153 veritate‚
845 1111 1020 1145 charitate
1049 1111 1239 1145 creatoris:
1268 1111 1489 1145 extrinsecus
1510 1121 1598 1144 vero
1625 1110 1656 1144 si
1684 1110 1848 1156 adjuvari

273 1165 425 1199 dicenda
448 1173 511 1207 est,
538 1164 690 1199 fortasse
712 1165 784 1198 hoc
813 1164 893 1199 solo
918 1164 1118 1210 adjuvatur,
1141 1163 1238 1210 quod
1266 1175 1304 1198 se
1326 1164 1485 1198 invicem
1506 1163 1640 1206 vident,
1663 1172 1698 1198 et
1724 1164 1767 1198 de
1786 1175 1849 1198 sua

274 1219 447 1253 societate
470 1218 640 1263 gaudent.

345 1272 404 1306 AD
426 1282 576 1306 PRIMUM
599 1282 686 1317 ergo
710 1270 916 1312 dicendum,
939 1270 1036 1316 quod
1059 1269 1187 1316 gloria,
1210 1281 1301 1316 quae
1321 1277 1374 1304 est
1400 1269 1601 1304 essentialis
1622 1270 1846 1312 beatitudini,

276 1333 340 1368 est,
363 1337 473 1371 quam
495 1325 604 1358 habet
624 1325 740 1358 homo
763 1335 837 1357 non
861 1324 954 1370 apud
977 1324 1181 1366 hominem,
1204 1324 1265 1358 sed
1289 1323 1383 1370 apud
1404 1324 1537 1358 Deum.

346 1379 406 1413 AD
435 1389 643 1412 SECUNDUM
671 1377 878 1419 dicendum,
905 1377 1003 1423 quod
1028 1378 1178 1411 verbum
1206 1377 1294 1411 illud
1322 1376 1545 1423 intelligitur,
1572 1377 1718 1423 quando
1745 1377 1781 1410 in
1806 1387 1849 1411 eo

275 1432 386 1473 bono,
410 1432 506 1478 quod
528 1432 692 1473 habetur,
711 1443 785 1465 non
813 1439 866 1465 est
892 1430 999 1477 plena
1026 1430 1255 1465 sufficientia:
1285 1431 1382 1477 quod
1408 1431 1444 1464 in
1471 1431 1660 1477 proposito
1682 1430 1754 1464 dici
1775 1441 1850 1465 non

274 1493 411 1531 potest:
433 1485 516 1531 quia
539 1485 658 1519 omnis
679 1484 767 1518 boni
788 1483 1043 1518 sufficientiam
1064 1484 1174 1518 habet
1195 1484 1310 1517 homo
1333 1484 1369 1517 in
1391 1484 1484 1518 Deo.

348 1539 407 1573 AD
431 1549 603 1573 TERTIUM
626 1538 832 1579 dicendum,
860 1538 957 1583 quod
985 1537 1157 1583 perfectio
1186 1537 1370 1577 charitatis
1399 1545 1452 1571 est
1478 1536 1678 1571 essentialis
1704 1537 1853 1571 beatitu-

275 1592 349 1626 dini
372 1600 547 1638 quantum
560 1591 603 1625 ad
619 1591 854 1625 dilectionem
868 1591 950 1632 Dei,
966 1602 1039 1624 non
1059 1598 1234 1636 quantum
1253 1590 1296 1624 ad
1316 1589 1550 1624 dilectionem
1568 1590 1741 1636 proximi:
1757 1590 1851 1624 unde

274 1646 304 1680 si
331 1653 423 1679 esset
445 1657 515 1678 una
535 1644 613 1679 sola
633 1645 754 1678 anima
771 1644 893 1678 fruens
912 1644 1006 1686 Deo,
1025 1644 1129 1677 beata
1149 1651 1242 1677 esset
1260 1655 1334 1677 non
1356 1644 1494 1678 habens
1508 1644 1728 1690 proximum,
1743 1655 1851 1690 quern

275 1698 458 1744 diligeret:
482 1698 555 1740 sed,
578 1698 766 1744 supposito
785 1698 964 1743 proximo⁷
984 1697 1144 1743 sequitur
1162 1697 1308 1731 dilectio
1324 1698 1400 1742 ejus
1420 1708 1462 1731 ex
1481 1696 1640 1743 perfecta
1658 1696 1852 1731 dilectione

273 1752 361 1785 Dei:
383 1752 476 1786 unde
496 1752 598 1798 quasi
617 1752 909 1785 concomitanter
928 1762 964 1784 se
986 1751 1096 1784 habet
1118 1750 1277 1784 amicitia
1297 1751 1340 1785 ad
1360 1750 1559 1797 perfectam
1578 1750 1850 1785 beatitudinem.

834 1975 1193 2035 QUAESTIO
1235 1975 1295 2022 V.

327 2099 390 2129 DE
417 2098 689 2129 ADEPTIONE
716 2098 1067 2137 BEATITUDINIS,
1098 2099 1150 2128 IN
1177 2097 1300 2129 OCTO
1328 2098 1594 2131 ARTICULOS
1622 2100 1799 2132 DIVISA.

349 2232 491 2266 Deinde
515 2231 820 2266 considerandum
843 2240 896 2266 est
917 2232 960 2266 de
983 2232 1060 2278 ipsa
1083 2232 1276 2278 adeptione
1298 2232 1542 2267 beatitudinis.

780 2322 822 2355 Et
844 2322 932 2355 circa
955 2321 1013 2355 hoc
1036 2326 1243 2367 quaeruntur
1264 2327 1347 2356 octo.

347 2392 482 2426 Primo.
507 2392 639 2426 Utrum
662 2392 776 2425 homo
800 2392 913 2437 possit
936 2392 1110 2438 consequi
1131 2392 1404 2426 beatitudinem.

352 2445 534 2480 Secundo.
558 2445 690 2479 Utrum
713 2456 804 2478 unus
826 2445 940 2478 homo
963 2446 1076 2491 possit
1099 2456 1175 2479 esse
1199 2445 1270 2479 alio
1292 2446 1442 2480 beatior.

353 2498 491 2533 Tertio.
516 2498 647 2532 Utrum
671 2498 798 2544 aliquis
820 2499 933 2544 possit
954 2510 1031 2532 esse
1053 2499 1089 2532 in
1108 2499 1176 2532 hac
1199 2499 1271 2533 vita
1291 2499 1427 2534 beatus.

356 2552 510 2593 Quarto.
535 2552 666 2585 Utrum
689 2552 872 2585 beatitudo
895 2552 1016 2585 habita
1039 2552 1153 2598 possit
1175 2552 1301 2586 amitti.

356 2605 508 2646 Quinto.
532 2606 664 2639 Utrum
686 2605 801 2638 homo
824 2617 886 2651 per
908 2616 971 2638 sua
994 2605 1171 2639 naturalia
1195 2605 1308 2651 possit
1330 2606 1516 2652 acquirere
1535 2606 1808 2641 beatitudinem.

356 2660 477 2694 Sexto.
501 2659 632 2693 Utrum
654 2659 770 2692 homo
794 2666 1036 2704 consequatur
1058 2658 1319 2692 beatitudinem
1338 2670 1401 2704 per
1424 2659 1608 2694 actionem
1631 2658 1781 2704 alicujus
1803 2670 1858 2693 su-

286 2714 435 2760 perioris
458 2721 653 2747 creaturae.

357 2767 533 2813 Septimo.
558 2767 689 2800 Utrum
712 2765 939 2811 requirantur
961 2776 1071 2811 opera
1097 2765 1258 2799 hominis
1286 2765 1406 2811 aliqua
1434 2766 1478 2800 ad
1504 2766 1589 2808 hoc,
1617 2766 1714 2812 quod
1740 2766 1856 2800 homo

285 2820 543 2854 beatitudinem
568 2827 810 2865 consequatur
833 2831 852 2853 a
874 2820 966 2852 Deo.

359 2873 514 2907 Octavo.
540 2874 671 2907 Utrum
694 2873 812 2907 omnis
834 2873 949 2906 homo
974 2880 1117 2918 appetat
1138 2871 1410 2906 beatitudinem.
