1907 3198
511 196 734 234 QUAESTIO
768 197 838 228 CV.
873 197 1119 228 ARTICULUS
1152 198 1213 228 111.
1559 188 1639 232 801

144 280 207 317 AD
227 289 381 317 813wa
403 280 612 324 dicendum,
633 280 730 327 quod
751 279 870 315 timidi
891 280 1166 315 remittebantur
1187 281 1230 316 ad
1253 281 1418 324 domum,
1437 293 1512 317 non
1527 290 1564 317 ut
1579 282 1646 329 ipsi

54 345 117 380 ,ex
136 334 209 370 hoc
231 334 471 370 commodum
494 342 814 381 consequerentur,
836 334 898 369 sed
921 345 966 369 ne
988 334 1143 382 populus
1165 346 1207 370 ex
1227 346 1354 370 eorum
1377 337 1579 382 praesentia
1597 336 1648 371 in—

73 388 314 425 commodum
336 396 638 435 consequeretur;
659 388 746 423 dum
768 399 832 435 per
853 399 982 423 eorum
1003 388 1186 432 timorem,
1209 397 1244 424 et
1260 388 1385 436 fugam
1400 390 1510 425 etiam
1527 389 1586 424 alii
1602 391 1645 425 ad

50 466 52 472 ›
72 442 289 486 timendum,
311 450 347 478 et
366 441 580 490 fugiendum
602 450 899 489 provocarentur.

631 589 977 635 ARTICULUS
1020 589 1096 633 IV.
1579 602 1641 650 563

190 704 344 736 UTRUM
376 681 712 736 CONVENIENTl-:it
744 704 828 735 LEX
860 704 1001 735 VETUS
1035 705 1290 735 PRAECEPTA
1323 705 1534 736 EDIDERIT

499 770 632 801 CIRCA
664 770 945 801 DOMESTICAS
978 770 1213 801 PERSONAS.

56 909 59 911 ,
140 863 203 900 AD
223 873 414 904 QUARTUM
434 863 485 899 sic
506 863 726 911 proceditur.
748 863 912 906 Videtur,
933 864 1031 911 quod
1045 864 1346 900 inconvenienter
1360 864 1416 900 lex
1429 873 1532 901 vetus
1547 877 1645 913 prae-

70 925 176 965 cepta
197 917 350 954 ediderit
370 917 467 953 circa
487 928 662 965 personas
683 918 922 953 domesticas:
945 929 1070 953 servus
1091 917 1202 961 enirn,
1224 918 1259 953 id
1286 919 1385 965 quod
1412 927 1476 962 est,
1503 919 1645 955 domini

20 987 21 992 ¹
69 978 135 1014 est,
155 979 195 1008 ut
214 970 309 1007 Phil.
330 971 418 1007 dicit
437 971 474 1006 in
501 981 528 1006 1.
550 971 659 1007 Polit.
682 971 773 1020 (cap.
791 984 819 1019 3.
839 977 867 1007 et
883 972 936 1017 4.)
944 984 956 1013 ;
972 972 1034 1007 sed
1049 971 1096 1015 id,
1110 972 1208 1019 quod
1223 980 1277 1007 est
1291 972 1454 1019 alicujus,
1469 982 1644 1021 perpetuo

18 1069 20 1073 Ι
69 1025 147 1072 ejus
166 1035 247 1061 esse
260 1024 387 1068 debet3
404 1036 493 1072 ergo
505 1025 806 1061 inconvenienter
819 1025 875 1060 lex
890 1025 1077 1060 mandavit
1089 1025 1201 1061 Exod.
1218 1036 1237 1061 2
1246 1037 1274 1061 1.
1287 1026 1386 1073 quod
1406 1029 1496 1062 servi
1507 1029 1644 1074 septimo

18 1088 23 1109 'r
68 1090 157 1115 anno
177 1078 277 1115 liberi
295 1078 512 1115 abscederent.

139 1141 173 1168 2.
200 1132 440 1169 PRAETEREA.
463 1132 568 1168 Sicut
588 1132 725 1168 animal
747 1133 907 1179 aliquod,
926 1141 964 1168 ut
986 1133 1118 1175 asinus,
1141 1142 1202 1169 aut
1223 1134 1300 1177 bos,
1319 1142 1373 1170 est
1386 1135 1569 1182 possessio
1585 1136 1646 1170 do-

67 1185 179 1230 mini3
198 1186 249 1222 ixa
268 1186 380 1222 etiam
400 1197 544 1222 servus:
567 1187 630 1222 sed
652 1186 696 1222 de
723 1187 940 1222 animalibus
966 1188 1184 1234 praecipitur
1209 1188 1318 1223 Deut.
1341 1198 1409 1231 22.‚
1430 1188 1528 1236 quod
1555 1190 1645 1224 resti-

67 1245 208 1277 tuantur
236 1239 381 1276 dominis
411 1242 492 1284 suis,
524 1242 553 1276 si
579 1253 694 1276 errare
727 1242 965 1276 inwnianlur:
999 1240 1300 1276 inconvenienter
1331 1253 1419 1289 ergo
1451 1242 1645 1278 mandatur

66 1294 176 1330 Deut.
198 1304 272 1342 23.·
293 1294 375 1330 Non
394 1294 511 1330 tradas
525 1307 659 1330 sormam
680 1294 816 1330 domino
835 1306 907 1338 suo,
930 1296 988 1341 qui
1007 1294 1050 1329 ad
1069 1300 1096 1330 ta
1113 1295 1310 1341 confugerit.

141 1359 171 1395 3.
192 1347 431 1384 PRAETEREA.
453 1348 527 1384 Lex
545 1348 667 1383 divina
681 1348 787 1384 debet
800 1348 918 1394 magis
937 1348 982 1382 ad
997 1348 1286 1384 misericordiam
1301 1360 1515 1410 provocare,
1530 1361 1641 1410 quam

67 1400 179 1437 etiam
191 1401 249 1437 lex
263 1401 444 1438 humana.
458 1402 522 1438 sed
535 1402 735 1438 secundum
751 1401 851 1448 leges
865 1402 1046 1436 humanas
1060 1402 1218 1447 graviter
1232 1403 1439 1450 puniuntur,
1455 1403 1515 1450 qui
1533 1403 1643 1438 nimis

67 1466 194 1503 aspere
215 1454 380 1502 affligunt
399 1467 536 1498 servos,
559 1463 620 1490 aut
641 1455 810 1490 ancillas:
834 1456 1032 1502 asperrima
1059 1463 1181 1490 autern
1207 1456 1348 1492 videtur
1375 1469 1454 1492 esse
1482 1457 1642 1501 afflictio,

66 1519 111 1545 ex
127 1519 200 1556 qua
219 1509 380 1556 sequitur
400 1520 519 1545 mors:
541 1509 841 1544 inconvenienter
854 1509 964 1556 igitur
981 1509 1148 1544 statuitur
1166 1509 1279 1545 Exod.
1302 1520 1370 1554 21„
1389 1511 1486 1558 quod
1501 1513 1558 1557 qui
1567 1517 1643 1558 per-

66 1563 202 1599 eusserit
218 1574 354 1599 servum
372 1575 482 1607 suum,
499 1564 552 1599 vel
572 1563 731 1599 ancillam
751 1565 865 1610 virga,
885 1564 914 1598 si
941 1575 1005 1598 uno
1031 1563 1082 1598 die
1106 1565 1343 1610 supervixerit,
1370 1576 1436 1599 non
1460 1566 1642 1611 subjacebit

61 1622 208 1665 poena,-
230 1617 310 1664 quia
327 1618 471 1665 pecunia
491 1617 581 1653 illius
598 1622 654 1653 est.

136 1680 170 1715 4.
191 1670 430 1707 PRAETEREA.
449 1671 553 1707 Alius
576 1680 628 1706 est
650 1671 870 1718 principatus
885 1670 1025 1706 domini
1043 1670 1087 1705 ad
1101 1682 1259 1715 servum,
1273 1680 1306 1707 et
1321 1671 1430 1718 patris
1449 1671 1492 1706 ad
1513 1671 1639 1715 filium,

34 1751 37 1757 .
67 1731 108 1760 ut
127 1724 258 1760 dicitur
277 1724 315 1760 in
341 1735 369 1760 1.
396 1724 540 1760 Politic.
562 1725 651 1772 (cap.
672 1737 704 1770 4.
727 1726 808 1760 circ.
829 1725 928 1770 med.)
953 1733 986 1759 et
1008 1724 1043 1759 in
1070 1735 1099 1769 3.
1124 1724 1210 1771 (cap.
1229 1726 1296 1770 4.);
1315 1726 1377 1761 sed
1396 1726 1468 1760 hoc
1487 1726 1531 1760 ad
1550 1726 1642 1773 prin-

66 1777 227 1826 cipatum
248 1778 390 1814 domini
410 1778 454 1814 ad
476 1790 622 1814 servum
643 1780 808 1825 pertinet,
829 1788 868 1814 ut
889 1779 1017 1826 aliquis
1039 1790 1196 1822 servum,
1215 1779 1273 1814 vel
1295 1780 1466 1814 ancillam
1484 1780 1641 1815 vendere

65 1833 198 1879 possin
217 1831 519 1868 inconvenienter
539 1833 648 1879 igitur
668 1832 724 1868 lex
746 1833 920 1879 permisit,
942 1833 1038 1880 quod
1063 1832 1190 1879 aliquis
1211 1833 1384 1869 venderet
1404 1834 1516 1868 filiam
1536 1845 1640 1869 suam

64 1885 103 1921 in
121 1884 314 1929 famulam,
333 1885 393 1921 vel
414 1885 597 1922 ancillam.

139 1950 171 1984 5.
183 1939 422 1976 PRAETEREA.
437 1939 546 1975 Pater
559 1940 668 1975 habet
681 1940 736 1975 sui
751 1939 813 1975 filii
829 1948 1065 1987 potestatem:
1081 1940 1143 1976 sed
1159 1941 1235 1986 ejus
1251 1949 1305 1976 est
1318 1941 1445 1987 punire
1461 1953 1640 1985 excessus,

65 1993 128 2041 qui
147 1993 259 2029 habet
277 2001 495 2041 potestatem
508 2005 616 2042 super
628 2002 862 2042 peccantem3
884 1995 1183 2030 inconvenienter
1197 1994 1305 2041 igitur
1322 1995 1527 2038 mandatur,
1546 1996 1640 2031 Deu-

63 2047 274 2084 teronomio
295 2058 365 2091 21„
385 2047 484 2096 quod
499 2054 598 2096 pater
618 2048 716 2084 ducat
727 2049 842 2095 filium
862 2060 958 2084 suum
979 2048 1021 2084 acl
1041 2050 1182 2084 seniores
1206 2050 1354 2084 civitatis
1368 2049 1587 2096 puniendum.

135 2100 170 2144 6.,
189 2101 428 2139 ΡκΛΕτΕκεΑ.
450 2102 632 2138 Dominus
654 2102 838 2150 prohibuit
858 2103 1007 2138 Denter.
1030 2113 1062 2148 7.
1083 2111 1122 2137 ut
1143 2115 1218 2138 cum
1239 2103 1432 2149 alienigenis
1453 2115 1518 2138 non
1539 2105 1641 2139 socia·

64 2160 138 2193 rent
151 2157 323 2203 coniugia,
337 2161 370 2192 et
385 2157 564 2203 conjuncta
580 2158 680 2192 etiam
693 2161 894 2204 separarent,
914 2164 953 2191 ut
970 2164 1069 2203 patet
1087 2167 1115 2191 1.
1129 2156 1231 2191 Esdr.
1250 2167 1323 2199 10.;
1341 2156 1641 2192 inconvenienter

63 2209 173 2257 igitur
192 2208 301 2246 Deut.
322 2219 378 2245 21.
401 2210 614 2246 conceditur
635 2211 698 2253 eis,
720 2218 758 2245 ut
779 2212 931 2258 captivas
948 2211 1211 2256 alienigenarum
1231 2211 1347 2246 ducere:
1363 2213 1489 2258 possint
1510 2224 1638 2248 uxores.

134 2275 168 2312 7.
188 2264 426 2302 PRAETEREA.
447 2265 631 2301 Dominus
652 2266 687 2300 in
710 2266 881 2301 uxoribus
902 2266 1075 2301 ducendis
1097 2267 1276 2313 quosdam
1299 2267 1638 2313 consanguinitatis,

63 2326 101 2355 et
119 2317 303 2355 affinitatis
322 2318 455 2365 gradus
476 2319 658 2367 praecepit
675 2330 752 2354 esse
770 2319 950 2362 vitandos,
968 2327 1006 2354 ut
1027 2328 1125 2366 patet
1139 2320 1226 2355 Lev.
1247 2321 1319 2362 18.;
1342 2321 1640 2356 inconvenienter

64 2373 172 2421 igitur
191 2373 383 2409 mandatur
403 2373 510 2409 Deut.
535 2383 589 2419 25.
612 2373 709 2420 quod
734 2375 762 2409 si
788 2374 908 2420 aliquis
933 2379 1006 2409 essct
1033 2379 1180 2409 mortuus
1205 2375 1323 2421 absque
1350 2375 1473 2416 lilim-is,
1501 2387 1638 2410 uxorem

62 2427 164 2475 ipsius
175 2427 290 2474 frater
309 2428 379 2474 ejus
396 2428 570 2474 acciperet.

134 2480 169 2516 8.
188 2479 428 2517 ΡιΑΕτΕκεΛ.
449 2480 545 2516 Inter
566 2480 698 2523 virum,
720 2489 756 2516 et
777 2492 929 2517 uxorem
952 2482 1044 2517 sicut
1065 2490 1120 2517 est
1141 2482 1302 2516 maxima
1328 2481 1567 2524 familiaritas,
1590 2483 1638 2517 ita

63 2533 172 2570 debet
189 2544 270 2570 esse
289 2533 380 2570 fides
400 2533 632 2570 firmissima:
654 2535 716 2570 sed
740 2534 811 2569 hoc
833 2547 908 2570 non
930 2543 1048 2582 potest
1071 2547 1160 2577 csse,
1179 2536 1209 2570 si
1231 2536 1507 2571 matrimonium
1529 2536 1640 2571 disso-

63 2586 174 2624 lubile
203 2585 329 2631 fuerin
356 2587 655 2624 inconvenienter
684 2589 792 2635 igitur
821 2589 1004 2624 Dominus
1034 2590 1198 2637 permisit
1228 2590 1426 2625 Deuteron.
1459 2600 1513 2633 24.
1540 2591 1638 2637 quod

63 2641 185 2690 aliquis
198 2647 304 2690 posse!
323 2653 461 2678 uxorem
481 2642 645 2679 dimittere
666 2644 786 2690 scripto
808 2643 917 2679 libello
937 2643 1068 2691 repudii
1078 2657 1089 2685 ,·
1113 2652 1148 2679 et
1169 2644 1266 2691 quod
1286 2644 1394 2679 etiam
1414 2645 1549 2679 ulterius
1566 2656 1639 2679 cam

63 2702 262 2744 recuperare
280 2707 348 2732 non
364 2701 477 2744 posset.

134 2760 169 2798 9.
190 2748 428 2786 Pilumni.
451 2749 554 2786 Sicut
576 2761 666 2785 uxor
688 2758 807 2797 potest
829 2750 993 2798 frangere
1016 2751 1124 2786 fidem
1148 2751 1292 2793 marito,
1311 2752 1358 2786 ita
1381 2751 1491 2786 etiam
1513 2764 1638 2787 servus

64 2801 230 2846 domino,
250 2810 288 2838 et
306 2801 402 2840 filius
421 2803 536 2851 patrit
558 2804 621 2839 sed
644 2803 688 2838 ad
711 2804 999 2850 investigandam
1020 2805 1186 2849 iniuriam
1202 2805 1294 2840 servi
1310 2805 1344 2839 in
1360 2805 1565 2849 dominum,
1579 2806 1638 2841 vel

64 2854 131 2892 filii
148 2855 187 2892 in
207 2862 349 2904 patrem
366 2867 443 2893 non
460 2866 514 2893 est
530 2857 733 2892 institutum
752 2857 786 2892 in
806 2857 887 2904 lege
905 2858 1052 2906 aliquod
1070 2858 1309 2894 neriticium:
1332 2859 1511 2905 superflue
1531 2859 1638 2905 igitur

65 2908 208 2946 videtur
230 2908 369 2946 institui
393 2910 612 2947 sacrificium
639 2910 843 2958 zelotypiae
872 2912 916 2947 ad
946 2912 1239 2959 investigandum
1268 2912 1391 2947 uxoris
1420 2912 1635 2948 adulterium
