1907 3198
534 195 759 232 Quas-no
793 195 915 226 xcm.
950 195 1196 226 Ait-memus
1229 195 1286 225 tv.
1608 184 1690 238 665

196 275 379 312 TERTwM
401 277 650 318 concedimus,
672 277 755 323 quia
777 277 940 323 procedit
957 277 1001 312 de
1022 277 1234 312 necessariis
1257 276 1396 311 creatis.

194 330 253 365 Ad
268 338 524 377 argumentum
547 341 584 365 ix
608 341 863 366 coxTnAmum
883 330 1090 372 dicendum,
1102 330 1211 377 quod,
1227 330 1319 364 sicut
1341 329 1587 376 Philosophus
1609 329 1695 364 dicit

122 384 161 420 in
182 394 211 430 5.
229 383 315 419 Met.
334 384 417 429 (tex.
436 384 500 428 6.),
523 383 702 430 quaedam
724 384 927 419 necessaria
949 384 1084 419 habent
1106 395 1254 418 causam
1277 395 1362 418 suae
1388 383 1632 418 necessitatis:
1661 391 1695 418 et

122 436 174 474 sic
188 437 261 472 hoc
282 437 400 484 ipsum
416 437 513 483 quod
527 436 752 482 impossibile
774 446 827 472 est
849 449 889 472 ea
913 437 1015 472 aliter
1029 449 1066 472 sc
1086 437 1231 478 habere,
1253 437 1387 471 habent
1401 437 1444 471 ab
1459 437 1551 472 alio:
1574 445 1608 472 et
1622 437 1692 471 hoc

122 489 242 538 ipsum
264 498 319 525 est
343 490 518 525 cohibitio
538 491 717 537 quaedam
740 489 1006 525 efficacissima:
1030 502 1116 525 nam
1139 501 1391 537 quaecumque
1419 490 1635 525 cohibentur
1656 490 1691 524 in

121 545 324 587 communi,
346 543 525 578 intantum
548 543 710 579 cohiberi
731 544 910 586 dicuntur,
932 546 1145 591 inquantum
1167 555 1241 579 non
1263 552 1415 591 possunt
1440 543 1543 578 aliter
1563 543 1693 585 facere,

121 608 231 645 quam
257 596 303 632 de
324 597 376 633 eis
397 597 619 644 disponatur.

695 727 1042 773 ARTICULUS
1069 728 1123 771 v.
1622 737 1692 786 49⁶

190 835 347 868 UTRUM
376 835 629 867 NATURALIA
663 836 999 868 CONTINGENTIA
1031 836 1211 867 SUBSlNT
1245 836 1345 866 LEGI
1378 835 1620 866 AETERNAE.

121 929 233 976 (Pare.
255 942 284 966 r.
304 941 336 977 q.
362 941 416 966 22.
438 935 505 966 art.
526 942 558 966 2.
580 935 608 966 et
625 942 652 966 ι.
678 931 764 966 Dist.
784 942 835 977 39.
857 942 888 977 q.
910 941 941 966 2.
963 935 1026 966 art.
1049 942 1080 966 2.
1099 935 1129 966 et
1150 931 1206 965 lib.
1221 942 1248 976 3.
1266 929 1382 965 Contr.
1400 941 1430 975 g.
1450 935 1521 976 cap.
1536 940 1589 975 72.
1603 933 1692 975 ⁸173·

354 988 386 1020 et
411 983 499 1019 Veri.
520 995 551 1030 q.
570 996 598 1030 5.
621 989 686 1019 art.
705 996 733 1030 3.
756 989 784 1019 et
804 995 837 1029 4.
859 989 887 1019 et
904 991 1012 1031 opusc.
1029 996 1056 1030 3.
1079 989 1151 1031 cap.
1173 995 1244 1030 127.
1267 995 1364 1030 usque
1386 983 1453 1030 136.

494 1042 523 1072 et
548 1043 658 1084 opusc.
680 1049 724 1084 15.
745 1044 819 1084 cap.
841 1049 891 1073 12.
915 1049 1014 1084 usque
1036 1037 1088 1073 16.
1108 1037 1213 1082 etjob
1237 1037 1313 1082 11.).

191 1132 253 1167 AD
274 1141 456 1172 QumTUM
482 1131 532 1166 sic
560 1132 779 1179 proceditur.
802 1131 965 1174 Videtur,
995 1132 1092 1178 quod
1123 1131 1300 1167 naturalia
1335 1132 1583 1189 contingentia
1617 1143 1692 1167 non

119 1185 259 1221 subsint
279 1184 351 1232 legi
373 1193 560 1221 aeternae:
582 1185 829 1232 promulgatio
847 1185 944 1220 enim
963 1194 1016 1220 est
1034 1185 1078 1220 de
1097 1186 1237 1220 ratione
1251 1185 1353 1232 legis,
1368 1193 1406 1220 ut
1426 1197 1532 1232 supra
1554 1186 1690 1220 dictum

119 1247 174 1274 est
193 1240 240 1286 (q.
262 1251 319 1286 90.
340 1244 403 1274 art,
427 1239 491 1284 4.):
514 1239 577 1274 sed
599 1238 849 1286 promulgatio
871 1249 945 1273 non
972 1247 1090 1285 potest
1115 1238 1191 1273 fieri
1218 1239 1286 1273 nisi
1313 1239 1356 1273 ad
1384 1247 1566 1273 creaturas
1588 1239 1693 1274 ratio-

119 1291 233 1335 nales,
246 1292 375 1339 quibus
388 1299 508 1338 potest
522 1291 656 1338 aliquid
671 1291 893 1334 denuntiari;
908 1303 996 1338 ergo
1011 1291 1112 1326 solae
1126 1300 1312 1326 creaturae
1330 1292 1527 1327 rationales
1541 1292 1692 1327 subsunt

118 1344 193 1392 legi
214 1353 400 1387 aetemae;
421 1355 495 1380 non
519 1355 608 1390 ergo
629 1344 806 1379 naturalia
829 1345 1090 1391 contingentia.

190 1408 223 1434 2.
245 1398 484 1434 PRAETEREA.
507 1397 560 1432 Ea
581 1409 673 1445 quae
701 1398 874 1432 obediunt
900 1398 1042 1440 rationi,
1070 1398 1285 1445 participant
1311 1397 1513 1445 aliqualiter
1539 1399 1690 1440 ratione,

117 1459 158 1488 ut
176 1451 308 1487 dicitur
327 1451 363 1486 in
390 1461 418 1486 1.
440 1450 602 1486 Ethicor.
626 1450 716 1498 (cap.
739 1451 832 1496 ult.):
854 1450 911 1486 lex
941 1459 1062 1486 autem
1095 1458 1240 1486 aeterna
1270 1460 1323 1486 est
1349 1452 1441 1486 ratio
1470 1463 1626 1494 summa,
1653 1460 1691 1486 ut

116 1516 225 1553 supra
245 1504 385 1540 dictum
407 1512 461 1540 est
482 1504 564 1550 (art.
587 1517 614 1540 ι.
634 1505 704 1551 huj.
726 1506 788 1551 q.),·
813 1516 898 1539 cum
920 1505 1029 1551 igitur
1049 1505 1228 1539 naturalia
1250 1506 1498 1551 contingentia
1520 1517 1593 1540 non
1616 1517 1691 1553 par-

115 1558 267 1606 ticipent
286 1557 490 1605 aliqualiter
510 1559 664 1600 ratione,
692 1558 754 1593 sed
777 1558 918 1604 penitus
940 1558 1010 1593 sint
1030 1558 1303 1601 irrationabilia,
1325 1559 1466 1594 videtur
1491 1560 1589 1606 quod
1615 1571 1689 1594 non

115 1611 253 1648 subsint
273 1610 347 1658 legi
365 1619 543 1647 aeternae.

191 1676 220 1712 3.
242 1664 480 1701 PRAETEREA.
503 1664 578 1700 Lex
606 1672 751 1700 aeterna
777 1673 830 1700 est
858 1663 1128 1700 efficacissima:
1153 1665 1214 1700 sed
1241 1665 1277 1700 in
1304 1665 1527 1701 naturalibus
1554 1667 1692 1701 contin-

114 1719 283 1766 gentibus
303 1718 437 1754 accidit
456 1717 636 1760 defectus;
659 1729 732 1752 non
755 1729 843 1765 ergo
866 1719 1016 1753 subsunt
1033 1719 1105 1765 legi
1127 1727 1306 1754 aeternae.

67 1814 70 1816 .
188 1772 264 1808 SED
285 1782 442 1808 CONTRA
464 1779 530 1814 est,
550 1772 648 1819 quod
670 1771 801 1806 dicitur
822 1772 994 1806 Proverb.
1016 1772 1066 1806 8.:
1092 1772 1236 1818 Quando
1263 1773 1495 1808 circumdabat
1522 1775 1611 1808 'nari
1631 1779 1691 1809 ter·

113 1826 244 1862 mittum
263 1837 373 1869 suum,
391 1830 421 1861 et
440 1825 538 1872 legem
555 1826 701 1873 ponebat
721 1826 826 1872 aquis,
846 1838 883 1860 ne
901 1827 1079 1860 transirent
1091 1826 1176 1872 fines
1196 1837 1278 1860 suos.

185 1878 418 1915 Responneo
440 1878 648 1921 dicendum,
665 1879 763 1925 quod
782 1879 880 1914 aliter
898 1887 952 1913 est
972 1879 1016 1913 de
1038 1878 1118 1925 lege
1140 1879 1301 1914 hominis
1323 1879 1530 1922 dicendum,
1545 1889 1580 1915 et
1592 1880 1691 1916 aliter

114 1932 159 1968 de
180 1931 263 1979 lege
285 1940 443 1974 aeterna,
464 1943 557 1979 quae
579 1941 634 1967 est
655 1931 711 1967 lex
733 1932 820 1967 Dei:
843 1931 900 1967 lex
922 1933 1019 1967 enim
1038 1931 1200 1968 hominis
1218 1945 1292 1968 non
1315 1945 1352 1969 se
1376 1935 1535 1970 extendit
1555 1935 1624 1969 nisi
1645 1935 1690 1970 ad

114 1994 298 2022 creaturas
320 1985 529 2028 rationales,
550 1997 644 2032 quae
666 1985 808 2020 homini
835 1986 1083 2032 subjiciuntur.
1107 1986 1222 2032 Cujus
1245 1987 1335 2021 ratio
1358 1996 1422 2029 est,
1449 1990 1531 2034 quia
1553 1988 1609 2023 lex
1636 1997 1690 2023 est

114 2039 287 2077 directiva
301 2047 463 2082 actuum,
476 2039 538 2086 qui
553 2040 776 2074 conveniunt
799 2040 969 2085 subjectis
984 2040 1238 2085 gubernationi
1254 2040 1425 2086 alicujus3
1445 2042 1539 2076 unde
1558 2041 1689 2084 nullus,

114 2093 259 2141 proprie
280 2091 478 2140 loquendo,
504 2092 578 2128 suis
605 2093 743 2128 actibus
769 2092 891 2139 legem
918 2093 1092 2140 imponit:
1115 2105 1367 2141 quaecumque
1390 2103 1512 2129 autem
1535 2104 1690 2142 aguntur

115 2146 212 2182 circa
233 2157 341 2181 usum
362 2157 483 2181 rerum
501 2145 766 2181 irrationalium
783 2146 924 2181 homini
940 2147 1177 2189 subditarum,
1193 2156 1347 2194 aguntur
1361 2160 1423 2195 per
1441 2157 1563 2183 actum
1579 2149 1689 2196 ipsius

56 2215 57 2220 ¹
113 2199 276 2236 hominis
290 2199 472 2236 moventis
485 2199 696 2246 hujusmodi
719 2211 795 2235 res:
816 2211 902 2234 nam
925 2200 1136 2246 hujusmodi
1157 2201 1385 2236 irrationales
1407 2210 1592 2237 creaturae
1614 2214 1687 2237 non

115 2261 229 2302 agunt
248 2253 396 2301 seipsas,
416 2253 480 2288 sed
502 2253 546 2288 ab
568 2253 647 2288 aliis
669 2262 836 2299 aguntur,
853 2261 890 2288 ut
904 2265 1010 2300 supra
1029 2254 1192 2288 habitum
1210 2262 1263 2290 est
1277 2255 1324 2301 (q.
1346 2267 1371 2290 1.
1386 2260 1450 2290 art.
1467 2258 1530 2301 2.),·
1549 2264 1584 2291 et
1605 2256 1688 2292 ideo

114 2306 221 2343 rebus
240 2306 510 2342 irrationalibus
531 2306 647 2342 homo
669 2306 789 2353 legem
820 2306 1008 2354 imponere
1038 2319 1113 2342 non
1140 2316 1270 2355 potest,
1293 2316 1629 2356 quantumcumque
1655 2310 1688 2345 ei

113 2360 369 2408 subjiciantur:
391 2360 496 2396 rebus
518 2368 639 2395 autem
663 2359 897 2395 rationalibus
913 2360 986 2395 <sibi
1008 2361 1178 2407 subjectis
1200 2370 1318 2408 potest
1340 2362 1528 2409 imponere
1548 2363 1687 2408 legem:

114 2413 330 2462 inquantum
350 2425 418 2449 suo
440 2421 646 2461 praecepto,
668 2413 726 2448 vel
747 2413 1021 2450 denuntiatione
1043 2426 1273 2462 quacumque
1300 2415 1477 2462 imprimit
1499 2417 1611 2451 menti
1634 2428 1688 2452 ea-

113 2478 193 2503 rum
216 2467 415 2515 quamdam
437 2466 614 2514 regulam,
636 2478 728 2513 quae
751 2475 804 2502 est
825 2467 1042 2514 principium
1065 2469 1208 2514 agendi.
1224 2469 1326 2504 Sicut
1345 2478 1465 2503 autem
1489 2470 1604 2505 homo
1627 2470 1689 2505 im-

114 2520 237 2569 primit
249 2520 498 2556 denuntiando
513 2519 698 2567 quoddam
713 2519 860 2555 interius
877 2521 1094 2568 principium
1111 2531 1258 2557 actuum
1274 2523 1414 2557 homini
1430 2523 1495 2557 sibi
1511 2524 1688 2568 subjecto,

112 2572 165 2611 ita
180 2574 290 2610 etiam
310 2573 412 2609 Deus
432 2573 608 2621 imprimit
633 2573 700 2608 toti
726 2582 875 2608 naturae
903 2575 1079 2622 principia
1105 2575 1336 2622 propriorum
1360 2585 1526 2619 actuum;
1549 2585 1584 2611 et
1606 2577 1688 2612 ideo

112 2638 177 2676 per
205 2627 303 2663 hunc
337 2626 490 2663 modum
524 2626 623 2662 Deus
655 2626 785 2662 dicitur
817 2628 1026 2675 praecipere
1059 2629 1125 2663 toti
1164 2638 1325 2672 naturae,
1365 2630 1564 2664 secundum
1601 2630 1687 2665 illud

110 2678 248 2718 Psalm.
273 2680 371 2725 148.:
393 2680 609 2728 Praeceptum
626 2681 750 2728 posuit,
769 2685 798 2715 et
815 2692 880 2715 non
898 2683 1110 2728 praeteribit:
1130 2691 1165 2717 et
1179 2695 1240 2729 per
1259 2683 1352 2717 hanc
1375 2683 1484 2718 etiam
1508 2684 1686 2720 rationem

113 2744 243 2771 omnes
264 2741 398 2776 motus,
419 2741 455 2769 et
476 2733 638 2769 actiones
664 2733 774 2768 totius
796 2742 945 2769 naturae
968 2734 1039 2782 legi
1061 2744 1229 2770 aeternae
1251 2736 1461 2771 subduntur.
1487 2737 1591 2772 Unde
1614 2737 1686 2773 alio

107 2787 227 2824 modo
249 2794 435 2823 creaturae
456 2785 682 2822 irrationales
703 2786 902 2822 subduntur
925 2787 995 2835 legi
1018 2797 1198 2831 aeternae,
1215 2790 1427 2836 inquantum
1452 2800 1644 2826 moventur
1666 2804 1685 2826 a

112 2838 234 2877 divina
247 2839 501 2889 providentia;
528 2850 602 2875 non
625 2848 746 2875 autem
769 2852 832 2887 per
861 2839 1088 2891 intellectum
1111 2842 1221 2877 divini
1251 2844 1444 2890 praecepti,
1471 2844 1563 2879 sicut
1590 2857 1686 2880 crea-

112 2900 214 2931 turae
232 2892 442 2930 rationales.
