1875 3198
206 202 291 257 584
616 213 835 249 QUAESTIO
871 214 1015 243 LXXXI.
1051 214 1293 243 ARTICULUS
1328 214 1353 242 Ι.

203 295 310 342 igitur
333 295 435 330 multi
457 296 624 330 homines
647 307 687 330 ex
710 295 829 329 Adam
853 295 1002 329 derivati
1020 303 1101 329 sunt
1122 303 1310 341 tamquam
1332 294 1446 329 multa
1468 295 1633 330 membra
1661 295 1766 330 unius

205 350 377 396 corporis.
398 350 510 383 Actus
533 358 653 383 autem
676 350 780 382 unius
803 349 957 382 membri
979 347 1189 394 corporalis,
1208 356 1293 394 puta
1314 360 1455 390 manus,
1474 360 1548 382 non
1571 357 1623 383 est
1643 348 1768 383 volun-

204 405 313 438 tarius
327 403 513 437 voluntate
536 403 647 449 ipsius
663 414 802 443 manus,
817 402 878 436 sed
900 401 1086 435 voluntate
1106 402 1260 444 animae,
1281 413 1372 448 quae
1387 401 1504 447 primo
1519 410 1643 436 movet
1657 414 1768 436 mem-

203 457 327 499 brum;
350 457 443 490 unde
465 457 718 497 homicidium,
750 455 846 501 quod
869 467 998 489 manus
1015 455 1219 497 committit,
1235 466 1309 488 non
1331 455 1568 501 imputaretur
1586 455 1709 489 manui
1724 455 1767 489 ad

204 518 407 557 peccatum,
430 510 459 544 si
480 510 768 544 consideraretur
793 521 922 543 manus
953 509 1154 543 secundum
1176 520 1225 551 se,
1260 517 1297 543 ut
1323 509 1436 543 divisa
1467 520 1486 542 a
1514 520 1684 555 corpore3
1706 508 1768 543 sed

205 566 399 611 imputatur
414 564 456 606 ei,
476 564 688 609 inquantum
712 570 764 597 est
783 562 916 608 aliquid
938 562 1109 604 hominis,
1125 562 1222 608 quod
1237 570 1405 596 movetur
1420 574 1439 596 a
1453 562 1571 609 primo
1590 562 1767 608 principio

205 619 342 652 motivo
365 617 543 659 homini53
567 617 615 650 sic
644 617 751 662 igitur
778 616 1010 658 inordinatio,
1041 627 1132 662 quae
1160 624 1213 650 est
1244 616 1280 650 in
1303 616 1372 650 isto
1401 615 1552 650 homine
1580 626 1623 650 ex
1648 615 1769 649 Adam

205 679 389 718 generato,
411 682 484 704 non
512 678 565 704 est
590 669 793 704 voluntaria
820 669 1006 704 voluntate
1032 669 1142 716 ipsius
1170 669 1231 704 sed
1253 669 1439 704 voluntate
1465 669 1573 716 primi
1598 669 1768 715 parentis,

204 725 265 772 qui
287 733 409 758 movet
431 724 593 758 motione
616 723 858 769 generationis
876 734 1015 765 onmes,
1031 723 1091 769 qui
1113 735 1156 757 ex
1176 723 1250 769 ejus
1270 723 1409 769 origine
1431 722 1658 765 derivantur3
1677 722 1769 757 sicut

204 778 370 812 voluntas
395 778 536 811 animae
559 784 681 811 movet
703 777 827 811 omnia
847 777 1010 811 membra
1032 776 1076 810 ad
1099 784 1241 819 actum3
1263 776 1357 811 unde
1376 784 1578 823 peccatum,
1598 775 1696 822 quod
1717 775 1767 810 sic

206 844 225 866 a
240 832 357 878 primo
372 839 518 877 parente
540 831 575 864 in
597 838 763 877 posteros
778 830 969 872 derivatur,
992 830 1120 864 dicitur
1135 831 1318 876 07¹igi72ale;
1343 830 1433 864 sicut
1451 837 1653 876 peccatum,
1672 829 1769 876 quod

207 886 248 919 ab
272 885 392 919 anima
414 884 594 918 derivatur
616 884 658 918 ad
687 884 850 918 membra
884 883 1059 930 corporis,
1081 883 1209 917 dicitur
1230 884 1378 919 actuale:
1406 891 1441 918 et
1461 883 1554 918 sicut
1578 891 1769 929 peccatum

207 938 357 981 actuale,
381 938 476 984 quod
500 949 563 984 per
584 938 789 971 membrum
823 936 970 983 aliquod
998 937 1247 979 committitur,
1273 949 1349 972 non
1375 945 1428 972 est
1453 944 1645 983 peccatum
1673 935 1769 970 illius

207 992 370 1034 membri,
392 992 460 1026 nisi
489 991 703 1038 inquantum
725 990 812 1024 illud
835 991 1039 1025 membrum
1062 998 1114 1025 est
1136 990 1269 1037 aliquid
1291 990 1401 1038 ipsius
1422 990 1603 1033 hominis;
1625 997 1770 1037 propter

206 1046 302 1092 quod
320 1053 470 1079 vocatur
493 1050 666 1091 peccatum
697 1045 901 1079 lmmcmmn:
929 1044 976 1078 ita
998 1051 1189 1090 peccatum
1212 1043 1389 1091 originale
1414 1055 1489 1078 non
1511 1051 1564 1078 est
1579 1051 1769 1090 peccatum

204 1101 311 1146 hujus
327 1110 517 1146 personae,
531 1099 600 1133 nisi
615 1099 829 1144 inquantum
843 1099 934 1132 haec
949 1109 1105 1144 persona
1120 1098 1247 1144 recipit
1259 1105 1427 1132 naturam
1442 1097 1590 1144 aprimo
1605 1104 1769 1144 parente:

205 1154 298 1188 unde
321 1161 355 1187 et
375 1160 526 1187 vocatur
540 1157 713 1199 peccatum
736 1157 887 1195 naturae,
911 1151 1113 1186 secundum
1134 1150 1222 1186 illud
1244 1151 1374 1198 Ephes.
1398 1161 1450 1186 2.:
1473 1151 1619 1187 Eramus
1643 1155 1769 1186 natura

202 1208 266 1252 filii
286 1209 367 1241 irae.

276 1260 335 1295 AD
362 1270 511 1295 PRlMUM
542 1271 628 1306 ergo
660 1259 865 1302 dicendum,
892 1259 989 1305 quod
1022 1258 1116 1293 filius
1143 1258 1273 1293 dicitur
1301 1269 1376 1293 non
1405 1266 1549 1305 portare
1579 1265 1771 1305 peccatum

205 1315 324 1362 patris,
347 1314 430 1360 quia
451 1325 525 1348 non
547 1314 692 1361 punitur
718 1324 782 1360 pro
804 1321 956 1360 peccato
979 1313 1100 1359 patris,
1126 1312 1195 1346 nisi
1216 1314 1260 1347 sit
1280 1312 1460 1360 particeps
1487 1311 1632 1359 culpae:
1660 1319 1695 1347 et
1719 1312 1770 1346 sic

206 1377 259 1403 est
280 1369 315 1403 in
338 1368 536 1415 proposito,
563 1368 744 1402 derivatur
766 1367 863 1402 enim
890 1378 952 1414 per
974 1367 1154 1413 originem
1182 1365 1286 1414 culpa
1307 1378 1327 1401 a
1348 1373 1448 1413 patre
1469 1366 1506 1400 in
1531 1365 1658 1409 filium,
1679 1365 1772 1400 sicut

207 1430 241 1457 et
261 1430 453 1468 peccatum
475 1420 614 1456 actuale
636 1433 699 1468 per
719 1421 973 1455 imitationem.

277 1475 336 1510 AD
368 1486 575 1510 SECUNDUM
605 1474 810 1517 dicendum,
833 1474 930 1520 quod
953 1474 1018 1508 etsi
1047 1474 1167 1508 anima
1196 1485 1271 1508 non
1299 1473 1518 1516 traducatur,
1552 1473 1635 1520 quia
1656 1474 1768 1508 virtus

206 1530 344 1564 semine
362 1541 437 1563 non
458 1536 576 1575 potest
595 1539 743 1562 causare
759 1528 920 1562 animam
934 1527 1162 1569 rationalem,
1182 1535 1307 1562 movet
1320 1535 1443 1562 tamen
1459 1527 1502 1561 ad
1520 1526 1637 1573 ipsam
1655 1526 1772 1573 dispo-

207 1584 328 1618 sitive:
352 1583 445 1617 unde
472 1594 535 1629 per
563 1582 733 1616 virtutem
764 1581 911 1616 seminis
941 1581 1138 1615 traducitur
1163 1581 1325 1615 humana
1354 1588 1483 1615 natura
1513 1591 1532 1614 a
1561 1589 1709 1627 parente
1734 1581 1770 1615 in

205 1636 358 1684 prolem,
381 1644 415 1670 et
436 1635 543 1670 simul
566 1647 648 1670 cum
670 1643 797 1669 natura
824 1643 973 1669 naturae
994 1634 1161 1669 infectio:
1185 1646 1228 1669 ex
1253 1634 1325 1668 hoc
1348 1634 1446 1668 enim
1467 1633 1506 1668 fit
1526 1634 1604 1677 iste,
1631 1633 1692 1681 qui
1712 1645 1772 1668 na-

206 1692 326 1732 scitur,
350 1701 499 1724 consors
522 1688 649 1736 culpae
665 1688 771 1735 primi
790 1689 957 1735 parentis,
980 1688 1077 1734 quod
1095 1696 1262 1723 naturam
1277 1688 1319 1722 ab
1336 1699 1380 1723 eo
1402 1687 1549 1722 sortitur
1566 1698 1629 1734 per
1649 1698 1772 1734 quarn-

207 1744 291 1779 dam
313 1743 561 1790 generativam
583 1743 798 1777 motionem.

277 1799 336 1832 AD
360 1807 531 1832 Trarion
553 1796 758 1838 dicendum,
775 1796 870 1842 quod
894 1795 958 1830 etsi
975 1795 1079 1842 culpa
1097 1807 1172 1830 non
1186 1795 1230 1830 sit
1252 1803 1333 1830 actu
1355 1795 1391 1829 in
1413 1794 1563 1838 semine,
1577 1803 1631 1830 est
1647 1802 1770 1830 tamen

205 1852 253 1886 ibi
274 1851 402 1886 virtute
424 1851 607 1885 humanae
634 1858 796 1892 naturae,
819 1861 928 1896 quam
952 1851 1218 1884 concomitatur
1239 1849 1319 1884 talis
1342 1848 1458 1895 culpa.

277 1905 336 1940 AD
353 1915 539 1944 QUARTUM
555 1904 760 1946 dicendum,
776 1903 872 1950 quod
888 1914 1013 1937 semen
1037 1911 1089 1938 est
1102 1903 1320 1950 principium
1342 1902 1598 1949 generationis,
1612 1913 1704 1949 quae
1720 1910 1771 1937 est

206 1959 369 2005 proprius
392 1967 491 1993 actus
513 1965 672 1999 naturae,
696 1958 771 2003 ejus
793 1957 1047 2004 propagationi
1069 1957 1285 1999 deserviens,
1308 1965 1342 1991 et
1368 1956 1450 1991 ideo
1478 1956 1594 2003 magis
1615 1956 1771 1991 inficitur

208 2013 328 2046 anima
350 2024 413 2058 per
439 2023 576 2053 semen,
599 2022 707 2057 quam
730 2023 792 2057 per
819 2022 967 2045 carnem
988 2011 1061 2056 jam
1083 2009 1293 2057 perfectam,
1321 2021 1412 2057 quae
1433 2011 1507 2056 jam
1534 2009 1771 2044 determinata

209 2074 261 2101 est
284 2066 327 2100 ad
350 2077 554 2112 personam.

280 2120 338 2153 AD
355 2130 533 2158 Quiurum
557 2118 763 2161 dicendum,
783 2118 879 2164 quod
902 2117 989 2152 illud
1012 2118 1108 2164 quod
1131 2126 1184 2153 est
1202 2129 1264 2164 per
1286 2117 1476 2164 originem,
1498 2129 1572 2152 non
1591 2125 1644 2152 est
1660 2117 1772 2153 incre-

209 2173 337 2220 pabile,
360 2173 389 2207 si
416 2172 661 2206 consideretur
683 2172 747 2206 iste
774 2172 833 2218 qui
862 2172 1020 2206 nascitur
1051 2172 1249 2206 secundum
1272 2183 1334 2207 se:
1362 2171 1423 2206 sed
1454 2171 1483 2206 si
1512 2171 1770 2214 consideretur,

209 2235 314 2273 prout
336 2225 486 2260 refertur
515 2226 557 2259 ad
580 2225 726 2272 aliquod
755 2225 982 2272 principium,
1010 2225 1059 2259 sic
1091 2233 1209 2272 potest
1239 2237 1316 2260 esse
1348 2225 1381 2260 ei
1410 2224 1649 2272 increpabile:
1679 2225 1771 2260 sicut

210 2280 336 2327 aliquis
355 2280 413 2326 qui
436 2279 604 2321 nascitur,
627 2279 756 2325 patitur
778 2279 1019 2325 ignominiam
1039 2279 1180 2325 generis
1203 2290 1244 2313 ex
1267 2279 1372 2325 eulpa
1395 2278 1546 2325 alicujus
1567 2278 1772 2326 progenito-

210 2346 289 2368 rum
312 2341 507 2368 causatam.

776 2440 1120 2485 ARTICULUS
1156 2440 1212 2483 Π.
1702 2451 1770 2499 436

459 2539 609 2568 UTRUM
637 2538 773 2567 ETIAH
802 2538 901 2567 ALIA
926 2538 1127 2568 PECCATA
1153 2538 1268 2567 PRIMI
1297 2537 1520 2577 PARENTIS,

311 2606 393 2634 VliL
422 2604 713 2634 PROXIMORUM
741 2604 974 2633 PKRENTUM
1002 2603 1330 2634 TRADUCANTUR
1358 2603 1402 2634 IN
1428 2602 1665 2634 POSTEROS.

698 2681 743 2723 (2.
770 2682 852 2714 Dt'xl.
877 2693 929 2715 ει).
953 2693 981 2725 ‹J-
1006 2692 1034 2715 2.
1057 2686 1120 2714 url.
1142 2693 1167 2725 3.
1190 2680 1232 2715 ad
1255 2693 1279 2715 1.

436 2740 462 2768 r!
486 2736 570 2768 mist.
592 2746 639 2779 32.
662 2746 691 2780 ‹J-
717 2747 741 2768 1.
764 2739 827 2767 arf.
854 2747 876 2767 1.
899 2740 926 2768 r!
950 2735 1005 2768 lib.
1029 2746 1060 2778 4.
1085 2734 1200 2768 Contra
1217 2746 1246 2779 g.
1270 2741 1343 2781 cap.
1363 2745 1412 2779 52.
1435 2733 1477 2768 ad
1499 2745 1540 2779 13.

789 2793 816 2822 r!
841 2788 922 2821 Mal.
945 2800 974 2833 q.
999 2800 1020 2829 5.
1045 2793 1107 2822 art.
1130 2788 1192 2832 S.).

284 2872 342 2905 An
366 2882 569 2906 snccxnt'm
594 2871 641 2905 sic
667 2870 880 2917 proceditur.
901 2870 1061 2912 Videtur,
1084 2870 1179 2917 quod
1203 2871 1311 2905 ctiam
1335 2870 1403 2905 alia
1426 2878 1573 2917 peccata
1588 2870 1644 2905 vel
1659 2869 1769 2917 ipsius

214 2924 316 2970 priiui
333 2924 564 2971 p.1reiitis‚x'el
582 2925 828 2970 proximorum
846 2932 1032 2970 pareutum
1048 2924 1278 2959 traducantur
1292 2924 1326 2958 in
1342 2932 1521 2971 posteros:
1537 2935 1654 2971 poena
1673 2923 1769 2958 enim
