1875 3198
211 194 296 247 670
628 204 852 239 QUAESTIO
886 204 1004 233 XCIV.
1037 202 1284 233 ARTICULUS
1317 202 1361 231 11.

207 285 409 332 propositio
436 296 511 319 non
539 285 604 319 erit
637 297 700 331 per
726 296 764 319 se
790 292 902 318 nota:
939 284 1032 318 sicut
1059 284 1127 317 ista
1148 283 1370 330 propositio:
1392 283 1504 317 Homo
1543 288 1588 318 est
1619 284 1784 319 rationale

208 339 269 384 [al.
293 340 422 373 animal
448 339 644 383 rationale]
667 346 720 372 est
738 350 800 384 per
822 349 859 372 se
881 346 969 371 nota
995 337 1199 371 secundum
1220 337 1276 371 sui
1296 345 1487 370 naturam:
1511 337 1595 383 quia
1616 337 1677 383 qui
1698 337 1784 372 dicit

206 393 409 434 hominem,
437 393 524 426 elicit
551 392 732 426 rationale:
757 400 792 425 et
812 400 937 425 tamen
955 391 1138 436 ignoranti
1162 390 1246 436 quid
1269 390 1313 424 sit
1331 390 1458 432 thO,
1470 390 1569 424 haec·
1581 391 1783 436 propositio

205 457 280 480 non
299 454 353 480 est
370 457 433 492 per
455 457 493 480 se
511 453 616 479 nota:
642 453 676 479 et
697 445 779 478 inde
803 452 866 486 est,
883 444 993 490 quod,
1008 444 1102 477 sicut
1120 444 1207 477 dicit
1225 444 1327 477 Boet.
1346 444 1382 477 in
1405 443 1464 477 lib.
1485 443 1529 477 de
1552 443 1782 479 Hebdomad.

207 500 305 544 (circ.
328 500 471 546 princ),
497 499 677 544 quaedam
699 506 782 532 sunt
802 498 1007 543 dignitates,
1036 497 1094 531 vel
1116 497 1385 543 propositiones
1405 508 1470 543 per
1490 508 1528 531 se
1550 505 1660 531 notae
1687 508 1785 531 com-

208 554 364 588 muniter
399 553 590 587 omnibus:
615 560 649 586 et
674 551 887 596 hujusmodi
914 559 996 585 sunt
1029 550 1113 584 illae
1140 550 1421 596 propositiones,
1455 562 1609 596 quarum
1638 551 1785 585 termini

207 615 290 641 sunt
308 606 476 640 omnibus
498 606 594 640 noti:
614 613 667 639 ut:
694 605 800 640 Omne
822 610 925 639 totum
946 610 992 639 est
1012 607 1121 649 majus
1140 616 1201 638 sua
1213 609 1310 650 parte
1322 616 1335 644 ;
1359 612 1411 638 et:
1429 604 1526 648 Quae
1546 605 1618 646 uni,
1634 609 1665 639 et
1681 603 1783 639 eidem

206 665 282 694 sunt
307 660 472 705 aequalia,
495 660 558 693 sibi
572 660 715 693 invicem
736 663 810 692 sunt
829 658 991 704 aequalia.
1010 657 1206 698 Quaedam
1221 668 1308 691 vero
1326 657 1596 704 propositiones
1617 665 1702 692 sunt
1722 669 1784 704 per

208 725 245 748 se
267 722 376 747 notae
399 712 484 747 solis
507 712 741 758 sapientibus,
757 711 818 758 qui
839 712 1016 746 terminos
1038 711 1333 758 propositionum
1348 710 1556 756 intelligunt
1573 710 1659 757 quid
1679 711 1786 757 signi-

209 767 334 801 ficent:
366 767 460 800 sicut
489 765 716 811 intelligenti,
749 766 845 811 quod
880 765 1032 811 angelus
1057 776 1131 798 non
1160 773 1212 799 est
1242 776 1385 810 corpus,
1411 776 1476 810 per
1501 775 1539 798 se
1564 772 1695 799 notum
1722 772 1785 807 est,

208 820 305 866 quod
327 831 401 854 non
425 828 478 853 est
496 819 807 864 circumscriptive
830 819 865 852 in
888 819 993 861 loco;
1016 819 1115 865 quod
1132 830 1208 852 non
1227 826 1280 852 est
1301 817 1538 852 manifestum
1554 817 1714 860 rudibus,
1725 818 1786 864 qui

208 874 279 908 hoc
306 885 381 907 non
405 873 570 919 capiunt:
602 873 639 906 in
676 873 733 906 his
761 880 895 914 autern,
918 884 1011 919 quae
1045 873 1081 906 in
1108 872 1398 919 apprehensione
1420 871 1616 905 hominum
1641 871 1786 914 cadunt,

209 927 356 974 quidam
379 927 469 961 ordo
492 927 691 965 invenitur:
715 937 802 959 nam
823 926 923 968 illud,
947 926 1045 972 quod
1072 926 1191 972 primo
1220 926 1315 960 cadit
1339 925 1376 959 in
1404 925 1468 971 [al.
1489 925 1567 970 sub]
1591 925 1788 971 apprehen-

209 982 322 1023 sione,
352 989 405 1014 est
435 992 509 1022 enS,
534 981 634 1024 cuius
667 979 872 1014 intellectus
906 979 1103 1014 includitur
1136 980 1173 1013 in
1207 979 1389 1021 omnibus,
1428 990 1681 1025 quaecumque
1708 979 1786 1025 quis

210 1034 466 1081 apprehendit3
491 1042 525 1068 et
547 1034 629 1067 ideo
657 1034 817 1080 primum
839 1033 1059 1080 principium
1092 1032 1416 1067 indemonstrabile
1447 1040 1511 1075 est,
1539 1032 1637 1079 quod
1658 1044 1723 1067 non
1745 1038 1787 1067 est

206 1088 307 1123 simul
328 1089 508 1134 czffirvnara,
536 1092 566 1122 et
587 1099 716 1131 negare,
741 1087 839 1133 quod
861 1086 1032 1121 fundatur
1054 1099 1162 1132 supra
1188 1087 1370 1121 rationem
1397 1086 1500 1128 entis,
1520 1094 1556 1121 et
1575 1097 1651 1120 non
1674 1086 1784 1120 entis:

207 1150 242 1176 et
256 1153 362 1188 super
379 1142 451 1175 hoc
475 1141 654 1187 principio
679 1141 804 1175 omnia
827 1140 897 1174 alia
919 1140 1126 1183 fundantur,
1137 1149 1176 1175 ut
1194 1140 1282 1175 dicit
1297 1139 1435 1174 Philos.
1458 1140 1495 1173 in
1521 1149 1555 1182 4.
1582 1140 1786 1186 Metaphys.

209 1196 291 1241 (tex.
314 1207 345 1241 9.
367 1197 461 1241 seq).

281 1249 384 1283 Sicut
406 1257 528 1282 autem
544 1260 607 1282 ens
631 1257 684 1283 est
705 1249 876 1294 primurn,
892 1248 989 1294 quod
1006 1248 1103 1282 cadit
1123 1248 1160 1282 in
1179 1247 1470 1294 apprehensione
1485 1246 1718 1293 simpliciter;
1740 1247 1788 1281 ita

208 1303 347 1336 bonum
382 1311 435 1336 est
468 1302 640 1348 primum,
663 1302 761 1348 quod
785 1301 881 1335 cadit
905 1302 942 1335 in
968 1302 1260 1348 apprehensione
1298 1303 1480 1348 practicae
1511 1301 1674 1343 rationis,
1696 1312 1788 1347 quae

210 1356 396 1390 ordinatur
415 1356 459 1389 ad
482 1367 588 1402 opus:
613 1367 723 1389 omne
747 1356 845 1390 enim
864 1367 975 1401 agens
999 1356 1073 1401 agit
1093 1363 1240 1402 propter
1254 1355 1377 1398 finem,
1396 1355 1457 1401 qui
1477 1355 1588 1389 habet
1608 1355 1788 1388 rationem

209 1410 313 1444 boni:
350 1418 384 1444 et
416 1410 500 1444 ideo
534 1410 693 1455 primum
728 1410 947 1455 principium
974 1409 1010 1443 in
1045 1410 1185 1443 ratione
1207 1409 1368 1455 practica
1401 1416 1466 1451 est,
1500 1408 1598 1454 quod
1619 1407 1789 1442 fundatur

211 1475 317 1510 supra
351 1464 534 1498 rationem
566 1463 672 1505 boni3
701 1474 793 1509 quae
832 1471 903 1497 est:
932 1464 1062 1497 Bonum
1090 1468 1144 1504 est,
1183 1462 1268 1509 quod
1295 1464 1409 1496 omnia
1436 1467 1614 1509 appetunt:
1636 1462 1709 1495 hoc
1737 1470 1789 1496 est

210 1529 297 1563 ergo
326 1517 484 1563 primum
511 1525 748 1563 praeceptum
769 1517 872 1562 legis,
900 1517 997 1562 quod
1024 1517 1164 1550 bonum
1192 1524 1245 1550 est
1269 1515 1492 1558 faciendum,
1514 1523 1550 1550 et
1570 1526 1790 1561 prosequen-

211 1571 310 1613 dum,
334 1579 368 1605 et
382 1571 522 1604 malum
544 1571 750 1612 vitandurn3
767 1579 801 1604 et
819 1581 926 1616 super
944 1570 1016 1604 hoc
1038 1569 1235 1604 fundantur
1250 1569 1376 1604 omnia
1392 1569 1462 1603 alia
1483 1577 1676 1616 praecepta
1698 1569 1789 1615 legis

207 1633 370 1666 naturae,
393 1633 431 1658 ut
452 1624 591 1658 scilicet
613 1624 737 1658 omnia
759 1624 820 1658 illa
842 1623 1022 1665 facienda,
1044 1623 1103 1657 vel
1123 1623 1271 1658 vitanda
1293 1625 1499 1670 pertineant
1526 1623 1571 1657 ad
1597 1631 1789 1669 praecepta

209 1678 300 1724 legis
314 1686 475 1720 naturae,
499 1690 591 1724 quae
613 1678 705 1712 ratio
732 1678 892 1723 practica
910 1677 1122 1712 naturaliter
1145 1678 1384 1724 apprehendit
1405 1688 1484 1712 esse
1505 1677 1601 1711 bona
1615 1678 1788 1711 humana.

213 1732 310 1772 Quia
336 1743 423 1766 vero
449 1732 590 1765 bonum
630 1732 740 1765 habet
772 1731 952 1765 rationem
979 1731 1072 1773 finis,
1095 1730 1233 1765 malurn
1263 1739 1385 1765 autem
1406 1731 1587 1765 rationem
1607 1730 1790 1772 contrarii,

211 1786 292 1820 inde
315 1794 369 1820 est
396 1785 492 1831 quod
526 1785 651 1819 omnia
685 1785 758 1827 illa,
794 1785 836 1819 ad
864 1796 957 1831 quae
983 1785 1099 1819 homo
1131 1785 1242 1819 habet
1265 1784 1471 1819 naturalem
1501 1781 1790 1826 inclinationem,

210 1841 301 1874 ratio
324 1839 537 1874 naturaliter
571 1839 809 1886 apprehendit
835 1847 873 1873 ut
893 1839 1002 1882 bona,
1040 1848 1075 1873 et
1104 1850 1168 1885 per
1195 1850 1423 1885 consequens
1454 1846 1494 1873 ut
1526 1850 1637 1884 opere
1671 1849 1792 1885 prose-

210 1894 364 1940 quenda,
385 1902 419 1927 et
441 1894 623 1927 contraria
646 1905 775 1927 eorum
806 1901 844 1927 ut
866 1892 975 1935 mala,
999 1901 1033 1927 et
1054 1893 1218 1936 vitanda3
1253 1893 1454 1928 secundum
1487 1892 1597 1939 igitur
1623 1892 1790 1926 ordinem
1843 1903 1847 1916 1

210 1947 489 1981 inclinationum
511 1947 733 1981 naturalium
757 1955 810 1981 est
840 1947 930 1981 ordo
953 1955 1234 1993 praeceptorum
1261 1946 1352 1993 legis
1378 1954 1541 1981 naturae.
1564 1947 1662 1980 Inest
1692 1946 1790 1981 enim

206 2002 320 2048 primo
342 2000 531 2035 inclinatio
554 2001 698 2035 homini
721 2001 764 2034 ad
791 2001 931 2034 bonum
953 2001 1156 2034 secundum
1182 2008 1363 2042 naturam,
1385 2000 1422 2034 in
1449 2011 1519 2047 qua
1541 1999 1791 2035 communicat
1840 1999 1847 2006 '

212 2066 296 2089 cum
319 2055 488 2088 omnibus
511 2055 739 2096 substantiis;
767 2062 875 2101 prout
896 2053 1035 2088 scilicet
1057 2053 1241 2100 quaelibet
1260 2054 1462 2088 substantia
1489 2054 1624 2100 appetit
1650 2064 1792 2088 conser·
1840 2062 1846 2094 ζ

210 2109 397 2142 vationem
419 2110 471 2143 sui
496 2120 574 2143 esse
596 2108 797 2143 secundum
824 2120 928 2142 suam
950 2116 1135 2142 naturam:
1171 2116 1207 2142 et
1239 2108 1441 2142 secundum
1467 2108 1562 2142 hanc
1589 2107 1792 2142 inclinatio-

211 2174 296 2196 nem
319 2163 497 2208 pertinent
528 2162 572 2196 ad
603 2161 724 2208 legem
747 2161 952 2196 naturalem
975 2173 1027 2203 ea,
1055 2173 1118 2208 per
1140 2173 1232 2208 quae
1254 2163 1327 2196 vita
1353 2162 1516 2196 hominis
1543 2169 1790 2204 conservatur,
1831 2166 1841 2187 -'

212 2224 247 2250 et
269 2216 492 2250 contrarium
515 2216 720 2262 impeditur.
733 2216 878 2250 Secundo
898 2216 991 2250 inest
1011 2215 1155 2249 homini
1177 2215 1366 2250 inclinatio
1381 2215 1425 2250 ad
1441 2215 1561 2262 aliqua
1583 2215 1701 2261 magis
1715 2225 1791 2262 spe-
1838 2230 1842 2235 *

212 2269 317 2303 cialia
351 2269 553 2303 secundum
575 2278 754 2311 naturam,
777 2270 812 2303 in
841 2281 911 2315 qua
939 2269 1190 2303 communicat
1209 2281 1293 2304 cum
1312 2269 1462 2304 caeteris
1490 2268 1732 2303 animalibus:
1755 2276 1791 2303 et

212 2323 414 2357 secundum
429 2323 501 2357 hoc
525 2323 694 2356 dicuntur
709 2335 750 2357 ea
774 2335 850 2358 esse
874 2323 917 2357 de
932 2323 1013 2369 lege
1028 2322 1298 2369 naturali‚quae
1319 2330 1448 2357 natura
1471 2323 1595 2358 omnia
1618 2321 1790 2357 animalia

212 2377 352 2419 docuit;
374 2384 413 2410 ut
435 2384 489 2411 est
511 2376 725 2410 commixtio
749 2377 870 2418 maris,
894 2385 928 2411 et
949 2376 1146 2419 foeminae,
1170 2385 1205 2411 et
1226 2377 1394 2412 educatio
1413 2376 1626 2419 liberorum,
1640 2385 1675 2411 et
1696 2376 1792 2411 simi-

211 2429 269 2464 lia.
299 2430 410 2465 Tcrtio
438 2430 534 2464 modo
557 2430 650 2464 inest
682 2430 825 2463 homini
856 2430 1044 2464 inclinatio
1073 2431 1117 2464 ad
1150 2430 1289 2465 bonum
1317 2430 1517 2465 secundum
1545 2438 1714 2465 naturam
1735 2441 1790 2464 ra-

210 2483 331 2525 tionis,
355 2495 448 2530 quae
468 2492 522 2518 est
543 2483 608 2518 sibi
631 2484 800 2530 propria:
830 2484 922 2518 sicut
948 2484 1064 2518 homo
1086 2484 1196 2518 habet
1221 2483 1425 2518 naturalem
1447 2484 1724 2519 inclinationem
1745 2483 1789 2518 ad
1815 2523 1819 2529 Ι

212 2537 282 2571 hoc
306 2537 403 2583 quod
426 2537 616 2571 veritatem
640 2546 841 2582 cognoscat
856 2538 898 2571 de
920 2537 1014 2579 Deo,
1031 2546 1066 2572 et
1087 2538 1131 2571 ad
1154 2538 1225 2572 hoc
1245 2538 1342 2584 quod
1364 2538 1400 2572 in
1419 2538 1595 2573 societate
1616 2538 1732 2572 vivat:
1755 2545 1790 2572 et
1828 2575 1834 2581 ¹

211 2592 414 2626 secundum
442 2591 513 2625 hoc
538 2591 580 2625 ad
604 2590 725 2637 legem
747 2591 953 2625 naturalem
980 2591 1160 2637 pertinent
1182 2603 1236 2634 ea,
1263 2603 1356 2638 quae
1384 2592 1428 2626 ad
1454 2592 1666 2638 hujusmodi
1691 2591 1791 2626 incli-

211 2645 399 2679 nationem
422 2653 604 2691 spectant;
640 2653 765 2691 utpote
793 2645 890 2691 quod
913 2645 1029 2679 homo
1065 2645 1312 2691 ignorantiam
1338 2646 1445 2688 vitet;
1476 2646 1574 2693 quod
1602 2645 1693 2681 alios
1714 2656 1788 2680 non

213 2698 384 2740 offendat,
408 2710 491 2732 cum
515 2699 643 2745 quibus
666 2698 773 2733 debet
799 2699 1029 2740 conversari3
1053 2707 1087 2733 et
1114 2707 1257 2734 caetera
1291 2699 1514 2745 hujusmodi,
1537 2710 1629 2747 quae
1651 2699 1695 2734 ad
1716 2699 1787 2734 hoc

212 2760 388 2798 spectant.

286 2805 344 2840 An
371 2817 521 2841 PRan
545 2818 632 2852 crgo
656 2806 862 2847 dicendum,
885 2806 982 2852 quod
1006 2806 1131 2840 omnia
1147 2808 1214 2841 ista
1236 2815 1430 2854 praecepta
1452 2807 1544 2854 legis
1565 2814 1726 2849 naturae,
1741 2806 1790 2840 in-

213 2868 389 2905 quantum
413 2859 616 2894 referuntur
639 2860 680 2894 ad
710 2871 823 2893 unum
852 2860 1010 2906 primum
1039 2868 1286 2906 praeceptum,
1313 2861 1450 2896 habent
1475 2861 1657 2896 rationem
1685 2859 1788 2895 unius

213 2913 303 2958 legis
325 2912 508 2948 naturalis.
