1907 3198
535 201 758 238 QUAESTIO
794 202 908 233 LXIV.
943 202 1188 233 ARTICULUS
1223 203 1283 232 111.
1610 207 1690 249 441

688 374 1035 419 ARTICULUS
1072 375 1151 417 111.
1632 398 1696 434 337

202 483 358 514 UTRUM
387 482 604 513 VIRTUTES
638 483 1028 514 INTELLECTUALES
1063 483 1343 513 CONSISTANT
1377 483 1422 514 IN
1456 483 1610 513 MEDIO.

123 571 225 618 (Insr.
247 576 303 607 art
322 583 355 617 4.
377 571 420 606 ad
440 583 467 607 1.
490 577 519 606 et
540 583 570 607 2.
593 576 621 606 ct
638 583 666 618 3.
690 573 779 607 ΠΜ.
802 584 849 619 23.
872 585 901 618 q.
924 585 951 608 I.
974 578 1039 608 art.
1060 585 1087 619 3.
1111 584 1140 618 q.
1159 585 1187 619 3.
1211 578 1242 607 et
1269 573 1352 608 Virt.
1371 584 1401 619 q.
1422 585 1448 608 r.
1464 578 1530 608 art.
1546 585 1588 619 13.
1605 579 1696 620 corp.

556 631 584 660 at
606 625 649 660 ad
665 638 694 672 5.
717 632 747 661 et
768 638 819 672 19.
842 632 873 661 et
894 639 922 673 q.
946 638 979 672 4.
1003 632 1056 662 art
1077 638 1108 662 2.
1131 627 1174 661 ad
1196 627 1256 673 7.).

188 715 250 752 An
272 726 444 751 TERTmM
466 715 517 750 sic
539 715 758 763 proceditur.
782 716 945 759 Videtur,
965 717 1063 764 quod
1081 717 1231 752 virtutes
1246 716 1509 752 intellectuales
1524 728 1599 751 non
1615 727 1698 751 con-

117 771 244 807 sistant
264 770 299 805 in
322 770 462 805 medio:
484 770 634 805 virtutes
657 770 755 805 enim
778 771 936 806 morales
960 771 1164 806 consistunt
1181 771 1217 805 in
1234 771 1368 814 medio,
1383 771 1598 818 inquantum
1615 783 1698 806 con-

116 824 320 860 formantur
333 823 479 871 regulae
494 824 666 859 rationis:
687 824 749 859 scd
772 824 920 860 virtutes
942 824 1208 860 intellectuales
1231 833 1314 860 sunt
1334 825 1369 859 in
1390 827 1466 872 ipsa
1485 825 1642 860 ratione:
1663 834 1698 860 et

117 879 168 915 sic
189 890 264 914 non
285 878 451 914 videntur
471 878 606 913 habere
628 879 854 926 superiorem
873 878 1059 926 regulam3
1075 891 1162 926 ergo
1178 879 1326 914 virtutes
1342 879 1607 915 intellectuales
1622 891 1696 914 non

118 933 321 968 consistunt
341 933 377 967 in
400 932 534 967 medio.

189 997 221 1022 2.
235 975 474 1038 ΡρὶΑΕτΕΒΕΑ.
492 986 654 1022 Medium
669 987 809 1022 virtutis
824 987 974 1022 moralis
989 987 1249 1022 determinatur
1264 999 1283 1022 a
1297 988 1426 1022 virtute
1441 987 1696 1023 intellectuali:

117 1041 248 1077 dicitur
268 1041 366 1076 enim
388 1041 424 1076 in
448 1051 478 1076 2.
501 1041 618 1076 Ethic.
642 1041 731 1088 (cap.
756 1041 820 1086 6.),
850 1042 947 1088 quod
974 1042 1087 1076 virtus
1115 1042 1280 1077 consistit
1305 1042 1341 1076 in
1369 1042 1563 1077 medietate
1586 1042 1699 1076 deter-

118 1096 255 1130 minata
269 1095 422 1138 ratione,
436 1103 544 1142 prout
558 1095 701 1142 sapiens
716 1096 988 1131 determinabit:
1005 1097 1032 1130 si
1048 1096 1157 1142 igitur
1170 1096 1282 1131 virtus
1298 1095 1552 1131 intellectualis
1566 1096 1697 1131 iterum

118 1151 292 1185 consistat
313 1151 347 1190 in
370 1149 505 1192 medio,
528 1157 672 1196 oportet
686 1149 782 1196 quod
799 1150 1059 1184 determinetur
1074 1150 1141 1184 sibi
1155 1151 1318 1185 medium
1333 1162 1397 1197 per
1412 1150 1571 1197 aliquam
1587 1149 1697 1184 aliam

117 1205 306 1240 virtutem:
330 1212 365 1239 et
385 1205 435 1239 sic
458 1204 665 1251 proceditur
686 1204 721 1238 in
744 1203 924 1238 infinitum
947 1204 982 1238 in
1005 1204 1204 1239 virtutibus.

193 1270 222 1306 3.
245 1258 482 1294 PRAETEREA.
504 1258 666 1293 Medium
690 1259 834 1305 proprie
857 1266 910 1292 est
936 1258 1028 1292 inter
1058 1258 1250 1301 contraria,
1279 1266 1316 1293 ut
1345 1266 1443 1305 patet
1472 1270 1535 1305 per
1556 1258 1694 1295 Philos.

117 1313 154 1348 in
180 1323 230 1349 10.
253 1312 413 1360 Metaph.
438 1313 518 1358 (tax.
541 1324 594 1347 22.
618 1317 647 1347 ct
669 1313 732 1359 23.)
747 1325 756 1346 .·
780 1312 841 1346 sed
865 1312 899 1345 in
923 1311 1108 1347 intellectu
1131 1324 1205 1346 non
1227 1312 1369 1346 videtur
1384 1323 1462 1347 esse
1478 1312 1597 1359 aliqua
1614 1324 1697 1347 con-

117 1367 300 1410 trarietas;
322 1378 407 1401 cum
429 1366 539 1400 etiam
562 1366 638 1413 ipsa
661 1366 854 1407 contraria,
878 1365 1078 1400 secundum
1101 1366 1199 1412 quod
1226 1374 1309 1401 sunt
1333 1366 1369 1400 in
1396 1366 1594 1410 intellectu,
1621 1379 1695 1401 non

116 1421 187 1456 sint
202 1421 394 1463 contraria,
409 1420 471 1455 sed
487 1419 596 1454 simul
610 1419 874 1466 intelligantur:
890 1427 928 1454 ut
944 1419 1077 1463 album,
1093 1428 1127 1454 et
1141 1420 1299 1467 nigrum,
1315 1432 1456 1464 sanum,
1471 1429 1506 1456 et
1524 1433 1694 1468 aegrum:

117 1486 205 1522 ergo
226 1475 262 1510 in
283 1473 587 1509 intellectualibus
609 1473 798 1508 virtutibus
819 1485 893 1508 non
918 1482 970 1508 est
993 1474 1166 1510 medium.

187 1528 262 1564 SED
289 1539 445 1564 CONTRA
473 1536 537 1571 est,
559 1528 657 1575 quod
676 1540 732 1563 ars
755 1536 808 1563 est
829 1528 940 1563 virtus
963 1527 1231 1571 intellectualis,
1252 1536 1289 1564 ut
1311 1529 1442 1564 dicitur
1459 1530 1495 1564 in
1518 1528 1550 1564 6.
1573 1530 1689 1564 Ethic.

117 1582 202 1631 (cap.
221 1583 281 1631 3.)‚
304 1591 339 1618 et
359 1591 482 1618 tamen
506 1582 590 1617 artis
612 1590 666 1617 est
687 1582 834 1629 aliquod
857 1582 1032 1625 medium,
1055 1591 1093 1617 ut
1116 1583 1245 1617 dicitur
1275 1584 1310 1618 in
1336 1594 1367 1618 2.
1395 1583 1513 1618 Ethic.
1537 1584 1628 1632 (cap.
1658 1586 1691 1620 6.

88 1673 91 1675 ,
114 1638 175 1674 cir.
197 1637 320 1684 med.);
343 1648 432 1684 ergo
453 1637 566 1672 virtus
588 1635 844 1672 intellectualis
867 1636 1032 1672 consistit
1054 1637 1090 1671 in
1113 1637 1247 1672 medio.

184 1691 416 1728 RESPONDEO
443 1690 651 1734 dicendum,
673 1691 771 1738 quod
790 1691 929 1725 bonum
952 1690 1103 1737 alicujus
1122 1692 1171 1726 rei
1188 1692 1353 1727 consistit
1366 1692 1402 1726 in
1420 1693 1554 1735 medio,
1569 1704 1695 1728 secun-

115 1745 203 1781 dum
225 1745 322 1793 quod
345 1744 596 1780 conformatur
618 1744 776 1792 regulae,
799 1745 855 1780 vel
880 1757 1085 1788 mensurae,
1101 1757 1211 1792 quam
1230 1746 1409 1793 contingit
1424 1748 1692 1790 transcendere,

113 1807 149 1835 et
170 1799 212 1835 ab
236 1811 279 1835 ea
299 1799 466 1842 deficere,
488 1799 581 1834 sicut
602 1799 740 1834 dictum
763 1807 815 1834 est
836 1801 918 1844 (art.
942 1812 968 1834 r.
991 1799 1060 1846 lmj.
1084 1800 1141 1846 q).
1158 1799 1281 1834 Virtus
1301 1809 1423 1835 autem
1438 1800 1693 1836 intellectualis

113 1853 302 1889 ordinatur
320 1853 364 1888 ad
385 1854 537 1896 bonum,
560 1854 652 1888 sicut
673 1861 708 1888 et
730 1853 892 1896 moralis,
908 1861 945 1887 ut
961 1865 1067 1900 supra
1084 1853 1222 1888 dictum
1237 1862 1290 1889 est
1307 1854 1351 1901 (q.
1366 1867 1409 1901 55.
1425 1860 1490 1890 art.
1502 1857 1568 1903 3.);
1586 1855 1692 1899 unde,

112 1908 315 1944 secundum
337 1907 435 1955 quod
455 1908 594 1943 bonum
616 1907 758 1942 virtutis
780 1907 1035 1942 intellectualis
1057 1918 1094 1941 se
1122 1907 1231 1942 habet
1260 1908 1304 1942 ad
1332 1920 1554 1952 mensuram,
1576 1909 1626 1944 sic
1655 1921 1692 1944 se

112 1962 224 1998 habet
245 1962 289 1997 ad
310 1962 491 1997 rationem
513 1961 634 1996 medii.
659 1961 804 1996 Bonum
820 1969 941 1996 autem
957 1961 1097 1996 virtutis
1112 1961 1368 1997 intellectualis
1387 1971 1440 1998 est
1454 1976 1594 1999 verum:
1617 1976 1693 2010 spe-

113 2015 292 2052 culativae
314 2016 462 2064 quidem
483 2015 624 2050 virtutis
645 2028 762 2050 verum
785 2015 962 2058 absolute,
985 2023 1023 2050 ut
1044 2015 1079 2049 in
1111 2014 1142 2050 6.
1174 2015 1335 2051 Ethicor.
1359 2017 1450 2065 (cap.
1474 2018 1511 2063 2)
1539 2017 1690 2052 dicitur:

113 2070 295 2119 practicae
307 2078 430 2106 autem
443 2070 585 2105 virtutis
599 2082 715 2105 varum
732 2069 934 2105 secundum
949 2069 1245 2105 conformitatem
1261 2070 1304 2105 ad
1317 2071 1515 2118 appetitum
1530 2080 1689 2106 rectum:

111 2137 230 2161 verum
253 2132 374 2160 autem
397 2123 602 2159 intellectus
623 2123 737 2158 nostri
761 2123 923 2158 absolute
947 2124 1215 2158 consideratum
1244 2133 1297 2159 est
1323 2125 1415 2160 sicut
1441 2134 1690 2161 mensuratum

114 2190 135 2214 a
156 2190 213 2214 re:
235 2190 292 2214 res
313 2178 412 2214 enim
437 2186 490 2214 est
512 2189 682 2213 mensura
704 2177 909 2212 intellectus
930 2178 1057 2221 nostri,
1079 2186 1116 2213 ut
1138 2178 1268 2213 dicitur
1289 2179 1325 2213 in
1352 2190 1403 2215 ro.
1426 2180 1511 2214 Met.
1533 2181 1612 2226 (tax.
1630 2181 1690 2227 5).-

111 2233 168 2269 Ex
187 2244 223 2268 eo
244 2233 332 2268 enim
353 2232 440 2280 quod
458 2244 508 2268 res
529 2237 585 2276 cst,
606 2233 659 2267 vel
680 2243 745 2267 non
768 2237 823 2275 cst,
851 2233 977 2267 veritas
1002 2237 1044 2267 cst
1071 2233 1104 2267 in
1131 2233 1295 2280 opinione,
1322 2239 1352 2268 ct
1379 2235 1413 2268 in
1440 2236 1610 2276 oration&
1639 2235 1689 2269 sic

112 2287 221 2334 igitur
241 2287 363 2322 bonum
384 2287 521 2322 virtutis
542 2286 770 2321 intellectualis
790 2286 1012 2333 speculativas
1035 2288 1180 2322 consistit
1203 2288 1236 2321 in
1258 2288 1400 2333 quodam
1423 2288 1528 2324 medio
1543 2295 1603 2336 per
1617 2301 1691 2324 con-

103 2341 315 2388 formitatem
337 2339 380 2375 ad
402 2341 508 2388 ipsam
530 2352 620 2381 rann
640 2339 842 2374 secundum
865 2340 962 2386 quod
984 2340 1070 2375 dicit
1097 2352 1174 2376 esse
1202 2342 1299 2388 quod
1327 2350 1391 2386 est,
1421 2342 1477 2378 vel
1506 2355 1580 2377 non
1611 2355 1688 2378 csse

111 2394 208 2442 quod
230 2405 305 2429 non
328 2402 400 2437 est;
423 2394 459 2429 in
481 2405 554 2441 quo
577 2394 668 2428 ratio
690 2395 764 2429 vari
786 2394 968 2437 consistit;
991 2406 1158 2430 excessus
1175 2403 1297 2430 autem
1312 2404 1365 2431 est
1380 2397 1581 2435 secundum
1600 2397 1690 2431 affir-

111 2449 315 2484 mationem
336 2447 478 2491 falsam,
502 2460 564 2495 per
586 2459 695 2495 quam
718 2447 847 2482 dicitur
869 2459 946 2483 esse
968 2449 1065 2496 quod
1088 2460 1162 2484 non
1185 2458 1255 2485 est:
1279 2449 1440 2486 defectus
1460 2460 1582 2486 autem
1600 2452 1691 2486 acci-

110 2502 206 2550 pitur
232 2503 432 2538 secundum
461 2503 698 2549 negationem
724 2501 865 2545 falsam,
893 2515 954 2550 per
980 2515 1090 2550 quam
1117 2503 1247 2538 dicitur
1274 2516 1347 2538 non
1376 2517 1465 2548 esse,
1493 2506 1589 2551 quod
1625 2514 1688 2541 est.

118 2557 239 2592 Verum
275 2565 398 2592 autem
425 2557 565 2592 virtutis
593 2555 848 2591 intellectualis
875 2557 1056 2603 practicae
1085 2566 1339 2604 comparatum
1362 2559 1507 2606 quidem
1533 2559 1576 2593 ad
1599 2572 1688 2602 rem,

111 2610 221 2646 habet
242 2611 423 2646 rationem
441 2610 660 2646 mensurati:
684 2618 719 2645 et
740 2610 789 2645 sic
819 2611 949 2645 eodem
978 2611 1090 2646 modo
1120 2612 1295 2658 accipitur
1323 2613 1483 2647 medium
1514 2625 1576 2660 per
1607 2625 1691 2648 con-

112 2664 337 2700 formitatem
361 2666 404 2700 ad
427 2676 504 2700 rem
531 2665 566 2699 in
592 2664 782 2699 virtutibus
808 2664 1112 2701 intellectualibus
1139 2666 1318 2713 practicis,
1347 2667 1438 2701 sicut
1465 2667 1499 2701 in
1528 2667 1689 2714 specula-

111 2719 211 2754 tivis:
234 2719 296 2755 sed
319 2727 483 2767 respectu
507 2719 685 2766 appetitus
707 2718 815 2753 habet
834 2719 1011 2754 rationem
1029 2719 1187 2766 regulae,
1204 2728 1238 2755 et
1257 2732 1467 2765 mensurae3
1483 2722 1577 2756 unde
1593 2722 1688 2756 idem

113 2773 288 2816 medium,
311 2773 408 2820 quod
431 2781 485 2809 est
506 2773 645 2807 virtutis
668 2772 830 2815 moralis,
853 2773 962 2808 ctiam
986 2782 1038 2809 est
1060 2774 1170 2821 ipsius
1193 2775 1414 2821 prudentiae,
1437 2775 1575 2810 scilicet
1590 2777 1690 2811 recti-

111 2827 199 2862 tudo
221 2827 394 2870 rationis;
417 2827 478 2863 sed
501 2827 711 2874 prudentiae
734 2828 879 2874 quidem
903 2837 956 2863 est
978 2829 1070 2863 istud
1091 2831 1251 2864 medium
1269 2839 1306 2865 ut
1322 2830 1529 2877 regulamus,
1544 2840 1578 2866 et
1593 2843 1689 2866 men-

111 2882 286 2917 surantis:
302 2882 442 2917 virtutis
458 2890 578 2917 autem
596 2881 746 2916 moralis
762 2890 799 2916 ut
809 2891 1050 2926 mensuratae,
1063 2892 1097 2919 et
1111 2883 1314 2930 regulatae:
1331 2884 1494 2920 similiter
1509 2897 1688 2929 excessus,

112 2943 148 2972 et
168 2935 330 2972 defectus
351 2935 528 2983 accipitur
549 2935 794 2971 diversimode
817 2937 1017 2984 utrobique.
