1955 3182
261 175 316 217 28
693 185 913 220 QUAESTIO
948 185 975 214 I.
1009 184 1252 214 ARTICULUS
1285 185 1375 214 VIII.

780 354 1126 399 ARTICULUS
1158 355 1280 397 VIII.
1798 366 1818 400 8

318 462 471 492 UTRUM
497 462 541 491 IN
567 462 668 490 1LLo
696 462 867 491 ULTIMo
896 462 993 492 FINE
1021 462 1148 491 ALIAE
1177 462 1433 492 CREATURAE
1458 462 1756 492 CONVENIANT.

582 548 682 594 (Infr.
699 560 806 595 q.103.
822 554 885 583 art.
901 561 931 583 2.
947 554 975 583 et
988 561 1019 584 2.
1034 550 1121 583 Dist.
1133 550 1184 595 38.
1199 554 1263 583 art.
1279 561 1305 584 Ι.
1321 553 1348 583 et
1362 560 1392 583 2.
1408 554 1497 594 corp.

259 606 288 636 et
302 601 358 636 lib.
373 614 400 636 1.
413 601 568 647 Contr.g.
585 608 655 648 cap.
668 613 714 648 75.
726 607 754 636 et
764 602 854 648 lib.3.
870 609 942 649 cap.
953 613 1002 648 17.
1014 614 1060 649 25.
1072 603 1231 649 et27.fin.
1243 607 1273 637 et
1286 614 1339 648 97.
1355 607 1382 637 et
1399 602 1484 636 Veri.
1496 613 1524 647 q.
1536 612 1564 648 5.
1576 606 1640 636 art.
1656 601 1689 636 6.
1701 600 1743 636 ad
1756 601 1819 646 4.).

329 689 388 723 AD
411 700 600 724 ocTAvUM
623 689 671 723 sic
694 690 912 735 proceditur.
937 690 1100 733 Videtur,
1123 690 1219 736 quod
1241 691 1277 724 in
1298 689 1427 724 ultimo
1446 689 1516 724 fine
1531 689 1691 724 hominis
1710 689 1820 724 etiam

259 743 382 776 omnia
405 742 473 777 alia
496 743 732 777 conveniant:
755 743 835 778 finis
863 740 960 777 enim
985 745 1180 790 respondet
1205 744 1401 791 principio:
1430 745 1491 778 sed
1517 743 1617 786 illud,
1645 743 1741 789 quod
1769 750 1822 777 est

257 796 473 842 principium
494 796 700 838 hominum,
723 797 861 831 scilicet
881 798 992 839 Deus,
1015 806 1068 832 est
1090 798 1200 832 etiam
1222 798 1439 843 principium
1461 797 1627 831 omnium
1646 796 1820 839 aliorum3

258 860 345 894 ergo
368 850 403 882 in
425 849 554 883 ultimo
577 849 647 884 fine
668 850 829 884 hominis
852 851 976 884 omnia
999 851 1067 885 alia
1090 851 1373 885 communicant.

329 912 360 936 2.
383 902 619 938 PRAETEREA.
635 903 788 949 Dionys.
805 904 891 937 dicit
904 904 940 937 in
955 903 1014 938 lib.
1031 905 1074 938 de
1089 904 1172 938 Div.
1188 904 1297 938 Nom.
1316 904 1402 950 (cap.
1418 916 1468 939 ro.
1484 904 1638 950 inprinc.
1656 908 1685 938 et
1701 909 1772 949 cap.
1787 914 1820 948 4.

257 955 322 990 lect.
340 957 397 1000 L),
426 957 521 1002 quod
544 957 643 990 Deus
659 957 838 991 convertit
853 958 976 990 omnia
993 958 1035 991 ad
1051 958 1222 1003 seipsum,
1237 965 1425 1002 tamquam
1446 957 1489 990 ad
1507 957 1677 991 ultimum
1692 956 1821 990 finem:

256 1009 317 1043 sed
341 1011 414 1054 ipse
437 1017 489 1043 est
511 1009 658 1044 ultimus
680 1009 760 1044 finis
782 1011 961 1052 hominis3
985 1011 1066 1056 quia
1090 1010 1170 1045 solo
1193 1013 1270 1057 ipso
1290 1010 1482 1044 fruendum
1498 1018 1568 1053 est;
1591 1021 1678 1056 ergo
1697 1010 1734 1043 in
1751 1009 1821 1043 fine

256 1062 384 1096 ultimo
407 1063 566 1096 hominis
589 1063 699 1097 etiam
723 1063 791 1097 alia
815 1066 1046 1098 conveniunt.

330 1127 357 1161 3.
381 1116 617 1150 PRAETEREA.
637 1116 733 1150 Finis
755 1116 903 1151 ultimus
922 1117 1082 1151 hominis
1105 1125 1158 1152 est
1184 1117 1368 1163 objectum
1394 1116 1612 1152 voluntatis:
1639 1116 1702 1151 sed
1728 1116 1822 1162 obje-

256 1177 353 1203 ctum
375 1169 571 1203 voluntatis
594 1178 646 1204 est
667 1170 806 1204 bonum
828 1170 1042 1212 universale,
1066 1171 1162 1217 quod
1186 1179 1239 1206 est
1260 1171 1339 1206 finis
1361 1171 1546 1213 omnium;
1569 1181 1656 1216 ergo
1671 1181 1820 1205 necesse

256 1230 318 1264 θεῖ,
342 1222 439 1268 quod
461 1223 497 1256 in
519 1222 647 1257 ultimo
670 1223 741 1257 fine
763 1223 923 1258 hominis
945 1224 1070 1258 omnia
1092 1225 1322 1259 conveniant.

326 1276 400 1310 SED
424 1286 578 1310 CONTRA
601 1284 664 1318 est,
687 1277 783 1322 quod
806 1277 954 1311 ultimus
977 1277 1055 1312 finis
1077 1277 1271 1312 hominum
1287 1286 1341 1312 θεῖ
1353 1277 1551 1320 beatitudo,
1568 1288 1677 1323 quam
1692 1288 1821 1311 omnes

257 1337 440 1375 appetunt,
464 1337 501 1363 ut
523 1330 675 1376 August.
696 1330 781 1364 dicit
804 1331 882 1374 (lily.
906 1343 956 1377 19.
980 1331 1015 1365 da
1041 1331 1115 1366 Ci-v.
1138 1332 1204 1365 Dei
1225 1338 1295 1377 cap.
1312 1344 1338 1366 l.
1355 1336 1383 1365 et
1397 1343 1439 1378 13.
1459 1331 1495 1365 de
1516 1331 1637 1365 Trinit.
1657 1337 1728 1377 cap.
1751 1331 1816 1376 4.):

255 1383 315 1416 sed
334 1394 408 1416 non
431 1383 525 1416 cadit
546 1383 581 1416 in
602 1382 772 1417 animalia
794 1384 952 1430 expertia
974 1384 1135 1425 rationis,
1157 1392 1196 1418 ut
1216 1384 1320 1418 beata
1346 1384 1427 1426 sint,
1446 1385 1539 1418 sicut
1557 1384 1711 1429 August.
1731 1383 1816 1417 dicit

254 1436 289 1469 in
311 1435 370 1469 lib.
394 1436 448 1481 83.
474 1435 562 1476 QQ.
585 1437 631 1482 (q.
651 1437 717 1482 5.);
741 1448 815 1470 non
838 1448 924 1482 ergo
948 1437 983 1470 in
1006 1437 1134 1471 ultimo
1157 1437 1226 1471 fine
1248 1438 1408 1471 hominis
1431 1437 1501 1471 alia
1524 1437 1756 1471 conveniunt.

325 1489 554 1524 Rssspoxnsso
578 1490 783 1531 dicendum,
800 1490 908 1536 quod,
924 1490 1015 1524 sicut
1029 1490 1165 1524 Philos.
1182 1491 1267 1524 dicit
1281 1491 1317 1524 in
1336 1501 1362 1535 ς.
1379 1490 1618 1537 Metaphysic.
1635 1490 1717 1535 (tex.
1732 1489 1818 1534 22),

255 1542 335 1576 finis
357 1543 530 1589 dupliciter
549 1543 689 1585 dicitur,
713 1543 851 1577 scilicet
873 1546 977 1589 cujus,
1002 1552 1035 1577 et
1056 1555 1138 1589 φο,-
1168 1544 1259 1577 idest
1280 1544 1357 1590 ipsa
1378 1555 1446 1585 res,
1468 1544 1505 1578 in
1528 1555 1598 1590 qua
1616 1543 1707 1577 ratio
1734 1542 1821 1577 boni

253 1596 445 1638 invenitur,
469 1604 502 1630 et
523 1608 619 1638 usus,
641 1596 715 1630 sive
739 1597 882 1642 adeptio
906 1596 1000 1631 illius
1023 1597 1093 1632 rei:
1117 1597 1209 1631 sicut
1230 1597 1259 1631 si
1281 1598 1458 1639 dicamus,
1481 1597 1578 1643 quod
1600 1604 1721 1630 motus
1743 1607 1820 1630 cor-

254 1650 350 1695 poris
373 1650 491 1695 gravis
513 1649 592 1683 finis
615 1658 668 1684 θεῖ
688 1649 746 1683 vel
768 1649 871 1684 locus
894 1649 1053 1692 inferior,
1077 1658 1114 1684 ut
1140 1662 1215 1692 res;
1238 1649 1296 1684 vel
1317 1651 1387 1684 hoc
1412 1651 1509 1696 quod
1525 1658 1578 1684 est
1591 1661 1669 1684 esse
1684 1649 1719 1683 in
1734 1649 1819 1683 loco

254 1703 425 1745 inferiori,
448 1711 486 1737 ut
508 1715 608 1738 usus:
632 1711 666 1737 et
692 1703 770 1737 finis
795 1703 893 1736 avari
915 1711 967 1737 est
988 1703 1045 1737 vel
1070 1704 1236 1750 pecunia,
1260 1711 1297 1738 ut
1322 1715 1397 1746 res;
1424 1703 1483 1737 vel
1509 1703 1690 1749 possessio
1717 1714 1822 1749 pecu-

254 1757 347 1799 niae,
370 1765 408 1791 ut
429 1769 531 1792 usus:
556 1758 584 1790 si
606 1769 692 1803 ergo
715 1756 910 1803 loquamur
933 1757 975 1791 de
998 1757 1127 1791 ultimo
1150 1757 1220 1791 fine
1243 1757 1403 1792 hominis
1430 1765 1605 1803 quantum
1633 1756 1676 1790 ad
1703 1757 1820 1801 ipsam

253 1824 343 1854 rem,
365 1823 456 1858 quae
480 1820 532 1846 est
553 1811 645 1853 finis,
666 1812 716 1845 sic
741 1812 775 1845 in
798 1811 927 1845 ultinxo
950 1811 1019 1845 fine
1046 1811 1206 1845 hominis
1229 1812 1353 1845 onmia
1385 1810 1453 1845 alia
1482 1810 1714 1852 conveniunt,
1737 1811 1820 1856 quia

254 1866 353 1899 Deus
376 1873 428 1900 est
446 1865 593 1899 ultimus
608 1865 687 1899 finis
702 1865 874 1907 hominis,
891 1873 925 1899 et
940 1865 1106 1899 omnium
1122 1864 1273 1898 aliarum
1288 1876 1420 1899 rerum.
1438 1864 1476 1898 Si
1492 1872 1612 1899 autem
1626 1863 1820 1909 loquamur

255 1919 298 1953 de
321 1918 449 1953 ultimo
477 1919 547 1952 fine
569 1919 728 1953 hominis
752 1926 926 1965 quantum
950 1919 993 1952 ad
1016 1919 1316 1952 consecutionem
1338 1918 1429 1960 finis,
1452 1918 1501 1953 sic
1524 1918 1561 1952 in
1582 1917 1654 1952 hoc
1673 1917 1743 1951 fine
1757 1917 1821 1951 ho-

255 1972 362 2006 minis
388 1984 463 2006 non
487 1973 761 2006 communicant
787 1980 971 2006 creaturae
998 1971 1246 2006 irrationales:
1274 1984 1360 2005 nam
1386 1972 1514 2014 homo,
1538 1979 1573 2006 et
1599 1971 1689 2005 aliae
1716 1971 1821 2005 ratio-

256 2025 355 2060 nales
379 2034 564 2060 creaturae
588 2034 859 2072 consequuntur
880 2025 989 2060 finem
1013 2026 1284 2071 cognoscendo,
1308 2034 1342 2060 et
1363 2025 1520 2059 amando
1546 2025 1691 2059 Deum:
1721 2024 1818 2071 quod

254 2091 328 2113 non
351 2080 523 2125 competit
550 2079 627 2113 aliis
655 2079 837 2121 creaturis,
865 2091 956 2125 quae
985 2079 1231 2125 adipiscuntur
1258 2078 1426 2113 ultimum
1453 2078 1574 2121 finem,
1605 2079 1817 2124 inquantum

254 2133 469 2179 participant
491 2133 650 2179 aliquam
672 2133 947 2167 similitudinem
969 2133 1050 2175 Dei,
1073 2133 1272 2167 secundum
1293 2132 1390 2179 quod
1413 2140 1506 2174 sunt,
1528 2131 1586 2166 vel
1606 2132 1743 2173 vivunt,
1760 2130 1819 2166 vel

255 2187 363 2220 etiam
387 2194 624 2232 cognoscunt.

325 2239 369 2273 Et
390 2251 453 2286 per
468 2240 538 2273 hoc
559 2247 656 2286 patet
674 2240 863 2286 responsio
886 2251 935 2274 AD
956 2250 1131 2286 OBJECTA.
1152 2239 1247 2274 Nam
1267 2239 1451 2274 beatitudo
1473 2238 1640 2274 nominat
1658 2239 1819 2286 adoptio-

255 2304 338 2327 nem
359 2293 477 2327 ultimi
500 2293 588 2327 finis.

807 2502 1163 2564 QUAESTIO
1204 2503 1258 2550 11.

398 2626 460 2657 DE
489 2626 579 2665 HIS,
612 2626 661 2657 IN
689 2626 861 2666 QUIBUS
890 2626 1092 2657 HOMINIS
1119 2626 1389 2658 BEATITUDO
1416 2625 1670 2665 CONSISTIT,

690 2698 739 2728 IN
768 2698 890 2729 (JCTO
916 2698 1178 2729 ARTICULUS
1205 2697 1380 2728 DIVISA.

326 2820 467 2854 Deinde
491 2820 792 2855 considerandum
818 2828 870 2854 est
893 2820 935 2854 dc
962 2820 1192 2854 beatitudine.
1220 2820 1335 2854 Primo
1363 2819 1520 2866 quidem,
1543 2819 1576 2853 in
1600 2819 1726 2865 quibus
1753 2818 1814 2852 sit:

257 2874 406 2916 secundo,
430 2874 512 2920 quid
538 2874 592 2908 fit:
616 2876 722 2916 lertio,
746 2873 898 2920 qualiter
920 2885 999 2908 cam
1024 2873 1197 2919 consequi
1220 2884 1424 2919 possumus.
