1955 3182
244 174 298 216 30
704 170 922 205 QUAESTIO
954 170 998 198 ΙΙ.
1033 169 1277 199 ARTICULUS
1310 169 1338 198 Ι.

243 254 370 299 quibus
393 251 591 286 secundum
614 263 651 285 se
673 260 799 285 natura
821 263 895 285 non
917 252 1068 296 juvatur,
1091 259 1129 284 ut
1147 251 1295 292 denarii,
1316 250 1376 284 sed
1392 262 1447 284 ars
1461 250 1623 284 humana
1638 261 1699 284 eos
1717 250 1799 284 adin

242 307 341 341 venit
362 315 506 353 propter
527 305 737 339 facilitatem
761 305 1068 347 commutationis,
1091 313 1128 338 ut
1157 305 1227 338 sint
1258 305 1360 350 quasi
1393 316 1562 338 mensura
1596 305 1808 350 (quaedam)

244 371 363 394 rerum
384 359 578 393 venalium.
598 358 830 392 Manifestum
848 366 902 392 est
920 366 1052 400 autem,
1071 357 1167 403 quod
1185 359 1220 391 in
1240 358 1369 391 divitiis
1387 357 1609 391 naturalibus
1626 357 1810 391 beatitudo

244 413 403 446 hominis
419 423 496 447 esse
511 423 584 446 non
599 419 734 458 potest:
751 419 970 457 quaeruntur
985 411 1081 445 enirn
1096 411 1306 456 hujusmodi
1318 410 1463 444 divitiae
1479 410 1522 444 ad
1537 410 1811 445 sustentandam

244 475 410 500 naturam
431 466 609 499 hominis:
633 473 668 499 et
688 465 770 498 ideo
792 476 866 498 non
888 473 1040 510 possunt
1062 475 1139 498 esse
1162 463 1308 498 ultimus
1329 463 1409 497 finis
1435 463 1496 508 [al.
1523 464 1599 505 finis
1627 463 1808 508 hominis]:

246 519 309 554 sed
330 519 446 565 magis
469 519 678 553 ordinantur
698 518 741 552 ad
763 518 965 560 hominem,
988 518 1080 551 sicut
1101 517 1144 551 ad
1167 517 1294 559 finem3
1328 517 1422 551 unde
1445 517 1481 550 in
1504 517 1630 551 ordine
1662 524 1812 551 naturae

246 572 369 606 omnia
390 572 599 617 hujusmodi
621 579 703 605 sunt
723 571 814 605 infra
835 571 1036 613 hominem,
1059 580 1095 605 et
1115 579 1259 617 propter
1279 571 1470 604 hominem
1488 569 1594 612 facta,
1613 570 1814 604 secundum

245 625 333 660 illud
354 626 411 660 Ps.
435 625 485 659 8.:
512 626 637 660 Omnia
657 626 823 671 subjecisti
843 626 899 659 sub
917 624 1054 671 pedibus
1075 627 1152 670 ejus.
1183 620 1343 658 Divitiae
1367 632 1488 658 autem
1511 623 1714 658 artificiales
1735 634 1811 657 non

247 687 465 725 quaeruntur
485 679 554 712 nisi
575 686 720 725 propter
741 677 1038 712 naturalesznon
1061 678 1158 712 enim
1180 685 1447 724 quaererentur,
1468 677 1537 711 nisi
1559 678 1645 723 quia
1664 688 1728 723 per
1750 688 1810 711 eas

247 740 415 766 emuntur
436 743 490 766 res
514 732 556 765 ad
580 743 685 766 usum
706 732 800 766 vitae
821 732 1066 766 necessariae:
1089 731 1184 766 unde
1206 731 1321 765 multo
1344 731 1462 765 minus
1483 730 1619 765 habent
1636 730 1813 765 rationem

247 786 365 820 ultimi
386 785 484 828 finis;
506 784 729 832 impossibiie
757 793 810 819 est
831 785 950 831 igitur,
971 785 1244 827 beatitudinem,
1267 795 1359 831 quae
1382 792 1435 819 est
1467 783 1616 818 ultimus
1648 783 1729 818 finis
1749 783 1814 818 ho-

247 839 365 881 minis,
387 839 423 873 in
445 839 575 873 divitiis
598 850 686 873 esse.

317 893 376 927 AD
398 903 547 927 PRIMUM
569 904 656 938 ergo
679 892 883 933 dicendum,
906 891 1003 938 quod
1026 892 1150 926 omnia
1184 890 1389 937 corporalia
1423 890 1597 924 obediunt
1628 890 1816 937 pecuniae,

248 954 421 992 quantum
444 947 487 980 ad
510 945 779 980 multitudinem
801 945 1005 987 stultorum,
1028 945 1089 991 qui
1110 944 1188 979 sola
1211 943 1414 990 corporalia
1446 944 1543 978 bona
1577 951 1817 990 cognoscunt,

248 1011 340 1046 quae
361 999 514 1046 pecunia
537 999 674 1045 acquiri
695 1006 863 1044 possunt:
887 998 1062 1043 judicium
1085 1006 1206 1032 autem
1228 997 1271 1032 de
1291 997 1397 1031 bonis
1418 997 1588 1031 humanis
1608 1008 1683 1031 non
1713 996 1818 1031 debet

248 1054 343 1088 sumi
366 1065 385 1087 a
406 1053 532 1095 stultis,
556 1053 617 1087 sed
640 1064 659 1086 a
681 1052 917 1098 sapientibus:
941 1052 1034 1085 sicut
1055 1059 1090 1085 et
1110 1051 1285 1097 judicium
1308 1051 1352 1086 de
1373 1051 1561 1097 saporibus
1588 1050 1630 1084 ab
1657 1050 1726 1093 his,
1756 1050 1817 1097 qui

247 1107 383 1142 habent
403 1115 548 1153 gustum
568 1106 659 1140 bene
683 1105 913 1139 moderatum
936 1104 986 1150 [al
1008 1105 1230 1151 dispositam}

320 1161 379 1194 AD
402 1170 609 1194 SECUNDUM
631 1159 837 1199 dicendum,
864 1158 960 1205 quod
982 1159 1135 1204 pecunia
1158 1158 1219 1203 [al.
1235 1165 1301 1205 pro
1317 1157 1480 1205 pecunia]
1510 1165 1661 1204 possunt
1693 1157 1819 1191 haberi

250 1214 373 1248 omnia
394 1213 548 1255 venalia,
569 1224 644 1247 non
667 1220 788 1247 autem
810 1212 1020 1258 spiritualia,
1042 1223 1134 1258 quae
1154 1212 1263 1246 vendi
1282 1223 1358 1245 non
1379 1219 1547 1257 possunt;
1568 1211 1664 1245 unde
1685 1210 1815 1245 dicitur

249 1267 420 1302 Proverb.
449 1278 516 1312 17.:
542 1266 634 1311 Quid
648 1266 782 1313 prodest
801 1266 896 1301 stulto
915 1266 1050 1300 divitias
1065 1266 1193 1307 habere,
1209 1277 1284 1300 cum
1297 1266 1493 1311 sapientiam
1506 1276 1608 1300 emere
1622 1276 1688 1298 non
1700 1265 1822 1311 possit?

280 1335 282 1337 >
321 1321 381 1356 AD
408 1331 580 1355 TERTIUM
607 1320 812 1362 dicendum,
835 1320 932 1366 quod
955 1321 1131 1365 appetitus
1165 1318 1385 1353 naturalium
1419 1318 1626 1352 divitiamm
1658 1328 1734 1352 non
1767 1325 1821 1351 est

250 1375 426 1417 infinitu53
449 1375 531 1420 quia
553 1374 755 1409 secundum
777 1382 913 1408 certam
935 1384 1146 1407 mensuram
1168 1372 1350 1407 sufficiunt
1370 1380 1536 1406 naturae:
1559 1371 1620 1406 sed
1643 1371 1820 1418 appetitus

252 1429 456 1463 divitiarum
472 1427 712 1462 artificialium
727 1436 780 1462 est
794 1427 969 1469 infinitus3
985 1427 1067 1472 quia
1082 1427 1238 1460 deservit
1252 1426 1569 1472 concupiscentiae
1583 1425 1822 1466 inordinatae,

252 1493 344 1528 quae
365 1492 439 1516 non
461 1481 702 1523 modificatur,
725 1489 763 1515 ut
783 1489 881 1527 patet
902 1492 964 1527 per
985 1480 1122 1514 Philos.
1145 1481 1180 1513 in
1202 1481 1320 1526 primo
1342 1479 1483 1514 Politic.
1508 1479 1596 1526 (cap.
1616 1479 1648 1514 6.
1667 1490 1688 1513 a
1705 1478 1821 1523 med.):

252 1536 353 1570 aliter
373 1544 496 1570 tamen
518 1543 571 1569 est
593 1535 773 1568 infinitum
796 1534 1013 1568 desiderium
1037 1534 1256 1575 divitiarum,
1278 1542 1313 1567 et
1331 1533 1550 1567 desiderium
1567 1533 1702 1567 summi
1718 1533 1821 1567 boni:

251 1601 338 1623 nam
353 1600 537 1623 summum
552 1589 690 1622 bonum
705 1596 839 1634 quanto
854 1587 1046 1634 perfectius
1062 1587 1275 1633 possidetur,
1290 1595 1391 1621 tanto
1405 1586 1524 1632 ipsum
1539 1586 1656 1632 magis
1671 1593 1823 1627 amatur,

253 1652 287 1678 et
307 1643 375 1677 alia
394 1650 687 1684 contemnuntur,
707 1642 790 1688 quia
808 1649 943 1688 quanto
962 1641 1079 1687 magis
1098 1641 1262 1683 habetur,
1280 1640 1397 1686 magis
1417 1640 1668 1686 cognoscitur3
1688 1647 1722 1674 et
1739 1639 1823 1674 ideo

253 1696 380 1730 dicitur
401 1696 511 1730 Eccli.
532 1706 606 1738 24:
628 1697 698 1740 Qui
716 1695 813 1729 edunt
835 1708 897 1738 me,
921 1695 1026 1729 adhuc
1047 1696 1209 1729 esurient:
1231 1694 1294 1728 sed
1313 1694 1348 1727 in
1369 1694 1528 1740 appetitu
1555 1693 1771 1735 divitiarum,
1790 1701 1826 1728 et

254 1761 569 1796 quorumcumque
591 1749 849 1795 temporalium
870 1749 1052 1783 bonorum
1075 1756 1128 1782 est
1147 1759 1165 1782 e
1185 1759 1381 1782 converso:
1401 1759 1488 1781 nam
1507 1746 1652 1793 quando
1671 1748 1745 1792 jam
1762 1747 1826 1780 ha-

252 1804 392 1846 bentur,
415 1804 490 1850 ipsa
513 1811 807 1844 contemnuntur,
832 1811 866 1837 et
888 1802 956 1836 alia
980 1810 1206 1849 appetuntur,
1237 1801 1439 1836 secundum
1473 1801 1570 1847 quod
1604 1800 1826 1846 significatur

249 1858 352 1903 Joan.
375 1868 407 1900 4.
431 1869 514 1891 cum
536 1858 718 1891 Dominus
740 1857 843 1891 dicit:
868 1858 938 1901 Qui
961 1857 1079 1891 biberit
1097 1868 1136 1891 ex
1157 1856 1217 1890 hac
1239 1867 1326 1901 aqua
1353 1855 1432 1901 (per
1466 1866 1576 1901 quam
1608 1853 1825 1900 temporalia

254 1911 515 1957 significantur)
538 1913 622 1946 sitiet
644 1913 786 1952 itanum,-
811 1918 845 1944 et
866 1909 938 1944 hoc
960 1910 1055 1951 ideo,
1079 1909 1162 1955 quia
1185 1920 1313 1944 eorum
1341 1907 1596 1942 insufficientia
1629 1907 1746 1954 magis
1769 1919 1827 1942 co-

255 1966 451 2011 gnoscitur,
473 1977 556 1999 cum
578 1965 775 2007 habentur3
798 1973 833 1999 et
849 1965 932 1998 ideo
951 1964 1023 1998 hoc
1042 1963 1160 2009 ipsum
1180 1963 1336 1997 ostendit
1354 1973 1481 1997 eorum
1498 1960 1826 2009 imperfectionem,

259 2028 293 2054 et
315 2019 410 2065 quod
433 2020 468 2053 in
491 2020 540 2053 eis
563 2030 749 2054 summum
771 2019 909 2053 bonum
930 2029 1006 2053 non
1028 2017 1201 2052 consistit.

809 2177 1157 2223 ARTICULUS
1190 2177 1246 2220 ΙΙ.
1786 2196 1827 2222 10

397 2298 550 2329 UTRUM
576 2298 833 2328 BEATtTuDo
864 2298 1047 2328 Homms
1077 2297 1323 2328 constsrAT
1351 2296 1396 2327 IN
1422 2295 1688 2327 HONORIBUS.

355 2399 445 2444 (Lib.
470 2411 498 2446 3.
529 2399 642 2435 Contr.
668 2411 699 2446 g.
728 2405 798 2445 cap.
826 2399 879 2434 28.
902 2403 930 2433 et
956 2404 1062 2444 opusc.
1090 2409 1121 2433 2.
1145 2404 1218 2444 cap.
1245 2398 1317 2433 103.
1346 2402 1374 2432 et
1400 2396 1479 2441 264.
1507 2401 1535 2432 et
1562 2395 1682 2431 Maub.
1706 2407 1735 2441 5.

872 2457 901 2487 et
922 2464 948 2487 1.
971 2452 1046 2487 Eeb.
1070 2452 1137 2487 lect.
1156 2452 1214 2498 5.).

330 2555 390 2589 An
410 2565 616 2589 SECUNDUM
639 2555 688 2588 sic
711 2553 928 2601 proceditur.
951 2553 1114 2595 Videtur,
1137 2553 1232 2599 quod
1261 2552 1445 2586 beatitudo
1472 2550 1633 2586 hominis
1654 2550 1691 2585 in
1712 2550 1828 2584 hono-

260 2608 355 2643 ribus
378 2609 565 2643 consistat:
588 2608 772 2642 beatitudo
796 2608 905 2649 enim,
925 2607 998 2641 sive
1021 2606 1172 2641 felicitas
1191 2614 1244 2641 est
1260 2608 1453 2653 praemium
1470 2606 1617 2648 virtutis,
1636 2612 1675 2639 ut
1691 2603 1828 2639 Philos-

261 2663 346 2697 dicit
367 2663 401 2697 in
429 2674 455 2697 1.
478 2663 594 2697 Ethic.
618 2663 708 2709 (cap.
732 2674 763 2707 9.
788 2664 819 2696 1'11
840 2662 988 2708 princ.):
1012 2661 1073 2695 sed
1096 2661 1216 2695 honor
1235 2660 1392 2694 maxime
1411 2660 1552 2694 videtur
1571 2669 1648 2693 esse
1670 2658 1717 2700 id,
1730 2657 1828 2705 quod

262 2725 314 2751 est
333 2718 469 2752 virtutis
485 2717 690 2763 praemium,
715 2724 753 2750 ut
774 2715 910 2750 Philos.
935 2714 1020 2749 dicit
1041 2715 1076 2748 in
1098 2725 1130 2757 4.
1158 2714 1274 2748 Ethic.
1301 2714 1390 2761 (cap.
1414 2715 1481 2760 3.)‚·
1511 2723 1599 2760 ergo
1625 2712 1662 2746 in
1687 2711 1828 2746 honore

263 2771 418 2804 maxime
441 2770 604 2804 consistit
625 2769 823 2804 beatitudo.

334 2834 365 2858 2.
388 2824 623 2859 Pam-sanni.
648 2823 751 2865 Illud,
775 2822 870 2869 quod
895 2822 1064 2857 convenit
1087 2823 1180 2864 Deo,
1203 2830 1237 2856 et
1259 2821 1582 2862 excellentissimis,
1604 2819 1762 2854 maxime
1781 2818 1830 2852 vi-

263 2878 364 2912 detur
386 2889 462 2912 esse
484 2877 679 2920 beatitudo,
701 2888 793 2924 quae
820 2885 873 2913 est
893 2877 1030 2911 bonum
1053 2875 1276 2923 perfectum:
1301 2875 1361 2910 sed
1384 2874 1595 2921 hujusmodi
1621 2882 1675 2909 est
1695 2873 1827 2914 honor,
