1907 3198
559 185 784 223 QuAsssrio
818 184 904 215 cvr.
939 181 1187 215 Ακτιευιυε
1221 181 1264 212 11.
1597 168 1686 225 807

115 273 239 321 legem
258 280 382 309 autem
401 281 540 307 novam
560 269 658 305 dedit
671 268 844 316 scriptam
857 268 894 302 in
907 267 1039 303 tabulis
1052 266 1174 302 cordis
1187 264 1404 307 carnalibus,
1426 272 1465 299 ut
1486 263 1688 311 Apostolus

115 327 205 363 dicit
223 336 257 362 2.
279 325 368 363 Cor.
392 336 443 372 3.:
465 323 618 372 proinde
638 323 731 358 sicut
753 323 849 368 Aug.
872 322 958 357 dicit
979 321 1015 355 in
1030 320 1090 355 lib.
1109 319 1154 354 de
1175 318 1324 366 Spiritu,
1339 326 1374 352 et
1389 317 1509 352 Litera
1530 318 1621 365 (cap.
1637 318 1688 354 18.

116 382 154 417 in
166 380 310 429 princ),
330 379 475 415 literam
495 378 604 413 istam
625 385 725 412 extra
746 375 937 410 hominem
959 374 1144 422 scriptam,
1158 381 1194 408 et
1219 372 1526 407 ministrationem
1548 372 1688 414 mortis,

117 442 155 471 et
173 432 478 470 ministrationem
498 430 744 466 damnationis
758 429 959 477 Apostolus
982 427 1158 476 appellat:
1180 426 1274 461 hanc
1295 434 1432 467 autem,
1448 424 1587 460 scilicet
1600 425 1688 460 novi

115 486 326 525 testamenti
344 485 478 533 legem,
499 484 806 520 ministrationem
829 483 984 530 spiritus,
1011 491 1044 517 et
1071 481 1377 516 ministrationem
1398 479 1555 525 justitiae
1582 479 1690 521 dicit;

117 541 204 590 quia
214 552 280 590 per
291 540 430 576 donum
446 539 601 587 Spiritus
615 548 811 586 operamur
827 537 1014 583 justitiam,
1033 544 1068 571 et
1086 546 1107 570 a
1120 533 1441 583 praevaricationis
1452 533 1688 568 damnatione

117 594 324 632 liberamur.

374 773 384 783 ²
654 709 1002 756 ARTICULUS
1039 709 1119 752 III.
1626 716 1692 764 566

266 810 423 842 UTRUM
447 809 534 840 LEX
558 807 681 840 NOVA
706 807 926 838 DEBUERIT
954 807 1058 837 DARI
1084 807 1112 836 A
1139 804 1361 836 PRINCIPIO
1390 803 1549 835 uuum.

593 885 713 933 (Supr.
735 897 765 932 q.
787 896 839 932 91.
862 889 927 919 art.
945 896 975 931 5.
996 883 1039 918 ad
1060 895 1091 919 2.
1109 888 1140 919 et
1156 884 1216 930 5.).

193 971 256 1009 An
275 980 450 1008 τειτωκ
471 969 522 1005 sic
544 968 763 1017 proceditur.
782 967 946 1010 Videtur,
965 966 1063 1014 quod
1084 965 1141 1001 lex
1161 976 1259 1001 nova
1280 964 1443 1000 debuerit
1460 964 1537 999 dari
1559 975 1579 999 a
1600 963 1694 1012 prin-

120 1025 219 1074 cipio
232 1023 379 1061 mundi:
393 1024 472 1060 Non
483 1024 572 1059 enim
585 1028 630 1059 est
636 1030 858 1071 personarum
873 1023 1016 1069 acceptio
1030 1020 1121 1068 apud
1132 1021 1254 1062 Deum,
1267 1027 1306 1054 ut
1317 1019 1448 1054 dicitur
1461 1019 1506 1053 ad
1521 1018 1629 1053 Rom.
1641 1028 1692 1053 2.:

119 1079 185 1117 sed
205 1091 317 1115 omnes
336 1078 482 1114 homines
497 1081 735 1126 peccaverunt,
753 1081 889 1122 etegent
903 1076 1012 1122 gloria
1032 1075 1109 1116 Dei,
1129 1082 1168 1109 ut
1188 1073 1318 1108 dicitur
1339 1073 1383 1107 ad
1404 1072 1514 1107 Rom.
1539 1084 1587 1119 3.;
1605 1083 1694 1119 ergo

120 1145 143 1170 a
161 1132 340 1183 principio
362 1131 489 1167 mundi
509 1131 566 1166 lex
580 1130 769 1177 Evangelii
785 1130 861 1164 dari
876 1129 1008 1171 debuit,
1023 1137 1061 1163 ut
1075 1127 1244 1163 omnibus
1258 1139 1321 1174 per
1335 1138 1416 1162 eam
1431 1127 1692 1162 subveniretur.

192 1197 226 1223 2.
254 1186 492 1223 PRAETEREA.
515 1185 618 1220 Sicut
640 1185 675 1219 in
698 1183 848 1219 diversis
870 1183 961 1218 locis
983 1191 1067 1217 sunt
1087 1181 1219 1216 diversi
1240 1181 1422 1223 homines,
1449 1181 1497 1216 ita
1519 1181 1630 1215 etiam
1656 1180 1692 1214 in

122 1240 273 1277 diversis
293 1239 539 1287 temporibus:
560 1238 623 1274 sed
646 1239 758 1280 Deus,
779 1237 840 1285 qui
862 1237 933 1271 vult
951 1248 1060 1271 omncs
1077 1235 1222 1270 homines
1246 1235 1355 1270 salvos
1387 1235 1473 1278 ficri,
1500 1243 1538 1269 ut
1564 1234 1695 1269 dicitur

127 1306 156 1330 1.
175 1294 221 1340 ad
242 1293 383 1330 Timot.
397 1303 443 1337 2.,
456 1292 643 1328 mandavit
663 1290 904 1338 Evangelium
931 1289 1132 1337 praedicari
1152 1289 1189 1323 in
1211 1289 1382 1323 omnibus
1403 1288 1506 1330 locis,
1533 1296 1573 1323 ut
1596 1296 1695 1335 patet

124 1347 254 1384 Manli.
275 1346 339 1383 ult.
360 1355 396 1382 et
416 1346 528 1381 Marc.
550 1345 633 1389 ult.;
655 1356 743 1391 ergo
770 1344 939 1379 omnibus
960 1342 1186 1389 temporibus
1208 1342 1330 1377 debuit
1351 1342 1477 1378 adesse
1499 1341 1555 1377 lex
1580 1342 1694 1377 Evan-

123 1401 223 1450 gelii,
242 1401 294 1436 ita
314 1399 413 1448 quod
430 1411 453 1435 a
472 1399 651 1448 principio
673 1398 800 1433 mundi
825 1397 979 1432 daretur.

197 1466 228 1503 3.
248 1454 488 1491 PRAETEREA.
518 1453 637 1500 Magis
665 1460 720 1487 est
747 1451 952 1487 necessaria
981 1450 1126 1485 homini
1154 1449 1251 1485 salus
1280 1449 1486 1497 spiritualis,
1516 1461 1609 1497 quae
1635 1458 1690 1485 est

122 1516 281 1552 aeterna,
293 1519 406 1556 quam
418 1507 516 1544 salus
530 1506 743 1554 corporalis,
765 1516 857 1553 quae
871 1513 925 1540 est
938 1504 1165 1552 temporalis:
1181 1504 1244 1539 sed
1265 1504 1366 1539 Deus
1381 1504 1424 1538 ab
1443 1504 1547 1539 initio
1566 1504 1694 1539 mundi

122 1561 282 1611 providit
305 1561 451 1598 homini
475 1572 531 1604 ea,
557 1572 651 1608 quae
682 1568 766 1595 sunt
791 1559 996 1594 necessaria
1023 1558 1067 1592 ad
1097 1557 1252 1593 salutem
1279 1556 1522 1604 corporalem,
1547 1557 1693 1593 tradens

124 1617 203 1664 ejus
222 1615 394 1664 potestati
413 1615 552 1658 omnia,
572 1625 666 1662 quae
687 1622 790 1649 erant
811 1621 958 1661 propter
978 1612 1170 1648 hominem
1192 1620 1324 1653 creata,
1346 1620 1384 1646 ut
1405 1620 1503 1659 patet
1525 1611 1618 1647 Gen.
1644 1623 1695 1655 1.;

123 1681 214 1717 ergo
233 1670 346 1706 etiam
369 1668 428 1705 lex
452 1680 562 1712 nova,
587 1679 680 1716 quae
706 1667 865 1703 maxime
892 1675 946 1702 est
970 1666 1175 1702 necessaria
1202 1665 1246 1700 ad
1273 1665 1428 1701 salutem
1453 1665 1692 1713 spiritualem,

125 1723 250 1761 debuit
267 1723 480 1759 hominibus
499 1733 522 1757 a
541 1722 719 1770 principio
741 1721 866 1756 mundi
892 1720 980 1756 dari.

198 1777 275 1814 SED
295 1786 454 1814 coum
473 1784 539 1819 est,
560 1775 657 1823 quod
692 1774 892 1822 Apostolus
918 1774 1005 1809 dicit
1034 1784 1062 1808 1.
1091 1773 1134 1808 ad
1168 1772 1255 1808 Cor.
1287 1784 1356 1819 15.:
1385 1774 1462 1809 Non
1484 1775 1582 1822 prius
1607 1774 1696 1821 quod

123 1830 298 1880 spirimlae
321 1835 380 1874 est,
399 1829 454 1866 sed
472 1829 559 1878 quod
583 1828 748 1864 animale:
771 1828 833 1863 sed
854 1827 911 1863 lex
932 1839 1029 1863 nova
1051 1835 1105 1862 est
1118 1827 1277 1862 maxime
1295 1827 1509 1875 spiritualis;
1531 1839 1620 1876 ergo
1637 1827 1696 1864 lex

126 1896 225 1922 nova
243 1895 320 1921 non
344 1883 468 1920 debuit
486 1895 508 1919 a
529 1883 707 1931 principio
727 1882 854 1917 mundi
875 1882 963 1916 dari.

194 1938 426 1976 Rnsrounzo
440 1937 647 1980 dicendum,
661 1936 759 1984 quod
780 1936 902 1984 triplex
923 1935 1015 1970 ratio
1036 1944 1156 1982 potest
1177 1935 1366 1982 assignari,
1390 1947 1502 1983 quare
1525 1935 1581 1972 lex
1599 1947 1697 1972 nova

126 2004 204 2029 non
223 1992 348 2029 debuit
365 1991 443 2028 dari
463 2002 485 2026 a
505 1991 683 2039 principio
705 1990 843 2025 mundi.
867 1989 1036 2031 Quarum
1053 1991 1170 2038 prima
1193 1998 1258 2032 est,
1285 1990 1368 2037 quia
1395 1989 1451 2025 lex
1476 2001 1574 2025 nova
1601 1991 1694 2026 sicut

126 2047 268 2083 dicum!
286 2053 341 2082 &t
360 2045 444 2093 (art.
463 2057 493 2082 1.
510 2046 579 2092 huj.
600 2045 662 2092 q),
685 2043 930 2092 principaliter
951 2052 1005 2078 est
1019 2044 1133 2090 gratia
1149 2043 1303 2091 Spiritus
1325 2043 1462 2086 Sancti,
1477 2056 1569 2091 quae
1589 2045 1698 2079 abun-

124 2100 254 2137 danter
268 2099 348 2136 dari
365 2111 442 2135 non
463 2099 597 2142 debuit,
618 2106 815 2146 antequam
835 2097 1139 2145 impedimentum
1159 2098 1299 2145 peccati
1321 2098 1364 2132 ab
1379 2098 1544 2133 humano
1562 2110 1696 2146 genere

124 2153 325 2198 tolleretur,
349 2161 606 2189 consummata
635 2151 885 2199 redemptione
907 2163 970 2199 per
1000 2151 1210 2194 Christum3
1233 2151 1328 2186 unde
1354 2151 1484 2186 dicitur
1509 2152 1614 2198 Joan.
1643 2163 1696 2199 7.:

127 2207 286 2245 Nondum
306 2212 378 2244 erat
392 2207 537 2256 Spiritus
557 2206 662 2248 datus,
682 2207 762 2253 quia
775 2206 865 2250 jesus
885 2205 1031 2240 nondum
1061 2210 1133 2241 erat
1152 2205 1375 2252 glorificatus.-
1407 2215 1441 2241 et
1471 2206 1565 2241 hanc
1588 2207 1698 2242 ratio-

125 2272 215 2298 nem
234 2259 426 2298 manif-ue
446 2261 609 2308 assignat
626 2259 827 2307 Apostolus
848 2259 892 2294 ad
915 2259 1071 2294 Roman.
1094 2260 1139 2301 8.,
1157 2259 1218 2294 ubi
1237 2268 1430 2307 postquam
1450 2261 1697 2307 praemiserat,

125 2315 173 2352 de
197 2314 280 2363 lege
304 2315 450 2363 spiritus
475 2315 584 2357 vitae,
613 2313 816 2360 subjungit:
847 2313 938 2348 Deus
963 2313 1088 2349 Filium
1114 2325 1209 2348 suum
1238 2315 1365 2348 minens
1387 2315 1420 2348 in
1446 2313 1696 2349 simulitudinem

126 2369 240 2407 caru&
254 2370 394 2418 peccati,
407 2368 586 2416 &peccato
604 2367 782 2402 damnavit
795 2372 969 2415 peccatum
986 2368 1019 2401 in
1034 2379 1145 2410 carne,
1161 2373 1196 2402 ut
1204 2368 1398 2414 justificatio
1413 2368 1489 2413 legis
1508 2368 1699 2415 impleretur

125 2423 164 2460 ἱιι
186 2423 294 2459 nobis.
310 2421 463 2459 Saouenda
481 2422 575 2458 ratio
595 2430 714 2469 potest
736 2421 910 2466 assignari
932 2432 974 2456 ex
993 2420 1215 2468 perfectione
1240 2421 1330 2466 legis
1348 2432 1485 2458 novae:
1507 2433 1580 2456 non
1600 2422 1697 2457 enim

127 2475 263 2526 aliquid
288 2476 333 2512 ad
362 2475 563 2524 perfectum
592 2475 780 2511 adducitur
809 2475 929 2510 statim
961 2486 979 2509 a
1010 2475 1200 2522 principio,
1229 2475 1291 2510 scd
1313 2475 1473 2522 quodam
1504 2476 1698 2523 temporali

126 2530 372 2568 successionis
393 2530 541 2566 ordine:
563 2530 656 2566 sicut
678 2529 807 2577 aliquis
828 2529 925 2577 prius
947 2528 985 2564 fit
1006 2540 1106 2576 puer,
1128 2538 1163 2564 et
1183 2529 1419 2577 postmodum
1442 2529 1514 2563 vir:
1542 2538 1577 2564 et
1602 2529 1697 2565 hanc

126 2584 309 2622 rationem
322 2584 482 2632 assignat
494 2583 698 2632 Apostolus
714 2583 757 2618 ad
773 2582 893 2619 Galat.
913 2594 961 2630 3.:
979 2584 1047 2619 Lex
1056 2583 1263 2631 paedagogus
1285 2588 1392 2618 nost-r
1405 2583 1479 2629 suu
1497 2584 1530 2618 in
1552 2583 1698 2626 Christo,

126 2644 167 2676 ul
182 2650 226 2676 ιτ
239 2636 304 2685 fide
323 2639 566 2686 justificemur:
587 2643 624 2673 at
653 2639 710 2672 uhu·
739 2639 830 2672 venit
846 2637 929 2684 fides
946 2639 1018 2684 jam
1047 2649 1112 2672 non
1138 2649 1247 2672 sumus
1278 2638 1335 2672 sub
1351 2636 1552 2684 paedagogo.
1587 2638 1698 2673 Tertia

129 2692 223 2729 ratio
242 2691 398 2728 sumitur
418 2703 462 2728 ex
477 2691 564 2734 hoc,
585 2691 682 2739 quod
705 2690 760 2725 lex
783 2701 878 2726 nova
900 2699 953 2726 cst
974 2690 1029 2725 lex
1052 2692 1206 2735 gratiae;
1228 2699 1262 2725 et
1285 2691 1367 2725 ideo
1386 2690 1504 2737 primo
1526 2692 1699 2738 oportuit,

127 2744 227 2795 quod
246 2744 365 2782 homo
384 2744 647 2794 relinqueretur
668 2744 733 2779 sibi
756 2744 791 2779 in
813 2752 907 2779 statu
928 2744 1058 2780 veteris
1077 2743 1179 2790 legis,
1201 2753 1239 2779 ut
1257 2744 1291 2778 in
1311 2752 1502 2790 peccatum
1522 2744 1699 2787 cadendo,

128 2810 234 2836 suam
253 2797 502 2836 infirmitatem
523 2809 766 2846 cognoscem,
787 2807 1068 2844 recognosceret
1087 2809 1124 2833 se
1143 2798 1256 2843 gratia
1280 2797 1458 2842 indigere:
1477 2805 1512 2832 et
1528 2798 1621 2833 hanc
1645 2809 1699 2833 ra-

128 2852 270 2890 tionem
294 2848 458 2901 &ignat
475 2851 677 2901 Apostolus
703 2851 747 2886 ad
770 2852 877 2887 Rom.
902 2862 931 2897 ς.
957 2852 1101 2887 dicens:
1124 2852 1193 2887 Lex
1209 2853 1425 2894 subintrat-it,
1452 2857 1488 2887 ut
1516 2851 1700 2889 amandaret

128 2906 309 2945 deum.-
330 2906 394 2945 uh'
405 2911 516 2944 anm
532 2906 720 2944 abundavit
738 2904 904 2949 delictum,
922 2905 1208 2955 superabundavit
1226 2911 1257 2942 ct
1278 2907 1403 2953 gratia.
