1907 3198
491 153 715 191 QUAESTIO
750 153 870 184 LVIII.
903 152 1152 184 ARTICULUS
1186 153 1246 183 111.
1574 154 1656 198 403

81 250 156 274 non
177 245 302 274 tenent
322 237 485 272 medium
506 237 543 272 in
566 236 807 283 passionibus,
823 236 885 271 sed
907 236 1094 270 abundant
1113 235 1151 270 in
1173 235 1224 270 eis
1243 235 1452 283 passiones3
1474 247 1548 270 non
1572 247 1661 282 ergo

80 291 301 329 sufficienter
322 292 492 327 dividitur
512 292 624 326 virtus
646 303 710 338 per
731 290 1009 334 intellectuales,
1032 298 1066 325 et
1089 289 1259 325 morales.

155 358 184 394 3.
205 346 444 382 PRAETEREA.
467 346 585 388 Fides,
601 357 694 392 spes,
710 354 745 380 et
763 345 922 381 charitas
941 344 1123 392 quaedam
1146 344 1295 379 virtutes
1318 353 1419 380 sunt:
1442 355 1517 379 non
1536 352 1661 379 tamen

79 408 162 437 sunt
181 401 331 436 virtutes
357 399 642 436 intellectuales:
670 400 740 434 hae
767 400 865 434 enim
888 399 1009 434 solum
1038 407 1120 434 sunt
1141 400 1296 445 quinque,
1325 398 1484 434 scilicet:
1511 400 1660 442 scientia,

80 463 114 490 et
133 456 309 503 sapientia,
331 455 521 497 intellectus,
541 454 737 502 prudentia,
761 462 796 489 et
817 466 882 495 ars,
909 461 948 488 ut
970 453 1108 488 dictum
1132 460 1185 488 est
1208 452 1254 499 (q.
1273 464 1324 500 57.
1347 458 1413 488 art.
1436 465 1467 488 2.
1487 465 1515 499 3.
1538 457 1568 488 et
1588 453 1638 498 4.)
1650 466 1660 488 .·

78 521 146 545 nec
168 509 279 544 etiam
301 517 384 544 sunt
404 509 553 544 virtutes
577 508 754 551 morales;
783 509 866 555 quia
893 519 968 542 non
995 515 1078 542 sunt
1105 508 1200 541 circa
1228 507 1429 554 passiones,
1453 507 1549 541 circa
1572 518 1660 554 quas

79 563 238 599 maxime
260 571 314 598 est
334 563 484 598 moralis
510 563 643 606 virtus;
671 573 759 609 ergo
787 563 899 598 virtus
926 573 1000 597 non
1027 560 1248 596 sufficienter
1274 561 1445 596 dividitur
1471 572 1534 608 per
1560 560 1662 596 intel-

77 616 264 660 lectuales,
287 625 323 652 et
344 616 515 652 morales.

150 671 226 707 SED
254 682 411 707 CONTRA
439 679 503 713 est,
530 671 628 718 quod
651 670 789 705 Philos.
817 671 904 705 dicit
925 670 962 705 in
985 680 1016 704 2.
1039 669 1201 705 Ethicor.
1228 671 1316 717 (cap.
1338 683 1366 706 r.
1390 671 1424 704 in
1445 671 1574 717 princ.)
1603 669 1660 705 dic-

74 725 196 774 plicem
218 737 297 761 esse
318 726 506 761 virtutem:
529 726 614 760 hanc
637 725 785 772 quidem
808 724 1106 767 intellectualem,
1131 725 1225 759 illam
1248 732 1371 759 autem
1393 724 1587 759 moralem.

150 779 380 815 RESPONDEO
403 779 610 821 dicendum,
632 778 729 825 quod
752 779 864 813 virtus
886 779 1048 813 humana
1067 786 1120 813 est
1138 778 1287 824 quidam
1305 778 1449 813 habitus
1468 777 1660 826 perficiens

77 834 270 870 hominem
301 834 345 868 ad
374 834 467 869 bene
494 833 738 880 operandum:
770 833 989 879 principium
1018 841 1138 867 autem
1169 832 1419 867 humanorum
1447 840 1596 867 actuum
1622 833 1659 867 in

77 888 229 923 homine
252 899 327 923 non
349 896 404 922 est
422 887 491 922 nisi
511 887 653 934 duplex‚·
676 886 835 922 scilicet:
859 887 1053 929 intellectus,
1077 886 1152 922 sive
1175 887 1279 929 ratio,
1302 895 1337 921 et
1357 888 1544 934 appetitus:
1566 887 1658 921 haec

78 942 175 978 enim
199 950 284 977 sunt
296 941 370 977 duo
384 941 570 976 moventia
590 940 627 975 in
649 940 814 982 homine,
828 948 867 975 ut
881 941 1011 975 dicitur
1026 942 1061 975 in
1080 952 1108 988 3.
1125 940 1169 976 de
1189 941 1326 975 Anima
1339 941 1420 986 (tex.
1439 942 1495 986 48.
1516 946 1544 976 et
1561 942 1657 988 seq),-

78 996 173 1031 unde
195 995 316 1031 omnis
337 996 450 1030 virtus
471 995 632 1029 humana
655 1002 800 1041 oportet
821 995 919 1041 quod
941 995 986 1029 sit
1008 994 1204 1041 perfectiva
1223 994 1376 1041 alicujus
1395 995 1550 1030 istorum
1568 995 1662 1042 prin-

77 1050 278 1097 cipiorum;
300 1049 329 1085 si
350 1049 498 1096 quidem
521 1048 631 1095 igitur
652 1048 697 1082 sit
718 1047 917 1095 perfectiva
944 1048 1152 1084 intellectus
1179 1048 1404 1095 speculativi,
1426 1048 1486 1084 vel
1508 1049 1659 1096 practici

77 1104 123 1139 ad
143 1104 283 1139 bonum
304 1103 465 1138 hominis
492 1110 625 1145 actum,
652 1102 719 1137 erit
744 1102 856 1137 virtus
883 1102 1157 1138 intellectualis:
1185 1103 1216 1137 si
1242 1111 1365 1137 autem
1391 1103 1436 1138 sit
1462 1103 1659 1150 perfectiva

77 1158 294 1205 appetitivae
316 1157 438 1204 partis,
467 1156 533 1191 erit
561 1156 674 1190 virtus
702 1155 872 1199 moralis;
901 1156 996 1191 unde
1021 1156 1246 1203 relinquitur,
1270 1157 1367 1204 quod
1397 1157 1518 1193 omnis
1544 1158 1658 1193 virtus

76 1211 240 1247 humana
260 1210 319 1246 vel
340 1219 394 1246 est
412 1209 679 1252 intellectualis,
702 1209 760 1245 vel
782 1210 944 1245 moralis.

146 1266 208 1301 AD
237 1275 387 1301 PR1MUM
407 1275 494 1311 ergo
525 1264 733 1306 dicendum,
761 1264 859 1311 quod
884 1264 1073 1312 prudentia
1096 1264 1298 1299 secundum
1325 1266 1522 1301 essentiam
1548 1278 1654 1301 suam

77 1327 131 1355 est
151 1318 404 1355 intellectualis
417 1318 546 1354 virtus:
569 1318 632 1353 sed
647 1319 848 1353 secundum
870 1318 1063 1353 materiam
1079 1319 1250 1354 convenit
1267 1331 1351 1354 curn
1373 1320 1564 1356 virtutibus
1580 1332 1656 1355 mo-

76 1373 228 1409 ralibus:
251 1381 305 1408 est
329 1372 427 1408 enim
444 1377 534 1408 recta
554 1374 643 1408 ratio
662 1373 851 1419 agibilffln,
874 1381 912 1407 ut
937 1384 1045 1420 supra
1067 1373 1206 1408 dictum
1228 1381 1282 1408 est
1303 1375 1348 1420 (q.
1367 1385 1418 1421 57.
1442 1379 1506 1410 art.
1529 1375 1594 1420 4.),
1620 1383 1654 1410 et

76 1427 277 1464 secundum
296 1426 368 1462 hoc
388 1426 581 1462 virtutibus
604 1426 802 1461 moralibus
821 1435 1117 1462 connumeratur.

148 1482 208 1517 AD
225 1491 433 1518 SECUNDUM
454 1481 662 1524 dicendum,
681 1481 778 1528 quod
795 1481 1032 1524 continentia,
1052 1489 1087 1516 et
1103 1482 1372 1528 perseverantia
1390 1494 1465 1517 non
1480 1491 1565 1518 sunt
1579 1495 1655 1530 pcr-

75 1534 251 1571 fectiones
266 1535 454 1582 appetivae
475 1535 616 1570 virtutis
634 1536 840 1578 sensitivae,
859 1536 957 1582 quod
976 1548 1018 1570 ex
1037 1536 1109 1571 hoc
1130 1544 1241 1583 patet,
1261 1537 1359 1584 quod
1374 1537 1410 1571 in
1434 1538 1656 1582 continente,

75 1597 111 1625 et
126 1597 379 1637 perseverante
397 1590 691 1636 superabundant
704 1590 931 1624 inordinatae
946 1590 1155 1636 passiones3
1172 1591 1269 1637 quod
1289 1603 1364 1625 non
1384 1600 1490 1634 esset,
1505 1593 1532 1627 si
1549 1604 1655 1640 appe-

72 1643 158 1679 titus
178 1643 371 1678 sensitivus
394 1651 488 1679 esset
509 1643 688 1691 perfectus
712 1643 834 1690 aliquo
857 1644 981 1678 habitu
1005 1643 1260 1679 conformante
1288 1645 1408 1692 ipsum
1430 1646 1580 1680 rationi:
1601 1655 1656 1681 est

73 1705 196 1732 autem
218 1697 454 1740 continentia,
472 1709 534 1732 seu
551 1698 819 1745 perseverantia
838 1697 1012 1744 perfectio
1035 1698 1222 1733 rationalis
1242 1700 1364 1745 partis,
1383 1711 1476 1746 quae
1499 1712 1536 1735 se
1555 1708 1657 1735 tenet

74 1759 202 1787 contra
223 1751 424 1798 passiones,
445 1764 491 1787 ne
514 1752 731 1787 deducatur:
755 1751 876 1786 deficit
896 1760 1021 1786 tamen
1044 1764 1064 1786 a
1086 1753 1226 1787 ratione
1247 1753 1407 1796 virtutis;
1431 1754 1514 1800 quia
1543 1755 1654 1790 virtus

71 1805 305 1848 intellectiva,
327 1817 419 1853 quae
441 1805 528 1840 facit
549 1806 728 1841 rationem
751 1817 788 1841 se
815 1806 907 1840 bene
929 1806 1063 1841 habere
1086 1807 1182 1841 circa
1204 1807 1371 1849 moralia,
1391 1809 1653 1855 praesupponit

71 1860 271 1907 appetitum
294 1868 434 1894 rectum
449 1859 542 1902 finis,
565 1868 602 1894 ut
621 1869 717 1895 recte
739 1871 777 1894 se
800 1860 931 1894 habeat
953 1862 1049 1895 circa
1072 1861 1260 1907 principia,
1282 1862 1374 1896 idest
1396 1861 1497 1905 fines,
1516 1874 1559 1897 ex
1578 1863 1652 1910 qui-

70 1913 136 1949 bus
157 1913 394 1949 ratiocinatur
420 1914 518 1961 quod
549 1914 761 1956 continenti,
783 1923 818 1948 et
839 1915 1084 1961 perseveranti
1110 1914 1226 1950 deest:
1250 1927 1368 1962 neque
1396 1917 1507 1951 etiam
1533 1925 1653 1964 potest

73 1978 151 2004 esse
164 1967 323 2016 perfecta
345 1968 522 2015 operatio,
545 1979 636 2015 quae
657 1980 676 2002 a
695 1968 831 2002 duabus
852 1969 1021 2015 potentiis
1041 1969 1216 2016 procedit,
1236 1970 1303 2004 nisi
1324 1978 1474 2017 utraque
1490 1972 1653 2018 potentia

70 2021 277 2069 perficiatur
297 2033 361 2069 per
381 2022 543 2057 debitum
578 2022 761 2056 habitum:
784 2023 877 2057 sicut
898 2034 972 2057 non
1004 2023 1165 2070 sequitur
1187 2022 1345 2070 perfecta
1381 2025 1476 2060 actio
1500 2025 1652 2072 alicujus

73 2076 211 2123 agentis
233 2087 296 2123 per
316 2076 612 2119 instrumentum,
638 2077 668 2111 si
689 2077 971 2111 instrumentum
993 2088 1069 2111 non
1096 2078 1142 2112 sit
1163 2078 1254 2113 bene
1283 2078 1512 2125 dispositum,
1540 2091 1650 2126 quan-

70 2137 308 2177 tumcumque
324 2129 522 2178 principale
537 2142 647 2178 agens
667 2131 711 2166 sit
729 2129 950 2178 perfectum3
967 2131 1062 2166 unde
1076 2132 1106 2166 si
1124 2132 1303 2179 appetitus
1319 2133 1523 2177 sensitivus,
1540 2146 1651 2181 quern

71 2192 197 2220 movet
216 2184 404 2220 rationalis
425 2196 520 2232 pars,
541 2196 617 2220 non
643 2185 687 2220 sit
710 2184 900 2231 perfectus,
925 2194 1262 2233 quantumcumque
1291 2187 1478 2222 rationalis
1502 2200 1583 2235 pars
1606 2189 1652 2225 sit

70 2237 241 2287 perfecta,
263 2239 359 2274 actio
387 2250 616 2286 consequens
638 2251 713 2274 non
741 2239 808 2274 erit
834 2238 1012 2286 perfecta3
1036 2240 1130 2275 unde
1157 2252 1224 2276 nec
1248 2241 1467 2288 principium
1494 2243 1649 2278 actionis

72 2292 138 2329 erit
157 2292 280 2328 virtus.
303 2292 347 2328 Et
367 2301 514 2340 propter
536 2293 607 2328 hoc
643 2293 867 2328 continentia
891 2305 910 2327 a
932 2293 1247 2337 delectationibus,
1275 2303 1308 2329 et
1336 2298 1604 2342 perseverantia
1631 2309 1651 2332 a

70 2346 221 2392 tristitiis
234 2357 309 2382 non
323 2355 406 2382 sunt
418 2347 580 2390 virtutes,
591 2348 653 2383 sed
669 2347 803 2394 aliquid
826 2347 946 2382 minus
959 2348 1103 2391 virtute,
1118 2356 1157 2383 ut
1172 2348 1308 2384 Philos.
1329 2349 1415 2384 dicit
1433 2350 1469 2384 in
1485 2361 1515 2396 7.
1532 2350 1649 2386 Ethic.

72 2399 161 2449 (cap.
182 2413 211 2436 1.
232 2405 261 2436 et
282 2402 346 2448 9.).

142 2454 203 2490 AD
233 2465 406 2491 TERTIUM
429 2456 637 2498 dicendum,
660 2455 757 2502 quod
779 2455 880 2498 fides,
903 2467 996 2503 speS,
1019 2465 1054 2491 et
1077 2457 1234 2492 charitas
1261 2466 1343 2492 sunt
1365 2470 1474 2505 supra
1501 2459 1650 2494 virtutes

71 2506 275 2553 humana33
307 2517 392 2545 sunt
413 2510 510 2545 enim
544 2510 693 2546 virtutes
727 2510 898 2553 hominis,
922 2519 1030 2558 prout
1064 2519 1117 2546 est
1150 2511 1265 2547 factus
1300 2512 1478 2560 particeps
1507 2513 1649 2548 divinae

73 2570 223 2610 gratiae.
