1907 3198
537 164 760 202 QUAESTIO
794 166 834 197 C.
868 165 1113 196 ARTICULUS
1146 165 1219 195 VII.
1580 166 1660 210 723

102 256 207 297 cepta
227 247 395 295 decalogi
422 248 601 295 pertinent
627 248 670 283 ad
701 247 822 294 legem
853 255 1034 290 veterem;
1057 258 1145 294 ergo
1174 247 1210 282 in
1237 246 1407 282 omnibus
1433 247 1555 282 debuit
1580 248 1666 294 poni

102 301 343 338 comminatio
366 312 518 349 poenae,
541 310 575 337 et
596 312 670 337 non
693 301 812 337 solum
835 301 870 336 in
893 301 1023 348 primo,
1050 308 1085 336 et
1111 300 1285 336 secundo.

175 367 204 402 5.
222 355 459 392 PRAETEREA.
476 355 614 391 Omnia
636 363 828 402 praecepta
849 354 920 389 Dei
941 362 1023 389 sunt
1046 354 1081 389 in
1104 354 1283 389 memoria
1307 354 1509 389 retinenda:
1537 353 1666 389 dicitur

101 408 199 445 enim
220 409 326 445 Ρτον.
352 421 400 456 3.:
421 410 578 444 Describe
604 421 641 444 ea
668 411 701 444 in
723 409 844 445 tabulis
870 408 976 444 cordis
998 410 1067 449 t1ci;
1092 407 1390 442 inconvenienter
1412 419 1500 453 ergo
1523 408 1557 442 in
1586 407 1666 443 solo

99 462 206 499 tertio
224 471 418 511 praecepto
441 462 479 498 fit
501 463 640 498 mentio
667 463 710 498 de
738 462 932 498 memoria:
955 469 988 497 et
1014 461 1062 496 ita
1088 461 1255 496 videntur
1282 470 1472 508 praecepta
1499 461 1666 508 decalogi

99 516 397 552 inconvenienter
416 516 546 551 tradita
568 528 656 551 esse.

170 569 246 606 SED
272 580 428 606 CONTRA
451 578 515 612 est,
537 570 634 617 quod
649 569 778 604 dicitur
794 568 877 616 Sap.
910 579 974 611 11.‚
1007 568 1103 616 quod
1128 569 1218 603 Deus
1232 569 1344 603 omnia
1359 568 1443 615 jecit
1458 569 1491 602 in
1515 580 1665 612 numero,

94 623 253 672 pondere,
271 628 300 659 et
325 635 501 664 mensuum
534 623 649 658 multo
681 623 797 670 magis
825 633 912 669 ergo
940 623 976 657 in
1003 622 1204 669 praeceptis
1232 633 1318 656 suae
1339 621 1430 669 legis
1462 632 1665 668 congruum

99 677 252 713 modum
273 677 437 712 tradendi
460 677 627 712 servavit.

169 730 399 767 RESPONDEO
422 730 629 773 dicendum,
656 729 752 778 quod
769 730 802 764 in
819 729 1020 777 praeceptis
1035 729 1178 764 divinae
1197 727 1287 775 legis
1310 728 1469 763 maxima
1491 728 1666 776 sapientia

99 784 320 828 continetur3
342 784 437 820 unde
459 784 587 820 dicitur
609 785 716 820 Deut.
738 794 790 828 4.:
814 784 907 819 Haec
928 788 971 818 est
991 788 1100 819 vestra
1121 784 1285 830 sap1'ent1'a
1306 787 1336 818 et
1358 782 1537 818 intellectus
1551 794 1665 818 coram

93 838 246 887 populis:
268 838 444 886 sapientia
467 846 588 873 autem
610 847 664 874 est
685 837 810 874 omnia
827 837 948 872 debito
970 837 1095 879 modo,
1109 844 1145 871 et
1159 836 1284 871 ordine
1303 836 1515 883 disponere;
1534 843 1568 871 et
1582 836 1664 871 ideo

98 890 331 928 manifestum
352 903 430 927 esse
452 891 569 935 debet,
590 891 687 939 quod
709 899 901 938 praecepta
922 890 1014 937 legis
1036 889 1268 926 convenienti
1290 889 1402 925 modo
1424 897 1507 925 sunt
1524 889 1665 924 tradita.

167 945 230 982 AD
250 955 402 982 Panum
422 956 510 992 ergo
533 944 740 987 dicendum,
762 944 859 992 quod
881 955 1024 992 semper
1047 944 1090 978 ad
1117 942 1396 978 affirmationem
1424 943 1584 990 sequitur
1609 955 1667 978 ne-

96 998 196 1046 gatio
217 998 394 1047 oppositi:
420 1010 495 1034 non
523 1007 646 1034 autem
676 1009 820 1046 semper
850 997 894 1033 ad
920 998 1157 1045 negationem
1188 997 1291 1032 unius
1322 997 1479 1044 oppositi
1505 998 1665 1044 sequitur

97 1050 290 1088 affirmatio
320 1051 485 1088 alterius:
516 1052 676 1099 sequitur
697 1051 808 1095 enim,
827 1053 856 1087 si
876 1056 919 1088 est
940 1052 1066 1094 album,
1092 1063 1159 1086 non
1185 1056 1230 1087 est
1255 1052 1409 1098 nigrum:
1440 1061 1515 1086 non
1541 1059 1664 1086 tamen

96 1105 310 1153 sequitur‚si
323 1117 388 1141 non
401 1110 444 1142 ast
458 1107 604 1153 nigrum,
618 1117 694 1152 ergo
715 1110 759 1141 est
772 1105 904 1141 album:
927 1105 1012 1153 quia
1034 1104 1077 1140 ad
1100 1104 1202 1152 plura
1224 1116 1302 1140 sese
1327 1104 1487 1140 extendit
1504 1104 1665 1152 negatio,

96 1170 207 1207 quam
229 1158 442 1203 affirmatio;
471 1168 506 1195 et
534 1159 617 1194 inde
640 1166 692 1194 est
715 1159 836 1202 etiam,
859 1159 956 1206 quod
978 1170 1042 1194 non
1069 1154 1129 1194 es'se
1142 1158 1335 1206 jaciendum
1363 1160 1541 1205 injuriam,
1569 1158 1665 1205 quod

99 1212 253 1260 pertinet
273 1213 318 1249 ad
339 1221 532 1261 praecepta
552 1213 734 1260 negativa,
756 1212 800 1248 ad
815 1212 935 1260 plures
949 1224 1122 1260 personas
1145 1224 1182 1248 se
1202 1212 1360 1248 extendit
1375 1212 1578 1247 secundum
1600 1212 1667 1260 pri-

97 1278 199 1302 mum
221 1266 404 1302 dictamen
425 1266 586 1309 rationis,
607 1278 717 1314 quarn
739 1277 816 1302 esse
839 1266 1012 1308 debitum,
1031 1274 1068 1301 ut
1087 1265 1189 1301 alteri
1208 1266 1437 1313 obsequium,
1458 1265 1517 1301 vel
1535 1265 1666 1302 benefi-

99 1320 198 1356 cium
223 1319 463 1368 impendatur.
484 1320 582 1355 Inest
602 1328 724 1355 autem
747 1320 865 1367 primo
887 1320 1068 1354 dictamen
1092 1319 1252 1362 rationis,
1275 1319 1372 1366 quod
1389 1319 1506 1354 homo
1525 1319 1666 1354 debitor

97 1382 151 1410 est
170 1373 350 1418 beneficii,
369 1373 430 1409 vel
450 1373 615 1421 obsequii
638 1373 719 1416 illis,
741 1385 761 1408 a
783 1373 910 1420 quibus
929 1372 1104 1409 beneficia
1124 1373 1276 1420 accepit,
1295 1373 1323 1408 si
1344 1373 1508 1408 nondum
1528 1384 1666 1408 recom-

99 1427 280 1475 pensavit:
301 1427 374 1464 duo
395 1435 479 1463 sunt
499 1435 633 1471 autem,
647 1438 804 1474 quorum
818 1426 1002 1462 beneficiis
1017 1425 1237 1462 sufficienter
1250 1426 1370 1462 nullus
1386 1438 1665 1474 recompensare

99 1489 238 1529 potest;
259 1481 400 1517 scilicet
423 1481 537 1524 Deus,
567 1489 603 1516 et
629 1489 741 1527 pater,
764 1489 800 1516 ut
823 1481 952 1515 dicitur
973 1481 1008 1515 in
1040 1480 1071 1515 8.
1095 1480 1211 1516 Ethic.
1235 1481 1322 1528 (cap.
1351 1481 1408 1516 ult.
1431 1493 1451 1516 a
1478 1481 1601 1527 med.),·
1629 1489 1665 1516 et

95 1535 180 1571 ideo
200 1534 280 1571 sola
300 1535 374 1570 duo
395 1543 588 1583 praecepta
610 1533 825 1570 affirmativa
847 1542 1053 1582 ponuntur;
1073 1546 1186 1568 unum
1209 1534 1252 1569 de
1273 1534 1518 1569 honoratione
1540 1546 1665 1581 paren-

93 1596 192 1633 tum;
213 1587 310 1624 aliud
332 1588 375 1624 de
398 1587 641 1624 celebratione
664 1588 812 1624 Sabbati
833 1588 869 1623 in
892 1588 1288 1623 commemorationem
1311 1587 1422 1622 divini
1447 1587 1624 1623 beneficii.

165 1642 226 1679 AD
254 1652 463 1679 SECUNDUM
489 1641 696 1685 dicendum,
723 1642 820 1689 quod
846 1641 909 1677 illa
935 1651 1127 1690 praecepta
1154 1654 1246 1690 quae
1273 1651 1356 1678 sunt
1382 1654 1469 1690 pure
1496 1642 1663 1686 moralia,

96 1695 231 1732 habent
258 1695 489 1732 manifestam
518 1696 718 1739 rationem3
746 1696 840 1731 unde
869 1707 944 1731 non
967 1696 1137 1743 oportuit,
1167 1697 1264 1743 quod
1287 1696 1323 1730 in
1346 1696 1397 1731 eis
1424 1695 1543 1743 aliqua
1571 1697 1662 1732 ratio

95 1749 300 1786 adderetur:
321 1749 384 1785 sed
406 1750 622 1797 quibusdam
651 1750 852 1797 praeceptis
883 1749 1024 1784 additur
1049 1749 1317 1785 caeremoniale
1345 1750 1662 1785 determinativum

93 1803 278 1852 praecepti
300 1803 449 1840 moralis
471 1804 698 1839 communis:
721 1804 814 1839 sicut
834 1804 870 1838 in
892 1803 1011 1851 primo
1035 1815 1248 1851 praecepto:
1272 1805 1349 1839 Non
1368 1805 1477 1852 jacies
1501 1805 1661 1853 sculptile,

93 1866 129 1895 et
147 1858 185 1894 in
205 1858 313 1894 tertio
334 1866 530 1906 praecepto
548 1857 807 1894 determinatur
835 1858 910 1893 dies
941 1857 1108 1901 Sabbati3
1130 1866 1165 1893 et
1186 1858 1268 1893 idco
1288 1858 1479 1905 utrobique
1501 1858 1663 1905 oportuit

93 1911 273 1948 rationem
294 1911 480 1960 assignari.

164 1966 226 2003 AD
249 1976 423 2003 TERTIUM
437 1965 646 2009 dicendum,
660 1965 757 2013 quod
768 1965 938 2001 homines
953 1973 991 2000 ut
1005 1965 1202 2013 plurimum
1219 1974 1319 2001 actus
1334 1977 1420 2001 suos
1435 1965 1479 2000 ad
1501 1965 1660 2013 aliquam

91 2020 284 2058 utilitatem
294 2020 480 2064 ordinant;
493 2028 528 2056 et
541 2020 624 2056 ideo
640 2022 675 2055 in
687 2020 756 2055 illis
767 2019 966 2067 praeceptis
980 2031 1128 2055 necesse
1139 2018 1205 2054 fuit
1216 2019 1498 2067 promissionem
1509 2020 1661 2066 praemii

92 2085 290 2124 apponere,
303 2085 346 2110 ex
360 2074 489 2122 quibus
509 2074 696 2110 videbatur
715 2073 814 2109 nulla
836 2073 969 2108 utilitas
983 2073 1096 2120 sequi,
1111 2072 1168 2108 vel
1184 2072 1303 2120 aliqua
1327 2073 1460 2108 utilitas
1474 2073 1660 2121 impediri;

94 2128 178 2177 quia
198 2138 287 2164 vero
309 2136 475 2176 parentes
496 2135 578 2163 sunt
599 2128 672 2174 jam
700 2127 735 2162 in
759 2127 974 2168 recedendo,
997 2127 1039 2161 ab
1063 2126 1114 2162 eis
1136 2137 1210 2161 non
1233 2135 1440 2173 expectatur
1459 2126 1604 2169 utilitas,
1627 2135 1660 2162 et

90 2182 174 2218 ideo
194 2190 388 2231 praecepto
415 2181 460 2217 de
491 2181 635 2217 honore
665 2189 856 2229 parentum
887 2180 1028 2215 additur
1054 2180 1267 2227 promissio:
1296 2180 1462 2216 similiter
1490 2180 1598 2216 etiam
1624 2181 1659 2215 in

89 2234 284 2284 praecepto
296 2235 342 2271 de
355 2234 601 2283 prohibitione
623 2233 872 2277 idololatriae3
895 2233 978 2281 quia
993 2245 1056 2281 per
1069 2234 1140 2269 hoc
1163 2234 1351 2269 videbatur
1372 2234 1540 2281 impediri
1556 2245 1661 2281 appa-

91 2299 172 2326 rens
194 2287 341 2332 utilitas,
363 2299 474 2337 quam
494 2288 664 2324 homines
687 2288 837 2324 credunt
857 2299 894 2323 se
917 2298 1023 2335 posse
1046 2287 1220 2335 consequi
1236 2299 1298 2335 per
1316 2296 1462 2335 pactum
1479 2299 1562 2323 cum
1581 2288 1660 2323 dac-

93 2341 265 2379 monibus
284 2341 426 2378 initum.

159 2396 221 2432 An
242 2406 431 2437 QUARTUM
452 2395 660 2439 dicendum,
682 2395 778 2443 quod
802 2406 941 2443 poenae
964 2395 1157 2456 praecipue
1179 2395 1405 2430 necessariae
1424 2403 1506 2430 sunt
1533 2403 1658 2430 contra

51 2468 58 2473 ν
91 2448 187 2493 illos,
208 2449 270 2497 qui
290 2457 373 2486 sunt
393 2449 498 2497 proni
520 2449 564 2484 ad
587 2448 737 2491 malum,
760 2457 797 2484 ut
819 2448 977 2484 dicitur
969 2460 1005 2483 in
1032 2460 1082 2484 10.
1106 2449 1267 2484 Ethicor.
1289 2451 1377 2496 (cth
1399 2449 1492 2493 ultff)
1516 2457 1550 2484 et
1576 2449 1658 2484 ideo

89 2501 161 2540 illis
182 2502 272 2539 solis
289 2503 490 2551 praeceptis
511 2502 603 2549 legis
625 2503 766 2538 additur
785 2502 1024 2537 comminatio
1040 2514 1255 2550 poenarum,
1275 2503 1309 2536 in
1333 2503 1461 2549 quibus
1484 2511 1560 2538 erat
1582 2514 1659 2550 pro-

87 2556 181 2593 nitas
202 2556 247 2592 ad
268 2555 427 2592 malum:
449 2565 551 2592 erant
573 2565 694 2592 autem
718 2556 886 2591 homines
910 2556 1013 2603 proni
1031 2556 1073 2591 ad
1090 2555 1337 2591 idololatriam
1353 2565 1534 2603 propter
1515 2568 1660 2591 ‘veneri

91 2610 165 2647 lem
192 2610 494 2646 consuetudinem
516 2610 696 2657 gentium:
720 2618 754 2645 et
777 2609 941 2645 similiter
962 2618 1044 2645 sunt
1065 2610 1176 2645 etiam
1203 2610 1373 2645 homines
1401 2610 1504 2657 proni
1522 2610 1564 2644 ad
1585 2622 1659 2656 per-

87 2664 219 2711 jurium
240 2672 387 2711 propter
407 2662 647 2711 frequentiam
674 2663 889 2710 juramenti;
917 2672 953 2699 et
972 2663 1056 2699 ideo
1079 2664 1203 2711 primis
1231 2664 1371 2699 duobus
1387 2665 1586 2711 praeceptis
1602 2664 1658 2698 ad-

86 2718 246 2766 jungitur
260 2717 512 2753 comminatio.

157 2770 218 2807 AD
235 2781 416 2812 QUmTUM
438 2770 646 2813 dicendum,
669 2770 765 2817 quod
789 2779 1022 2819 praeceptum
1045 2771 1088 2806 de
1105 2771 1264 2806 Sabbato
1282 2771 1427 2818 ponitur
1443 2779 1479 2805 ut
1498 2782 1658 2806 comme-

87 2824 308 2860 morativum
329 2823 495 2860 beneficii
517 2824 720 2872 praete-rim
742 2832 777 2859 et
799 2824 880 2859 idco
902 2824 1106 2872 specialiter
1129 2824 1163 2858 in
1183 2836 1228 2859 eo
1249 2823 1285 2859 lit
1301 2825 1439 2859 mentio
1462 2825 1504 2859 de
1521 2835 1657 2860 memo-

88 2876 158 2914 ria:
179 2876 237 2914 vel
253 2878 338 2926 quia
355 2886 589 2926 praeceptum
605 2878 647 2914 de
663 2877 822 2913 Sabbato
841 2878 949 2913 habet
967 2878 1308 2914 determinationem
1329 2878 1548 2924 adjunctam,
1564 2890 1655 2925 quae
