<?xml version="1.0" encoding="UTF-8"?>
<!DOCTYPE html PUBLIC "-//W3C//DTD XHTML 1.0 Transitional//EN"
    "http://www.w3.org/TR/xhtml1/DTD/xhtml1-transitional.dtd">
<html xmlns="http://www.w3.org/1999/xhtml" xml:lang="en" lang="en">
 <head>
  <title>
</title>
<meta http-equiv="Content-Type" content="text/html;charset=utf-8" />
  <meta name='ocr-system' content='tesseract 3.04.00' />
  <meta name='ocr-capabilities' content='ocr_page ocr_carea ocr_par ocr_line ocrx_word'/>
</head>
<body>
  <div class='ocr_page' id='page_1' title='image "./divithomaeaquina02thomuoft_0236.png"; bbox 0 0 1907 3182; ppageno 0'>
   <div class='ocr_carea' id='block_1_1' title="bbox 259 183 1404 234">
    <p class='ocr_par' dir='ltr' id='par_1_1' title="bbox 259 183 1404 234">
     <span class='ocr_line' id='line_1_1' title="bbox 259 183 1404 234; baseline -0.007 -14"><span class='ocrx_word' id='word_1_1' title='bbox 259 191 342 234; x_wconf 72' lang='grc'><strong>232</strong></span> <span class='ocrx_word' id='word_1_2' title='bbox 678 186 899 223; x_wconf 87' lang='lat' dir='ltr'><strong>QUAESTIO</strong></span> <span class='ocrx_word' id='word_1_3' title='bbox 934 185 1035 215; x_wconf 85' lang='lat' dir='ltr'><strong>XXX.</strong></span> <span class='ocrx_word' id='word_1_4' title='bbox 1070 183 1314 214; x_wconf 89' lang='lat' dir='ltr'>ARTICULUS</span> <span class='ocrx_word' id='word_1_5' title='bbox 1347 183 1404 213; x_wconf 88' lang='lat' dir='ltr'><strong>IV.</strong></span> 
     </span>
    </p>
   </div>
   <div class='ocr_carea' id='block_1_2' title="bbox 246 264 1822 2349">
    <p class='ocr_par' dir='ltr' id='par_1_2' title="bbox 251 264 1822 1275">
     <span class='ocr_line' id='line_1_2' title="bbox 329 264 1821 315; baseline -0.005 -8"><span class='ocrx_word' id='word_1_6' title='bbox 329 273 558 307; x_wconf 78' lang='lat' dir='ltr'>RESPONDEO</span> <span class='ocrx_word' id='word_1_7' title='bbox 580 269 785 311; x_wconf 90' lang='lat' dir='ltr'><strong>dicendum,</strong></span> <span class='ocrx_word' id='word_1_8' title='bbox 807 268 916 315; x_wconf 87' lang='lat' dir='ltr'><strong>quod,</strong></span> <span class='ocrx_word' id='word_1_9' title='bbox 934 269 1024 302; x_wconf 85' lang='lat' dir='ltr'><strong>sicut</strong></span> <span class='ocrx_word' id='word_1_10' title='bbox 1047 267 1182 301; x_wconf 86' lang='lat' dir='ltr'><strong>dictum</strong></span> <span class='ocrx_word' id='word_1_11' title='bbox 1205 273 1256 300; x_wconf 89' lang='lat' dir='ltr'><strong>est</strong></span> <span class='ocrx_word' id='word_1_12' title='bbox 1279 266 1358 311; x_wconf 82' lang='lat' dir='ltr'><strong>(art.</strong></span> <span class='ocrx_word' id='word_1_13' title='bbox 1375 264 1644 312; x_wconf 69' lang='lat' dir='ltr'><strong>praec.),dchlex</strong></span> <span class='ocrx_word' id='word_1_14' title='bbox 1665 273 1718 300; x_wconf 88' lang='lat' dir='ltr'><strong>est</strong></span> <span class='ocrx_word' id='word_1_15' title='bbox 1739 276 1821 300; x_wconf 89' lang='lat' dir='ltr'><strong>con-</strong></span> 
     </span>
     <span class='ocr_line' id='line_1_3' title="bbox 258 318 1822 372; baseline -0.005 -12"><span class='ocrx_word' id='word_1_16' title='bbox 258 325 494 372; x_wconf 87' lang='lat' dir='ltr'><strong>cupiscentia:</strong></span> <span class='ocrx_word' id='word_1_17' title='bbox 517 335 584 359; x_wconf 79' lang='lat' dir='ltr'><strong>una</strong></span> <span class='ocrx_word' id='word_1_18' title='bbox 607 323 792 364; x_wconf 85' lang='lat' dir='ltr'><strong>naturalis,</strong></span> <span class='ocrx_word' id='word_1_19' title='bbox 821 330 855 357; x_wconf 89' lang='lat' dir='ltr'><strong>et</strong></span> <span class='ocrx_word' id='word_1_20' title='bbox 876 322 945 356; x_wconf 80' lang='lat' dir='ltr'><strong>alia</strong></span> <span class='ocrx_word' id='word_1_21' title='bbox 970 332 1045 355; x_wconf 92' lang='lat' dir='ltr'><strong>non</strong></span> <span class='ocrx_word' id='word_1_22' title='bbox 1066 319 1249 354; x_wconf 78' lang='lat' dir='ltr'><strong>naturalis,</strong></span> <span class='ocrx_word' id='word_1_23' title='bbox 1276 318 1457 353; x_wconf 90' lang='lat' dir='ltr'><strong>Naturalis</strong></span> <span class='ocrx_word' id='word_1_24' title='bbox 1480 319 1626 365; x_wconf 91' lang='lat' dir='ltr'><strong>quidem</strong></span> <span class='ocrx_word' id='word_1_25' title='bbox 1654 319 1822 366; x_wconf 88' lang='lat' dir='ltr'><strong>concupi-</strong></span> 
     </span>
     <span class='ocr_line' id='line_1_4' title="bbox 256 372 1819 424; baseline -0.005 -11"><span class='ocrx_word' id='word_1_26' title='bbox 256 379 392 413; x_wconf 82' lang='lat' dir='ltr'>scentia</span> <span class='ocrx_word' id='word_1_27' title='bbox 414 390 487 412; x_wconf 88' lang='lat' dir='ltr'><strong>non</strong></span> <span class='ocrx_word' id='word_1_28' title='bbox 509 385 627 424; x_wconf 88' lang='lat' dir='ltr'><strong>potest</strong></span> <span class='ocrx_word' id='word_1_29' title='bbox 648 388 724 411; x_wconf 87' lang='lat' dir='ltr'><strong>esse</strong></span> <span class='ocrx_word' id='word_1_30' title='bbox 746 375 884 410; x_wconf 84' lang='lat' dir='ltr'><strong>infinita</strong></span> <span class='ocrx_word' id='word_1_31' title='bbox 902 375 938 408; x_wconf 85' lang='lat' dir='ltr'><strong>in</strong></span> <span class='ocrx_word' id='word_1_32' title='bbox 961 382 1061 408; x_wconf 88' lang='lat' dir='ltr'><strong>actu:</strong></span> <span class='ocrx_word' id='word_1_33' title='bbox 1086 381 1139 407; x_wconf 88' lang='lat' dir='ltr'><strong>est</strong></span> <span class='ocrx_word' id='word_1_34' title='bbox 1161 373 1258 406; x_wconf 88' lang='lat' dir='ltr'><strong>enim</strong></span> <span class='ocrx_word' id='word_1_35' title='bbox 1281 373 1367 418; x_wconf 86' lang='lat' dir='ltr'><strong>ejus,</strong></span> <span class='ocrx_word' id='word_1_36' title='bbox 1390 372 1487 418; x_wconf 89' lang='lat' dir='ltr'><strong>quod</strong></span> <span class='ocrx_word' id='word_1_37' title='bbox 1507 379 1634 406; x_wconf 86' lang='lat' dir='ltr'><strong>natura</strong></span> <span class='ocrx_word' id='word_1_38' title='bbox 1655 372 1819 418; x_wconf 78' lang='lat' dir='ltr'>requirit:</span> 
     </span>
     <span class='ocr_line' id='line_1_5' title="bbox 256 426 1820 476; baseline -0.004 -10"><span class='ocrx_word' id='word_1_39' title='bbox 256 440 383 466; x_wconf 88' lang='lat' dir='ltr'><strong>natura</strong></span> <span class='ocrx_word' id='word_1_40' title='bbox 404 443 490 466; x_wconf 86' lang='lat' dir='ltr'><strong>vero</strong></span> <span class='ocrx_word' id='word_1_41' title='bbox 518 442 662 476; x_wconf 80' lang='lat' dir='ltr'><strong>semper</strong></span> <span class='ocrx_word' id='word_1_42' title='bbox 683 429 835 463; x_wconf 79' lang='lat' dir='ltr'>intendit</span> <span class='ocrx_word' id='word_1_43' title='bbox 855 428 892 462; x_wconf 88' lang='lat' dir='ltr'><strong>in</strong></span> <span class='ocrx_word' id='word_1_44' title='bbox 914 427 1047 473; x_wconf 86' lang='lat' dir='ltr'><strong>aliquid</strong></span> <span class='ocrx_word' id='word_1_45' title='bbox 1070 426 1222 467; x_wconf 87' lang='lat' dir='ltr'><strong>finitum,</strong></span> <span class='ocrx_word' id='word_1_46' title='bbox 1246 434 1279 460; x_wconf 89' lang='lat' dir='ltr'><strong>et</strong></span> <span class='ocrx_word' id='word_1_47' title='bbox 1306 433 1461 467; x_wconf 82' lang='lat' dir='ltr'><strong>certum3</strong></span> <span class='ocrx_word' id='word_1_48' title='bbox 1492 426 1586 460; x_wconf 90' lang='lat' dir='ltr'><strong>unde</strong></span> <span class='ocrx_word' id='word_1_49' title='bbox 1619 437 1820 471; x_wconf 86' lang='lat' dir='ltr'><strong>numquam</strong></span> 
     </span>
     <span class='ocr_line' id='line_1_6' title="bbox 256 478 1821 530; baseline -0.005 -10"><span class='ocrx_word' id='word_1_50' title='bbox 256 486 370 520; x_wconf 88' lang='lat' dir='ltr'><strong>homo</strong></span> <span class='ocrx_word' id='word_1_51' title='bbox 393 484 615 530; x_wconf 78' lang='lat' dir='ltr'>concupiscit</span> <span class='ocrx_word' id='word_1_52' title='bbox 637 483 817 517; x_wconf 89' lang='lat' dir='ltr'><strong>infinitum</strong></span> <span class='ocrx_word' id='word_1_53' title='bbox 840 481 972 522; x_wconf 86' lang='lat' dir='ltr'><strong>cibum,</strong></span> <span class='ocrx_word' id='word_1_54' title='bbox 994 479 1053 514; x_wconf 86' lang='lat' dir='ltr'><strong>vel</strong></span> <span class='ocrx_word' id='word_1_55' title='bbox 1074 479 1255 513; x_wconf 86' lang='lat' dir='ltr'><strong>infinitum</strong></span> <span class='ocrx_word' id='word_1_56' title='bbox 1277 486 1421 524; x_wconf 87' lang='lat' dir='ltr'><strong>potum:</strong></span> <span class='ocrx_word' id='word_1_57' title='bbox 1445 478 1507 512; x_wconf 90' lang='lat' dir='ltr'><strong>sed</strong></span> <span class='ocrx_word' id='word_1_58' title='bbox 1525 480 1615 513; x_wconf 88' lang='lat' dir='ltr'><strong>sicut</strong></span> <span class='ocrx_word' id='word_1_59' title='bbox 1636 479 1672 513; x_wconf 92' lang='lat' dir='ltr'><strong>in</strong></span> <span class='ocrx_word' id='word_1_60' title='bbox 1694 487 1821 513; x_wconf 89' lang='lat' dir='ltr'><strong>natura</strong></span> 
     </span>
     <span class='ocr_line' id='line_1_7' title="bbox 256 532 1821 584; baseline -0.004 -11"><span class='ocrx_word' id='word_1_61' title='bbox 256 539 432 584; x_wconf 88' lang='lat' dir='ltr'><strong>contingit</strong></span> <span class='ocrx_word' id='word_1_62' title='bbox 451 549 528 572; x_wconf 91' lang='lat' dir='ltr'><strong>esse</strong></span> <span class='ocrx_word' id='word_1_63' title='bbox 551 536 730 571; x_wconf 88' lang='lat' dir='ltr'><strong>infinitum</strong></span> <span class='ocrx_word' id='word_1_64' title='bbox 751 535 787 569; x_wconf 90' lang='lat' dir='ltr'><strong>in</strong></span> <span class='ocrx_word' id='word_1_65' title='bbox 809 534 971 581; x_wconf 85' lang='lat' dir='ltr'><strong>potentia</strong></span> <span class='ocrx_word' id='word_1_66' title='bbox 993 545 1055 579; x_wconf 90' lang='lat' dir='ltr'><strong>per</strong></span> <span class='ocrx_word' id='word_1_67' title='bbox 1077 532 1366 567; x_wconf 75' lang='lat' dir='ltr'><strong>successionem:</strong></span> <span class='ocrx_word' id='word_1_68' title='bbox 1394 532 1442 566; x_wconf 88' lang='lat' dir='ltr'><strong>ita</strong></span> <span class='ocrx_word' id='word_1_69' title='bbox 1459 532 1669 578; x_wconf 82' lang='lat' dir='ltr'><strong>hujusmodi</strong></span> <span class='ocrx_word' id='word_1_70' title='bbox 1691 543 1821 567; x_wconf 88' lang='lat' dir='ltr'><strong>concu-</strong></span> 
     </span>
     <span class='ocr_line' id='line_1_8' title="bbox 254 584 1818 638; baseline -0.004 -11"><span class='ocrx_word' id='word_1_71' title='bbox 254 592 467 638; x_wconf 84' lang='lat' dir='ltr'><strong>piscentiam</strong></span> <span class='ocrx_word' id='word_1_72' title='bbox 478 590 655 635; x_wconf 86' lang='lat' dir='ltr'><strong>contingit</strong></span> <span class='ocrx_word' id='word_1_73' title='bbox 666 589 843 623; x_wconf 85' lang='lat' dir='ltr'><strong>infinitam</strong></span> <span class='ocrx_word' id='word_1_74' title='bbox 859 598 936 621; x_wconf 88' lang='lat' dir='ltr'><strong>esse</strong></span> <span class='ocrx_word' id='word_1_75' title='bbox 955 598 1017 633; x_wconf 89' lang='lat' dir='ltr'><strong>per</strong></span> <span class='ocrx_word' id='word_1_76' title='bbox 1039 586 1309 620; x_wconf 79' lang='lat' dir='ltr'><strong>successionem</strong></span> <span class='ocrx_word' id='word_1_77' title='bbox 1322 598 1329 627; x_wconf 84' lang='lat'><em>3</em></span> <span class='ocrx_word' id='word_1_78' title='bbox 1344 593 1382 619; x_wconf 87' lang='lat' dir='ltr'><strong>ut</strong></span> <span class='ocrx_word' id='word_1_79' title='bbox 1392 584 1529 619; x_wconf 92' lang='lat' dir='ltr'><strong>scilicet</strong></span> <span class='ocrx_word' id='word_1_80' title='bbox 1547 593 1628 631; x_wconf 87' lang='lat' dir='ltr'><strong>post</strong></span> <span class='ocrx_word' id='word_1_81' title='bbox 1649 585 1818 632; x_wconf 88' lang='lat' dir='ltr'><strong>adeptum</strong></span> 
     </span>
     <span class='ocr_line' id='line_1_9' title="bbox 255 638 1819 686; baseline -0.004 -6"><span class='ocrx_word' id='word_1_82' title='bbox 255 647 376 680; x_wconf 88' lang='lat' dir='ltr'><strong>cibum</strong></span> <span class='ocrx_word' id='word_1_83' title='bbox 398 646 527 680; x_wconf 89' lang='lat' dir='ltr'><strong>iterum</strong></span> <span class='ocrx_word' id='word_1_84' title='bbox 550 644 619 678; x_wconf 87' lang='lat' dir='ltr'><strong>alia</strong></span> <span class='ocrx_word' id='word_1_85' title='bbox 640 643 719 676; x_wconf 87' lang='lat' dir='ltr'><strong>vice</strong></span> <span class='ocrx_word' id='word_1_86' title='bbox 742 642 920 676; x_wconf 76' lang='lat' dir='ltr'><strong>desideret</strong></span> <span class='ocrx_word' id='word_1_87' title='bbox 942 642 1074 682; x_wconf 87' lang='lat' dir='ltr'><strong>cibum,</strong></span> <span class='ocrx_word' id='word_1_88' title='bbox 1096 639 1155 674; x_wconf 85' lang='lat' dir='ltr'><strong>vel</strong></span> <span class='ocrx_word' id='word_1_89' title='bbox 1177 639 1433 686; x_wconf 86' lang='lat' dir='ltr'><strong>quodcumque</strong></span> <span class='ocrx_word' id='word_1_90' title='bbox 1456 638 1562 683; x_wconf 82' lang='lat' dir='ltr'><strong>aliud,</strong></span> <span class='ocrx_word' id='word_1_91' title='bbox 1577 639 1673 686; x_wconf 89' lang='lat' dir='ltr'><strong>quod</strong></span> <span class='ocrx_word' id='word_1_92' title='bbox 1692 647 1819 674; x_wconf 88' lang='lat' dir='ltr'><strong>natura</strong></span> 
     </span>
     <span class='ocr_line' id='line_1_10' title="bbox 255 693 1821 745; baseline -0.004 -12"><span class='ocrx_word' id='word_1_93' title='bbox 255 700 417 745; x_wconf 86' lang='lat' dir='ltr'><strong>requirit:</strong></span> <span class='ocrx_word' id='word_1_94' title='bbox 441 699 523 744; x_wconf 77' lang='lat' dir='ltr'><strong>quia</strong></span> <span class='ocrx_word' id='word_1_95' title='bbox 546 696 752 743; x_wconf 83' lang='lat' dir='ltr'><strong>hujusmodi</strong></span> <span class='ocrx_word' id='word_1_96' title='bbox 777 694 981 741; x_wconf 83' lang='lat' dir='ltr'><strong>corporalia</strong></span> <span class='ocrx_word' id='word_1_97' title='bbox 1002 694 1110 735; x_wconf 87' lang='lat' dir='ltr'><strong>bona,</strong></span> <span class='ocrx_word' id='word_1_98' title='bbox 1134 705 1217 727; x_wconf 90' lang='lat' dir='ltr'><strong>cum</strong></span> <span class='ocrx_word' id='word_1_99' title='bbox 1240 693 1445 735; x_wconf 84' lang='lat' dir='ltr'><strong>adveniunt,</strong></span> <span class='ocrx_word' id='word_1_100' title='bbox 1457 704 1531 727; x_wconf 90' lang='lat' dir='ltr'><strong>non</strong></span> <span class='ocrx_word' id='word_1_101' title='bbox 1552 701 1725 740; x_wconf 89' lang='lat' dir='ltr'><strong>perpetuo</strong></span> <span class='ocrx_word' id='word_1_102' title='bbox 1748 705 1821 727; x_wconf 90' lang='lat' dir='ltr'><strong>ma-</strong></span> 
     </span>
     <span class='ocr_line' id='line_1_11' title="bbox 254 746 1821 794; baseline -0.004 -7"><span class='ocrx_word' id='word_1_103' title='bbox 254 761 350 794; x_wconf 82' lang='lat' dir='ltr'><strong>nent,</strong></span> <span class='ocrx_word' id='word_1_104' title='bbox 372 752 434 787; x_wconf 89' lang='lat' dir='ltr'><strong>sed</strong></span> <span class='ocrx_word' id='word_1_105' title='bbox 457 751 643 792; x_wconf 69' lang='lat' dir='ltr'><strong>deficiunt,</strong></span> <span class='ocrx_word' id='word_1_106' title='bbox 666 749 759 783; x_wconf 89' lang='lat' dir='ltr'><strong>unde</strong></span> <span class='ocrx_word' id='word_1_107' title='bbox 783 749 869 782; x_wconf 73' lang='lat' dir='ltr'><strong>dixit</strong></span> <span class='ocrx_word' id='word_1_108' title='bbox 890 747 1072 782; x_wconf 84' lang='lat' dir='ltr'><strong>Dominus</strong></span> <span class='ocrx_word' id='word_1_109' title='bbox 1096 746 1345 781; x_wconf 79' lang='lat' dir='ltr'><strong>Samaritanae</strong></span> <span class='ocrx_word' id='word_1_110' title='bbox 1374 746 1477 792; x_wconf 87' lang='lat' dir='ltr'><strong>Joan.</strong></span> <span class='ocrx_word' id='word_1_111' title='bbox 1512 755 1564 789; x_wconf 69' lang='lat'><strong>4:</strong></span> <span class='ocrx_word' id='word_1_112' title='bbox 1602 747 1672 791; x_wconf 76' lang='lat' dir='ltr'><strong>Qui</strong></span> <span class='ocrx_word' id='word_1_113' title='bbox 1700 747 1821 782; x_wconf 76' lang='lat' dir='ltr'><strong>biberit</strong></span> 
     </span>
     <span class='ocr_line' id='line_1_12' title="bbox 253 799 1818 851; baseline -0.004 -10"><span class='ocrx_word' id='word_1_114' title='bbox 253 818 291 840; x_wconf 74' lang='lat' dir='ltr'><strong>ex</strong></span> <span class='ocrx_word' id='word_1_115' title='bbox 317 807 377 840; x_wconf 81' lang='lat' dir='ltr'><strong>hac</strong></span> <span class='ocrx_word' id='word_1_116' title='bbox 403 817 502 851; x_wconf 74' lang='lat' dir='ltr'><strong>aqua,</strong></span> <span class='ocrx_word' id='word_1_117' title='bbox 524 805 609 839; x_wconf 73' lang='lat' dir='ltr'><strong>sitiet</strong></span> <span class='ocrx_word' id='word_1_118' title='bbox 629 805 759 837; x_wconf 53' lang='lat' dir='ltr'><strong>iterum.</strong></span> <span class='ocrx_word' id='word_1_119' title='bbox 784 802 855 836; x_wconf 90' lang='lat' dir='ltr'><strong>Sed</strong></span> <span class='ocrx_word' id='word_1_120' title='bbox 882 800 1178 847; x_wconf 88' lang='lat' dir='ltr'><strong>concupiscentia</strong></span> <span class='ocrx_word' id='word_1_121' title='bbox 1199 811 1274 834; x_wconf 92' lang='lat' dir='ltr'><strong>non</strong></span> <span class='ocrx_word' id='word_1_122' title='bbox 1295 799 1467 833; x_wconf 87' lang='lat' dir='ltr'><strong>naturalis</strong></span> <span class='ocrx_word' id='word_1_123' title='bbox 1494 801 1644 834; x_wconf 90' lang='lat' dir='ltr'><strong>omnino</strong></span> <span class='ocrx_word' id='word_1_124' title='bbox 1672 808 1724 834; x_wconf 89' lang='lat' dir='ltr'><strong>est</strong></span> <span class='ocrx_word' id='word_1_125' title='bbox 1744 800 1818 834; x_wconf 92' lang='lat' dir='ltr'><strong>infi-</strong></span> 
     </span>
     <span class='ocr_line' id='line_1_13' title="bbox 253 852 1818 905; baseline -0.004 -11"><span class='ocrx_word' id='word_1_126' title='bbox 253 860 338 901; x_wconf 91' lang='lat' dir='ltr'><strong>nita,</strong></span> <span class='ocrx_word' id='word_1_127' title='bbox 359 859 518 905; x_wconf 87' lang='lat' dir='ltr'><strong>sequitur</strong></span> <span class='ocrx_word' id='word_1_128' title='bbox 536 857 633 892; x_wconf 86' lang='lat' dir='ltr'><strong>enim</strong></span> <span class='ocrx_word' id='word_1_129' title='bbox 654 856 844 897; x_wconf 88' lang='lat' dir='ltr'><strong>rationem,</strong></span> <span class='ocrx_word' id='word_1_130' title='bbox 867 863 904 889; x_wconf 88' lang='lat' dir='ltr'><strong>ut</strong></span> <span class='ocrx_word' id='word_1_131' title='bbox 927 855 1063 889; x_wconf 92' lang='lat' dir='ltr'><strong>dictum</strong></span> <span class='ocrx_word' id='word_1_132' title='bbox 1086 862 1139 888; x_wconf 91' lang='lat' dir='ltr'><strong>est</strong></span> <span class='ocrx_word' id='word_1_133' title='bbox 1157 855 1237 898; x_wconf 77' lang='lat' dir='ltr'><strong>(art.</strong></span> <span class='ocrx_word' id='word_1_134' title='bbox 1252 852 1404 900; x_wconf 73' lang='lat' dir='ltr'><strong>praec.);</strong></span> <span class='ocrx_word' id='word_1_135' title='bbox 1424 852 1555 887; x_wconf 87' lang='lat' dir='ltr'><strong>rationi</strong></span> <span class='ocrx_word' id='word_1_136' title='bbox 1577 860 1698 887; x_wconf 86' lang='lat' dir='ltr'><strong>autem</strong></span> <span class='ocrx_word' id='word_1_137' title='bbox 1721 865 1818 888; x_wconf 89' lang='lat' dir='ltr'><strong>com-</strong></span> 
     </span>
     <span class='ocr_line' id='line_1_14' title="bbox 253 906 1818 959; baseline -0.004 -12"><span class='ocrx_word' id='word_1_138' title='bbox 253 913 340 959; x_wconf 88' lang='lat' dir='ltr'><strong>petit</strong></span> <span class='ocrx_word' id='word_1_139' title='bbox 357 913 392 946; x_wconf 89' lang='lat' dir='ltr'><strong>in</strong></span> <span class='ocrx_word' id='word_1_140' title='bbox 414 911 594 946; x_wconf 88' lang='lat' dir='ltr'><strong>infinitum</strong></span> <span class='ocrx_word' id='word_1_141' title='bbox 616 909 831 956; x_wconf 79' lang='lat' dir='ltr'><strong>procedere3</strong></span> <span class='ocrx_word' id='word_1_142' title='bbox 851 908 945 942; x_wconf 87' lang='lat' dir='ltr'><strong>unde</strong></span> <span class='ocrx_word' id='word_1_143' title='bbox 965 909 1025 954; x_wconf 87' lang='lat' dir='ltr'><strong>qui</strong></span> <span class='ocrx_word' id='word_1_144' title='bbox 1048 906 1272 953; x_wconf 88' lang='lat' dir='ltr'><strong>concupiscit</strong></span> <span class='ocrx_word' id='word_1_145' title='bbox 1294 906 1447 948; x_wconf 83' lang='lat' dir='ltr'><strong>divitias,</strong></span> <span class='ocrx_word' id='word_1_146' title='bbox 1469 914 1588 952; x_wconf 91' lang='lat' dir='ltr'><strong>potest</strong></span> <span class='ocrx_word' id='word_1_147' title='bbox 1609 917 1669 941; x_wconf 87' lang='lat' dir='ltr'><strong>eas</strong></span> <span class='ocrx_word' id='word_1_148' title='bbox 1688 918 1818 941; x_wconf 90' lang='lat' dir='ltr'><strong>concu-</strong></span> 
     </span>
     <span class='ocr_line' id='line_1_15' title="bbox 252 959 1816 1012; baseline -0.003 -12"><span class='ocrx_word' id='word_1_149' title='bbox 252 966 388 1012; x_wconf 88' lang='lat' dir='ltr'><strong>piscere</strong></span> <span class='ocrx_word' id='word_1_150' title='bbox 410 976 484 999; x_wconf 91' lang='lat' dir='ltr'><strong>non</strong></span> <span class='ocrx_word' id='word_1_151' title='bbox 511 964 554 998; x_wconf 81' lang='lat' dir='ltr'><strong>ad</strong></span> <span class='ocrx_word' id='word_1_152' title='bbox 582 963 740 1009; x_wconf 85' lang='lat' dir='ltr'><strong>aliquem</strong></span> <span class='ocrx_word' id='word_1_153' title='bbox 764 970 902 996; x_wconf 88' lang='lat' dir='ltr'><strong>certum</strong></span> <span class='ocrx_word' id='word_1_154' title='bbox 929 961 1136 1002; x_wconf 86' lang='lat' dir='ltr'><strong>terminum,</strong></span> <span class='ocrx_word' id='word_1_155' title='bbox 1160 960 1222 994; x_wconf 92' lang='lat' dir='ltr'><strong>sed</strong></span> <span class='ocrx_word' id='word_1_156' title='bbox 1249 959 1460 1006; x_wconf 88' lang='lat' dir='ltr'><strong>simpliciter</strong></span> <span class='ocrx_word' id='word_1_157' title='bbox 1485 971 1523 994; x_wconf 91' lang='lat' dir='ltr'><strong>se</strong></span> <span class='ocrx_word' id='word_1_158' title='bbox 1550 959 1699 994; x_wconf 86' lang='lat' dir='ltr'><strong>divitem</strong></span> <span class='ocrx_word' id='word_1_159' title='bbox 1726 972 1816 1002; x_wconf 88' lang='lat' dir='ltr'><strong>esse,</strong></span> 
     </span>
     <span class='ocr_line' id='line_1_16' title="bbox 252 1011 1817 1064; baseline -0.004 -12"><span class='ocrx_word' id='word_1_160' title='bbox 252 1026 584 1064; x_wconf 87' lang='lat' dir='ltr'><strong>quantumcumque</strong></span> <span class='ocrx_word' id='word_1_161' title='bbox 615 1023 743 1062; x_wconf 87' lang='lat' dir='ltr'><strong>potest.</strong></span> <span class='ocrx_word' id='word_1_162' title='bbox 778 1014 902 1048; x_wconf 85' lang='lat' dir='ltr'><strong>Potest</strong></span> <span class='ocrx_word' id='word_1_163' title='bbox 924 1021 958 1048; x_wconf 88' lang='lat' dir='ltr'><strong>et</strong></span> <span class='ocrx_word' id='word_1_164' title='bbox 985 1013 1054 1047; x_wconf 82' lang='lat' dir='ltr'><strong>alia</strong></span> <span class='ocrx_word' id='word_1_165' title='bbox 1080 1013 1171 1047; x_wconf 88' lang='lat' dir='ltr'><strong>ratio</strong></span> <span class='ocrx_word' id='word_1_166' title='bbox 1200 1012 1374 1059; x_wconf 85' lang='lat' dir='ltr'><strong>assignari</strong></span> <span class='ocrx_word' id='word_1_167' title='bbox 1400 1011 1600 1046; x_wconf 89' lang='lat' dir='ltr'><strong>secundum</strong></span> <span class='ocrx_word' id='word_1_168' title='bbox 1622 1011 1758 1047; x_wconf 90' lang='lat' dir='ltr'><strong>Philos.</strong></span> <span class='ocrx_word' id='word_1_169' title='bbox 1780 1013 1817 1047; x_wconf 86' lang='lat' dir='ltr'><strong>in</strong></span> 
     </span>
     <span class='ocr_line' id='line_1_17' title="bbox 256 1065 1817 1117; baseline -0.003 -12"><span class='ocrx_word' id='word_1_170' title='bbox 256 1083 283 1105; x_wconf 90' lang='lat'><strong>1.</strong></span> <span class='ocrx_word' id='word_1_171' title='bbox 306 1071 412 1106; x_wconf 90' lang='lat' dir='ltr'><strong>Polit.</strong></span> <span class='ocrx_word' id='word_1_172' title='bbox 434 1072 520 1117; x_wconf 77' lang='lat' dir='ltr'><strong>(cap.</strong></span> <span class='ocrx_word' id='word_1_173' title='bbox 544 1070 576 1105; x_wconf 82' lang='lat'><strong>6.</strong></span> <span class='ocrx_word' id='word_1_174' title='bbox 593 1074 666 1116; x_wconf 73' lang='lat' dir='ltr'><strong>post</strong></span> <span class='ocrx_word' id='word_1_175' title='bbox 687 1068 800 1114; x_wconf 60' lang='lat' dir='ltr'><strong>med),</strong></span> <span class='ocrx_word' id='word_1_176' title='bbox 825 1079 934 1114; x_wconf 87' lang='lat' dir='ltr'><strong>quare</strong></span> <span class='ocrx_word' id='word_1_177' title='bbox 961 1066 1122 1113; x_wconf 70' lang='lat' dir='ltr'><strong>quaedam</strong></span> <span class='ocrx_word' id='word_1_178' title='bbox 1149 1066 1443 1112; x_wconf 88' lang='lat' dir='ltr'><strong>concupiscentia</strong></span> <span class='ocrx_word' id='word_1_179' title='bbox 1469 1066 1514 1100; x_wconf 87' lang='lat' dir='ltr'><strong>sit</strong></span> <span class='ocrx_word' id='word_1_180' title='bbox 1534 1065 1646 1108; x_wconf 89' lang='lat' dir='ltr'><strong>finita,</strong></span> <span class='ocrx_word' id='word_1_181' title='bbox 1668 1075 1703 1101; x_wconf 88' lang='lat' dir='ltr'><strong>et</strong></span> <span class='ocrx_word' id='word_1_182' title='bbox 1724 1078 1817 1112; x_wconf 62' lang='lat' dir='ltr'><strong>quaa-</strong></span> 
     </span>
     <span class='ocr_line' id='line_1_18' title="bbox 251 1119 1817 1169; baseline -0.003 -10"><span class='ocrx_word' id='word_1_183' title='bbox 251 1125 327 1160; x_wconf 80' lang='lat' dir='ltr'><strong>dam</strong></span> <span class='ocrx_word' id='word_1_184' title='bbox 348 1124 496 1159; x_wconf 89' lang='lat' dir='ltr'><strong>infinita.</strong></span> <span class='ocrx_word' id='word_1_185' title='bbox 519 1123 671 1169; x_wconf 85' lang='lat' dir='ltr'><strong>Semper</strong></span> <span class='ocrx_word' id='word_1_186' title='bbox 693 1122 790 1156; x_wconf 87' lang='lat' dir='ltr'><strong>enim</strong></span> <span class='ocrx_word' id='word_1_187' title='bbox 813 1120 1109 1167; x_wconf 86' lang='lat' dir='ltr'><strong>concupiscentia</strong></span> <span class='ocrx_word' id='word_1_188' title='bbox 1144 1119 1224 1154; x_wconf 90' lang='lat' dir='ltr'><strong>finis</strong></span> <span class='ocrx_word' id='word_1_189' title='bbox 1252 1128 1303 1154; x_wconf 90' lang='lat' dir='ltr'><strong>est</strong></span> <span class='ocrx_word' id='word_1_190' title='bbox 1340 1119 1497 1154; x_wconf 89' lang='lat' dir='ltr'><strong>infinita:</strong></span> <span class='ocrx_word' id='word_1_191' title='bbox 1524 1119 1603 1153; x_wconf 87' lang='lat' dir='ltr'><strong>finis</strong></span> <span class='ocrx_word' id='word_1_192' title='bbox 1631 1119 1727 1154; x_wconf 85' lang='lat' dir='ltr'><strong>enim</strong></span> <span class='ocrx_word' id='word_1_193' title='bbox 1754 1132 1817 1166; x_wconf 94' lang='lat' dir='ltr'><strong>per</strong></span> 
     </span>
     <span class='ocr_line' id='line_1_19' title="bbox 251 1173 1816 1224; baseline -0.003 -11"><span class='ocrx_word' id='word_1_194' title='bbox 251 1191 288 1213; x_wconf 87' lang='lat' dir='ltr'><strong>se</strong></span> <span class='ocrx_word' id='word_1_195' title='bbox 311 1177 590 1224; x_wconf 86' lang='lat' dir='ltr'><strong>concupiscitur,</strong></span> <span class='ocrx_word' id='word_1_196' title='bbox 612 1184 650 1210; x_wconf 92' lang='lat' dir='ltr'><strong>ut</strong></span> <span class='ocrx_word' id='word_1_197' title='bbox 668 1177 819 1210; x_wconf 77' lang='lat' dir='ltr'><strong>sanitas:</strong></span> <span class='ocrx_word' id='word_1_198' title='bbox 844 1175 937 1209; x_wconf 91' lang='lat' dir='ltr'><strong>unde</strong></span> <span class='ocrx_word' id='word_1_199' title='bbox 965 1175 1082 1219; x_wconf 84' lang='lat' dir='ltr'><strong>major</strong></span> <span class='ocrx_word' id='word_1_200' title='bbox 1105 1174 1238 1208; x_wconf 82' lang='lat' dir='ltr'><strong>sanitas</strong></span> <span class='ocrx_word' id='word_1_201' title='bbox 1260 1173 1377 1219; x_wconf 89' lang='lat' dir='ltr'><strong>magis</strong></span> <span class='ocrx_word' id='word_1_202' title='bbox 1400 1173 1687 1219; x_wconf 82' lang='lat' dir='ltr'><strong>concupiscitur3</strong></span> <span class='ocrx_word' id='word_1_203' title='bbox 1711 1181 1744 1208; x_wconf 89' lang='lat' dir='ltr'><strong>et</strong></span> <span class='ocrx_word' id='word_1_204' title='bbox 1765 1174 1816 1208; x_wconf 88' lang='lat' dir='ltr'><strong>sic</strong></span> 
     </span>
     <span class='ocr_line' id='line_1_20' title="bbox 252 1226 1816 1275; baseline -0.003 -9"><span class='ocrx_word' id='word_1_205' title='bbox 252 1233 287 1266; x_wconf 94' lang='lat' dir='ltr'><strong>in</strong></span> <span class='ocrx_word' id='word_1_206' title='bbox 310 1231 508 1266; x_wconf 86' lang='lat' dir='ltr'><strong>infinitum:</strong></span> <span class='ocrx_word' id='word_1_207' title='bbox 537 1231 627 1265; x_wconf 88' lang='lat' dir='ltr'><strong>sicut</strong></span> <span class='ocrx_word' id='word_1_208' title='bbox 649 1230 678 1263; x_wconf 90' lang='lat' dir='ltr'><strong>si</strong></span> <span class='ocrx_word' id='word_1_209' title='bbox 700 1229 820 1263; x_wconf 88' lang='lat' dir='ltr'><strong>album</strong></span> <span class='ocrx_word' id='word_1_210' title='bbox 843 1240 906 1275; x_wconf 90' lang='lat' dir='ltr'><strong>per</strong></span> <span class='ocrx_word' id='word_1_211' title='bbox 927 1240 963 1262; x_wconf 88' lang='lat' dir='ltr'><strong>se</strong></span> <span class='ocrx_word' id='word_1_212' title='bbox 987 1228 1178 1273; x_wconf 82' lang='lat' dir='ltr'><strong>disgregat,</strong></span> <span class='ocrx_word' id='word_1_213' title='bbox 1201 1227 1316 1273; x_wconf 89' lang='lat' dir='ltr'><strong>magis</strong></span> <span class='ocrx_word' id='word_1_214' title='bbox 1344 1226 1466 1261; x_wconf 88' lang='lat' dir='ltr'><strong>album</strong></span> <span class='ocrx_word' id='word_1_215' title='bbox 1488 1226 1604 1273; x_wconf 86' lang='lat' dir='ltr'><strong>magis</strong></span> <span class='ocrx_word' id='word_1_216' title='bbox 1626 1226 1816 1273; x_wconf 84' lang='lat' dir='ltr'><strong>disgregat.</strong></span> 
     </span>
    </p>

    <p class='ocr_par' dir='ltr' id='par_1_3' title="bbox 251 1279 1818 1598">
     <span class='ocr_line' id='line_1_21' title="bbox 322 1279 1816 1331; baseline -0.003 -12"><span class='ocrx_word' id='word_1_217' title='bbox 322 1284 626 1331; x_wconf 81' lang='lat' dir='ltr'><strong>Concupiscentia</strong></span> <span class='ocrx_word' id='word_1_218' title='bbox 648 1294 734 1317; x_wconf 87' lang='lat' dir='ltr'><strong>vero</strong></span> <span class='ocrx_word' id='word_1_219' title='bbox 758 1283 832 1328; x_wconf 83' lang='lat' dir='ltr'><strong>ejus</strong></span> <span class='ocrx_word' id='word_1_220' title='bbox 855 1281 952 1328; x_wconf 89' lang='lat' dir='ltr'><strong>quod</strong></span> <span class='ocrx_word' id='word_1_221' title='bbox 968 1289 1020 1315; x_wconf 90' lang='lat' dir='ltr'><strong>est</strong></span> <span class='ocrx_word' id='word_1_222' title='bbox 1036 1281 1079 1315; x_wconf 88' lang='lat' dir='ltr'><strong>ad</strong></span> <span class='ocrx_word' id='word_1_223' title='bbox 1098 1281 1219 1323; x_wconf 89' lang='lat' dir='ltr'><strong>finem,</strong></span> <span class='ocrx_word' id='word_1_224' title='bbox 1242 1292 1316 1314; x_wconf 93' lang='lat' dir='ltr'><strong>non</strong></span> <span class='ocrx_word' id='word_1_225' title='bbox 1332 1288 1385 1315; x_wconf 91' lang='lat' dir='ltr'><strong>est</strong></span> <span class='ocrx_word' id='word_1_226' title='bbox 1398 1279 1548 1322; x_wconf 88' lang='lat' dir='ltr'><strong>infinita,</strong></span> <span class='ocrx_word' id='word_1_227' title='bbox 1567 1280 1598 1314; x_wconf 89' lang='lat' dir='ltr'><strong>si</strong></span> <span class='ocrx_word' id='word_1_228' title='bbox 1615 1281 1816 1315; x_wconf 90' lang='lat' dir='ltr'><strong>secundum</strong></span> 
     </span>
     <span class='ocr_line' id='line_1_22' title="bbox 252 1333 1818 1383; baseline -0.003 -10"><span class='ocrx_word' id='word_1_229' title='bbox 252 1339 351 1373; x_wconf 84' lang='lat' dir='ltr'><strong>illam</strong></span> <span class='ocrx_word' id='word_1_230' title='bbox 374 1349 582 1372; x_wconf 87' lang='lat' dir='ltr'><strong>mensuram</strong></span> <span class='ocrx_word' id='word_1_231' title='bbox 606 1336 793 1383; x_wconf 83' lang='lat' dir='ltr'><strong>appetitur,</strong></span> <span class='ocrx_word' id='word_1_232' title='bbox 817 1347 908 1382; x_wconf 88' lang='lat' dir='ltr'><strong>quae</strong></span> <span class='ocrx_word' id='word_1_233' title='bbox 932 1335 1102 1369; x_wconf 84' lang='lat' dir='ltr'><strong>convenit</strong></span> <span class='ocrx_word' id='word_1_234' title='bbox 1124 1334 1204 1368; x_wconf 86' lang='lat' dir='ltr'><strong>fini:</strong></span> <span class='ocrx_word' id='word_1_235' title='bbox 1227 1334 1321 1368; x_wconf 88' lang='lat' dir='ltr'><strong>unde</strong></span> <span class='ocrx_word' id='word_1_236' title='bbox 1344 1334 1405 1380; x_wconf 89' lang='lat' dir='ltr'><strong>qui</strong></span> <span class='ocrx_word' id='word_1_237' title='bbox 1426 1333 1535 1368; x_wconf 88' lang='lat' dir='ltr'><strong>finem</strong></span> <span class='ocrx_word' id='word_1_238' title='bbox 1556 1342 1695 1380; x_wconf 89' lang='lat' dir='ltr'><strong>ponunt</strong></span> <span class='ocrx_word' id='word_1_239' title='bbox 1715 1335 1751 1368; x_wconf 93' lang='lat' dir='ltr'><strong>in</strong></span> <span class='ocrx_word' id='word_1_240' title='bbox 1770 1335 1818 1368; x_wconf 88' lang='lat' dir='ltr'><strong>di-</strong></span> 
     </span>
     <span class='ocr_line' id='line_1_23' title="bbox 251 1388 1818 1437; baseline -0.004 -10"><span class='ocrx_word' id='word_1_241' title='bbox 251 1393 357 1434; x_wconf 82' lang='lat' dir='ltr'><strong>vitiis,</strong></span> <span class='ocrx_word' id='word_1_242' title='bbox 373 1392 505 1426; x_wconf 77' lang='lat' dir='ltr'><strong>habent</strong></span> <span class='ocrx_word' id='word_1_243' title='bbox 525 1390 859 1437; x_wconf 82' lang='lat' dir='ltr'><strong>concupiscentiam</strong></span> <span class='ocrx_word' id='word_1_244' title='bbox 882 1389 1087 1423; x_wconf 83' lang='lat' dir='ltr'><strong>divitiarum</strong></span> <span class='ocrx_word' id='word_1_245' title='bbox 1102 1388 1138 1422; x_wconf 90' lang='lat' dir='ltr'><strong>in</strong></span> <span class='ocrx_word' id='word_1_246' title='bbox 1153 1388 1349 1422; x_wconf 90' lang='lat' dir='ltr'><strong>infinitum:</strong></span> <span class='ocrx_word' id='word_1_247' title='bbox 1374 1388 1434 1434; x_wconf 83' lang='lat' dir='ltr'><strong>qui</strong></span> <span class='ocrx_word' id='word_1_248' title='bbox 1456 1395 1576 1422; x_wconf 85' lang='lat' dir='ltr'><strong>autem</strong></span> <span class='ocrx_word' id='word_1_249' title='bbox 1599 1388 1739 1422; x_wconf 86' lang='lat' dir='ltr'><strong>divitias</strong></span> <span class='ocrx_word' id='word_1_250' title='bbox 1762 1400 1818 1435; x_wconf 79' lang='lat' dir='ltr'><strong>ap-</strong></span> 
     </span>
     <span class='ocr_line' id='line_1_24' title="bbox 251 1440 1816 1493; baseline -0.003 -13"><span class='ocrx_word' id='word_1_251' title='bbox 251 1454 375 1493; x_wconf 91' lang='lat' dir='ltr'><strong>petunt</strong></span> <span class='ocrx_word' id='word_1_252' title='bbox 396 1453 540 1492; x_wconf 89' lang='lat' dir='ltr'><strong>propter</strong></span> <span class='ocrx_word' id='word_1_253' title='bbox 561 1444 815 1479; x_wconf 85' lang='lat' dir='ltr'><strong>necessitatem</strong></span> <span class='ocrx_word' id='word_1_254' title='bbox 837 1443 942 1484; x_wconf 82' lang='lat' dir='ltr'><strong>vitae,</strong></span> <span class='ocrx_word' id='word_1_255' title='bbox 966 1442 1225 1488; x_wconf 89' lang='lat' dir='ltr'><strong>concupiscunt</strong></span> <span class='ocrx_word' id='word_1_256' title='bbox 1248 1441 1388 1476; x_wconf 82' lang='lat' dir='ltr'><strong>divitias</strong></span> <span class='ocrx_word' id='word_1_257' title='bbox 1404 1441 1520 1476; x_wconf 83' lang='lat' dir='ltr'><strong>finitas</strong></span> <span class='ocrx_word' id='word_1_258' title='bbox 1540 1440 1756 1476; x_wconf 88' lang='lat' dir='ltr'><strong>sufficientes</strong></span> <span class='ocrx_word' id='word_1_259' title='bbox 1772 1442 1816 1476; x_wconf 83' lang='lat' dir='ltr'><strong>ad</strong></span> 
     </span>
     <span class='ocr_line' id='line_1_25' title="bbox 251 1494 1816 1543; baseline -0.003 -9"><span class='ocrx_word' id='word_1_260' title='bbox 251 1500 503 1534; x_wconf 85' lang='lat' dir='ltr'><strong>necessitatem</strong></span> <span class='ocrx_word' id='word_1_261' title='bbox 526 1499 631 1539; x_wconf 75' lang='lat' dir='ltr'><strong>vitae,</strong></span> <span class='ocrx_word' id='word_1_262' title='bbox 654 1505 691 1531; x_wconf 91' lang='lat' dir='ltr'><strong>ut</strong></span> <span class='ocrx_word' id='word_1_263' title='bbox 712 1496 924 1543; x_wconf 87' lang='lat' dir='ltr'><strong>Philosoph.</strong></span> <span class='ocrx_word' id='word_1_264' title='bbox 949 1496 1033 1529; x_wconf 86' lang='lat' dir='ltr'><strong>dicit</strong></span> <span class='ocrx_word' id='word_1_265' title='bbox 1055 1496 1162 1530; x_wconf 88' lang='lat' dir='ltr'><strong>ibid.:</strong></span> <span class='ocrx_word' id='word_1_266' title='bbox 1186 1503 1220 1529; x_wconf 91' lang='lat' dir='ltr'><strong>et</strong></span> <span class='ocrx_word' id='word_1_267' title='bbox 1242 1495 1370 1530; x_wconf 89' lang='lat' dir='ltr'><strong>eadem</strong></span> <span class='ocrx_word' id='word_1_268' title='bbox 1386 1502 1438 1530; x_wconf 90' lang='lat' dir='ltr'><strong>est</strong></span> <span class='ocrx_word' id='word_1_269' title='bbox 1463 1495 1554 1529; x_wconf 87' lang='lat' dir='ltr'><strong>ratio</strong></span> <span class='ocrx_word' id='word_1_270' title='bbox 1582 1494 1625 1530; x_wconf 91' lang='lat' dir='ltr'><strong>de</strong></span> <span class='ocrx_word' id='word_1_271' title='bbox 1649 1495 1816 1542; x_wconf 83' lang='lat' dir='ltr'><strong>concupi-</strong></span> 
     </span>
     <span class='ocr_line' id='line_1_26' title="bbox 251 1550 1324 1598; baseline -0.007 -11"><span class='ocrx_word' id='word_1_272' title='bbox 251 1554 387 1588; x_wconf 81' lang='lat' dir='ltr'><strong>scentia</strong></span> <span class='ocrx_word' id='word_1_273' title='bbox 411 1563 721 1598; x_wconf 80' lang='lat' dir='ltr'><strong>quarumcumque</strong></span> <span class='ocrx_word' id='word_1_274' title='bbox 745 1550 897 1584; x_wconf 88' lang='lat' dir='ltr'><strong>aliarum</strong></span> <span class='ocrx_word' id='word_1_275' title='bbox 919 1561 1050 1583; x_wconf 88' lang='lat' dir='ltr'><strong>rerum.</strong></span> <span class='ocrx_word' id='word_1_276' title='bbox 1322 1550 1324 1553; x_wconf 88' lang='lat'>&#39;</span> 
     </span>
    </p>

    <p class='ocr_par' dir='ltr' id='par_1_4' title="bbox 247 1601 1815 1920">
     <span class='ocr_line' id='line_1_27' title="bbox 321 1601 1815 1650; baseline -0.003 -9"><span class='ocrx_word' id='word_1_277' title='bbox 321 1606 381 1641; x_wconf 79' lang='lat' dir='ltr'><strong>An</strong></span> <span class='ocrx_word' id='word_1_278' title='bbox 403 1616 552 1640; x_wconf 78' lang='lat' dir='ltr'>PRIMUM</span> <span class='ocrx_word' id='word_1_279' title='bbox 579 1616 665 1650; x_wconf 87' lang='lat' dir='ltr'><strong>ergo</strong></span> <span class='ocrx_word' id='word_1_280' title='bbox 689 1604 894 1645; x_wconf 84' lang='lat' dir='ltr'><strong>dicendum,</strong></span> <span class='ocrx_word' id='word_1_281' title='bbox 917 1602 1013 1649; x_wconf 90' lang='lat' dir='ltr'><strong>quod</strong></span> <span class='ocrx_word' id='word_1_282' title='bbox 1033 1614 1142 1636; x_wconf 89' lang='lat' dir='ltr'><strong>omne</strong></span> <span class='ocrx_word' id='word_1_283' title='bbox 1166 1601 1262 1648; x_wconf 90' lang='lat' dir='ltr'><strong>quod</strong></span> <span class='ocrx_word' id='word_1_284' title='bbox 1286 1601 1564 1648; x_wconf 85' lang='lat' dir='ltr'><strong>concupiscitur,</strong></span> <span class='ocrx_word' id='word_1_285' title='bbox 1588 1602 1760 1649; x_wconf 84' lang='lat' dir='ltr'><strong>accipitur</strong></span> <span class='ocrx_word' id='word_1_286' title='bbox 1778 1611 1815 1638; x_wconf 86' lang='lat' dir='ltr'><strong>ut</strong></span> 
     </span>
     <span class='ocr_line' id='line_1_28' title="bbox 250 1655 1815 1706; baseline -0.001 -13"><span class='ocrx_word' id='word_1_287' title='bbox 250 1660 433 1706; x_wconf 78' lang='lat' dir='ltr'><strong>quoddam</strong></span> <span class='ocrx_word' id='word_1_288' title='bbox 455 1659 614 1693; x_wconf 85' lang='lat' dir='ltr'><strong>finitum:</strong></span> <span class='ocrx_word' id='word_1_289' title='bbox 641 1658 693 1692; x_wconf 70' lang='lat' dir='ltr'><strong>vel</strong></span> <span class='ocrx_word' id='word_1_290' title='bbox 719 1657 802 1703; x_wconf 87' lang='lat' dir='ltr'><strong>quia</strong></span> <span class='ocrx_word' id='word_1_291' title='bbox 830 1664 881 1691; x_wconf 89' lang='lat' dir='ltr'><strong>est</strong></span> <span class='ocrx_word' id='word_1_292' title='bbox 908 1656 1048 1690; x_wconf 86' lang='lat' dir='ltr'><strong>finitum</strong></span> <span class='ocrx_word' id='word_1_293' title='bbox 1071 1655 1272 1690; x_wconf 87' lang='lat' dir='ltr'><strong>secundum</strong></span> <span class='ocrx_word' id='word_1_294' title='bbox 1299 1667 1388 1697; x_wconf 87' lang='lat' dir='ltr'><strong>rem,</strong></span> <span class='ocrx_word' id='word_1_295' title='bbox 1415 1663 1521 1702; x_wconf 88' lang='lat' dir='ltr'><strong>prout</strong></span> <span class='ocrx_word' id='word_1_296' title='bbox 1549 1656 1815 1702; x_wconf 88' lang='lat' dir='ltr'><strong>concupiscitur</strong></span> 
     </span>
     <span class='ocr_line' id='line_1_29' title="bbox 250 1709 1814 1758; baseline -0.001 -11"><span class='ocrx_word' id='word_1_297' title='bbox 250 1713 364 1748; x_wconf 86' lang='lat' dir='ltr'><strong>semel</strong></span> <span class='ocrx_word' id='word_1_298' title='bbox 387 1713 447 1758; x_wconf 79' lang='lat' dir='ltr'><strong>[al.</strong></span> <span class='ocrx_word' id='word_1_299' title='bbox 469 1713 581 1757; x_wconf 69' lang='lat' dir='ltr'><strong>sinml]</strong></span> <span class='ocrx_word' id='word_1_300' title='bbox 605 1712 640 1745; x_wconf 91' lang='lat' dir='ltr'><strong>in</strong></span> <span class='ocrx_word' id='word_1_301' title='bbox 663 1719 744 1746; x_wconf 88' lang='lat' dir='ltr'><strong>actu</strong></span> <span class='ocrx_word' id='word_1_302' title='bbox 780 1710 841 1755; x_wconf 89' lang='lat' dir='ltr'><strong>[al.</strong></span> <span class='ocrx_word' id='word_1_303' title='bbox 858 1715 962 1756; x_wconf 73' lang='lat' dir='ltr'><strong>prout</strong></span> <span class='ocrx_word' id='word_1_304' title='bbox 986 1710 1080 1744; x_wconf 69' lang='lat' dir='ltr'><strong>semel</strong></span> <span class='ocrx_word' id='word_1_305' title='bbox 1102 1711 1360 1756; x_wconf 74' lang='lat' dir='ltr'><strong>concupiscimus</strong></span> <span class='ocrx_word' id='word_1_306' title='bbox 1386 1710 1420 1743; x_wconf 80' lang='lat' dir='ltr'><strong>in</strong></span> <span class='ocrx_word' id='word_1_307' title='bbox 1446 1709 1550 1754; x_wconf 80' lang='lat' dir='ltr'><strong>actu],</strong></span> <span class='ocrx_word' id='word_1_308' title='bbox 1572 1709 1624 1744; x_wconf 66' lang='lat' dir='ltr'><strong>vel</strong></span> <span class='ocrx_word' id='word_1_309' title='bbox 1651 1710 1733 1756; x_wconf 89' lang='lat' dir='ltr'><strong>quia</strong></span> <span class='ocrx_word' id='word_1_310' title='bbox 1762 1718 1814 1745; x_wconf 90' lang='lat' dir='ltr'><strong>est</strong></span> 
     </span>
     <span class='ocr_line' id='line_1_30' title="bbox 250 1763 1813 1811; baseline -0.002 -10"><span class='ocrx_word' id='word_1_311' title='bbox 250 1767 401 1809; x_wconf 83' lang='lat' dir='ltr'><strong>finitum,</strong></span> <span class='ocrx_word' id='word_1_312' title='bbox 423 1766 623 1801; x_wconf 87' lang='lat' dir='ltr'><strong>secundum</strong></span> <span class='ocrx_word' id='word_1_313' title='bbox 639 1764 735 1811; x_wconf 89' lang='lat' dir='ltr'><strong>quod</strong></span> <span class='ocrx_word' id='word_1_314' title='bbox 751 1765 844 1798; x_wconf 85' lang='lat' dir='ltr'><strong>cadit</strong></span> <span class='ocrx_word' id='word_1_315' title='bbox 859 1764 921 1798; x_wconf 88' lang='lat' dir='ltr'><strong>sub</strong></span> <span class='ocrx_word' id='word_1_316' title='bbox 939 1763 1245 1810; x_wconf 78' lang='lat' dir='ltr'><strong>apprehensione:</strong></span> <span class='ocrx_word' id='word_1_317' title='bbox 1262 1774 1335 1797; x_wconf 90' lang='lat' dir='ltr'><strong>non</strong></span> <span class='ocrx_word' id='word_1_318' title='bbox 1351 1763 1446 1797; x_wconf 88' lang='lat' dir='ltr'><strong>enim</strong></span> <span class='ocrx_word' id='word_1_319' title='bbox 1463 1770 1581 1809; x_wconf 86' lang='lat' dir='ltr'><strong>potest</strong></span> <span class='ocrx_word' id='word_1_320' title='bbox 1595 1763 1658 1797; x_wconf 89' lang='lat' dir='ltr'><strong>sub</strong></span> <span class='ocrx_word' id='word_1_321' title='bbox 1674 1763 1813 1798; x_wconf 89' lang='lat' dir='ltr'><strong>ratione</strong></span> 
     </span>
     <span class='ocr_line' id='line_1_31' title="bbox 247 1816 1814 1866; baseline -0.001 -12"><span class='ocrx_word' id='word_1_322' title='bbox 247 1821 376 1854; x_wconf 83' lang='lat' dir='ltr'><strong>infiniti</strong></span> <span class='ocrx_word' id='word_1_323' title='bbox 394 1819 633 1866; x_wconf 80' lang='lat' dir='ltr'><strong>apprehendi:</strong></span> <span class='ocrx_word' id='word_1_324' title='bbox 658 1819 740 1865; x_wconf 81' lang='lat' dir='ltr'><strong>quia</strong></span> <span class='ocrx_word' id='word_1_325' title='bbox 755 1817 935 1852; x_wconf 87' lang='lat' dir='ltr'><strong>infinitum</strong></span> <span class='ocrx_word' id='word_1_326' title='bbox 952 1825 1014 1859; x_wconf 87' lang='lat' dir='ltr'><strong>est,</strong></span> <span class='ocrx_word' id='word_1_327' title='bbox 1031 1818 1131 1862; x_wconf 88' lang='lat' dir='ltr'><strong>cujus</strong></span> <span class='ocrx_word' id='word_1_328' title='bbox 1147 1817 1383 1863; x_wconf 84' lang='lat' dir='ltr'><strong>quantitatem</strong></span> <span class='ocrx_word' id='word_1_329' title='bbox 1399 1816 1655 1863; x_wconf 86' lang='lat' dir='ltr'><strong>accipientibus</strong></span> <span class='ocrx_word' id='word_1_330' title='bbox 1671 1828 1814 1864; x_wconf 78' lang='lat' dir='ltr'><strong>semper</strong></span> 
     </span>
     <span class='ocr_line' id='line_1_32' title="bbox 248 1871 1408 1920; baseline -0.003 -12"><span class='ocrx_word' id='word_1_331' title='bbox 248 1882 300 1909; x_wconf 88' lang='lat' dir='ltr'><strong>est</strong></span> <span class='ocrx_word' id='word_1_332' title='bbox 315 1874 448 1920; x_wconf 80' lang='lat' dir='ltr'><strong>aliquid</strong></span> <span class='ocrx_word' id='word_1_333' title='bbox 465 1881 561 1907; x_wconf 71' lang='lat' dir='ltr'><strong>extra</strong></span> <span class='ocrx_word' id='word_1_334' title='bbox 576 1884 730 1914; x_wconf 85' lang='lat' dir='ltr'><strong>sumere,</strong></span> <span class='ocrx_word' id='word_1_335' title='bbox 746 1879 783 1906; x_wconf 88' lang='lat' dir='ltr'><strong>ut</strong></span> <span class='ocrx_word' id='word_1_336' title='bbox 798 1872 926 1906; x_wconf 86' lang='lat' dir='ltr'><strong>dicitur</strong></span> <span class='ocrx_word' id='word_1_337' title='bbox 948 1871 982 1905; x_wconf 91' lang='lat' dir='ltr'><strong>in</strong></span> <span class='ocrx_word' id='word_1_338' title='bbox 1009 1883 1037 1917; x_wconf 74' lang='lat'><strong>3.</strong></span> <span class='ocrx_word' id='word_1_339' title='bbox 1060 1871 1203 1917; x_wconf 89' lang='lat' dir='ltr'><strong>Physic.</strong></span> <span class='ocrx_word' id='word_1_340' title='bbox 1228 1871 1307 1916; x_wconf 73' lang='lat' dir='ltr'><strong>(tex.</strong></span> <span class='ocrx_word' id='word_1_341' title='bbox 1331 1871 1408 1917; x_wconf 67' lang='lat'><strong>63).</strong></span> 
     </span>
    </p>

    <p class='ocr_par' dir='ltr' id='par_1_5' title="bbox 246 1924 1812 2186">
     <span class='ocr_line' id='line_1_33' title="bbox 317 1924 1809 1971; baseline -0.001 -9"><span class='ocrx_word' id='word_1_342' title='bbox 317 1928 377 1962; x_wconf 85' lang='lat' dir='ltr'><strong>AD</strong></span> <span class='ocrx_word' id='word_1_343' title='bbox 405 1937 611 1961; x_wconf 75' lang='lat' dir='ltr'>SECUNDUM</span> <span class='ocrx_word' id='word_1_344' title='bbox 634 1926 839 1967; x_wconf 85' lang='lat' dir='ltr'><strong>dicendum,</strong></span> <span class='ocrx_word' id='word_1_345' title='bbox 863 1924 957 1971; x_wconf 87' lang='lat' dir='ltr'><strong>quod</strong></span> <span class='ocrx_word' id='word_1_346' title='bbox 981 1924 1071 1958; x_wconf 81' lang='lat' dir='ltr'><strong>ratio</strong></span> <span class='ocrx_word' id='word_1_347' title='bbox 1099 1924 1374 1970; x_wconf 82' lang='lat' dir='ltr'><strong>quodammodo</strong></span> <span class='ocrx_word' id='word_1_348' title='bbox 1397 1931 1450 1958; x_wconf 84' lang='lat' dir='ltr'><strong>est</strong></span> <span class='ocrx_word' id='word_1_349' title='bbox 1475 1924 1614 1958; x_wconf 87' lang='lat' dir='ltr'><strong>virtutis</strong></span> <span class='ocrx_word' id='word_1_350' title='bbox 1637 1924 1809 1967; x_wconf 82' lang='lat' dir='ltr'><strong>infinitae,</strong></span> 
     </span>
     <span class='ocr_line' id='line_1_34' title="bbox 248 1977 1811 2027; baseline -0.001 -12"><span class='ocrx_word' id='word_1_351' title='bbox 248 1983 460 2027; x_wconf 83' lang='lat' dir='ltr'><strong>inquantum</strong></span> <span class='ocrx_word' id='word_1_352' title='bbox 487 1987 603 2026; x_wconf 86' lang='lat' dir='ltr'><strong>potest</strong></span> <span class='ocrx_word' id='word_1_353' title='bbox 631 1980 666 2013; x_wconf 90' lang='lat' dir='ltr'><strong>in</strong></span> <span class='ocrx_word' id='word_1_354' title='bbox 694 1979 873 2012; x_wconf 88' lang='lat' dir='ltr'><strong>infinitum</strong></span> <span class='ocrx_word' id='word_1_355' title='bbox 901 1978 1033 2024; x_wconf 82' lang='lat' dir='ltr'><strong>aliquid</strong></span> <span class='ocrx_word' id='word_1_356' title='bbox 1057 1977 1305 2012; x_wconf 85' lang='lat' dir='ltr'><strong>considerare:</strong></span> <span class='ocrx_word' id='word_1_357' title='bbox 1334 1984 1372 2011; x_wconf 89' lang='lat' dir='ltr'><strong>ut</strong></span> <span class='ocrx_word' id='word_1_358' title='bbox 1399 1985 1545 2024; x_wconf 84' lang='lat' dir='ltr'><strong>apparet</strong></span> <span class='ocrx_word' id='word_1_359' title='bbox 1571 1978 1607 2011; x_wconf 91' lang='lat' dir='ltr'><strong>in</strong></span> <span class='ocrx_word' id='word_1_360' title='bbox 1630 1978 1811 2013; x_wconf 85' lang='lat' dir='ltr'><strong>additione</strong></span> 
     </span>
     <span class='ocr_line' id='line_1_35' title="bbox 247 2031 1812 2078; baseline -0.001 -10"><span class='ocrx_word' id='word_1_361' title='bbox 247 2046 494 2076; x_wconf 83' lang='lat' dir='ltr'><strong>numerorum,</strong></span> <span class='ocrx_word' id='word_1_362' title='bbox 518 2042 549 2068; x_wconf 89' lang='lat' dir='ltr'><strong>et</strong></span> <span class='ocrx_word' id='word_1_363' title='bbox 572 2033 770 2075; x_wconf 80' lang='lat' dir='ltr'><strong>linearum3</strong></span> <span class='ocrx_word' id='word_1_364' title='bbox 794 2032 886 2066; x_wconf 86' lang='lat' dir='ltr'><strong>unde</strong></span> <span class='ocrx_word' id='word_1_365' title='bbox 909 2031 1089 2065; x_wconf 83' lang='lat' dir='ltr'><strong>infinitum</strong></span> <span class='ocrx_word' id='word_1_366' title='bbox 1112 2031 1232 2077; x_wconf 85' lang='lat' dir='ltr'><strong>aliquo</strong></span> <span class='ocrx_word' id='word_1_367' title='bbox 1256 2031 1367 2065; x_wconf 89' lang='lat' dir='ltr'><strong>modo</strong></span> <span class='ocrx_word' id='word_1_368' title='bbox 1389 2039 1576 2077; x_wconf 88' lang='lat' dir='ltr'><strong>sumptum</strong></span> <span class='ocrx_word' id='word_1_369' title='bbox 1596 2040 1647 2066; x_wconf 90' lang='lat' dir='ltr'><strong>est</strong></span> <span class='ocrx_word' id='word_1_370' title='bbox 1662 2043 1812 2078; x_wconf 85' lang='lat' dir='ltr'><strong>propor-</strong></span> 
     </span>
     <span class='ocr_line' id='line_1_36' title="bbox 246 2085 1810 2132; baseline -0.001 -10"><span class='ocrx_word' id='word_1_371' title='bbox 246 2089 424 2122; x_wconf 88' lang='lat' dir='ltr'><strong>tionatum</strong></span> <span class='ocrx_word' id='word_1_372' title='bbox 446 2087 595 2121; x_wconf 86' lang='lat' dir='ltr'><strong>rationi:</strong></span> <span class='ocrx_word' id='word_1_373' title='bbox 619 2098 704 2120; x_wconf 84' lang='lat' dir='ltr'><strong>nam</strong></span> <span class='ocrx_word' id='word_1_374' title='bbox 727 2085 941 2127; x_wconf 85' lang='lat' dir='ltr'><strong>universale,</strong></span> <span class='ocrx_word' id='word_1_375' title='bbox 964 2085 1060 2131; x_wconf 87' lang='lat' dir='ltr'><strong>quod</strong></span> <span class='ocrx_word' id='word_1_376' title='bbox 1083 2085 1174 2119; x_wconf 87' lang='lat' dir='ltr'><strong>ratio</strong></span> <span class='ocrx_word' id='word_1_377' title='bbox 1197 2085 1445 2131; x_wconf 87' lang='lat' dir='ltr'><strong>apprehendit,</strong></span> <span class='ocrx_word' id='word_1_378' title='bbox 1465 2093 1517 2119; x_wconf 87' lang='lat' dir='ltr'><strong>est</strong></span> <span class='ocrx_word' id='word_1_379' title='bbox 1536 2085 1810 2132; x_wconf 88' lang='lat' dir='ltr'><strong>quodammodo</strong></span> 
     </span>
     <span class='ocr_line' id='line_1_37' title="bbox 247 2138 1491 2186; baseline -0.002 -11"><span class='ocrx_word' id='word_1_380' title='bbox 247 2141 445 2183; x_wconf 77' lang='lat' dir='ltr'><strong>infinitum3</strong></span> <span class='ocrx_word' id='word_1_381' title='bbox 468 2141 681 2186; x_wconf 84' lang='lat' dir='ltr'><strong>inquantum</strong></span> <span class='ocrx_word' id='word_1_382' title='bbox 703 2140 738 2173; x_wconf 87' lang='lat' dir='ltr'><strong>in</strong></span> <span class='ocrx_word' id='word_1_383' title='bbox 760 2139 920 2186; x_wconf 84' lang='lat' dir='ltr'><strong>potentia</strong></span> <span class='ocrx_word' id='word_1_384' title='bbox 944 2139 1105 2173; x_wconf 88' lang='lat' dir='ltr'><strong>continet</strong></span> <span class='ocrx_word' id='word_1_385' title='bbox 1127 2138 1264 2172; x_wconf 79' lang='lat' dir='ltr'><strong>infinita</strong></span> <span class='ocrx_word' id='word_1_386' title='bbox 1286 2138 1491 2185; x_wconf 87' lang='lat' dir='ltr'><strong>singularia.</strong></span> 
     </span>
    </p>

    <p class='ocr_par' dir='ltr' id='par_1_6' title="bbox 247 2191 1811 2349">
     <span class='ocr_line' id='line_1_38' title="bbox 319 2191 1811 2239; baseline -0.001 -10"><span class='ocrx_word' id='word_1_387' title='bbox 319 2195 378 2229; x_wconf 79' lang='lat' dir='ltr'><strong>AD</strong></span> <span class='ocrx_word' id='word_1_388' title='bbox 400 2205 571 2229; x_wconf 79' lang='lat' dir='ltr'>TERTIUM</span> <span class='ocrx_word' id='word_1_389' title='bbox 593 2194 798 2235; x_wconf 86' lang='lat' dir='ltr'><strong>dicendum,</strong></span> <span class='ocrx_word' id='word_1_390' title='bbox 821 2193 918 2239; x_wconf 88' lang='lat' dir='ltr'><strong>quod</strong></span> <span class='ocrx_word' id='word_1_391' title='bbox 942 2192 984 2226; x_wconf 84' lang='lat' dir='ltr'><strong>ad</strong></span> <span class='ocrx_word' id='word_1_392' title='bbox 1007 2193 1077 2226; x_wconf 88' lang='lat' dir='ltr'><strong>hoc</strong></span> <span class='ocrx_word' id='word_1_393' title='bbox 1101 2192 1197 2238; x_wconf 86' lang='lat' dir='ltr'><strong>quod</strong></span> <span class='ocrx_word' id='word_1_394' title='bbox 1222 2191 1350 2238; x_wconf 87' lang='lat' dir='ltr'><strong>aliquis</strong></span> <span class='ocrx_word' id='word_1_395' title='bbox 1372 2191 1582 2235; x_wconf 80' lang='lat' dir='ltr'><strong>delectetur,</strong></span> <span class='ocrx_word' id='word_1_396' title='bbox 1603 2203 1677 2227; x_wconf 91' lang='lat' dir='ltr'><strong>non</strong></span> <span class='ocrx_word' id='word_1_397' title='bbox 1696 2193 1811 2239; x_wconf 87' lang='lat' dir='ltr'><strong>requi-</strong></span> 
     </span>
     <span class='ocr_line' id='line_1_39' title="bbox 247 2245 1810 2294; baseline 0 -12"><span class='ocrx_word' id='word_1_398' title='bbox 247 2249 346 2290; x_wconf 88' lang='lat' dir='ltr'><strong>ritur,</strong></span> <span class='ocrx_word' id='word_1_399' title='bbox 370 2248 466 2294; x_wconf 89' lang='lat' dir='ltr'><strong>quod</strong></span> <span class='ocrx_word' id='word_1_400' title='bbox 490 2248 613 2281; x_wconf 84' lang='lat' dir='ltr'><strong>omnia</strong></span> <span class='ocrx_word' id='word_1_401' title='bbox 636 2254 889 2293; x_wconf 73' lang='lat' dir='ltr'><strong>consequatur,</strong></span> <span class='ocrx_word' id='word_1_402' title='bbox 913 2257 1004 2292; x_wconf 88' lang='lat' dir='ltr'><strong>quae</strong></span> <span class='ocrx_word' id='word_1_403' title='bbox 1028 2246 1267 2292; x_wconf 87' lang='lat' dir='ltr'><strong>concupiscit;</strong></span> <span class='ocrx_word' id='word_1_404' title='bbox 1290 2246 1351 2280; x_wconf 90' lang='lat' dir='ltr'><strong>sed</strong></span> <span class='ocrx_word' id='word_1_405' title='bbox 1371 2245 1468 2292; x_wconf 89' lang='lat' dir='ltr'><strong>quod</strong></span> <span class='ocrx_word' id='word_1_406' title='bbox 1486 2246 1522 2279; x_wconf 90' lang='lat' dir='ltr'><strong>in</strong></span> <span class='ocrx_word' id='word_1_407' title='bbox 1545 2246 1706 2292; x_wconf 89' lang='lat' dir='ltr'><strong>quolibet</strong></span> <span class='ocrx_word' id='word_1_408' title='bbox 1727 2258 1810 2282; x_wconf 92' lang='lat' dir='ltr'><strong>con-</strong></span> 
     </span>
     <span class='ocr_line' id='line_1_40' title="bbox 248 2299 1607 2349; baseline -0.001 -13"><span class='ocrx_word' id='word_1_409' title='bbox 248 2302 380 2349; x_wconf 86' lang='lat' dir='ltr'><strong>cupito,</strong></span> <span class='ocrx_word' id='word_1_410' title='bbox 403 2301 496 2348; x_wconf 87' lang='lat' dir='ltr'><strong>quod</strong></span> <span class='ocrx_word' id='word_1_411' title='bbox 522 2301 763 2347; x_wconf 88' lang='lat' dir='ltr'><strong>consequitur,</strong></span> <span class='ocrx_word' id='word_1_412' title='bbox 786 2299 984 2334; x_wconf 85' lang='lat' dir='ltr'><strong>delectetur</strong></span> <span class='ocrx_word' id='word_1_413' title='bbox 1008 2299 1070 2345; x_wconf 84' lang='lat' dir='ltr'><strong>[al.</strong></span> <span class='ocrx_word' id='word_1_414' title='bbox 1092 2299 1143 2334; x_wconf 63' lang='lat' dir='ltr'><strong>sed</strong></span> <span class='ocrx_word' id='word_1_415' title='bbox 1158 2301 1190 2333; x_wconf 83' lang='lat' dir='ltr'><strong>in</strong></span> <span class='ocrx_word' id='word_1_416' title='bbox 1206 2299 1380 2345; x_wconf 75' lang='lat' dir='ltr'><strong>quolibet...</strong></span> <span class='ocrx_word' id='word_1_417' title='bbox 1403 2299 1607 2346; x_wconf 63' lang='lat' dir='ltr'><strong>delectatur}</strong></span> 
     </span>
    </p>
   </div>
   <div class='ocr_carea' id='block_1_3' title="bbox 733 2504 1321 2566">
    <p class='ocr_par' dir='ltr' id='par_1_7' title="bbox 733 2504 1321 2566">
     <span class='ocr_line' id='line_1_41' title="bbox 733 2504 1321 2566; baseline -0.003 -13"><span class='ocrx_word' id='word_1_418' title='bbox 733 2505 1088 2566; x_wconf 74' lang='lat' dir='ltr'><strong>QUAESTIO</strong></span> <span class='ocrx_word' id='word_1_419' title='bbox 1130 2504 1321 2552; x_wconf 85' lang='lat' dir='ltr'>XXXI.</span> 
     </span>
    </p>
   </div>
   <div class='ocr_carea' id='block_1_4' title="bbox 246 2623 1801 2662">
    <p class='ocr_par' dir='ltr' id='par_1_8' title="bbox 246 2623 1801 2662">
     <span class='ocr_line' id='line_1_42' title="bbox 246 2623 1801 2662; baseline 0 -7"><span class='ocrx_word' id='word_1_420' title='bbox 246 2626 307 2655; x_wconf 82' lang='lat' dir='ltr'><strong>DE</strong></span> <span class='ocrx_word' id='word_1_421' title='bbox 336 2623 701 2656; x_wconf 74' lang='lat' dir='ltr'><strong>DELECTA&#39;I&#39;IONE</strong></span> <span class='ocrx_word' id='word_1_422' title='bbox 729 2624 989 2654; x_wconf 65' lang='lat' dir='ltr'>SECUNDUM</span> <span class='ocrx_word' id='word_1_423' title='bbox 1017 2624 1084 2662; x_wconf 58' lang='lat' dir='ltr'><strong>SE,</strong></span> <span class='ocrx_word' id='word_1_424' title='bbox 1115 2624 1164 2654; x_wconf 80' lang='lat' dir='ltr'><strong>IN</strong></span> <span class='ocrx_word' id='word_1_425' title='bbox 1193 2623 1314 2654; x_wconf 79' lang='lat' dir='ltr'>OCTO</span> <span class='ocrx_word' id='word_1_426' title='bbox 1339 2623 1601 2656; x_wconf 79' lang='lat' dir='ltr'><strong>ARTICULOS</strong></span> <span class='ocrx_word' id='word_1_427' title='bbox 1627 2623 1801 2655; x_wconf 79' lang='lat' dir='ltr'><strong>DIVISA.</strong></span> 
     </span>
    </p>
   </div>
   <div class='ocr_carea' id='block_1_5' title="bbox 244 2729 1804 2937">
    <p class='ocr_par' dir='ltr' id='par_1_9' title="bbox 315 2729 1430 2770">
     <span class='ocr_line' id='line_1_43' title="bbox 315 2729 1430 2770; baseline -0.001 -6"><span class='ocrx_word' id='word_1_428' title='bbox 315 2730 456 2764; x_wconf 89' lang='lat' dir='ltr'><strong>Deinde</strong></span> <span class='ocrx_word' id='word_1_429' title='bbox 481 2729 785 2764; x_wconf 82' lang='lat' dir='ltr'><strong>considerandum</strong></span> <span class='ocrx_word' id='word_1_430' title='bbox 809 2737 861 2763; x_wconf 82' lang='lat' dir='ltr'><strong>est</strong></span> <span class='ocrx_word' id='word_1_431' title='bbox 884 2729 925 2763; x_wconf 89' lang='lat' dir='ltr'><strong>de</strong></span> <span class='ocrx_word' id='word_1_432' title='bbox 949 2729 1201 2770; x_wconf 68' lang='lat' dir='ltr'><strong>delectatione,</strong></span> <span class='ocrx_word' id='word_1_433' title='bbox 1225 2736 1258 2763; x_wconf 89' lang='lat' dir='ltr'><strong>et</strong></span> <span class='ocrx_word' id='word_1_434' title='bbox 1280 2729 1430 2763; x_wconf 80' lang='lat' dir='ltr'><strong>tristitia.</strong></span> 
     </span>
    </p>

    <p class='ocr_par' dir='ltr' id='par_1_10' title="bbox 244 2782 1804 2937">
     <span class='ocr_line' id='line_1_44' title="bbox 315 2782 1804 2830; baseline 0 -13"><span class='ocrx_word' id='word_1_435' title='bbox 315 2784 420 2817; x_wconf 81' lang='lat' dir='ltr'><strong>Circa</strong></span> <span class='ocrx_word' id='word_1_436' title='bbox 437 2783 716 2818; x_wconf 74' lang='lat' dir='ltr'><strong>delectationem</strong></span> <span class='ocrx_word' id='word_1_437' title='bbox 732 2794 817 2816; x_wconf 78' lang='lat' dir='ltr'><strong>vero</strong></span> <span class='ocrx_word' id='word_1_438' title='bbox 834 2783 1095 2816; x_wconf 70' lang='lat' dir='ltr'><strong>consideranda</strong></span> <span class='ocrx_word' id='word_1_439' title='bbox 1112 2791 1192 2817; x_wconf 85' lang='lat' dir='ltr'><strong>sunt</strong></span> <span class='ocrx_word' id='word_1_440' title='bbox 1207 2788 1366 2828; x_wconf 66' lang='lat' dir='ltr'><strong>quatuor:</strong></span> <span class='ocrx_word' id='word_1_441' title='bbox 1378 2784 1491 2830; x_wconf 79' lang='lat' dir='ltr'><strong>primo</strong></span> <span class='ocrx_word' id='word_1_442' title='bbox 1507 2782 1550 2817; x_wconf 88' lang='lat' dir='ltr'><strong>de</strong></span> <span class='ocrx_word' id='word_1_443' title='bbox 1564 2783 1640 2829; x_wconf 81' lang='lat' dir='ltr'><strong>ipsa</strong></span> <span class='ocrx_word' id='word_1_444' title='bbox 1653 2782 1804 2817; x_wconf 83' lang='lat' dir='ltr'><strong>delecta-</strong></span> 
     </span>
     <span class='ocr_line' id='line_1_45' title="bbox 244 2835 1802 2882; baseline 0.001 -12"><span class='ocrx_word' id='word_1_445' title='bbox 244 2838 341 2871; x_wconf 87' lang='lat' dir='ltr'><strong>tione</strong></span> <span class='ocrx_word' id='word_1_446' title='bbox 364 2837 563 2871; x_wconf 84' lang='lat' dir='ltr'><strong>secundum</strong></span> <span class='ocrx_word' id='word_1_447' title='bbox 587 2849 642 2871; x_wconf 86' lang='lat' dir='ltr'><strong>se:</strong></span> <span class='ocrx_word' id='word_1_448' title='bbox 666 2836 801 2871; x_wconf 62' lang='lat' dir='ltr'><strong>serundo</strong></span> <span class='ocrx_word' id='word_1_449' title='bbox 825 2836 866 2870; x_wconf 88' lang='lat' dir='ltr'><strong>de</strong></span> <span class='ocrx_word' id='word_1_450' title='bbox 891 2837 1006 2870; x_wconf 75' lang='lat' dir='ltr'><strong>causis</strong></span> <span class='ocrx_word' id='word_1_451' title='bbox 1029 2836 1297 2871; x_wconf 75' lang='lat' dir='ltr'><strong>delectationis:</strong></span> <span class='ocrx_word' id='word_1_452' title='bbox 1322 2837 1413 2871; x_wconf 66' lang='lat' dir='ltr'><strong>tertio</strong></span> <span class='ocrx_word' id='word_1_453' title='bbox 1436 2836 1478 2871; x_wconf 93' lang='lat' dir='ltr'><strong>de</strong></span> <span class='ocrx_word' id='word_1_454' title='bbox 1503 2835 1688 2871; x_wconf 82' lang='lat' dir='ltr'><strong>effectibus</strong></span> <span class='ocrx_word' id='word_1_455' title='bbox 1709 2837 1802 2882; x_wconf 87' lang='lat' dir='ltr'><strong>ejus:</strong></span> 
     </span>
     <span class='ocr_line' id='line_1_46' title="bbox 244 2889 978 2937; baseline -0.003 -12"><span class='ocrx_word' id='word_1_456' title='bbox 244 2896 361 2937; x_wconf 67' lang='lat' dir='ltr'><strong>quarto</strong></span> <span class='ocrx_word' id='word_1_457' title='bbox 385 2891 427 2925; x_wconf 89' lang='lat' dir='ltr'><strong>de</strong></span> <span class='ocrx_word' id='word_1_458' title='bbox 450 2891 620 2933; x_wconf 75' lang='lat' dir='ltr'><strong>bonitate,</strong></span> <span class='ocrx_word' id='word_1_459' title='bbox 644 2899 678 2925; x_wconf 89' lang='lat' dir='ltr'><strong>et</strong></span> <span class='ocrx_word' id='word_1_460' title='bbox 701 2889 836 2924; x_wconf 69' lang='lat' dir='ltr'><strong>malitia</strong></span> <span class='ocrx_word' id='word_1_461' title='bbox 860 2890 978 2936; x_wconf 85' lang='lat' dir='ltr'><strong>ipsius.</strong></span> 
     </span>
    </p>
   </div>
  </div>
 </body>
</html>
