1907 3198
517 162 741 198 QUAESTIO
775 162 860 191 LIV.
895 161 1144 191 ARTICULUS
1178 161 1235 190 IV.
1577 161 1661 204 377

156 244 388 280 Rnsponnzo
410 244 619 287 dicendum,
653 244 750 291 quod
785 244 929 279 habitus
952 244 996 278 ad
1018 243 1272 290 operationem
1307 243 1504 286 ordinatus,
1527 243 1570 277 de
1592 253 1665 289 quo

84 310 181 334 nunc
202 298 447 346 principaliter
468 299 703 341 intendimus,
726 307 780 334 est
800 297 975 345 perfectio
991 298 1170 344 quaedam
1187 297 1390 344 potentiae:
1408 297 1528 331 omnis
1544 305 1665 330 autem

83 352 258 400 perfectio
280 353 578 400 proportionatur
599 364 665 388 suo
688 352 921 399 perfectibili3
949 352 1043 386 unde
1077 352 1170 386 sicut
1203 352 1375 398 potentia,
1411 362 1495 384 cum
1518 351 1561 385 sit
1584 362 1666 392 una,

84 407 129 442 ad
150 406 265 442 multa
286 418 324 442 se
346 407 515 449 extendit,
537 407 740 441 secundum
763 407 860 453 quod
883 406 1108 441 conveniunt
1128 406 1164 440 in
1188 416 1260 439 uno
1284 405 1418 451 aliquo,
1440 405 1533 439 idest
1554 405 1590 438 in
1610 416 1668 450 ge—

83 460 197 496 nerali
217 461 376 507 quadam
398 461 539 495 ratione
561 461 712 507 objecti:
736 461 785 495 ita
804 461 914 495 etiam
933 460 1077 494 habitus
1097 459 1141 492 ad
1163 458 1277 493 multa
1296 470 1333 493 se
1353 458 1523 500 extendit,
1543 469 1669 492 secun-

83 515 171 550 dum
191 514 290 562 quod
311 514 447 550 habent
467 515 635 550 ordinem
659 515 702 549 ad
726 514 873 561 aliquod
897 525 1029 555 unum;
1060 522 1146 560 puta
1174 513 1217 547 ad
1245 524 1357 546 unam
1385 511 1583 559 specialem
1610 523 1667 546 ra-

81 569 222 604 tionem
243 569 388 615 objecti,
410 568 470 603 vel
491 580 603 603 unam
625 577 805 610 naturam,
828 567 887 603 vel
908 579 1023 602 unum
1044 567 1276 614 principium,
1301 574 1337 601 ut
1364 578 1407 600 ex
1429 577 1537 613 supra
1560 566 1664 600 dictis

82 631 182 671 patet
202 622 281 668 (art.
304 635 336 659 2.
357 623 428 669 huj.
450 624 513 669 q.);
537 623 567 658 si
589 623 697 670 igitur
719 623 995 657 consideremus
1016 621 1182 655 habitum
1205 621 1408 655 secundum
1430 631 1484 662 ea,
1507 620 1550 654 ad
1574 631 1666 666 quae

81 688 120 712 se
141 677 313 720 extendit,
333 677 385 712 sic
406 677 636 711 inveniemus
654 677 690 711 in
710 687 754 711 eo
770 676 969 723 quamdam
983 674 1310 722 multiplicitatem:
1327 674 1388 709 sed
1404 674 1486 721 quia
1503 673 1563 708 illa
1578 673 1669 708 mul-

79 730 252 778 tiplicitas
273 738 328 766 est
347 731 513 766 ordinata
535 731 580 766 ad
602 730 738 777 aliquid
757 742 883 772 unum,
903 730 947 764 ad
966 729 1064 777 quod
1082 728 1329 776 principaliter
1348 729 1492 775 respicit
1510 728 1667 770 habitus,

82 784 166 820 inde
188 792 253 827 est,
273 784 372 832 quod
394 785 538 820 habitus
560 793 614 819 est
635 784 789 832 qualitas
812 783 966 831 simplex
986 794 1061 818 non
1092 783 1288 818 constituta
1311 794 1353 817 ex
1375 782 1537 829 pluribus
1565 782 1666 816 habi-

82 838 189 881 tibus,
210 837 354 874 etiamsi
376 838 420 873 ad
442 838 558 873 multa
579 850 616 873 se
639 838 824 873 extendat:
848 849 922 873 non
954 839 1052 872 enirn
1082 849 1174 872 unus
1208 837 1352 871 habitus
1375 848 1412 871 se
1440 836 1601 871 extendit
1622 836 1666 870 ad

84 892 210 936 multa,
230 893 300 928 nisi
319 893 357 928 in
379 893 505 928 ordine
529 893 572 928 ad
595 904 721 935 unum,
745 904 787 927 ex
809 904 881 939 quo
904 892 1014 927 habet
1036 892 1225 926 unitatem.

153 946 215 982 AD
235 957 386 982 PR1MUM
409 958 497 993 ergo
521 946 729 988 dicendum,
756 946 854 993 quod
876 946 1062 981 successio
1084 946 1120 980 in
1144 945 1380 992 generatione
1410 944 1555 979 habitus
1589 955 1664 978 non

81 999 261 1046 contingit
280 1011 324 1035 ex
344 1000 430 1043 hoc,
452 1000 550 1047 quod
565 1012 646 1047 pars
662 1002 739 1046 ejus
754 1008 948 1047 generetur
969 1008 1051 1047 post
1073 1009 1235 1046 partem3
1258 999 1319 1034 sed
1342 1010 1385 1033 ex
1408 1010 1452 1033 eo
1471 998 1570 1045 quod
1589 998 1668 1032 sub-

79 1054 216 1101 jectum
236 1064 311 1088 non
333 1053 456 1088 statim
491 1053 726 1100 consequitur
759 1054 1038 1100 dispositionem
1066 1053 1223 1095 firmam,
1246 1061 1281 1087 et
1302 1052 1449 1087 difficile
1471 1051 1666 1095 mobilem;

81 1117 118 1144 et
137 1119 181 1144 ex
201 1119 246 1144 eo
268 1108 368 1155 quod
388 1108 509 1155 primo
524 1107 735 1155 imperfecte
751 1109 878 1155 incipit
896 1120 974 1143 esse
989 1108 1026 1143 in
1041 1108 1217 1154 subjecto,
1233 1115 1267 1142 et
1281 1106 1458 1154 paulatim
1471 1106 1666 1154 perficitur,

81 1162 175 1198 sicut
193 1161 304 1198 etiam
326 1169 381 1197 est
401 1162 446 1197 de
469 1161 548 1197 aliis
570 1162 814 1209 qualitatibus.

152 1216 212 1252 An
233 1226 443 1252 SECUNDUM
465 1216 674 1258 dicendum,
695 1216 794 1263 quod
816 1224 948 1262 partes,
971 1227 1064 1263 quae
1094 1215 1245 1263 singulis
1280 1216 1471 1250 virtutibus
1506 1215 1668 1250 cardina-

80 1269 174 1306 libus
193 1269 435 1318 assignantur,
456 1281 532 1304 non
553 1277 637 1304 sunt
657 1277 777 1317 partes
798 1269 1007 1316 integrales,
1027 1281 1070 1304 ex
1097 1270 1227 1316 quibus
1261 1271 1501 1304 constituatur
1534 1278 1666 1311 totum,

82 1322 145 1360 sed
164 1331 285 1371 partes
313 1323 549 1370 subjectivae,
582 1325 659 1359 sive
692 1323 922 1370 potentiales,
942 1332 980 1358 ut
1001 1322 1094 1358 infra
1128 1323 1264 1370 patebit
1285 1324 1333 1370 (q.
1351 1335 1403 1370 57.
1426 1329 1490 1358 art.
1514 1324 1547 1359 6.
1569 1323 1612 1358 ad
1632 1335 1665 1368 4.

81 1381 112 1414 cl
127 1389 195 1414 2-2.
215 1389 247 1425 q.
271 1377 360 1424 48.).

150 1431 212 1468 AD
234 1441 408 1468 TERTIUM
428 1431 637 1475 dicendum,
660 1432 758 1479 quod
779 1431 852 1474 ille,
875 1432 937 1479 qui
958 1432 995 1466 in
1018 1431 1139 1479 aliqua
1161 1432 1313 1467 scientia
1346 1432 1502 1478 acquirit
1522 1443 1587 1479 per
1609 1432 1666 1466 de-

79 1486 386 1522 monstrationem
406 1486 599 1521 scientiam
621 1485 871 1521 conclusionis
890 1486 1008 1530 unius,
1027 1486 1137 1521 habet
1156 1486 1304 1533 quidem
1323 1486 1501 1529 habiturn,
1521 1486 1582 1520 sed
1602 1485 1667 1519 im-

78 1539 254 1589 perfecte:
274 1551 360 1575 cum
381 1551 469 1575 vero
492 1540 647 1587 acquirit
667 1552 732 1587 per
759 1539 871 1574 aliam
905 1540 1261 1575 demonstrationem
1292 1541 1483 1575 scientiam
1519 1539 1666 1575 conclu-

79 1594 193 1630 sionis
214 1593 374 1637 alterius‚
394 1605 471 1629 non
493 1603 736 1641 aggeneratur
756 1594 794 1628 in
816 1605 860 1629 eo
884 1593 974 1629 alius
996 1594 1163 1637 habitus;
1191 1594 1254 1629 sed
1282 1594 1438 1637 habitus,
1474 1594 1535 1641 qui
1567 1594 1665 1640 prius

78 1648 207 1692 inerat,
228 1647 268 1684 fit
288 1647 494 1696 perfectior,
516 1657 641 1695 utpote
665 1649 710 1683 ad
731 1648 835 1696 plura
857 1660 895 1683 se
918 1648 1128 1691 extendens,
1151 1660 1194 1683 eo
1218 1649 1317 1695 quod
1340 1648 1611 1691 conclusiones,
1630 1656 1666 1682 et

78 1702 411 1738 demonstrationes
432 1702 540 1738 unius
561 1702 736 1738 scientiae
758 1703 946 1737 ordinatae
969 1711 1069 1746 sunt;
1092 1711 1127 1738 et
1148 1714 1220 1737 una
1242 1703 1426 1738 derivatur
1449 1715 1491 1738 ex
1515 1702 1596 1737 alia.

619 1931 979 1994 QUAESTIO
1021 1933 1126 1980 LV.

253 2055 319 2088 DE
345 2055 632 2088 VIRTUTIBUS
659 2055 898 2097 QUANTUM
925 2056 991 2088 AD
1018 2057 1186 2089 EARUM
1213 2057 1482 2096 ESSENTIAS,

462 2127 514 2159 IN
541 2127 772 2169 QUATUOR
799 2127 1064 2161 ARTICULOS
1090 2129 1268 2162 DIVISA.

151 2239 433 2288 Consequenter
454 2240 763 2276 considerandum
785 2248 839 2275 est
860 2240 904 2275 de
918 2240 1101 2276 habitibus
1115 2241 1151 2276 in
1167 2241 1334 2289 speciali;
1354 2249 1389 2276 et
1403 2241 1487 2289 quia
1506 2241 1662 2283 habitus,

79 2301 119 2329 ut
138 2294 278 2330 dictum
299 2302 354 2330 est
376 2293 422 2342 (q.
440 2301 557 2343 praec.
579 2299 644 2329 art.
664 2296 724 2341 3.),
752 2294 1024 2341 distinguuntur
1046 2307 1111 2342 per
1131 2296 1283 2338 bonum,
1307 2305 1342 2330 et
1363 2295 1524 2338 malum;
1547 2297 1662 2343 primo

7 2363 17 2386 .·
77 2342 275 2384 dicendu'm
295 2357 350 2384 est
370 2347 414 2383 de
435 2347 617 2384 habitibus
638 2348 756 2390 bonis,
789 2349 851 2395 qui
873 2357 956 2384 sunt
976 2349 1138 2392 virtutes,
1159 2357 1194 2384 et
1217 2349 1286 2384 alia
1310 2350 1360 2384 eis
1389 2349 1570 2395 adjuncta,
1598 2349 1665 2384 sci-

21 2407 25 2412 '
78 2399 165 2437 licet
177 2401 286 2445 dona,
301 2402 556 2445 beatitudines,
572 2411 606 2438 et
619 2401 775 2446 fructus;
797 2402 935 2438 secundo
952 2403 996 2437 de
1012 2403 1193 2438 habitibus
1213 2404 1331 2446 malis,
1346 2403 1484 2438 scilicet
1498 2404 1542 2439 de
1558 2404 1664 2446 vitiis,

16 2471 25 2482 ν
80 2456 296 2504 etpeccatis.
320 2455 430 2492 Circa
445 2456 595 2491 virtutes
611 2464 732 2491 autem
748 2457 890 2503 quinque
910 2457 1175 2492 consideranda
1199 2466 1300 2493 sunt:
1317 2460 1432 2506 primo
1449 2458 1492 2492 de
1508 2458 1664 2492 essentia

78 2508 238 2545 virtutis:
259 2510 398 2546 secundo
412 2510 457 2545 de
471 2510 636 2556 subjecto
651 2511 747 2556 ejus:
768 2512 862 2546 lertio
880 2511 923 2545 de
942 2511 1120 2546 divisione
1139 2512 1333 2547 virtutum:
1356 2518 1476 2559 quarto
1491 2512 1534 2546 de
1555 2523 1663 2546 causa

19 2558 30 2598 s
78 2562 238 2599 virtutis:
260 2565 376 2611 quinto
398 2564 443 2599 de
465 2564 682 2612 quibusdam
705 2565 985 2611 proprietatibus
1007 2565 1158 2600 virtutis.

532 2654 635 2690 Circa
653 2655 806 2701 primum
828 2660 1037 2702 quaeruntur
1057 2661 1215 2702 quatuor.

151 2723 290 2760 Primo.
317 2723 451 2760 Utrum
472 2725 586 2760 virtus
608 2725 770 2760 humana
793 2726 837 2760 sit
859 2726 1014 2761 habitus.

153 2777 336 2831 Secundo.
365 2778 499 2814 Utrum
521 2780 565 2813 sit
587 2779 731 2814 habitus
753 2781 972 2826 operativus.

153 2829 294 2868 Tertio.
320 2832 456 2868 Utrum
478 2833 524 2868 sit
544 2833 688 2868 habitus
710 2833 838 2869 bonus.

154 2883 310 2928 Quarto.
337 2886 395 2922 De
416 2885 628 2922 definitione
651 2887 804 2924 virtutis.
