1907 3198
541 171 764 207 QUAESTIO
798 171 883 202 LXI.
917 171 1165 202 ARTICULUS
1199 171 1226 201 Ι.
1587 172 1669 216 421

98 255 145 302 (q.
162 255 216 302 56.
239 259 304 290 art.
322 255 381 301 3.),
404 253 606 289 secundum
634 253 833 300 perfectam
860 255 1042 288 rationem
1068 253 1210 288 virtutis
1237 252 1379 296 dicitur,
1407 265 1500 300 quae
1527 254 1676 301 requirit

95 309 349 344 rectitudinem
371 308 567 355 appetitus;
590 308 802 353 hujusmodi
831 307 930 342 enim
952 307 1063 342 virtus
1093 319 1168 342 non
1199 307 1320 342 solum
1347 307 1434 342 facit
1462 307 1675 342 facultatem

95 364 188 398 bene
207 363 349 410 agendi,
372 363 434 397 sed
457 364 575 409 ipsum
599 363 710 397 etiam
737 373 844 397 usum
865 362 953 396 boni
977 361 1096 409 operis
1124 370 1264 396 causat:
1293 361 1356 396 sed
1384 362 1586 396 secundum
1612 362 1678 396 irn-

96 416 293 465 perfectam
317 416 497 451 rationem
518 416 659 450 virtutis
682 416 813 450 dicitur
830 416 953 458 virtus,
972 427 1065 462 quae
1084 427 1159 450 non
1178 416 1327 462 requirit
1345 416 1600 451 rectitudinem
1620 427 1678 463 ap-

97 471 244 519 petitus;
275 471 359 518 quia
388 470 509 505 solum
539 469 625 504 facit
646 470 859 504 facultatem
889 470 982 505 bene
1013 470 1156 516 agendi,
1179 481 1253 504 non
1282 477 1406 504 autem
1437 480 1562 505 causat
1589 470 1678 505 boni

97 525 216 572 operis
238 536 364 560 usum:
389 532 531 559 constat
554 532 688 566 autem,
712 523 809 571 quod
832 523 1034 570 perfectum
1056 532 1109 558 est
1127 523 1362 570 principalius
1384 523 1620 571 imperfect03
1643 532 1679 559 et

97 579 179 614 ideo
209 579 370 621 virtutes,
402 590 495 625 quae
526 579 716 613 continent
744 578 1001 613 rectitudinem
1031 578 1221 624 appetitus,
1253 578 1421 612 dicuntur
1448 579 1676 626 principales:

97 633 309 679 hujusmodi
331 640 454 667 autem
476 640 559 667 sunt
575 632 725 667 virtutes
745 631 915 674 morales,
931 640 965 667 et
983 632 1075 666 inter
1093 631 1357 666 intellectuales
1376 631 1454 666 sola
1476 632 1678 678 prudentia,

97 698 190 734 quae
212 687 323 722 etiam
345 686 623 733 quodammodo
646 685 796 720 moralis
818 695 871 721 est
892 686 1095 721 secundum
1115 686 1320 728 materiam,
1343 694 1381 720 ut
1402 698 1444 720 ex
1463 686 1678 733 supradictis

98 749 197 788 patet
228 740 273 787 (q.
296 752 346 788 57.
374 745 440 776 art.
462 752 495 785 4.
519 745 547 775 et
568 753 597 787 q.
616 741 668 787 58.
692 746 756 775 art.
775 753 803 787 3.
827 740 869 775 ad
890 741 958 785 1.);
991 740 1085 774 unde
1116 740 1377 774 convenienter
1407 740 1501 775 inter
1529 741 1678 776 virtutes

98 794 257 830 morales
279 802 463 841 ponuntur
484 794 580 836 illae,
603 806 695 841 quae
718 794 887 828 dicuntur
909 794 1139 841 principales,
1161 806 1225 829 seu
1249 793 1461 829 cardinales.

170 849 231 884 AD
253 859 403 884 PRIMUM
425 859 514 895 ergo
537 848 745 890 dicendum,
768 848 866 894 quod
897 848 1043 895 quando
1074 860 1190 895 genus
1221 850 1421 883 univocum
1451 848 1621 883 dividitur
1642 850 1678 884 in

97 913 180 938 suas
203 903 354 950 species,
376 911 462 937 tunc
486 910 605 949 partes
628 902 817 937 divisionis
840 914 882 937 ex
905 914 1022 949 aequo
1046 914 1083 937 se
1106 903 1239 937 habent
1267 903 1468 937 secundum
1497 903 1678 938 rationem

99 957 258 1004 generis;
279 956 366 991 licet
382 957 584 991 secundum
604 965 773 991 naturam
792 957 844 991 rei
863 968 934 990 una
953 957 1093 1004 species
1108 957 1152 991 sit
1171 956 1416 1003 principalior,
1433 965 1468 991 et
1485 956 1680 1004 perfectior

99 1011 189 1054 alia3
210 1011 303 1046 sicut
323 1011 440 1046 homo
473 1010 551 1046 aliis
580 1010 814 1046 animalibus:
844 1011 906 1046 sed
938 1012 1084 1058 quando
1108 1019 1161 1046 est
1182 1011 1312 1045 divisio
1344 1010 1496 1057 alicujus
1519 1011 1679 1057 analogi,

98 1065 196 1112 quod
224 1065 355 1100 dicitur
382 1065 426 1099 de
457 1064 617 1112 pluribus
648 1065 849 1100 secundum
875 1066 985 1112 prius,
1016 1073 1051 1100 et
1075 1067 1248 1112 posterius,
1277 1073 1362 1099 tunc
1389 1065 1481 1099 nihil
1513 1066 1681 1112 prohibet

98 1131 212 1154 unum
236 1130 314 1154 esse
336 1118 570 1166 principalius
591 1119 717 1162 altero,
740 1120 850 1154 etiam
873 1119 1077 1154 secundum
1100 1131 1339 1153 communem
1362 1120 1559 1154 rationem:
1588 1120 1681 1155 sicut

99 1173 298 1209 substantia
320 1173 554 1220 principalius
569 1174 698 1208 dicitur
713 1185 788 1215 ens,
804 1185 913 1220 quam
930 1173 1118 1215 accidens3
1142 1181 1177 1207 et
1197 1173 1278 1208 talis
1295 1182 1348 1208 est
1362 1173 1490 1208 divisio
1505 1174 1680 1209 virtutum

98 1228 136 1262 in
158 1228 299 1262 diversa
322 1239 457 1274 genera
479 1228 665 1270 virtutum,
681 1228 838 1274 eoquod
861 1228 998 1261 bonum
1022 1228 1172 1262 rationis
1194 1239 1268 1262 non
1288 1228 1490 1262 secundum
1509 1229 1681 1263 eumdem

101 1281 268 1317 ordinem
290 1281 471 1316 invenitur
492 1281 528 1315 in
552 1282 735 1316 omnibus.

171 1335 232 1370 AD
255 1345 464 1370 SECUNDUM
486 1335 695 1377 dicendum,
718 1335 813 1382 quod
837 1335 987 1370 virtutes
1007 1335 1241 1381 theologicae
1257 1344 1340 1370 sunt
1355 1347 1461 1383 supra
1476 1336 1681 1380 hominem,

101 1396 140 1424 ut
159 1399 266 1435 supra
287 1388 427 1423 dictum
448 1396 502 1424 est
523 1389 571 1435 (q.
590 1390 642 1436 58.
666 1394 729 1424 art.
747 1402 774 1436 3.
799 1389 841 1423 ud
858 1390 926 1436 3.);
952 1389 1046 1424 unde
1068 1401 1143 1424 non
1165 1389 1308 1437 proprie
1336 1390 1506 1425 dicuntur
1531 1391 1681 1426 virtutes

100 1443 277 1485 humanae,
299 1442 362 1477 sed
383 1443 660 1490 superlmmanae,
684 1443 742 1477 vel
765 1443 911 1478 divinitu.

171 1496 232 1531 AD
255 1506 427 1532 TERTIUM
443 1497 651 1540 dicendum,
667 1498 764 1544 quod
787 1497 879 1532 aliae
902 1497 1050 1532 virtutes
1070 1497 1334 1532 intellectuales
1354 1510 1373 1532 a
1393 1498 1595 1545 prudentia,
1615 1499 1682 1534 etsi

99 1550 172 1586 sint
191 1549 476 1598 principaliores,
499 1563 610 1597 quam
632 1551 803 1594 morales,
826 1559 1004 1598 quantum
1034 1552 1078 1586 ad
1109 1552 1326 1598 subjectum,
1347 1563 1422 1587 non
1444 1562 1568 1588 tamen
1599 1561 1683 1588 sunt

100 1603 374 1652 principaliores
397 1613 575 1651 quantum
596 1605 641 1640 ad
667 1606 850 1640 rationem
871 1606 1023 1648 virtutis,
1046 1617 1139 1653 quae
1162 1606 1307 1653 respicit
1333 1607 1485 1650 bonum,
1509 1608 1606 1654 quod
1629 1615 1683 1642 est

101 1658 286 1706 objectum
309 1659 498 1706 appetitus.

669 1820 1018 1867 ARTICULUS
1054 1821 1110 1864 Π.
1616 1843 1679 1880 323

349 1941 504 1972 UTRUM
531 1942 629 1973 SINT
658 1943 874 1979 QUATUOR
900 1943 1117 1974 VIRTUTES
1146 1943 1435 1974 CARDINALES.

254 2042 358 2090 (Insr.
387 2054 417 2090 q.
446 2042 503 2078 66.
531 2047 596 2078 art.
625 2055 652 2078 1.
678 2048 707 2078 et
732 2055 765 2088 4.
793 2050 884 2091 corp.
911 2049 941 2079 et
967 2055 1032 2079 2-2.
1060 2043 1151 2078 Prol.
1179 2048 1207 2079 et
1233 2056 1261 2090 q.
1290 2055 1356 2090 123.
1384 2049 1448 2079 art.
1475 2056 1520 2079 Π.

423 2102 452 2132 et
469 2109 499 2144 q.
518 2097 593 2133 162.
616 2102 680 2132 art.
703 2108 733 2144 7.
757 2102 784 2132 et
802 2110 829 2144 3.
852 2099 941 2133 Dist.
960 2110 1004 2145 33.
1027 2110 1057 2144 q.
1080 2109 1111 2133 2.
1133 2103 1198 2133 art.
1221 2110 1249 2133 Ι.
1272 2110 1302 2144 q.
1321 2110 1349 2145 3.

552 2156 580 2186 et
608 2152 696 2187 Veri.
718 2163 748 2198 q.
772 2164 798 2187 ι.
821 2157 884 2186 art.
908 2164 938 2187 2.
961 2151 1004 2186 ced
1025 2164 1072 2199 25.
1094 2157 1124 2187 et
1145 2152 1231 2198 26.)-

173 2252 234 2288 AD
261 2263 471 2289 SECUNDUM
497 2254 547 2289 sic
579 2254 797 2301 proceditur.
828 2253 991 2297 Videtur,
1020 2255 1118 2301 quod
1152 2265 1227 2288 non
1254 2254 1325 2289 sint
1351 2262 1507 2301 quatuor
1533 2254 1683 2290 virtutes

102 2307 320 2343 cardinales:
343 2308 532 2355 prudentia
559 2309 657 2343 enim
685 2317 738 2344 est
761 2309 934 2343 directiva
961 2308 1114 2343 aliarum
1141 2309 1317 2343 virtutum
1340 2309 1549 2352 moralium,
1577 2317 1614 2344 ut
1641 2322 1683 2344 cx

102 2361 317 2409 supradictis
338 2370 437 2409 patet
462 2363 510 2409 (q.
530 2374 580 2410 57.
608 2368 672 2398 ιινι.
696 2375 728 2408 4.
757 2368 785 2398 at
808 2363 876 2409 5.).·
905 2363 965 2397 sed
992 2363 1040 2405 id,
1067 2363 1165 2410 quod
1192 2370 1244 2397 est
1272 2363 1487 2398 directivum
1515 2363 1683 2407 aliorum,

102 2414 336 2463 principalius
358 2424 430 2459 est,
453 2427 540 2463 ergo
563 2417 753 2464 prudentia
776 2416 854 2451 sola
877 2425 930 2452 est
950 2417 1063 2452 virtus
1085 2416 1304 2464 principalis.

175 2479 206 2504 2.
229 2469 467 2506 PRAETEREA.
490 2470 650 2506 Virtutes
668 2470 884 2518 principales
903 2479 986 2506 sunt
1000 2471 1123 2518 aliquo
1143 2471 1255 2505 modo
1271 2471 1449 2507 morales:
1464 2472 1527 2506 sed
1543 2472 1586 2506 ad
1602 2483 1684 2518 ope-

102 2524 262 2559 rationes
284 2524 442 2560 morales
463 2525 675 2560 ordinamur
693 2537 754 2572 per
776 2525 956 2560 rationem
972 2526 1183 2572 practicam,
1200 2533 1234 2559 et
1256 2526 1455 2572 appetitum
1475 2534 1628 2569 rectum,
1647 2534 1683 2560 ut

103 2578 233 2614 dicitur
254 2579 290 2613 in
313 2577 346 2614 6.
369 2579 485 2614 Ethic.
509 2578 602 2627 (cap.
625 2581 698 2625 2.),·
723 2591 810 2625 crgo
833 2579 934 2615 solae
957 2580 1048 2614 duae
1071 2580 1221 2614 virtutes
1244 2579 1446 2614 cardinales
1468 2589 1561 2614 sunt.

179 2644 207 2679 3.
230 2632 468 2669 PRAETEREA.
491 2634 588 2669 Inter
609 2634 697 2669 alias
720 2635 830 2668 etiam
851 2634 1000 2669 virtutes
1028 2645 1099 2668 una
1122 2642 1174 2668 est
1201 2634 1435 2680 principalior
1462 2633 1592 2668 altera:
1621 2635 1683 2669 sed

104 2686 148 2722 ad
182 2687 253 2722 hoc
281 2688 379 2734 quod
405 2687 517 2723 virtus
545 2688 683 2723 dicatur
710 2687 930 2735 principaliS,
957 2699 1032 2723 non
1059 2688 1250 2734 requiritur
1277 2689 1373 2734 quod
1401 2688 1447 2722 sit
1476 2688 1684 2735 principalis

103 2749 271 2788 respectu
293 2741 472 2785 omnium,
494 2742 557 2777 sed
580 2750 744 2789 respectu
773 2742 1035 2788 quarumdam;
1063 2754 1151 2789 ergo
1172 2742 1322 2784 videtur,
1350 2742 1447 2788 quod
1469 2742 1540 2777 sint
1566 2742 1682 2778 multo

103 2794 225 2842 plures
246 2795 463 2842 principales
485 2797 645 2832 virtutes.

177 2848 253 2884 SED
275 2859 431 2885 CONTRA
455 2858 519 2893 est,
538 2850 636 2898 quod
660 2850 814 2896 Gregor.
831 2850 916 2885 dicit
931 2852 966 2897 in
983 2861 1013 2885 2.
1033 2850 1162 2885 Moral.
1184 2850 1272 2898 (cap.
1292 2851 1347 2886 26.
1370 2851 1430 2885 cir.
1440 2851 1569 2897 princ.)
1585 2851 1683 2898 quod

103 2902 141 2938 in
163 2911 318 2951 quatuor
339 2904 529 2939 virtutibus
550 2913 625 2940 tota
647 2905 744 2939 bona
767 2903 829 2950 [al.
853 2906 946 2952 boni]
972 2905 1093 2953 operis
1114 2912 1294 2941 structura
1316 2904 1514 2951 consurgit.

249 2986 277 3014 S.
300 2987 424 3015 Tuomoe
445 2987 550 3015 Summa.
576 2987 738 3025 Theologica.
760 2988 824 3015 Vol.
848 2988 884 3015 11.
1501 2989 1533 3014 28
