1875 3198
200 195 284 237 820
629 205 850 241 QUAESTIO
885 205 1003 234 CVIII.
1037 203 1282 233 ARTICULUS
1315 204 1360 233 II.

269 298 302 331 4.
324 288 560 323 PRAETEREA.
584 287 624 321 In
645 287 758 321 veteri
780 287 860 331 lege
891 293 1030 332 praeter
1060 284 1225 326 moralia,
1257 291 1291 318 et
1313 283 1596 319 caeremonialia
1617 283 1762 325 fuerunt

198 342 377 388 quaedam
399 340 581 387 judicialia
612 347 823 386 praecepta:
846 339 909 373 sed
939 339 974 372 in
1005 338 1086 384 lege
1107 349 1204 372 nova
1224 349 1299 371 non
1320 337 1508 371 traduntur
1526 337 1647 384 aliqua
1671 337 1762 383 judi-

199 394 303 430 cialia
324 402 536 441 praecepta,
559 404 646 439 ergo
668 393 725 427 lex
746 403 842 426 nova
863 391 1121 426 insufficienter
1147 392 1325 425 exteriora
1347 402 1456 437 opera
1475 391 1666 425 ordinavit.

272 449 346 483 SED
370 458 526 483 CONTRA
538 455 601 489 est,
617 446 713 492 quod
732 445 914 479 Dominus
933 445 1019 479 dicit
1032 445 1159 478 Matth.
1176 455 1227 489 7.:
1246 445 1374 486 Omnis,
1391 446 1447 490 qui
1465 444 1557 479 audit
1573 445 1677 479 verba
1691 455 1764 478 mea

199 503 291 544 haec,
314 507 345 537 et
363 503 454 548 facit
471 513 520 543 ea,
545 500 782 534 assimilabitur
801 500 877 532 viro
912 500 1061 544 sapienti,
1096 499 1152 544 qui
1173 498 1364 543 aedificavit
1388 497 1522 532 domum
1546 509 1640 532 suam
1665 503 1764 544 supra

194 561 348 603 petram:
371 555 433 590 sed
454 555 596 601 sapiens
617 553 828 587 aedificator
848 551 939 585 nihil
961 551 1096 586 omittit
1117 563 1256 593 eorum,
1283 563 1375 597 quae
1394 559 1476 585 sunt
1495 551 1702 586 necessaria
1721 550 1765 584 ad

202 609 427 650 aedificium3
451 619 537 653 ergo
560 607 597 640 in
618 606 736 640 verbis
760 605 897 640 Christi
919 604 1137 639 sufficienter
1158 612 1241 639 sunt
1267 605 1391 639 omnia
1417 604 1546 651 posita,
1574 615 1666 651 quae
1692 614 1768 650 per-

201 663 315 697 tinent
337 663 380 696 ad
402 661 555 696 salutem
578 660 791 693 humanam.

276 716 506 750 REspon-:o
529 713 734 754 dicendum,
765 712 873 758 quod,
901 712 993 746 sicut
1019 711 1157 746 dictum
1188 718 1240 745 est
1264 711 1343 755 (art.
1362 711 1503 758 praec),
1527 710 1584 745 lex
1609 722 1706 745 nova
1732 711 1769 744 in

203 769 438 804 exterioribus
459 767 521 801 illa
543 767 663 801 solum
685 766 891 812 praecipere
914 765 1046 806 debuit,
1068 765 1125 799 vel
1146 764 1351 810 prohibere,
1372 776 1435 811 per
1452 765 1594 811 quaein
1615 765 1770 810 gratiam

203 822 478 863 introducimur,
500 820 558 854 vel
581 831 672 866 quae
694 820 874 865 pertinent
897 819 940 852 ad
962 826 1102 852 rectum
1126 819 1260 864 gratiae
1282 830 1389 852 usum
1412 829 1455 852 ex
1475 818 1712 852 necessitate:
1736 825 1772 852 et

204 877 287 923 quia
307 875 460 921 gratiam
483 886 525 908 ex
546 874 650 908 nobis
673 873 847 919 consequi
860 884 935 906 non
949 883 1155 919 possumus,
1171 872 1234 906 sed
1248 883 1312 918 per
1327 871 1517 906 Christum
1539 871 1672 914 solum,
1686 871 1770 905 ideo

206 931 454 970 Sacramenta,
489 939 551 974 per
585 938 676 973 quae
711 927 864 972 gratiam
900 926 1171 971 consequimur,
1204 925 1280 971 ipse
1311 925 1494 959 Dominus
1527 925 1681 959 instituit
1709 936 1772 971 per

207 984 378 1029 seipsum,
399 981 556 1016 scilicet:
580 980 818 1026 Baptismum,
849 979 1127 1021 Eucharistiam,
1161 979 1340 1014 Ordinem
1371 979 1622 1013 ministrorum
1655 990 1773 1013 novae

206 1037 308 1083 legis,
330 1035 550 1070 instituendo
565 1033 778 1080 Apostolos,
794 1041 829 1067 et
843 1033 1071 1079 septuaginta
1093 1033 1184 1066 duos
1207 1031 1416 1078 discipulos,
1436 1040 1471 1066 et
1491 1032 1773 1074 Poenitentiam,

208 1099 241 1125 et
271 1089 548 1124 Matrimonium
579 1087 814 1122 indivisibile:
847 1086 1178 1121 Confirmationem
1202 1086 1311 1120 etiam
1341 1086 1508 1131 promisit
1528 1097 1593 1132 per
1619 1085 1772 1132 Spiritus

208 1144 332 1178 Sancti
353 1142 585 1176 missionem:
609 1152 651 1175 ex
672 1142 748 1186 ejus
771 1140 882 1174 etiam
896 1140 1121 1174 institutione
1137 1138 1308 1185 Apostoli
1325 1139 1494 1185 leguntur
1509 1139 1592 1174 oleo
1609 1139 1774 1173 infirmos

210 1196 407 1242 unguendo
431 1206 589 1236 sanasse,
612 1202 651 1228 ut
671 1194 824 1228 habetur
845 1194 956 1228 Marc.
977 1192 1020 1235 6.,
1052 1205 1143 1239 quae
1171 1201 1254 1227 sunt
1271 1204 1389 1227 novae
1407 1192 1498 1239 legis
1525 1192 1774 1227 Sacramenta.

211 1251 346 1285 Rectus
369 1257 490 1283 autem
513 1248 649 1294 gratiae
664 1259 749 1282 usus
772 1255 825 1281 est
845 1258 908 1293 per
930 1258 1040 1293 opera
1063 1247 1267 1281 charitatis:
1289 1257 1381 1292 quae
1400 1246 1560 1292 quidem,
1573 1246 1776 1281 secundum

210 1304 306 1350 quod
329 1311 411 1337 sunt
432 1302 475 1336 de
497 1301 712 1336 necessitate
727 1301 878 1342 virtutis,
897 1300 1078 1347 pertinent
1091 1300 1134 1334 ad
1157 1308 1349 1346 praecepta
1365 1299 1530 1342 moralia,
1553 1311 1645 1346 quae
1668 1300 1779 1335 etiam

215 1358 251 1391 in
272 1356 384 1391 veteri
405 1355 485 1401 lege
513 1355 763 1397 tradebantur,
793 1354 888 1388 unde
915 1361 1090 1400 quantum
1121 1354 1165 1387 ad
1185 1354 1258 1388 hoc
1281 1353 1339 1388 lex
1367 1364 1466 1388 nova
1486 1365 1593 1399 super
1617 1361 1779 1388 veterem

213 1411 343 1445 addere
364 1421 439 1443 non
461 1409 584 1443 debuit
605 1409 701 1442 circa
723 1407 899 1442 exteriora
922 1407 1081 1453 agenda:
1101 1407 1354 1441 determinatio
1374 1414 1496 1441 autem
1510 1407 1780 1453 praedictorum

213 1476 365 1511 operum
384 1464 419 1497 in
440 1463 565 1497 ordine
589 1462 631 1496 ad
655 1461 793 1496 cultum
811 1461 881 1495 Dei
900 1461 1053 1507 pertinet
1075 1461 1117 1494 ad
1140 1469 1331 1507 praecepta
1363 1460 1643 1495 caeremonialia
1668 1460 1779 1506 legis;

215 1519 250 1552 in
273 1518 398 1552 ordine
419 1528 506 1551 vero
523 1516 566 1550 ad
588 1516 796 1562 proximum
812 1514 855 1548 ad
870 1513 1064 1559 judicialia,
1079 1522 1117 1548 ut
1131 1525 1237 1561 supra
1255 1514 1392 1548 dictum
1415 1521 1466 1548 est
1484 1515 1530 1560 (q.
1546 1525 1602 1561 99.
1621 1519 1686 1549 art.
1704 1515 1778 1560 4.);

213 1580 247 1606 et
269 1572 363 1613 ideo,
386 1570 469 1617 quia
490 1570 578 1604 istae
601 1568 920 1603 determinationes
942 1579 1016 1602 non
1039 1575 1122 1602 sunt
1148 1567 1349 1601 secundum
1370 1578 1408 1601 se
1431 1567 1474 1601 de
1495 1567 1710 1602 necessitate
1733 1568 1783 1601 in-

212 1625 354 1660 terioris
369 1624 517 1670 gratiae,
539 1624 575 1656 in
597 1634 667 1668 qua
688 1621 746 1656 lex
768 1621 942 1662 consistit,
962 1621 1098 1655 idcirco
1116 1632 1191 1655 non
1211 1621 1344 1655 cadunt
1362 1621 1426 1655 sub
1448 1628 1642 1667 praecepto
1664 1631 1782 1655 novae

213 1678 314 1725 legis,
337 1677 398 1712 sed
414 1677 664 1723 relinquuntur
685 1676 848 1709 humano
864 1675 1031 1717 arbitri03
1054 1674 1234 1720 quaedam
1260 1674 1407 1720 quidem
1433 1681 1609 1721 quantum
1635 1674 1680 1708 ad
1706 1674 1784 1709 sub-

214 1732 318 1774 ditos,
342 1742 433 1778 quae
452 1730 590 1765 scilicet
607 1729 786 1776 pertinent
808 1727 1021 1773 singillatim
1040 1729 1083 1762 ad
1102 1738 1419 1774 unumquemque;
1439 1728 1618 1774 quaedam
1632 1739 1720 1762 vero
1739 1728 1784 1762 ad

214 1785 394 1832 praelatos
415 1783 647 1830 temporales,
662 1782 719 1816 vel
734 1782 948 1828 spirituales,
963 1793 1055 1827 quae
1070 1781 1208 1815 scilicet
1221 1781 1402 1827 pertinent
1417 1781 1461 1815 ad
1476 1781 1668 1816 utilitatem
1687 1793 1786 1816 com-

215 1851 375 1874 munem.
399 1838 458 1872 Sic
481 1838 589 1884 igitur
614 1837 671 1871 lex
704 1848 801 1871 nova
827 1836 925 1870 nulla
949 1835 1018 1870 alia
1046 1836 1226 1870 exteriora
1253 1846 1364 1882 opera
1397 1836 1637 1871 determinare
1664 1836 1786 1871 debuit

215 1892 482 1940 praecipiendo,
503 1891 562 1926 vel
576 1890 811 1937 probibendo,
826 1890 894 1924 nisi
908 1897 1146 1931 sacramenta,
1169 1897 1204 1923 et
1229 1888 1385 1923 moralia
1398 1897 1601 1936 praecepta,
1628 1901 1720 1936 quae
1741 1889 1785 1924 de

216 1959 252 1982 se
275 1948 454 1994 pertinent
475 1945 518 1979 ad
534 1945 714 1979 rationem
735 1943 892 1986 virtutis3
914 1951 998 1989 puta
1014 1954 1088 1977 non
1110 1954 1189 1977 esse
1205 1943 1459 1985 occidendum,
1481 1954 1555 1978 non
1577 1954 1655 1978 esse
1671 1943 1787 1978 furan-

217 2001 315 2042 dum,
339 2008 373 2034 et
391 1999 460 2033 alia
478 1998 700 2044 hujusmodi.

289 2054 349 2088 AD
368 2063 517 2088 PRIMUM
539 2063 627 2097 ergo
650 2051 856 2092 dicendum,
879 2050 975 2097 quod
998 2061 1040 2084 ea
1061 2061 1154 2096 quae
1168 2058 1251 2085 sunt
1271 2049 1366 2093 fidei,
1388 2058 1470 2085 sunt
1483 2062 1590 2098 supra
1608 2051 1787 2086 rationem

218 2109 436 2148 humanam3
459 2106 554 2140 unde
575 2106 611 2139 in
634 2117 675 2139 ea
702 2116 776 2139 non
807 2115 1001 2151 possumus
1028 2104 1226 2150 pervenire,
1252 2103 1322 2138 nisi
1346 2115 1409 2150 per
1435 2104 1609 2151 gratiam3
1631 2112 1666 2139 et
1692 2105 1787 2147 ideo,

221 2160 473 2195 abundantiori
494 2159 608 2205 gratia
630 2158 918 2204 superveniente,
941 2157 1101 2204 oportuit
1121 2156 1223 2203 plura
1245 2157 1425 2192 credenda
1447 2157 1636 2204 explicari:
1659 2158 1722 2193 sed
1743 2158 1788 2192 ad

221 2226 330 2261 opera
351 2214 524 2248 virtutum
546 2212 734 2258 dirigimur
752 2223 815 2258 per
836 2212 1016 2245 rationem
1037 2210 1251 2253 naturalem,
1274 2222 1366 2257 quae
1388 2219 1442 2246 est
1462 2211 1586 2258 regula
1609 2212 1789 2259 quaedam

222 2267 442 2315 operationis
463 2267 658 2307 humanae,
681 2273 719 2299 ut
745 2276 851 2311 supra
878 2265 1016 2299 dictum
1044 2272 1098 2299 est
1120 2264 1165 2310 (q.
1187 2276 1238 2310 19.
1258 2269 1322 2299 art.
1341 2277 1369 2311 3.
1391 2269 1421 2300 et
1441 2277 1471 2311 q.
1493 2266 1542 2312 63.
1564 2270 1632 2301 art.
1657 2267 1726 2312 2.),·
1754 2273 1790 2300 et

222 2323 303 2357 ideo
326 2322 361 2355 in
383 2321 439 2354 his
462 2331 536 2354 non
551 2319 711 2366 oportuit
733 2319 852 2364 aliqua
875 2326 1066 2365 praecepta
1088 2317 1166 2352 dari
1187 2317 1279 2352 ultra
1300 2318 1455 2353 moralia
1473 2318 1565 2365 legis
1586 2327 1790 2366 praecepta,

223 2386 314 2423 quae
336 2382 419 2409 sunt
441 2374 484 2408 de
506 2373 702 2407 dictamine
724 2372 884 2406 rationis.

295 2429 356 2463 AD
379 2437 586 2462 SECUNDUM
612 2426 818 2467 dicendum,
841 2426 938 2471 quod
960 2425 995 2459 in
1019 2425 1264 2459 Sacramentis
1286 2436 1404 2460 novae
1426 2425 1517 2472 legis
1539 2425 1643 2461 datur
1665 2426 1791 2473 gratia,

224 2493 315 2529 quae
329 2492 403 2515 non
418 2489 471 2515 est
491 2480 559 2514 nisi
575 2491 593 2513 a
611 2479 771 2520 Christo,
791 2487 825 2512 et
839 2479 921 2513 ideo
938 2479 1108 2525 oportuit,
1131 2479 1227 2524 quod
1251 2479 1293 2513 ab
1309 2479 1388 2526 ipso
1402 2479 1668 2516 institutionem
1686 2480 1792 2515 habe-

224 2543 322 2570 rent:
346 2535 409 2570 sed
429 2534 466 2568 in
488 2533 598 2568 sacris
620 2543 694 2566 non
716 2532 819 2566 datur
835 2532 953 2578 aliqua
975 2532 1101 2577 gratia,
1123 2541 1208 2578 puta
1230 2532 1266 2566 in
1289 2533 1564 2568 consecratione
1578 2533 1716 2580 templi,
1734 2533 1792 2568 vel
1843 2527 1846 2530 ’

226 2590 358 2631 altaris,
380 2588 437 2622 vel
459 2588 614 2622 aliorum
640 2586 860 2632 hujusmodi,
883 2595 943 2620 aut
969 2587 1079 2620 etiam
1101 2586 1137 2619 in
1168 2587 1243 2632 ipsa
1267 2586 1473 2622 celebritate
1499 2587 1791 2623 solemnitatum:

227 2653 261 2678 et
283 2644 365 2678 ideo
388 2642 469 2688 quia
491 2641 576 2676 talia
598 2640 798 2675 secundum
829 2640 944 2684 seipsa
972 2652 1045 2674 non
1068 2640 1246 2686 pertinent
1267 2640 1310 2674 ad
1332 2641 1586 2676 necessitatem
1613 2641 1792 2677 interioris

228 2697 376 2743 gratiae,
398 2695 578 2730 Dominus
600 2694 763 2728 fidelibus
785 2693 1002 2727 instituenda
1025 2693 1167 2739 reliquit
1188 2705 1252 2740 pro
1275 2705 1341 2729 suo
1363 2695 1520 2730 arbitrio.

301 2751 360 2785 AD
383 2759 554 2784 Tfiiz’rlum
577 2747 782 2788 dicendum,
802 2747 898 2792 quod
914 2746 974 2780 illa
993 2755 1184 2793 praecepta
1198 2747 1380 2782 Dominus
1394 2748 1492 2783 dedit
1505 2748 1705 2795 Apostolis,
1718 2759 1793 2784 non

230 2813 416 2849 tamquam
439 2801 723 2836 caeremoniales
739 2800 996 2840 observantias,
1015 2801 1077 2834 sed
1099 2809 1286 2847 tamquam
1309 2801 1462 2836 moralia
1476 2802 1653 2837 instituta:
1668 2810 1703 2838 et
1715 2813 1795 2849 pos-

231 2866 313 2892 sunt
342 2856 492 2901 intelligi
519 2856 703 2902 duplicitsr.
737 2855 809 2889 Uno
837 2854 946 2895 modu,
982 2854 1181 2888 secundum
1208 2855 1303 2900 Aug.
1326 2855 1361 2889 in
1384 2855 1442 2890 lib.
1478 2865 1509 2890 2.
1531 2856 1575 2891 de
1602 2855 1792 2891 Consensu

233 2910 544 2957 Evangelistarum
567 2909 656 2955 (cap.
669 2921 719 2955 30.
743 2913 817 2942 ‹zntc
837 2907 946 2952 mad),
975 2916 1011 2941 ut
1033 2918 1104 2941 non
1125 2908 1194 2942 sint
1216 2917 1419 2956 praecepta,
1436 2909 1498 2944 sed
1517 2909 1792 2946 concessiones:
