1907 3182
243 211 326 254 390
670 201 891 239 QUAESTIO
924 199 1009 228 LVI.
1043 194 1287 227 ARTICULUS
1318 193 1376 222 VI.

242 290 411 337 quodque
426 286 636 322 naturaliter
651 284 784 331 appetit
797 281 983 329 proprium
993 280 1148 313 bonum:
1170 277 1276 310 virtus
1290 274 1388 309 enim
1401 277 1442 308 est
1454 272 1583 306 habitus
1594 276 1656 316 per
1668 268 1802 303 modum

240 349 381 378 naturae
406 346 634 377 consentaneus
658 338 796 378 rationi,
824 343 863 369 ut
888 333 1030 368 Tullius
1052 331 1139 365 dicit
1163 330 1199 363 in
1225 339 1290 362 sua
1315 327 1420 361 Rhet.
1450 325 1525 370 (lib.
1551 335 1583 359 2.
1609 323 1646 358 de
1671 322 1801 357 Invent.

242 398 405 443 aliquant.
424 400 497 429 ante
510 393 606 440 fin.)‚·
630 402 718 436 ergo
739 389 907 423 voluntas
927 398 1003 420 non
1025 393 1078 420 est
1099 384 1301 428 subjectum
1321 379 1472 414 virtutis.

313 460 344 484 2.
366 450 602 484 PRAETEREA.
627 444 760 480 Omnis
781 443 893 475 virtus
915 449 976 474 aut
997 447 1051 473 est
1070 434 1335 476 intellectualis,
1358 441 1419 467 aut
1439 430 1600 472 moralis,
1617 437 1656 463 ut
1676 427 1804 462 dicitur

243 504 279 538 in
305 514 332 538 1.
355 502 436 536 Eth.
459 502 547 546 (cap.
570 499 629 533 ult.
652 499 685 531 in
700 497 779 543 fin.)
805 503 839 529 et
859 495 895 528 in
915 504 946 527 2.
965 493 1054 538 (cap.
1073 503 1100 526 1.
1123 491 1158 524 in
1172 488 1314 536 princ.);
1336 486 1398 520 sed
1419 485 1532 519 virtus
1552 480 1805 517 intellectualis

243 565 296 592 est
316 557 409 591 sicut
429 555 465 588 in
487 554 648 598 subjecto
670 551 706 584 in
728 548 924 588 intellectu,
944 555 978 580 et
1000 545 1150 584 ratione,
1168 553 1242 575 non
1265 548 1386 574 autem
1408 539 1444 572 in
1465 536 1671 571 voluntate:
1693 534 1805 568 virtus

243 619 364 644 autem
386 607 534 642 moralis
557 614 609 640 est
631 605 723 638 sicut
744 604 779 637 in
802 601 963 646 subjecto
986 599 1022 632 in
1043 595 1224 637 irascibili,
1247 602 1282 628 et
1308 589 1593 638 concupiscibili,
1611 598 1702 635 quae
1723 595 1806 621 sunt

244 662 438 697 rationales
465 672 526 707 per
552 656 884 705 participationem3
912 663 998 699 ergo
1024 645 1124 685 nulla
1149 649 1261 682 virtus
1289 654 1342 681 est
1371 646 1409 679 in
1436 643 1623 678 voluntate
1650 641 1744 675 sicut
1769 641 1806 673 in

247 717 418 762 subjecto.
1038 737 1042 744 .

318 781 346 816 3.
368 769 603 803 PRAETEREA.
621 765 763 800 Omnes
778 770 878 796 actus
898 759 1061 800 humani,
1077 758 1121 791 ad
1136 767 1227 802 quos
1240 755 1388 788 virtutes
1410 751 1632 791 ordinantur,
1653 756 1735 783 sunt
1747 757 1808 782 vo-

243 823 406 858 luntarii:
434 822 463 855 si
488 820 597 865 igitur
618 825 784 864 respectu
811 815 1016 860 aliquorum
1042 812 1289 846 humanorum
1317 815 1464 841 actuum
1485 805 1530 839 sit
1550 803 1671 850 aliqua
1695 802 1807 836 virtus

244 878 281 911 in
302 876 499 915 voluntate,
527 872 603 919 pari
628 871 768 905 ratione
790 875 953 914 respectu
976 865 1143 900 omnium
1169 871 1317 897 actuum
1342 861 1590 894 humanorum
1611 856 1678 891 erit
1696 855 1808 888 virtus

244 931 280 964 in
302 929 506 963 voluntate:
523 934 583 960 aut
598 936 684 970 ergo
704 924 739 957 in
753 922 852 956 nulla
868 921 937 955 alia
951 918 1111 966 potentia
1133 917 1200 951 erit
1221 915 1341 961 aliqua
1353 913 1476 953 virtus,
1500 919 1559 945 aut
1574 910 1617 944 ad
1639 908 1809 944 eumdem

246 992 367 1018 actum
389 980 646 1015 ordinabuntur
661 979 752 1012 duae
770 976 930 1016 virtutes,
952 972 1049 1020 quod
1063 971 1203 1005 videtur
1229 966 1508 1007 inconvenien33
1528 963 1696 998 voluntas
1722 971 1809 1007 ergo

247 1048 320 1071 non
343 1043 462 1082 potest
484 1044 560 1068 esse
582 1032 783 1077 subjectum
801 1028 952 1062 virtutis.

320 1090 394 1123 SED
423 1097 578 1122 CONTRA
606 1093 670 1126 est,
696 1083 793 1130 quod
820 1083 936 1127 major
962 1078 1136 1126 perfectio
1163 1075 1353 1122 requiritur
1374 1073 1411 1107 in
1433 1078 1615 1111 movente,
1641 1079 1751 1115 quam
1775 1067 1812 1101 in

247 1151 369 1178 moto:
392 1142 454 1176 sed
475 1140 642 1174 voluntas
657 1145 781 1171 movet
794 1133 1024 1174 irascibilem,
1039 1139 1072 1166 et
1087 1127 1445 1175 concuspiscibilem;
1463 1124 1579 1158 inulto
1595 1134 1681 1169 ergo
1696 1121 1812 1167 magis

248 1197 354 1231 debet
374 1206 452 1230 esse
469 1196 580 1228 virtus
601 1194 637 1227 in
658 1190 855 1231 voluntate,
878 1199 987 1234 quam
1005 1187 1042 1220 in
1060 1183 1242 1224 irascibili,
1264 1190 1299 1216 et
1320 1176 1604 1225 concupiscibili.

317 1251 546 1285 RESPONDEO
581 1245 786 1286 dicendum,
813 1242 911 1289 quod
941 1252 1025 1275 cum
1053 1250 1116 1285 per
1148 1237 1313 1272 habitum
1345 1233 1549 1281 perficiatur
1577 1228 1739 1277 potentia
1770 1227 1813 1262 ad

248 1305 441 1351 agendum,
455 1303 504 1336 ibi
518 1301 655 1346 indiget
672 1298 832 1346 potentia
846 1296 970 1330 habitu
985 1293 1192 1340 perficiente
1207 1290 1250 1324 ad
1269 1290 1360 1323 bene
1375 1287 1558 1333 agendum
1576 1283 1654 1330 (qui
1667 1281 1814 1329 quidem

247 1359 388 1393 habitus
407 1364 461 1391 est
480 1356 608 1399 virtus)
624 1353 684 1387 ubi
702 1352 744 1386 ad
760 1352 832 1385 hoc
850 1361 925 1384 non
943 1347 1074 1383 sufficit
1094 1345 1238 1392 propria
1253 1342 1343 1377 ratio
1358 1339 1560 1388 potentiae:
1577 1337 1679 1372 omni
1693 1343 1814 1370 autem

249 1411 431 1459 potentiae
458 1409 603 1456 propria
628 1406 720 1441 ratio
747 1404 940 1439 attenditur
966 1402 1002 1435 in
1029 1400 1154 1434 ordine
1181 1398 1225 1432 ad
1252 1397 1455 1442 objectum:
1478 1392 1572 1427 unde
1599 1402 1696 1432 cum,
1722 1389 1814 1424 sicut

252 1466 388 1500 dictum
414 1472 468 1498 est
489 1463 534 1508 (q.
561 1475 588 1497 I.
616 1466 680 1495 art.
708 1471 739 1495 2.
766 1458 808 1493 ad
826 1470 853 1504 3.
881 1462 908 1492 et
936 1468 966 1501 q.
993 1467 1035 1501 13.
1063 1458 1128 1488 art.
1146 1464 1175 1498 5.
1198 1451 1240 1486 ad
1265 1451 1328 1495 2.),
1351 1449 1534 1494 objectum
1551 1443 1748 1480 voluntatis
1769 1442 1815 1477 sit

248 1520 386 1553 bonum
414 1516 563 1552 rationis
584 1513 762 1548 voluntati
788 1510 1114 1558 proportionatum,
1137 1512 1312 1552 quantum
1334 1502 1377 1536 ad
1398 1502 1470 1535 hoc
1491 1510 1567 1534 non
1588 1498 1724 1543 indiget
1750 1507 1814 1530 vo-

251 1573 370 1607 luntas
396 1571 525 1604 virtute
546 1568 764 1615 perficiente.
793 1565 864 1599 Sed
891 1564 920 1597 si
945 1561 1042 1608 quod
1063 1562 1202 1594 bonum
1223 1556 1414 1592 immineat
1438 1552 1582 1588 homini
1601 1550 1812 1591 volendum,

251 1626 348 1672 quod
376 1624 525 1658 excedat
554 1621 827 1668 proportionem
855 1616 1022 1657 volentis,
1047 1615 1114 1649 sive
1141 1619 1316 1659 quantum
1344 1609 1388 1642 ad
1417 1616 1533 1641 totam
1563 1604 1724 1651 speciem
1753 1603 1817 1637 hu-

251 1691 398 1714 manam
425 1678 534 1722 (sicut
559 1677 697 1709 bonum
719 1673 893 1712 divinum,
915 1669 1011 1716 quod
1037 1665 1258 1702 transcendit
1282 1663 1416 1698 limites
1441 1661 1624 1695 humanae
1649 1657 1815 1701 naturae)

249 1736 316 1768 sive
336 1741 510 1779 quantum
533 1730 575 1763 ad
598 1727 823 1762 individuum
847 1725 955 1769 (sicut
976 1723 1114 1756 bonum
1135 1718 1306 1766 proximi)
1329 1716 1378 1750 ibi
1398 1714 1566 1749 voluntas
1593 1711 1730 1758 indiget
1750 1710 1817 1744 vir-

250 1796 342 1822 tute:
367 1794 401 1821 et
420 1786 502 1819 ideo
525 1781 734 1828 hujusmodi
760 1780 909 1813 virtutes
933 1788 1024 1823 quae
1047 1775 1216 1809 ordinant
1242 1770 1414 1805 affectum
1441 1766 1602 1802 hominis
1622 1765 1660 1798 in
1681 1765 1815 1805 Deum,

250 1841 309 1875 vel
330 1841 365 1874 in
392 1839 609 1886 proximum,
631 1843 713 1869 sunt
734 1835 769 1868 in
791 1832 990 1872 voluntate,
1005 1829 1098 1863 sicut
1118 1828 1155 1861 in
1177 1826 1350 1871 subJectQ
1372 1831 1411 1856 ut
1432 1820 1599 1861 charitas,
1617 1818 1764 1864 justitia,
1784 1825 1819 1853 et

251 1893 471 1940 hujusmodi.

323 1949 382 1982 AD
401 1955 549 1981 PRIMUM
572 1954 658 1989 ergo
681 1940 888 1980 dicendum,
908 1936 1004 1984 quod
1027 1935 1118 1969 ratio
1141 1932 1202 1967 illa
1222 1931 1332 1966 habet
1349 1929 1474 1964 locum
1496 1927 1539 1961 de
1560 1926 1704 1966 virtute,
1725 1934 1817 1970 quae

255 2002 396 2036 ordinat
418 2000 461 2034 ad
483 1999 620 2032 bonum
647 1995 833 2042 proprium
855 1992 966 2038 ipsius
987 1989 1159 2029 volentis;
1187 1987 1279 2021 sicut
1304 1981 1555 2030 temperantia,
1577 1987 1612 2014 et
1632 1977 1817 2018 fortitudo,

254 2067 345 2102 quac
368 2062 450 2088 sunt
472 2053 566 2086 circa
585 2050 771 2097 passiones
793 2047 984 2086 humanas,
1007 2050 1041 2077 et
1064 2041 1133 2076 alia
1154 2037 1376 2085 hujusmodi,
1399 2043 1437 2070 ut
1457 2047 1500 2070 ex
1522 2033 1626 2068 dictis
1646 2038 1744 2078 patet
1771 2030 1818 2074 (in

254 2115 342 2155 corp.
365 2109 457 2152 art).

327 2163 385 2196 An
409 2168 616 2196 SECUNDUM
638 2155 844 2195 dicendum,
865 2151 961 2199 quod
983 2147 1158 2184 rationale
1180 2158 1243 2193 per
1264 2142 1580 2192 participationem
1605 2150 1680 2174 non
1701 2136 1822 2173 solum

256 2223 308 2250 est
326 2213 525 2254 irascibilis,
545 2220 579 2246 et
601 2207 912 2255 concupiscibilis,
937 2204 988 2240 scd
1014 2204 1161 2244 omnino,
1185 2200 1276 2234 idest
1302 2194 1563 2236 universaliter,
1589 2193 1821 2240 appetitivum,
1870 2227 1871 2231 Ἰ

257 2278 295 2303 ut
316 2268 445 2302 dicitur
467 2267 501 2300 in
534 2276 559 2299 1.
583 2264 698 2298 Etliic.
726 2264 811 2308 (cap.
840 2260 930 2304 ult.):
959 2257 1022 2292 sub
1051 2254 1245 2302 appetitivo
1273 2259 1394 2286 autem
1421 2245 1742 2294 comprehenditur
1762 2255 1823 2278 vo-

259 2323 396 2363 luntas;
419 2328 453 2354 et
474 2320 568 2360 ideo,
596 2318 624 2351 si
650 2328 719 2362 qua
746 2315 857 2349 virtus
883 2320 936 2347 est
961 2312 997 2345 in
1024 2309 1222 2349 voluntate,
1244 2305 1309 2340 erit
1331 2302 1492 2344 moralis,
1518 2300 1586 2335 nisi
1613 2300 1658 2334 sit
1682 2297 1822 2333 theolo-

257 2377 348 2422 gica,
371 2383 409 2409 ut
430 2373 520 2407 infra
542 2371 676 2419 patebit
699 2370 742 2415 (q.
762 2369 847 2413 62).

328 2430 387 2463 An
407 2436 577 2462 TERTIUM
596 2423 801 2463 dicendum,
820 2420 915 2467 quod
936 2417 1115 2464 quaedam
1132 2415 1281 2449 virtutes
1304 2411 1515 2446 ordinantur
1532 2408 1574 2442 ad
1589 2407 1727 2442 bonurn
1746 2415 1824 2452 pas·

257 2483 368 2518 sionis
391 2481 611 2519 moderatae,
633 2476 729 2523 quod
752 2483 805 2509 cst
831 2473 1018 2520 proprium
1045 2471 1162 2515 hujus,
1185 2467 1242 2501 vel
1264 2465 1359 2500 illius
1380 2463 1559 2498 hominis:
1582 2469 1617 2496 et
1635 2462 1669 2495 in
1692 2459 1821 2494 talibus

258 2548 330 2570 non
354 2544 407 2569 cst
428 2532 685 2571 necessarium,
713 2529 808 2575 quod
837 2528 880 2561 sit
909 2526 1026 2571 aliqua
1054 2524 1165 2556 virtus
1193 2521 1227 2554 in
1253 2519 1456 2558 voluntate3
1483 2526 1566 2550 cum
1594 2514 1638 2548 ad
1663 2514 1733 2548 hoc
1756 2510 1824 2546 suf-

259 2590 354 2624 ficiat
376 2597 502 2622 natura
525 2584 718 2632 potentiae,
742 2590 777 2616 ut
800 2582 934 2615 dictum
959 2586 1010 2612 cst
1034 2579 1083 2620 (in
1106 2582 1196 2622 corp.
1220 2573 1316 2617 art.):
1339 2572 1401 2606 sed
1423 2571 1493 2604 hoc
1522 2568 1642 2603 solum
1663 2575 1827 2600 necessa·

259 2646 351 2678 rium
373 2650 425 2676 est
447 2642 481 2675 in
503 2639 572 2674 illis
594 2637 792 2676 virtutibus,
816 2644 906 2680 quae
930 2632 1140 2667 ordinantur
1163 2628 1206 2662 ad
1229 2625 1375 2672 aliquod
1394 2625 1531 2658 bonum
1552 2621 1822 2656 exstrinsecum.
