1907 3198
518 155 741 192 QUAESTIO
775 155 895 186 XXIX.
929 154 1177 185 ARTICULUS
1211 154 1256 183 11.
1584 154 1664 197 223

162 249 194 274 2.
215 238 454 274 PRAETEREA.
477 237 604 273 Unum
627 237 895 272 contrariorum
916 247 991 271 non
1014 244 1068 271 est
1089 246 1198 271 causa
1220 234 1385 270 alterius:
1415 235 1477 270 sed
1498 246 1615 278 amor,
1635 244 1670 270 et

89 292 216 328 odium
237 300 320 327 sunt
340 292 543 335 contraria;
567 303 668 338 ergo,
691 300 758 326 etc.

163 357 191 393 3.
207 346 444 381 PRAETEREA.
459 346 644 380 Posterius
663 357 737 380 non
757 353 810 380 est
829 356 938 380 causa
957 344 1104 391 prioris:
1125 343 1187 379 sed
1203 343 1329 378 odium
1347 350 1399 378 est
1417 343 1515 389 prius
1531 354 1668 385 amore,

88 408 127 435 ut
145 400 303 435 videtur:
325 411 412 434 nam
434 399 560 434 odium
583 400 757 447 importat
778 410 963 434 recessum
987 410 1007 433 a
1029 397 1141 440 malo,
1170 408 1275 432 amor
1295 408 1383 432 vero
1406 408 1597 432 accessum
1625 397 1669 431 ad

86 453 246 497 bonum;
273 465 361 500 ergo
385 465 490 488 amor
511 465 586 488 non
606 462 660 489 est
682 465 792 488 causa
814 453 899 488 odii.

159 507 234 543 SED
257 518 414 543 CONTRA
436 515 499 550 est,
523 508 620 554 quod
643 508 730 542 dicit
751 508 906 554 August.
934 516 985 549 14.
1009 506 1052 541 de
1081 505 1160 541 Civ.
1183 505 1255 541 Dei
1282 506 1371 553 (cap.
1388 517 1418 553 7.
1437 510 1465 540 et
1486 505 1550 552 9.),
1571 504 1669 552 quod

86 571 217 597 omnes
247 560 459 596 affectiones
489 570 683 596 causantur
711 573 754 596 ex
781 572 931 604 amore3
962 571 1050 607 ergo
1078 568 1114 595 et
1140 560 1278 602 odium,
1306 571 1390 594 curn
1418 559 1463 594 sit
1487 558 1669 606 quaedam

87 614 231 651 affectio
253 615 409 658 animae,
432 623 599 650 causatur
621 627 663 650 ex
687 626 824 650 amore.

155 668 388 705 Responzo
410 669 618 712 dicendum,
640 669 750 716 quod,
773 669 866 704 sicut
888 669 1026 703 dictum
1049 676 1102 703 est
1118 667 1358 715 (art.praec.)‚
1379 678 1483 702 arnor
1503 666 1669 701 consistit

86 724 122 759 in
140 723 299 771 quadam
317 723 574 771 convenientia
589 724 744 758 amantis
760 723 804 758 ad
820 731 1002 758 amatum:
1027 722 1153 757 odium
1171 733 1258 757 vero
1274 721 1439 757 consistit
1453 721 1489 755 in
1509 720 1667 768 quadam

85 777 335 826 repugnantia,
355 776 415 812 vel
437 777 674 812 dissonantia.

157 831 316 879 Oportet
337 840 460 866 autern
473 831 510 866 in
525 830 688 878 quolibet
703 831 802 878 prius
817 831 1062 873 considerare,
1079 829 1164 877 quid
1184 831 1217 865 ei
1233 829 1440 872 conveniat,
1455 840 1565 876 quarn
1580 828 1667 875 quid

85 887 118 922 ei
131 893 326 933 repugnet:
348 896 413 932 per
429 885 502 920 hoc
523 885 620 920 enim
642 885 776 932 aliquid
796 894 849 920 est
866 896 1074 932 repugnans
1096 884 1210 927 alteri,
1229 886 1314 931 quia
1333 892 1386 919 est
1405 883 1667 930 corruptivum,

84 938 144 975 vel
164 939 416 987 impeditivum
438 940 526 986 ejus,
549 939 645 986 quod
669 948 723 974 est
744 941 983 982 conveniens3
1006 939 1102 973 unde
1117 949 1266 973 necesse
1289 946 1354 981 est,
1376 938 1474 985 quod
1497 949 1603 972 amor
1623 937 1668 972 sit

82 994 183 1042 prior
203 994 302 1038 odio,
324 1001 359 1029 et
380 994 478 1041 quod
499 993 592 1028 nihil
613 994 698 1029 odio
721 994 909 1037 habeatur,
931 993 1001 1028 nisi
1023 995 1094 1041 per'
1107 993 1180 1028 hoc
1203 993 1301 1040 quod
1320 992 1562 1027 contrariatur
1584 1002 1668 1026 con-

83 1049 255 1092 venienti,
277 1049 375 1096 quod
398 1056 551 1083 amatur.
573 1048 619 1083 Et
640 1049 843 1083 secundum
865 1049 937 1083 hoc
961 1059 1073 1083 omne
1096 1048 1223 1083 odium
1246 1059 1289 1083 ex
1311 1058 1438 1082 amore
1461 1054 1641 1082 causatur.

155 1103 216 1138 AD
237 1113 388 1139 PRIMUM
411 1113 499 1150 ergo
523 1102 730 1146 dicendum,
761 1103 859 1150 quod
887 1102 923 1137 in
951 1102 1019 1145 his,
1050 1113 1142 1149 quae
1174 1113 1216 1137 ex
1248 1102 1418 1149 opposito
1446 1101 1667 1143 dividuntur,

83 1156 245 1205 quaedam
271 1156 517 1200 inveniuntur,
544 1168 636 1204 quae
665 1165 749 1192 sunt
769 1155 981 1191 naturaliter
1008 1156 1129 1199 simul,
1156 1165 1192 1191 et
1213 1156 1416 1191 secundum
1437 1167 1528 1198 rern,
1555 1163 1590 1190 et
1617 1166 1668 1190 se-

85 1211 246 1246 cundum
277 1211 479 1254 rationem3
511 1211 604 1246 sicut
632 1211 725 1246 duae
755 1211 895 1258 species
927 1210 1107 1253 animalis,
1133 1209 1194 1245 vel
1221 1210 1313 1245 duae
1340 1210 1480 1257 species
1508 1209 1666 1244 coloris:

82 1265 245 1313 quaedam
265 1275 355 1301 vero
377 1273 462 1300 sunt
483 1264 593 1300 simul
614 1265 817 1300 secundum
839 1265 1035 1307 rationem,
1058 1264 1121 1299 sed
1140 1276 1254 1299 unum
1274 1263 1418 1299 realiter
1440 1272 1494 1299 est
1507 1263 1605 1311 prius
1621 1262 1668 1298 al-

82 1327 220 1363 ter0,et
232 1331 342 1355 causa
358 1320 451 1367 ejus:
468 1319 561 1355 sicut
574 1327 672 1367 patet
682 1319 718 1353 in
734 1319 922 1366 speciebus
937 1329 1190 1361 numerorum,
1205 1318 1417 1365 figurarum,
1428 1326 1463 1353 et
1477 1326 1665 1353 motuum:

82 1373 244 1422 quaedam
270 1385 358 1409 vero
376 1385 452 1408 non
479 1381 562 1409 sunt
587 1372 697 1409 simul
717 1384 784 1408 nec
808 1373 1011 1408 secundum
1033 1384 1123 1415 rem,
1146 1384 1214 1407 nec
1237 1372 1440 1407 secundum
1467 1372 1666 1415 rationem3

82 1428 176 1464 sicut
195 1428 406 1472 substantia,
425 1436 461 1463 et
487 1428 655 1463 accidens
671 1439 678 1462 :
702 1439 789 1462 narn
807 1427 1007 1462 substantia
1028 1426 1173 1462 realiter
1194 1434 1248 1462 est
1266 1437 1376 1461 causa
1396 1426 1613 1470 accidentis;
1632 1434 1667 1461 et

83 1493 146 1518 ens
167 1482 371 1518 secundum
396 1483 577 1518 rationem
602 1482 700 1530 prius
729 1481 930 1516 attribuitur
960 1481 1192 1524 substantiae,
1219 1492 1330 1528 quarn
1357 1480 1555 1516 accidenti:
1582 1482 1642 1528 qui
1647 1492 1666 1515 a

84 1537 265 1572 accidenti
288 1547 365 1572 non
388 1536 602 1579 attribuitur,
628 1536 698 1571 nisi
723 1536 940 1583 inquantum
964 1543 1018 1570 est
1038 1535 1074 1570 in
1102 1535 1323 1570 substantia:
1347 1546 1453 1570 amor
1475 1543 1608 1578 autem,
1631 1543 1667 1570 et

83 1576 209 1626 odium
236 1590 449 1626 naturaliter
470 1591 618 1638 quidem
644 1598 728 1625 sunt
749 1589 858 1625 simul
884 1590 1086 1625 secundum
1107 1589 1301 1632 rationem,
1320 1589 1383 1625 sed
1409 1600 1484 1624 non
1505 1589 1665 1634 realiter,

73 1644 177 1681 ‚unde
190 1644 283 1680 nihil
301 1645 482 1693 prohibet,
497 1655 663 1680 amorem
679 1655 756 1680 esse
781 1655 931 1679 causam
953 1644 1038 1679 odii.

153 1699 214 1735 AD
229 1710 438 1736 SECUNDUM
459 1698 668 1742 dicendum,
688 1699 785 1746 quod
802 1709 918 1741 amor,
933 1707 968 1733 et
987 1698 1114 1733 odium
1133 1706 1217 1733 sunt
1236 1698 1429 1741 contraria,
1444 1698 1591 1745 quando
1611 1709 1666 1733 ac-

81 1754 264 1802 cipiuntur
284 1754 381 1789 circa
401 1754 519 1789 idem:
543 1753 605 1788 sed
627 1753 773 1800 quando
794 1761 877 1788 sunt
898 1753 942 1787 de
965 1752 1168 1795 contrariis,
1189 1764 1266 1787 non
1287 1760 1371 1787 sunt
1393 1753 1585 1797 contraria,
1602 1753 1664 1788 sed

79 1819 119 1844 se
139 1808 300 1844 invicem
318 1808 599 1856 consequentia:
623 1808 788 1855 ejusdem
807 1808 906 1842 enim
928 1807 1079 1843 rationis
1102 1815 1167 1850 est,
1186 1807 1284 1854 quod
1304 1815 1446 1842 ametur
1465 1807 1613 1855 aliquid,
1629 1816 1664 1843 et

81 1863 224 1899 odiatur
245 1864 323 1910 ejus
345 1863 587 1899 contrarium:
617 1871 652 1898 et
673 1863 723 1898 sic
748 1873 853 1897 amor
874 1863 980 1897 unius
1002 1863 1052 1897 rei
1075 1870 1130 1898 est
1157 1873 1278 1905 causa,
1300 1862 1398 1909 quod
1421 1862 1498 1908 ejus
1526 1870 1666 1897 contra-

80 1917 175 1953 rium
197 1917 350 1953 odiatur.

151 1972 211 2008 AD
225 1983 399 2008 TERTIUM
421 1972 628 2014 dicendum,
647 1971 746 2018 quod
769 1971 805 2006 in
829 1971 1046 2006 executione
1068 1970 1166 2017 prius
1189 1979 1243 2005 est
1264 1971 1434 2006 recedere
1450 1970 1493 2005 ab
1509 1982 1583 2006 uno
1599 1979 1666 2006 ter-

80 2026 194 2070 mino,
215 2038 326 2074 quarn
350 2026 525 2062 accedere
540 2026 585 2061 ad
604 2025 760 2061 alterum
778 2025 996 2060 terminum:
1020 2026 1081 2060 sed
1098 2026 1132 2060 in
1147 2025 1349 2061 intentione
1365 2034 1418 2061 est
1432 2037 1450 2061 e
1467 2037 1664 2062 converso:

79 2089 227 2129 propter
247 2081 319 2116 hoc
342 2081 443 2116 enirn
463 2080 646 2116 receditur
668 2080 710 2114 ab
734 2091 807 2115 uno
826 2079 997 2122 termino,
1016 2088 1054 2114 ut
1071 2080 1266 2115 accedatur
1283 2080 1326 2115 ad
1347 2080 1521 2116 alterurn:
1541 2089 1663 2116 motus

81 2143 203 2171 autem
225 2136 441 2184 appetitivus
464 2135 582 2182 magis
601 2135 757 2182 pertinet
779 2134 822 2169 ad
845 2135 1099 2177 intentionem,
1127 2146 1238 2181 quam
1261 2135 1305 2169 ad
1327 2135 1605 2179 executionem3
1629 2144 1663 2170 et

79 2188 162 2226 ideo
184 2201 289 2226 amor
307 2198 361 2226 est
377 2190 478 2238 prior
499 2189 598 2232 odio,
620 2201 705 2224 curn
728 2197 922 2236 utrumque
945 2189 990 2224 sit
1011 2197 1133 2224 motus
1157 2189 1385 2237 appetitivus.

637 2314 986 2360 ARTICULUS
1016 2314 1096 2358 III.
1597 2325 1662 2362 166

391 2424 548 2455 UTRUM
569 2423 716 2454 ODIUM
739 2424 806 2454 SIT
829 2424 1033 2465 FORTIUS,
1059 2424 1186 2461 QUAM
1208 2424 1345 2455 AMOR.

150 2512 211 2548 AD
232 2521 406 2548 TERTIUM
427 2512 478 2547 sic
501 2511 720 2559 proceditur.
743 2511 907 2556 Videtur,
921 2512 1020 2560 quod
1043 2512 1170 2547 odium
1193 2512 1238 2547 sit
1258 2511 1386 2547 fortius
1406 2523 1549 2546 amore.
1570 2512 1657 2547 dicit

79 2566 177 2602 enim
198 2566 353 2614 August.
376 2568 412 2602 in
434 2566 493 2601 lib.
515 2566 570 2613 83.
594 2565 682 2607 QQ.
706 2567 754 2613 (q.
772 2567 826 2613 36.
844 2567 947 2614 paulo
970 2579 989 2602 a
1007 2568 1158 2614 princ..)·
1182 2567 1289 2602 Nemo
1311 2572 1365 2608 est,
1389 2567 1446 2613 qui
1465 2577 1530 2600 non
1553 2568 1660 2612 magis

78 2619 357 2668 doloremsugiat‚
377 2632 477 2668 quam
492 2625 624 2668 appetat
637 2620 861 2668 zoluplatem:
882 2621 943 2656 sed
958 2620 1083 2668 fugere
1099 2620 1266 2656 dolorem
1282 2621 1436 2668 pertinet
1451 2620 1494 2654 ad
1510 2620 1658 2655 odium:

79 2674 256 2722 appetitus
275 2684 397 2710 autern
411 2674 608 2721 voluptatis
623 2674 778 2721 pertinet
797 2675 840 2709 ad
857 2687 1044 2717 amorem3
1064 2686 1152 2722 ergo
1172 2676 1298 2710 odium
1313 2683 1365 2709 est
1380 2673 1507 2709 fortius
1520 2685 1658 2710 amore.

150 2738 182 2764 2.
208 2728 447 2765 PRAETEREA.
475 2728 641 2763 Debilius
668 2729 823 2764 vincitur
851 2741 870 2764 a
897 2729 1057 2764 fortiori:
1085 2730 1148 2765 sed
1177 2740 1281 2764 amor
1306 2729 1462 2763 vincitur
1489 2729 1532 2763 ab
1561 2729 1658 2772 odio,

79 2783 224 2831 quando
245 2783 384 2819 scilicet
406 2795 510 2819 amor
531 2783 756 2818 convertitur
777 2784 812 2818 in
836 2784 983 2827 odium3
1011 2796 1098 2831 ergo
1122 2784 1247 2819 odium
1272 2791 1324 2818 est
1345 2783 1472 2818 fortius
1496 2794 1633 2819 amore.

153 2849 182 2885 3.
203 2837 442 2874 PRAETEREA.
463 2837 622 2873 Affectio
642 2840 786 2874 animae
808 2849 871 2886 per
893 2837 1065 2874 effectum
1088 2837 1356 2873 manifestatur:
1377 2838 1439 2873 sed
1462 2837 1590 2873 fortius
1609 2838 1659 2873 in-

79 2891 170 2928 sistit
188 2892 304 2928 homo
320 2893 363 2928 ad
386 2892 636 2940 repellendum
650 2893 832 2936 odiosum,
856 2905 966 2941 quam
983 2894 1026 2928 ad
1042 2893 1339 2940 prosequendum
1362 2900 1545 2935 amatum;
1565 2892 1658 2928 sicut
