1907 3182
246 197 333 240 454
644 178 883 231 ='Queffisrro
918 196 1032 225 var.
1066 195 1310 226 ARTrcuLus
1343 195 1387 224 11.

247 275 407 322 aequalis
421 275 502 318 dici,
518 276 585 310 nisi
606 276 738 310 habeat
759 287 886 310 omnes
909 278 992 310 istas
1015 276 1241 310 conditiones
1261 275 1448 322 aequales;
1467 284 1501 310 et
1518 275 1612 309 hanc
1630 275 1808 322 rationem

248 329 473 375 aequalitatis
488 329 659 363 virtutum
676 329 834 375 assignat
848 329 1002 374 August.
1017 329 1053 362 in
1068 328 1099 362 6.
1116 329 1159 363 de
1175 327 1276 362 Trin.
1294 329 1426 375 (cap.4.
1437 330 1515 363 circ.
1525 329 1652 375 princ.)
1667 328 1808 363 dicens:

247 383 283 417 Si
303 382 437 424 dixerIs,
460 382 606 428 aequales
629 394 688 417 esse
717 383 793 417 istos
811 382 1025 428 fortitudine,
1058 382 1109 416 sed
1136 382 1230 416 illum
1255 387 1423 428 praestare
1444 381 1637 428 prudentia,
1665 383 1810 428 sequitur

248 435 332 481 quod
352 436 449 482 hujus
462 436 629 482 fortitudo
651 437 760 469 minus
776 435 922 481 puniens
942 437 1004 477 sit,·
1028 447 1065 470 ac
1087 441 1150 482 per
1177 436 1234 469 hoc
1261 447 1316 469 nec
1335 435 1536 481 fortitudine
1557 435 1705 480 aequales
1731 435 1808 476 sint,

247 492 376 534 qzmndo
399 494 440 523 est
463 489 548 523 illius
570 488 729 532 fortitudo
747 489 970 535 prudentior:
993 494 1089 533 atque
1113 489 1159 522 ita
1181 488 1215 522 da
1237 489 1371 522 caeteris
1391 488 1572 522 virtutibus
1600 488 1757 528 invenies,
1783 489 1811 521 51'

248 554 356 576 omnes
377 542 487 576 eadam
511 541 767 576 som-idmztione
782 548 974 587 percurras.
994 542 1072 576 Alio
1088 540 1183 575 modo
1200 541 1380 586 assignata
1398 548 1450 575 est
1464 540 1555 574 ratio
1575 540 1810 574 connexionis

247 595 419 628 virtutum
442 593 640 628 secundum
663 605 737 636 eos,
760 594 819 640 qui
840 593 1046 640 intelligunt
1071 594 1281 639 hujusmodi
1307 595 1454 628 virtutes
1479 594 1614 627 habere
1640 593 1810 627 materias

248 647 521 682 determinatas:
550 655 583 681 et
605 647 804 680 secundum
826 647 897 680 hoc
917 647 1007 681 ratio
1037 646 1272 691 connexionis
1300 646 1473 681 virtutum
1499 645 1695 680 moralium
1723 646 1811 680 acci-

248 701 341 746 pitur
363 712 405 734 ex
422 708 521 746 parte
543 700 764 746 prudentiae,
788 708 822 733 et
844 711 886 733 ex
904 708 1004 746 parte
1028 700 1210 733 charitatis
1234 707 1407 745 quantum
1430 699 1473 733 ad
1494 699 1642 734 virtutes
1656 698 1810 741 infusas3

247 765 322 788 non
344 761 465 787 autem
488 764 529 786 ex
550 761 650 798 parte
672 752 927 795 inclinationis,
950 764 1041 799 quae
1064 761 1117 786 est
1138 764 1179 786 ex
1197 760 1296 798 parte
1318 752 1479 798 subjecti,
1501 762 1540 787 ut
1553 764 1660 798 supra
1673 752 1810 786 dictum

249 814 301 841 est
322 807 368 852 (q.
393 807 440 852 55.
463 811 527 840 art.
550 818 576 840 1.
599 811 629 840 ct
648 806 717 850 2.)‚·
741 806 790 839 sic
813 806 921 852 igitur
943 814 977 840 et
998 806 1088 840 ratio
1112 805 1336 851 aequalitatis
1361 805 1534 840 virtutum
1556 813 1675 852 potest
1695 805 1811 852 accipi

248 872 291 894 ex
311 867 409 906 parte
432 859 653 905 prudentiae,
677 867 852 904 quantum
875 859 918 892 ad
940 859 975 892 id
998 859 1094 905 quod
1117 867 1169 892 est
1190 858 1343 893 formale
1365 859 1402 892 in
1431 859 1599 893 omnibus
1621 858 1810 893 virtutibus

248 912 456 947 moralibus.
473 912 655 946 Existente
670 912 765 945 enim
782 912 920 946 ratione
937 911 1133 958 aequaliter
1149 911 1305 957 perfecta
1323 912 1359 945 in
1374 923 1447 946 uno
1463 920 1497 946 et
1511 913 1654 954 eodem,
1669 919 1811 957 oportet

248 965 344 1011 quod
367 965 686 1010 proportionaliter
707 965 907 998 secundum
937 965 1117 999 rationem
1148 972 1284 998 rectam
1314 965 1476 999 medium
1510 964 1748 999 constituatur
1773 964 1808 998 in

248 1018 405 1064 qualibet
427 1018 577 1051 materia
599 1018 791 1051 virtutum:
816 1026 990 1064 quantum
1016 1029 1103 1052 vero
1132 1018 1174 1051 ad
1197 1018 1243 1060 id,
1266 1018 1363 1064 quod
1393 1026 1447 1052 est
1472 1017 1658 1052 materiale
1684 1017 1720 1051 in
1746 1017 1812 1051 vir-

247 1072 378 1106 tutibus
403 1070 611 1113 moralibus,
635 1071 772 1105 scilicet
793 1071 1068 1105 inclinationem
1089 1071 1204 1118 ipsam
1228 1071 1271 1104 ad
1293 1079 1414 1105 actum
1436 1071 1587 1113 virtutis,
1601 1078 1719 1117 potest
1733 1082 1810 1105 esse

248 1118 339 1159 unus
357 1124 472 1158 homo
496 1124 613 1169 magis
634 1132 822 1170 promptus
846 1125 888 1158 ad
911 1132 1032 1158 actum
1051 1125 1156 1158 unius
1170 1124 1320 1166 virtutis,
1335 1136 1443 1170 quarn
1460 1124 1503 1158 ad
1519 1132 1640 1158 actum
1655 1123 1810 1166 alterius,

247 1177 305 1212 vel
327 1189 369 1211 ex
390 1185 527 1219 natura,
550 1177 607 1211 vel
630 1177 901 1220 consuetudine,
924 1177 979 1211 vel
1004 1178 1113 1211 etiam
1135 1189 1177 1211 ex
1199 1178 1334 1224 gratiae
1357 1177 1466 1211 dono.

318 1231 378 1265 AD
405 1241 553 1265 PRIMUM
581 1242 668 1276 ergo
704 1231 908 1272 dicendum,
936 1231 1032 1276 quod
1065 1231 1216 1264 verbum
1243 1230 1411 1277 Apostoli
1444 1238 1562 1277 potest
1588 1229 1741 1276 intelligi
1767 1230 1810 1263 de

248 1284 351 1318 donis
378 1284 513 1329 gratiae
541 1284 649 1328 gratis
678 1284 791 1326 datae,
820 1295 910 1330 quae
936 1295 1011 1318 non
1038 1292 1120 1318 sunt
1147 1284 1358 1318 communia
1385 1284 1565 1326 omnibus,
1591 1295 1658 1318 nec
1686 1283 1809 1317 omnia

248 1336 412 1383 aequalia
433 1337 469 1370 in
491 1348 563 1370 uno
587 1344 620 1370 et
642 1336 791 1379 eodem3
814 1336 871 1370 vel
892 1345 1010 1382 potest
1032 1337 1112 1379 dici,
1135 1337 1231 1383 quod
1253 1336 1404 1371 refertur
1431 1337 1474 1371 ad
1501 1347 1709 1371 mensuram
1731 1347 1809 1381 gra·

246 1391 316 1424 tiae
339 1398 482 1435 gratum
503 1389 679 1432 facientis,
706 1390 905 1423 secundum
933 1401 1040 1435 quam
1069 1401 1159 1423 unus
1187 1390 1344 1424 abundat
1370 1391 1405 1424 in
1432 1390 1600 1424 omnibus
1621 1389 1809 1424 virtutibus

246 1443 337 1489 plus,
359 1455 469 1489 quam
491 1443 592 1485 alius,
615 1451 760 1489 propter
785 1444 963 1488 majorem
991 1443 1247 1476 abundantiam
1274 1443 1496 1489 prudentiae,
1518 1442 1576 1477 vel
1597 1443 1707 1477 etiam
1730 1443 1811 1476 cha-

246 1497 370 1538 ritatis,
393 1508 462 1542 qua
485 1504 747 1530 connectuntur
769 1507 896 1530 omnes
918 1496 1066 1530 virtutes
1093 1495 1240 1530 infusae.

319 1549 378 1583 AD
409 1560 615 1584 SECUNDUM
635 1549 839 1591 dicendum,
867 1550 962 1595 quod
990 1560 1081 1583 unus
1104 1557 1247 1583 sanctus
1269 1548 1435 1583 laudatur
1460 1549 1651 1595 praecipue
1674 1549 1716 1583 de
1739 1559 1809 1581 una

246 1604 386 1644 virtute,
410 1610 444 1636 et
466 1601 555 1636 alius
583 1603 624 1636 de
653 1602 732 1644 alia,
760 1610 906 1648 propter
932 1602 1226 1636 excellentiorem
1260 1602 1583 1648 promptitudinem
1618 1601 1660 1636 ad
1689 1609 1809 1635 actum

247 1656 350 1690 unius
372 1655 522 1697 virtutis,
545 1667 653 1701 quam
677 1656 719 1689 ad
743 1663 864 1689 actum
887 1655 1042 1689 alterius.

318 1708 363 1742 Et
383 1708 581 1742 secundum
603 1709 673 1742 hoc
697 1708 807 1742 etiarn
827 1716 926 1754 patet
946 1708 1133 1754 responsio
1155 1719 1205 1742 AD
1229 1718 1412 1743 TERTIUM.

804 1867 1147 1912 ARTICULUS
1177 1867 1256 1911 ΠΙ.
1744 1878 1809 1926 346

304 1988 457 2018 UTRUM
484 1987 697 2017 VIRTUTES
730 1987 930 2017 MORALES
959 1987 1265 2017 PRAEMINEANT
1298 1987 1748 2018 INTELLECTUALIBL'S.

467 2086 585 2132 (Snpr.
608 2098 637 2131 q.
661 2087 711 2121 61.
734 2091 796 2120 art.
816 2099 842 2121 1.
865 2085 907 2120 ad
924 2098 952 2132 3.
975 2090 1002 2120 cl
1024 2086 1103 2132 infr.
1126 2099 1155 2132 q.
1179 2086 1234 2121 68.
1257 2091 1320 2120 art.
1349 2097 1378 2132 7.
1401 2091 1430 2120 et
1450 2087 1481 2121 8.
1504 2092 1592 2133 corp.

571 2144 599 2174 ut
621 2151 684 2174 2-2.
708 2151 737 2185 q.
757 2151 803 2185 23.
826 2144 888 2173 art.
913 2139 944 2174 6.
973 2139 1014 2173 ad
1035 2152 1061 2173 1.
1085 2145 1111 2174 εἰ
1133 2145 1325 2185 ι].191.ιιι·[.
1344 2152 1372 2186 5.
1395 2146 1485 2186 corp.

460 2198 489 2227 at
505 2204 537 2236 4.
560 2193 647 2227 Dist.
663 2204 709 2239 23.
732 2204 761 2238 q.
781 2205 809 2239 3.
829 2198 893 2227 art.
912 2205 940 2239 3.
963 2199 1051 2239 corp.
1073 2198 1101 2227 ct
1129 2193 1214 2227 Veri.
1237 2205 1267 2239 q.
1289 2205 1316 2228 ι.
1339 2198 1402 2227 art.
1423 2205 1454 2228 2.
1477 2192 1596 2239 corp).

318 2292 377 2326 Ar)
397 2302 566 2326 TERTIUM
586 2292 635 2325 sic
655 2291 870 2337 proceditur.
890 2291 1052 2334 Videtur,
1073 2291 1168 2338 quod
1190 2292 1338 2326 virtutes
1360 2291 1518 2326 morales
1537 2291 1809 2338 praeemineant

246 2345 567 2379 intellectualibus:
592 2345 686 2390 quod
707 2345 803 2379 enim
826 2345 942 2391 magis
965 2353 1017 2379 est
1038 2345 1294 2387 necessarium,
1314 2353 1348 2379 et
1366 2345 1648 2391 permanendus,
1668 2352 1721 2378 est
1738 2355 1810 2378 me-

247 2398 332 2433 lius:
356 2399 417 2433 sed
438 2399 586 2432 virtutes
614 2398 768 2432 morales
796 2407 877 2432 sunt
903 2399 1214 2444 permanentiores
1236 2400 1346 2432 etiam
1372 2398 1580 2444 disciplinis,
1608 2409 1699 2444 quae
1726 2407 1808 2432 sunt

247 2453 394 2486 virtutes
417 2451 695 2493 intellectuales;
718 2460 752 2485 et
773 2459 854 2485 sunt
876 2452 983 2485 etiam
1007 2452 1122 2497 magis
1144 2452 1369 2486 necessariae
1392 2451 1435 2485 ad
1457 2451 1569 2486 vitam
1590 2451 1808 2493 humanam3

248 2517 334 2551 ergo
357 2513 438 2539 sunt
459 2503 713 2551 praeferendae
735 2505 920 2538 virtutibus
943 2504 1255 2539 intellectualibus.

319 2569 349 2593 2.
372 2559 607 2593 PnAn-rmffl.
630 2558 685 2592 De
707 2559 844 2592 ratione
865 2559 1002 2592 virtutis
1021 2566 1085 2600 est,
1104 2558 1200 2604 quod
1223 2559 1360 2592 bonum
1382 2557 1489 2592 faciat
1510 2558 1725 2593 habentem:
1745 2558 1806 2593 sed

247 2612 446 2646 secundum
463 2613 609 2646 virtutes
626 2610 780 2645 morales
803 2611 930 2645 dicitur
944 2612 1058 2645 homo
1074 2613 1186 2653 boum,
1201 2622 1274 2645 non
1298 2619 1418 2645 autem
1440 2611 1638 2646 secundum
1660 2611 1807 2646 virtutes

247 2664 519 2707 intellectuales,
539 2665 606 2699 nisi
625 2664 715 2698 sorte
735 2665 933 2698 secundum
955 2665 1070 2698 solam
1091 2665 1337 2711 prudentiam;
1357 2675 1444 2710 ergo
1462 2664 1573 2699 virtus
1592 2664 1740 2699 moralis
1755 2672 1807 2699 est

248 2718 388 2761 melior,
411 2730 518 2764 quam
542 2719 652 2752 virtus
675 2717 936 2751 intellectualis.

322 2783 349 2817 3.
374 2773 607 2806 ΡῐὶΛιῐτιᾱκιςΑ.
631 2771 727 2805 Finis
749 2778 800 2804 est
823 2771 978 2803 nobilior
1004 2771 1070 2808 his,
1098 2782 1188 2817 quae
1210 2778 1292 2804 sunt
1319 2770 1360 2804 ad
1392 2769 1519 2805 finem:
1544 2770 1616 2812 sed,
1644 2771 1734 2805 sicut
1760 2770 1807 2804 di-

247 2826 338 2859 citur
360 2826 393 2859 in
413 2824 444 2859 6.
469 2825 626 2859 Ethicor.
651 2825 739 2871 (rap.
761 2836 806 2858 12.
827 2825 859 2857 in
880 2824 990 2868 mal),
1012 2825 1121 2858 virtus
1141 2824 1287 2858 moralis
1309 2823 1394 2858 facit
1412 2832 1546 2859 rectam
1569 2825 1803 2859 intentionem

248 2878 338 2920 linis,
361 2879 547 2925 prudentia
577 2887 694 2912 autem
723 2877 806 2911 facit
834 2885 966 2911 rectam
996 2877 1211 2912 electionem
1240 2888 1366 2912 eorum
1394 2888 1485 2924 quae
1507 2884 1589 2912 sunt
1611 2877 1654 2912 ad
1677 2877 1804 2918 smenn

1897 2247 1900 2250 ’
1896 1954 1907 2227 „rb—nm
1902 1899 1907 1945 -,-
1905 1847 1907 1886 e„-
