1907 3198
489 195 712 232 Quas-no
746 195 848 226 xcv.
881 195 1130 226 anricutus
1162 195 1208 226 11.
1549 185 1633 240 679

62 277 248 326 paniarum
269 276 333 312 sed
355 276 452 324 quod
474 276 538 312 tali
558 288 690 324 poena,
711 276 770 312 vel
795 277 859 312 tali
886 277 1065 324 puniatur,
1092 277 1164 312 hoc
1193 286 1247 312 est
1267 278 1447 325 quaedam
1469 278 1636 313 determi-

0 333 2 358 ¹
61 331 163 368 natio
176 330 268 377 legis
284 338 452 366 naturae:
468 338 619 377 utraque
638 331 747 377 igitur
764 331 996 366 inveniuntur
1015 332 1050 366 in
1069 331 1150 377 lege
1168 331 1329 366 humana
1348 333 1483 379 posita:
1499 333 1562 368 sed
1580 344 1634 375 ea,

0 382 5 423 ζ
62 394 156 433 quae
177 391 262 419 sunt
277 383 385 431 primi
403 384 516 426 modi,
536 385 769 419 continentur
786 384 821 418 in
840 384 921 430 lege
940 385 1114 427 humana,
1129 396 1203 419 non
1217 394 1405 432 tamquam
1422 386 1493 420 sint
1514 385 1634 420 solum

0 428 7 486 f
61 435 144 485 lege
164 437 295 485 posita,
315 437 379 472 sed
400 436 536 472 habent
562 438 672 472 etiam
695 437 829 484 aliquid
851 438 988 483 vigoris
1015 450 1058 473 ex
1080 438 1160 485 lege
1181 439 1357 474 naturali:
1379 439 1443 474 sed
1465 450 1520 482 ea,
1543 451 1635 486 quae

0 491 7 563 Ι
61 497 146 528 sunt
165 490 316 526 secundi
337 490 451 533 modi,
472 501 515 526 ex
537 491 616 526 sola
637 491 719 537 lege
745 491 907 526 humana
933 492 1101 537 vigorem
1122 492 1269 528 habent.

131 544 194 580 An
214 554 365 580 anuu
386 555 475 591 ergo
497 545 704 587 dicendum,
727 545 823 592 quod
839 545 1087 592 Philosophus
1109 545 1269 592 loquitur
1283 546 1327 580 de
1346 546 1428 588 illis,
1442 557 1534 593 quae
1553 554 1636 581 sunt

60 596 143 645 lege
160 597 279 644 posita
292 608 356 645 per
369 597 725 641 determinationem,
739 598 799 633 vel
813 598 1125 646 specificationem
1143 600 1340 646 quamdam
1356 609 1634 647 praeceptorum

59 649 152 699 legis
171 659 334 687 naturae.

132 705 194 740 An
215 715 425 741 scemenum
444 705 652 748 dicendum,
670 705 768 752 quod
787 706 879 740 ratio
898 705 959 741 illa
978 706 1143 753 procedit
1163 707 1207 742 de
1226 707 1295 749 his,
1314 718 1406 754 quae
1427 707 1636 743 derivantur

60 769 84 795 a
102 756 185 806 lege
204 766 368 801 naturae,
388 766 578 806 tamquam
600 758 869 794 conclusiones.

129 812 193 848 An
202 821 377 848 mrum
390 811 599 855 dicendum,
611 812 709 859 quod
722 813 898 859 principia
916 814 1130 848 communia
1144 813 1235 859 legis
1248 823 1398 849 naturae
1413 825 1488 849 non
1502 814 1634 850 eodem

59 866 174 902 modo
197 865 371 914 applicari
390 874 544 912 possunt
564 866 747 909 omnibus,
773 875 920 913 propter
947 867 1101 901 multam
1128 868 1342 903 varietatem
1364 879 1486 902 rerum
1507 868 1636 903 huma-

59 929 210 957 narum:
232 927 269 955 et
288 930 332 954 ex
352 919 427 954 hoc
447 920 616 967 provenit
637 920 827 955 dlversitas
849 919 939 967 legis
961 920 1139 966 positivae
1161 921 1255 968 apud
1270 921 1444 956 diversos.

129 973 192 1009 AD
213 983 403 1014 αυΑιιτυΜ
424 972 632 1016 dicendum,
654 973 752 1020 quod
778 974 930 1008 verbum
954 973 1042 1008 illud
1059 974 1260 1021 Jurisperiti
1283 975 1559 1021 intelligendum
1581 983 1636 1010 est

58 1027 97 1063 in
120 1025 191 1070 his,
215 1037 288 1074 qua
312 1025 520 1062 introducta
545 1035 628 1062 sunt
654 1038 674 1061 a
702 1027 901 1073 majoribus
927 1028 1023 1062 circa
1049 1028 1285 1074 particulares
1312 1029 1634 1064 determinationes

3 1108 9 1114 .
58 1078 151 1128 legis
169 1078 365 1123 naturalis3
383 1079 428 1115 ad
446 1091 536 1126 quas
555 1080 703 1127 quidem
721 1080 1045 1116 determinationes
1064 1092 1102 1116 se
1121 1081 1230 1116 habet
1249 1090 1493 1129 expertorum,
1508 1090 1543 1118 et
1557 1093 1637 1129 pru-

58 1133 210 1170 dentum
229 1133 417 1180 judicium,
438 1134 533 1169 sicut
552 1134 597 1169 ad
624 1134 804 1181 quaedam
822 1135 1018 1181 principia;
1040 1135 1255 1182 inquantum
1278 1135 1418 1171 scilicet
1439 1136 1562 1171 statim
1585 1136 1653 1170 vi·-

58 1187 159 1230 dent,
179 1187 265 1235 quid
287 1187 548 1235 congruentius
574 1188 620 1223 sit
641 1187 904 1235 particulariter
929 1188 1266 1223 determinandum:
1294 1189 1390 1224 unde
1417 1189 1632 1237 Philosoph.

0 1249 8 1272 =
58 1241 146 1277 dicit
169 1241 208 1276 in
227 1239 262 1276 6.
283 1240 445 1276 Ethicor.
467 1241 556 1289 (cap.
582 1253 628 1277 ιι.
650 1241 694 1276 ad
709 1242 809 1288 βω),
832 1242 931 1288 quod
952 1242 988 1276 in
1010 1241 1141 1277 talibus
1167 1250 1313 1289 oportet
1339 1243 1522 1278 attendere
1547 1243 1635 1289 judi-

0 1302 3 1307 '
59 1294 159 1331 cium
175 1302 419 1342 expertorum,
437 1302 473 1329 et
485 1294 686 1337 seniorum,
703 1294 763 1330 vel
781 1295 997 1342 prudentum
1018 1295 1401 1331 indemonstrabilibus
1419 1297 1634 1331 enuntiatio-

57 1348 176 1392 nibus,
196 1355 233 1384 et
251 1347 485 1396 opinionibus
506 1358 581 1383 non
605 1348 738 1391 minus,
760 1359 871 1395 quam
893 1349 1278 1384 demonstrationibus.

0 1483 7 1534 j
610 1470 958 1516 ARTICULUS
994 1472 1075 1516 III.
1567 1485 1631 1531 506

86 1567 241 1599 uranu
271 1567 476 1599 1smonus
505 1567 846 1599 commen-rea
879 1569 1172 1605 QUALITATEM
1205 1569 1329 1599 1.1-:c;1s
1368 1569 1602 1600 posmvmz

712 1633 971 1664 Descmssar.

125 1715 188 1751 AD
209 1724 383 1751 ’rutrum
405 1715 457 1751 sic
478 1715 697 1763 proceditur.
720 1715 885 1759 Videtur,
914 1718 1012 1764 quod
1039 1718 1199 1754 Isidorus
1222 1718 1524 1754 inconvenienter
1550 1730 1634 1766 qua·

55 1766 195 1805 litatem
216 1767 308 1816 legis
333 1767 513 1816 positivae
540 1769 730 1812 describat,
758 1770 882 1805 dicens
908 1772 984 1815 (lib.
1008 1784 1038 1818 5.
1058 1773 1246 1819 Etvmolog.
1268 1779 1342 1820 cap.
1366 1773 1455 1818 26.):
1479 1774 1555 1808 Erit
1581 1773 1632 1808 lex

55 1821 314 1870 hundium,
331 1823 512 1871 possibilis,
533 1823 708 1858 secundum
726 1830 898 1867 naturam,
920 1825 1222 1861 ςεταηᾱιιηιτοηςιι
1221 1826 1533 1874 wudincmpatria«,
1547 1827 1630 1870 loco,

54 1877 258 1924 temporique
282 1877 488 1918 conveniens,
506 1878 700 1919 necessaria,
729 1878 830 1920 utilis,
855 1879 1031 1925 manifesta
1059 1891 1198 1926 quoque,
1227 1893 1265 1915 ne
1290 1880 1419 1926 aliqi1id
1432 1888 1493 1942 pes
1512 1882 1551 1915 ol
1553 1893 1626 1916 swa

55 1929 188 1966 ritatem
212 1930 248 1965 in
273 1931 426 1978 captione
451 1931 628 1973 contineat,
656 1931 747 1966 nullo
767 1933 908 1978 privato
934 1933 1120 1975 c0,mm0do
1146 1945 1175 1968 5
1169 1933 1199 1968 ·d
1218 1940 1284 1980 pro
1305 1945 1473 1969 commum
1469 1935 1632 1970 utilitate

53 1982 182 2019 civium
195 1984 343 2032 scripta:
363 1994 472 2032 supra
485 1983 584 2019 enim
601 1983 689 2032 (cap.
711 1986 791 2030 12.)‚
813 1985 848 2020 in
870 1985 983 2023 tribus
1006 1987 1276 2021 conditionibus
1298 1987 1510 2034 qualitatem
1539 1988 1629 2034 legis

54 2035 312 2085 explicaverat,
329 2037 472 2073 dicens:
495 2037 565 2073 Lex
585 2040 649 2073 crit
669 2050 776 2080 omne,
791 2038 878 2085 quod
899 2041 1029 2074 ratione
1044 2042 1146 2075 consti
1149 2046 1176 2076 t
1171 2042 1224 2075 rit
1244 2040 1431 2084 dumtaxat
1451 2041 1538 2088 quod
1559 2042 1633 2077 reli·

51 2089 146 2138 gioni
169 2095 334 2138 congruat
357 2090 445 2138 quod
464 2090 658 2152 dfssfplfn‘ff
684 2103 759 2127 com
764 2094 874 2135 cniat,
900 2092 987 2139 quod
1011 2093 1113 2129 saluti
1128 2094 1308 2141 proficiat;
1332 2106 1420 2141 ergo
1450 2095 1630 2142 superflue

53 2144 292 2192 postmodum
317 2144 548 2180 conditiones
569 2144 660 2191 legis
682 2144 911 2192 multiplicat.

73 2229 76 2236 ,
125 2206 159 2232 2.
179 2197 418 2234 Pul-tmen.
436 2197 578 2245 Justitia
599 2207 654 2234 est
674 2210 757 2246 pars
778 2199 992 2243 honestatis,
1014 2209 1052 2235 ut
1075 2199 1220 2235 Tullius
1242 2201 1357 2236 dicit
1350 2213 1384 2236 in
1409 2212 1437 2236 1.
1456 2202 1500 2237 de
1519 2201 1628 2238 Offic.

51 2249 111 2296 (a
133 2251 183 2287 m.
209 2250 247 2287 dc
269 2262 305 2298 4.
340 2251 564 2298 Virtutibus);
592 2263 681 2299 ergo
707 2261 902 2299 postquam
929 2253 1084 2289 dixerat:
1115 2254 1260 2297 honesta,
1287 2255 1466 2302 superflue
1489 2256 1631 2291 additur

74 2384 79 2387 -
128 2368 160 2405 3.
185 2356 425 2395 Pmrmm.
448 2358 523 2395 Lex
549 2359 695 2406 scripta,
717 2360 918 2395 secundum
941 2361 1120 2396 Isidorum
1143 2362 1218 2407 (lib.
1245 2373 1276 2397 2
1299 2362 1410 2398 Etim.
1433 2369 1504 2410 cap.
1527 2375 1578 2398 10.
1599 2368 1629 2398 ct

101 2422 152 2459 ..5
172 2417 249 2460 cap.
265 2412 325 2460 3)
338 2420 466 2448 contra
488 2413 791 2448 consuetudinem
813 2414 1001 2457 dividitur;
1022 2426 1097 2449 non
1120 2426 1209 2461 ergo
1227 2414 1377 2450 debuit
1368 2427 1404 2450 in
1418 2415 1629 2451 delinitione

116 2463 125 2473 ‘
165 2465 266 2513 poni,
285 2466 385 2514 quod
405 2475 502 2502 esset
521 2468 725 2502 secundum
748 2468 1048 2503 consuetudinem
1077 2469 1225 2515 patriae.

91 2527 160 2562 ’4.
180 2517 420 2556 pumentia.
441 2519 700 2556 Necessarium
723 2520 898 2569 dupliciter
918 2521 1065 2557 dicitur:
1093 2521 1231 2558 scilicet
1253 2523 1300 2565 id,
1327 2522 1424 2569 quod
1452 2531 1506 2558 est
1527 2535 1628 2559 neccs-

201 2572 426 2620 simpliciter‚
440 2574 538 2622 quod
554 2574 779 2621 impossibile
800 2582 855 2610 est
871 2574 975 2610 aliter
994 2587 1032 2610 se
1055 2576 1206 2618 habere3
1225 2585 1261 2611 et
1279 2577 1492 2621 hujusmodi
1506 2588 1628 2612 neces·

119 2665 121 2667 ,
201 2637 278 2663 non
290 2627 454 2675 subjacet
466 2628 632 2663 humano
647 2628 802 2674 judicio:
817 2629 912 2664 unde
921 2629 1003 2664 talis
1017 2630 1215 2665 necessitas
1231 2630 1273 2664 ad
1290 2629 1409 2675 legem
1426 2630 1625 2665 humanam

147 2680 321 2729 pertinet:
343 2688 398 2718 αι
418 2681 530 2717 etiam
552 2680 687 2729 aliquid
706 2683 923 2718 necessarium
947 2691 1094 2730 propter
1115 2683 1245 2726 finem;
1267 2691 1302 2718 et
1323 2683 1404 2718 talis
1431 2684 1627 2718 necessitas

172 2742 241 2778 eut,
257 2734 358 2783 quod
378 2734 526 2778 utilitas;
552 2746 642 2781 ergo
664 2735 842 2782 superflue
865 2744 1059 2784 utrumque
1086 2737 1232 2783 ponitur
1252 2738 1447 2779 necessaria,
1470 2745 1506 2771 et
1526 2737 1625 2772 utilis.

125 2785 203 2825 διο
228 2797 386 2825 coum
407 2797 462 2825 est
481 2789 677 2824 auctoritas
701 2789 811 2836 ipsius
834 2788 962 2825 Isidori
983 2790 1058 2835 (cit.
1081 2791 1115 2824 in
1137 2802 1210 2835 arg.
1233 2791 1290 2835 1.).

62 2848 65 2851 '
100 2839 357 2879 hkmmmso
381 2842 592 2885 dicendum,
617 2843 716 2890 quod
743 2843 1027 2891 uniuscuiusque
1054 2845 1103 2879 rei
1131 2855 1224 2891 quae
1251 2853 1304 2880 est
1331 2853 1478 2891 propter
1503 2844 1626 2886 finem,

213 2895 381 2944 enquod
393 2894 516 2932 forma
536 2896 797 2932 determinetur
810 2895 1011 2932 secundum
1027 2899 1301 2945 proportionem
1321 2899 1365 2933 ad
1384 2898 1514 2934 finem:
1534 2899 1626 2934 sicut
