1907 3198
483 179 710 217 QUAESTIO
744 179 801 210 IV.
836 179 1082 211 ARTICULUS
1115 179 1190 209 VII.
1586 179 1640 222 59

137 264 368 300 RESPONDEO
389 263 597 305 dicendum,
619 261 716 309 quod
740 262 782 296 ad
802 261 1066 296 beatitudinem
1088 259 1353 307 imperfectam,
1376 259 1491 306 qualis
1510 259 1545 293 in
1571 260 1642 294 hac

67 318 140 354 vita
159 325 279 365 potest
299 317 435 358 haberi,
458 316 689 363 requiruntur
708 315 887 350 exteriora
907 314 1018 356 bona,
1038 325 1113 348 non
1136 313 1239 360 quasi
1260 313 1304 348 de
1319 313 1474 347 essentia
1495 313 1644 347 beatitu-

68 371 159 406 dinis
180 371 379 412 existentia,
401 370 463 405 sed
485 370 587 416 quasi
609 368 934 404 instrumentaliter
948 367 1189 402 deservientia
1203 366 1428 408 beatitudini,
1447 377 1540 412 quae
1559 377 1645 399 con-

67 424 159 460 sistit
171 424 206 458 ‘m
221 424 435 471 operatione
449 423 601 464 virtutis,
617 430 655 456 ut
676 422 807 456 dicitur
828 421 864 455 in
891 431 918 455 1.
935 419 1053 455 Ethic.
1068 420 1158 467 (cap.
1175 431 1205 466 7.
1220 431 1241 454 a
1258 419 1372 465 med).
1387 419 1529 465 Indiget
1544 418 1643 452 enim

66 477 182 513 homo
203 477 241 511 in
262 477 332 511 hac
354 476 427 511 vita
448 475 662 511 necessariis
685 474 851 521 corporis
871 482 947 508 tarn
967 473 1010 508 ad
1033 473 1287 520 operationem
1315 472 1456 506 virtutis
1483 480 1645 506 contem-

66 529 232 578 plativae,
253 541 364 577 quam
383 529 494 564 etiam
509 529 552 564 ad
567 528 821 575 operationem
838 527 978 562 virtutis
1002 526 1312 573 contemplativae
1335 526 1379 560 ad
1399 537 1509 572 quam
1532 525 1643 560 etiam

65 582 168 632 plura
193 582 263 618 alia
289 583 529 630 requiruntur,
551 582 680 629 quibus
707 589 874 616 exerceat
899 591 1010 627 opera
1034 580 1173 614 activae
1200 579 1352 614 virtutis.

139 636 212 672 Sed
234 636 278 671 ad
300 636 560 671 beatitudinem
583 634 796 682 perfectam,
810 646 903 682 quae
920 634 956 668 in
972 634 1112 669 visione
1126 634 1197 668 Dei
1217 633 1394 675 consistit,
1411 632 1513 666 nullo
1530 632 1644 666 modo

64 689 276 737 hujusmodi
302 689 398 724 bona
426 689 666 736 requiruntur.
692 688 807 734 Cujus
835 687 926 722 ratio
957 694 1020 730 est,
1044 687 1128 734 quia
1155 687 1280 721 omnia
1306 685 1519 732 huiusmodi
1544 686 1643 720 bona

66 743 243 780 exteriora
263 742 323 778 vel
336 743 565 790 requiruntur
584 743 627 777 ad
643 743 945 778 sustentationem
967 741 1135 776 animalis
1151 739 1399 788 corporis‚'vel
1414 740 1644 786 requiruntur

67 797 112 833 ad
137 796 276 844 aliquas
298 797 543 844 operationes,
565 808 654 843 quas
677 808 740 843 per
762 795 920 830 animale
944 807 1076 842 corpus
1099 805 1323 836 exercemus,
1345 805 1437 840 quac
1459 793 1644 827 humanae

66 850 161 886 vitae
182 850 422 886 conveniunt:
445 849 507 884 illa
529 858 651 884 autern
674 849 833 897 perfecta
848 849 1047 891 beatitudo,
1062 859 1154 896 quae
1170 849 1205 883 in
1221 848 1361 882 visione
1375 847 1446 881 Dei
1466 846 1644 888 consistit,

64 903 124 940 vel
143 904 211 939 erit
229 903 267 938 in
289 904 411 938 anima
424 904 501 938 sine
523 914 690 949 corpore,
711 903 770 938 vel
791 903 858 938 erit
879 904 915 937 in
931 903 1052 937 anima
1070 902 1216 949 corpori
1230 903 1366 947 juncta,
1384 911 1460 934 non
1479 901 1552 945 jam
1570 899 1643 933 ani-

66 957 165 1000 mali,
187 957 250 993 sed
271 957 466 1005 spirituali;
488 966 524 992 et
538 957 621 992 ideo
637 956 738 992 nullo
754 957 867 992 modo
882 956 1094 1003 hujusmodi
1109 955 1286 990 exteriora
1301 954 1398 988 bona
1413 953 1645 1000 requiruntur

67 1011 111 1046 ad
126 1010 228 1046 illam
239 1010 513 1052 beatitudinem,
526 1021 610 1045 cum
628 1011 840 1046 ordinentur
855 1010 898 1044 ad
914 1011 1027 1044 vitam
1043 1008 1252 1043 animalem.
1275 1008 1319 1042 Et
1337 1008 1420 1054 quia
1436 1007 1471 1041 in
1487 1007 1556 1040 hac
1572 1006 1644 1040 vita

12 1087 16 1090 -
66 1064 185 1112 magis
211 1063 352 1099 accedit
373 1064 417 1098 ad
438 1063 714 1099 similitudinem
736 1063 831 1098 illius
853 1063 1035 1111 perfectae
1054 1061 1285 1097 beatitudinis
1307 1060 1462 1096 felicitas
1482 1068 1643 1094 contem-

65 1117 212 1166 plativa,
231 1129 344 1165 quam
365 1117 494 1160 activa,
510 1125 634 1165 utpote
650 1117 760 1152 ctiam
775 1117 857 1152 Deo
872 1117 1039 1159 similior,
1054 1125 1092 1151 ut
1106 1128 1148 1151 ex
1163 1115 1267 1150 dictis
1282 1122 1379 1162 patet
1395 1114 1440 1160 (q.
1454 1126 1481 1160 3.
1501 1117 1565 1148 art.
1580 1114 1643 1159 5.),·

65 1171 148 1208 ideo
162 1171 283 1206 minus
303 1170 441 1218 indiget
453 1171 664 1217 hujusmodi
685 1171 791 1205 bonis
813 1171 989 1217 corporis,
1005 1178 1042 1205 ut
1056 1170 1186 1204 dicitur
1205 1169 1240 1203 in
1264 1179 1316 1204 10.
1335 1168 1451 1202 Ethic.
1469 1167 1559 1214 (cap.
1579 1167 1642 1209 8.).

137 1225 199 1261 AD
220 1235 371 1261 PRIMUM
393 1235 481 1271 ergo
503 1224 710 1267 dicendum,
733 1225 831 1271 quod
859 1235 988 1259 omnes
1018 1224 1101 1258 illae
1132 1222 1342 1270 corporales
1365 1222 1640 1268 promissiones,

67 1289 160 1327 quae
180 1279 218 1314 in
240 1278 353 1313 Sacra
372 1277 558 1325 Scriptura
580 1278 825 1320 continentur,
846 1286 929 1313 sunt
947 1277 1198 1324 metaphorice
1221 1275 1499 1322 intelligendae'3
1522 1286 1647 1309 secun-

67 1332 153 1368 dum
177 1331 306 1379 quod
298 1343 334 1366 m
357 1331 552 1379 Scripturis
574 1331 693 1366 solent
714 1330 914 1378 spiritualia
931 1342 996 1378 per
1017 1330 1223 1377 corporalia
1245 1329 1438 1375 designari,
1462 1337 1499 1362 ut
1518 1339 1559 1362 ex
1575 1327 1645 1369 his,

67 1395 161 1434 quae
181 1385 365 1427 novimus,
387 1384 431 1419 ad
453 1384 758 1420 desiderandum
750 1384 938 1432 incognita
960 1395 1244 1430 consurgamus,
1267 1383 1360 1417 sicut
1379 1381 1489 1427 Greg
1506 1381 1614 1415 dicit'
1607 1392 1642 1415 m

68 1438 228 1487 quadam
245 1438 348 1474 horn.
370 1438 511 1484 (scilicet
530 1440 626 1474 1r.in
642 1439 696 1474 Ev
698 1450 773 1485 ang.
797 1439 831 1472 in
842 1439 996 1486 princ.).·
1019 1438 1112 1472 sicut
1126 1448 1189 1483 per
1206 1438 1329 1478 cibum,
1344 1440 1499 1482 etpotum
1519 1433 1646 1468 intelli-

68 1493 164 1541 gitur
184 1491 379 1527 delectatio
392 1491 636 1535 beatitudinis,
652 1503 715 1539 per
729 1492 864 1527 divitias
882 1490 1097 1533 sufficentia,
1113 1502 1183 1537 qua
1198 1489 1341 1524 homini
1356 1488 1510 1523 sufficiet
1523 1488 1645 1530 Deus;

67 1557 132 1594 per
151 1556 291 1593 regnum
312 1544 484 1580 exaltatio
505 1545 667 1580 hominis
689 1556 803 1592 usque
826 1545 870 1579 ad
893 1544 1194 1590 conjunctionem
1217 1555 1302 1578 cum
1323 1543 1417 1577 Deo.

140 1599 202 1635 AD
228 1609 437 1635 SECUNDUM
464 1598 672 1641 dicendum,
694 1598 791 1646 quod
810 1599 907 1633 bona
928 1598 995 1633 ista
1018 1597 1258 1632 deservientia
1277 1595 1427 1630 animali
1449 1596 1543 1630 vitae
1570 1606 1645 1629 non

69 1659 284 1700 competunt
301 1652 398 1687 vitae
419 1652 607 1699 spirituali,
630 1653 666 1687 in
688 1664 758 1699 qua
779 1652 967 1687 beatitudo
990 1651 1149 1699 perfecta
1171 1650 1354 1686 consistit:
1378 1658 1414 1684 et
1434 1658 1558 1684 tamen
1577 1648 1644 1682 erit

67 1706 104 1742 in
117 1705 180 1740 illa
192 1705 414 1741 beatitudine
436 1706 603 1740 omnium
617 1706 801 1741 bonorum
824 1705 1082 1752 congregatio:
1106 1705 1190 1752 quia
1205 1703 1380 1751 quidquid
1394 1704 1534 1737 bonum
1550 1702 1646 1736 inve-

69 1759 167 1795 nitur
186 1759 223 1794 in
245 1759 332 1802 istis,
353 1766 473 1794 totum
493 1759 687 1794 habebitur
707 1760 743 1793 in
766 1770 913 1794 summo
935 1758 1034 1794 fonte
1056 1759 1252 1793 bonorum.

142 1813 204 1848 AD
231 1823 405 1848 TERTIUM
439 1812 648 1855 dicendum,
675 1813 773 1859 quod
806 1812 1007 1847 secundum
1034 1812 1228 1859 Augustin.
1251 1812 1287 1845 in
1314 1811 1374 1845 lib.
1405 1821 1432 1844 1.
1456 1810 1499 1844 de
1528 1809 1645 1844 Serm.

70 1866 183 1902 Dom.
205 1866 242 1901 in
263 1874 390 1901 monte
413 1865 542 1913 (cap.5.
559 1878 579 1900 a
593 1866 707 1912 med),
731 1877 871 1900 merces
898 1874 1110 1900 sanctorum
1132 1876 1205 1900 non
1229 1865 1358 1899 dicitur
1373 1875 1450 1898 esse
1466 1864 1501 1897 in
1521 1874 1648 1909 corpo-

19 1919 24 1922 ’
71 1919 142 1955 reis
163 1918 295 1962 coelis;
309 1919 371 1954 sed
386 1929 450 1966 per
464 1918 589 1954 coelos
611 1919 824 1966 intelligitur
847 1919 998 1954 altitudo
1020 1918 1262 1965 spiritualium
1283 1918 1477 1952 bonorum.
1507 1915 1649 1951 Nihilo-

27 2728 37 2751 b

20 2822 38 2887 ε

22 2889 38 2972 ἑ

72 1973 192 2008 minus
224 1980 350 2008 tamen
388 1971 492 2007 locus
528 1983 745 2020 corporeus,
774 1972 915 2008 scilicet
943 1972 1089 2008 coelum
1118 1983 1344 2019 empyreum,
1377 1971 1490 2005 aderit
1523 1970 1648 2012 beatis,

71 2037 146 2061 non
172 2034 320 2073 propter
344 2026 600 2061 necessitatem
625 2026 872 2069 beatitudinis,
894 2026 956 2061 sed
983 2026 1186 2061 secundum
1216 2025 1415 2072 quamdam
1444 2035 1648 2071 congruen-

31 2117 38 2124 ,
71 2079 173 2123 tiam,
194 2088 230 2115 et
254 2079 440 2115 decorem.

604 2202 954 2249 ARTICULUS
988 2203 1113 2246 v111.
1606 2223 1647 2260 32

153 2311 309 2342 UTRUM
328 2311 388 2341 AD
409 2310 747 2342 BEATITUDINEM
768 2312 1053 2348 REQUIRATUR
1075 2312 1289 2342 SOCIETAS
1319 2312 1569 2342 AMICORUM.

147 2398 208 2433 AD
229 2408 420 2434 OCTAVUM
442 2398 493 2433 sic
516 2399 733 2445 proceditur.
755 2399 920 2442 Videtur,
942 2400 1040 2447 quod
1063 2400 1172 2434 amici
1194 2402 1263 2435 sint
1285 2401 1480 2435 necessarii
1504 2401 1548 2435 ad
1570 2400 1651 2435 bea—

74 2451 277 2487 titudinem.
307 2451 441 2486 Futura
471 2452 570 2487 enim
597 2452 783 2487 beatitudo
813 2453 849 2487 in
878 2453 1073 2500 Scripturis
1101 2453 1308 2500 frequenter
1337 2454 1487 2488 nomin«.-
1511 2453 1649 2500 gloriae

75 2505 300 2551 designatur:
328 2504 390 2540 sed
418 2504 536 2551 gloria
562 2505 729 2540 consistit
755 2506 790 2540 in
819 2506 904 2549 hoc,
931 2507 1028 2553 quod
1055 2508 1195 2541 bonurn
1221 2507 1381 2542 hominis
1411 2508 1455 2542 ad
1483 2508 1649 2541 notitiam

24 2591 27 2593 Α
75 2558 276 2593 multorum
298 2558 501 2601 deducitur;
523 2570 612 2604 ergo
634 2559 679 2593 ad
702 2559 961 2595 beatitudinem
984 2561 1173 2607 requiritur
1195 2561 1350 2596 societas
1375 2562 1590 2596 amicorum.

148 2620 180 2646 2.
202 2610 440 2647 PRAETEREA.
464 2612 612 2646 Boetius
635 2612 723 2647 dicit
742 2613 814 2657 (nec
831 2614 921 2660 apud
936 2614 1030 2648 illum
1049 2616 1207 2656 occurrit,
1222 2614 1274 2649 scd
1295 2615 1370 2649 hab.
1387 2615 1424 2650 δι’
1429 2627 1482 2649 ηε·
1487 2616 1579 2661 ‚cpi
1573 2620 1606 2649 t.
1618 2615 1652 2650 6.

23 2658 30 2662 ⁴
76 2665 138 2700 cir.
159 2663 260 2710 med.)
283 2664 381 2711 quod
403 2665 526 2700 nullius
547 2666 626 2700 boni
644 2667 713 2701 sine
734 2668 896 2701 consortto
913 2667 1064 2714 jucunda
1086 2681 1111 2702 e
1106 2673 1130 2703 t
1144 2670 1318 2715 possessio.
1341 2668 1402 2702 sed
1433 2668 1475 2701 .ιά
1505 2668 1652 2702 beatitu-

76 2717 200 2753 dinem
221 2718 414 2765 requiritur
435 2718 649 2761 delectatio;
671 2730 759 2765 ergo
782 2720 892 2755 etiam
916 2721 1106 2767 requiritur
1127 2722 1284 2756 societas
1307 2723 1525 2756 amicorum.

150 2782 181 2818 3.
202 2770 440 2807 Patrensi.
464 2771 663 2807 Charitas·
656 2784 691 2807 m
713 2773 935 2809 beatitudine
958 2774 1159 2821 perficitur:
1183 2776 1245 2810 sed
1262 2776 1420 2810 charitas
1435 2775 1593 2810 extendit
1615 2786 1652 2810 se

78 2824 123 2860 ad
144 2824 379 2886 dilecti-onem
405 2826 487 2868 Dei,
509 2834 544 2861 et
569 2827 745 2873 proximi;
767 2839 854 2875 ergo
877 2828 1029 2871 videtur,
1051 2829 1149 2876 quod
1180 2830 1223 2863 ad
1253 2829 1514 2864 beatitudinem
1540 2829 1654 2876 requi-

78 2887 176 2913 ratur
195 2886 352 2914 societas
375 2879 592 2914 amicorum.
