1875 3198
205 187 288 242 698
608 200 830 235 QUAESTIO
865 199 1015 229 xcvm.
1049 199 1296 230 ARTICULUS
1329 200 1377 229 11.

204 288 369 315 cerentur
391 280 435 314 ad
455 280 654 323 Christum,
670 293 733 327 per
755 293 863 327 quem
887 289 963 315 erat
985 281 1194 327 ejiciendus,
1217 280 1419 315 secundum
1443 279 1532 314 illud
1552 280 1680 314 Matth.
1708 290 1780 313 12.:

202 334 238 369 Si
259 335 400 369 Satanas
413 335 574 369 Satanam
591 336 692 380 ejicit,
709 335 853 368 divisum
872 340 917 369 est
930 346 1067 380 regnum
1082 337 1172 380 eju&
1196 343 1231 369 et
1251 335 1334 368 ideo
1351 334 1392 368 ab
1409 333 1542 368 eodem
1561 333 1656 376 Deo,
1671 344 1692 367 a
1706 344 1778 379 quo

202 387 297 421 facta
318 396 371 422 est
392 387 488 422 salus
510 389 705 422 hominum
732 400 794 434 per
817 388 973 433 gratiam
997 387 1146 429 Christi,
1169 387 1226 422 lex
1247 396 1351 422 vetus
1373 387 1456 422 data
1478 395 1541 422 est.

274 441 333 475 AD
349 452 498 476 PRIMUM
514 453 601 486 ergo
621 441 828 482 dicendum,
845 441 942 486 quod
956 441 1048 474 nihil
1061 441 1230 487 prohibet
1245 441 1379 487 aliquid
1393 452 1468 475 non
1487 451 1565 475 esse
1579 439 1780 486 perfectum

202 495 424 541 simpliciter,
447 495 544 540 quod
559 503 682 529 tamen
699 502 751 528 est
773 494 973 540 perfectum
989 495 1191 529 secundum
1212 503 1374 541 tempus:
1397 495 1491 529 sicut
1505 494 1634 528 dicitur
1649 493 1777 540 aliquis

202 560 290 595 puer
323 548 501 595 perfectus
531 560 606 582 non
638 548 861 594 simpliciter,
895 548 958 582 sed
994 549 1196 582 secundum
1222 549 1398 594 temporis
1433 548 1702 582 conditionem:
1731 547 1778 581 ita

203 602 312 636 etiam
334 610 539 648 praecepta,
560 613 651 647 quae
674 602 794 648 pueris
817 602 958 644 dantur,
980 611 1062 636 sunt
1084 602 1231 648 quidem
1253 601 1412 648 perfecta
1434 601 1636 636 secundum
1659 600 1782 635 condi-

200 656 339 690 tionem
363 667 502 697 eorum,
530 655 658 701 quibus
681 655 821 697 dantur,
845 655 911 689 etsi
929 667 1004 689 non
1027 656 1096 690 sint
1111 655 1272 702 perfecta
1294 655 1528 702 simpliciter:
1551 663 1585 689 et
1605 653 1692 689 talia
1708 653 1781 688 fue-

201 718 284 743 runt
308 717 500 755 praecepta
523 708 632 754 legis:
656 709 751 742 unde
779 708 980 755 Apostolus
1002 709 1089 743 dicit
1111 709 1155 743 ad
1179 709 1259 744 Gal.
1286 720 1331 755 3.:
1354 709 1424 744 Lex
1435 708 1646 755 paedagogus
1670 713 1779 742 noster

194 764 267 809 fuit
287 765 322 797 in
346 763 489 797 Christo.

272 817 332 851 AD
355 827 563 851 SECUNDUM
586 816 792 858 dicendum,
815 816 912 863 quod
935 828 1045 863 opera
1066 816 1138 850 Dei
1159 824 1392 863 perseverant
1408 816 1446 850 in
1461 823 1662 858 aeternum,
1685 826 1778 862 quae

200 871 251 904 sic
273 870 373 904 Deus
395 869 491 912 fecit,
514 878 553 903 ut
573 870 609 903 in
633 878 820 904 aeternum
844 878 1090 916 perseverent:
1119 878 1154 904 et
1179 870 1271 905 haec
1294 878 1376 904 sunt
1397 881 1451 912 ea,
1473 880 1566 916 quae
1593 877 1677 904 sunt
1702 880 1778 915 per-

199 923 311 958 fecta:
334 923 391 957 lex
413 933 535 957 autem
556 932 658 958 vetus
674 924 886 970 reprobatur
900 932 1065 970 tempore
1080 923 1312 970 perfectionis
1328 924 1477 970 gratiae,
1495 934 1571 957 non
1588 931 1778 969 tamquam

199 978 307 1019 mala,
330 977 390 1011 sed
413 986 603 1023 tamquam
626 977 780 1020 infirma,
801 985 835 1011 et
852 977 987 1011 inutilis
1003 989 1068 1024 pro
1081 978 1151 1012 isto
1170 985 1352 1024 tempore:
1375 977 1471 1023 quia,
1486 984 1525 1011 ut
1539 976 1669 1019 subdit,
1690 976 1776 1010 nihil

199 1031 241 1066 ad
253 1032 439 1078 pet-jectum
466 1031 607 1066 adduxit
629 1031 701 1072 lam·
726 1031 820 1065 unde
844 1031 888 1065 ad
912 1031 1031 1066 Galat.
1058 1043 1086 1077 3.
1109 1031 1195 1065 dicit
1215 1030 1437 1078 Apostolus:
1475 1031 1541 1066 Uln·
1573 1031 1664 1065 venit
1681 1029 1779 1076 fides,

198 1087 273 1131 jam
292 1097 356 1119 non
377 1097 488 1119 smnus
505 1086 562 1119 sub
579 1084 783 1131 paedagogo.

270 1139 330 1173 AD
353 1149 526 1173 TERTIUM
548 1138 755 1181 dicendum,
778 1138 887 1185 quod,
910 1138 1003 1173 sicut
1025 1150 1132 1185 supra
1155 1138 1293 1173 dictum
1309 1146 1363 1173 est
1381 1138 1428 1184 (q.
1444 1149 1498 1186 79.
1518 1142 1582 1172 art.
1593 1137 1659 1183 4.)‚
1674 1137 1776 1171 Deus

200 1192 395 1239 aliquando
418 1192 592 1239 permittit
614 1192 755 1238 aliquos
783 1193 912 1227 cadere
935 1193 972 1226 in
994 1201 1198 1239 peccatum,
1225 1200 1264 1227 ut
1291 1192 1419 1226 exinde
1440 1190 1698 1226 humilientur:
1726 1190 1775 1225 ita

200 1247 310 1281 etiam
332 1246 448 1280 voluit
468 1255 590 1280 tamen
614 1246 736 1292 legem
759 1246 855 1289 dare,
879 1258 990 1293 quam
1004 1247 1076 1281 suis
1096 1247 1230 1281 viribus
1249 1246 1420 1281 homines
1438 1245 1590 1293 implere
1604 1256 1680 1279 non
1699 1256 1779 1291 pos-

201 1309 297 1335 sent:
322 1309 360 1334 ut
381 1300 444 1342 sic,
467 1300 554 1334 dum
576 1300 747 1335 homines
766 1308 1039 1346 praesumentes
1062 1300 1106 1335 de
1128 1311 1165 1335 se
1188 1308 1401 1347 peccatores
1423 1311 1462 1334 se
1482 1299 1697 1341 invenirent,
1716 1298 1780 1332 hu-

201 1354 330 1388 miliati
351 1362 577 1388 recurrerent
599 1353 643 1387 ad
666 1353 840 1388 auxilium
863 1354 1012 1400 gratiae.
1443 1347 1447 1352 ’

270 1408 330 1442 AD
353 1418 543 1446 QUARTUM
569 1408 777 1450 dicendum,
799 1408 897 1454 quod
926 1408 1092 1454 quamvis
1123 1408 1181 1443 lex
1207 1416 1310 1443 vetus
1336 1419 1412 1442 non
1438 1407 1620 1442 sufficeret
1646 1406 1691 1441 ad
1712 1405 1779 1440 sal-

200 1462 361 1496 vandum
379 1462 568 1496 homines:
587 1470 711 1496 tamen
726 1462 851 1496 aderat
875 1461 970 1496 aliud
994 1462 1169 1496 auxilium
1193 1474 1213 1496 a
1233 1463 1316 1496 Deo
1337 1462 1549 1496 hominibus
1570 1459 1680 1496 simul
1693 1472 1778 1494 cum

199 1515 293 1561 lege,
315 1527 379 1561 per
401 1515 498 1561 quod
520 1515 652 1549 salvari
673 1524 852 1562 poterant,
876 1515 1015 1550 scilicet
1035 1515 1123 1550 fides
1142 1516 1367 1558 Mediatoris,
1382 1527 1446 1562 per
1464 1526 1574 1562 quam
1593 1513 1777 1561 justificati

200 1577 284 1603 sunt
306 1569 444 1615 antiqui
466 1577 596 1616 patres,
618 1569 711 1603 sicut
733 1570 844 1604 etiam
865 1581 932 1604 nos
958 1569 1213 1615 justificamur:
1238 1578 1273 1605 et
1294 1570 1344 1604 sic
1366 1570 1467 1604 Deus
1488 1580 1564 1604 non
1585 1568 1776 1603 deficiebat

201 1623 423 1666 hominibus,
446 1624 532 1670 quin
554 1624 655 1658 daret
677 1624 726 1658 eis
749 1623 874 1658 salutis
898 1623 1041 1658 auxilia.

759 1754 1107 1800 ARTICULUS
1144 1755 1224 1798 ΠΙ.
1713 1774 1779 1810 520

435 1863 588 1893 UTRUM
617 1863 700 1893 LEX
726 1864 866 1894 VETUS
894 1864 1016 1894 DATA
1043 1864 1200 1894 FUERIT
1224 1864 1304 1894 PER
1330 1863 1546 1894 ANGELOS.

201 1957 304 2003 (Infr.
328 1963 393 1992 art.
416 1959 449 1992 6.
472 1969 543 2004 arg.
565 1957 617 1992 sed
638 1953 724 1993 contss
747 1964 777 1994 et
794 1959 858 1993 Isa.
879 1960 912 1994 6.
932 1966 1021 2005 corp.
1041 1971 1069 2005 3.
1090 1964 1120 1994 et
1144 1958 1222 1994 Gal.
1237 1971 1266 2005 3.
1286 1958 1357 1994 lect.
1378 1970 1408 2005 7.
1427 1963 1458 1993 et
1481 1958 1587 1994 Colos.
1602 1969 1634 1992 2.
1654 1957 1725 1993 lect.
1743 1968 1785 2002 4.

676 2017 704 2047 et
722 2013 806 2047 Hah.
834 2025 862 2048 Ι.
885 2019 960 2060 cap.
982 2013 1092 2059 2.fin.
1114 2018 1144 2048 et
1165 2019 1239 2059 cap.
1258 2012 1318 2058 5.).

270 2106 330 2141 AD
355 2117 527 2142 TERTIUM
550 2107 600 2141 sic
623 2107 843 2153 proceditur.
865 2107 1029 2150 Videtur,
1052 2108 1150 2154 quod
1172 2107 1230 2142 lex
1250 2115 1354 2142 vetus
1374 2119 1450 2142 non
1471 2106 1578 2142 fuerit
1603 2106 1686 2141 data
1712 2118 1776 2154 per

199 2160 361 2206 angelos,
385 2161 447 2195 sed
469 2161 680 2196 immediate
704 2173 723 2195 a
745 2162 844 2196 Deo:
869 2161 1021 2208 angelus
1049 2162 1147 2196 enim
1174 2163 1311 2197 nuntius
1337 2161 1485 2196 dicitur:
1509 2169 1544 2195 et
1564 2161 1615 2195 sic
1638 2172 1776 2195 nomen

199 2213 320 2260 angeli
342 2214 584 2248 ministerium
607 2216 791 2261 importat,
813 2227 888 2249 non
910 2215 1128 2258 dominium,
1151 2215 1354 2250 secundum
1377 2214 1466 2249 illud
1488 2214 1583 2249 Psal.
1607 2225 1701 2250 102.:
1721 2215 1778 2249 Ba-

198 2269 336 2304 nedicite
358 2270 506 2304 Domino
529 2282 638 2304 omnes
660 2271 780 2316 Angsli
794 2273 862 2316 ujus
883 2272 1032 2305 ministri
1046 2273 1136 2317 asum
1160 2271 1222 2305 sed
1243 2278 1346 2306 vetus
1361 2270 1418 2304 lex
1434 2282 1453 2304 a
1466 2270 1631 2304 Domino
1646 2269 1776 2304 tradita

199 2334 277 2358 esse
296 2323 522 2369 perhibetur:
547 2324 676 2358 dicitur
692 2325 789 2358 enim
805 2324 917 2358 Exod.
938 2325 1236 2370 20.:L0cntzcsq1w
1257 2329 1299 2360 est
1323 2325 1490 2359 Dominus
1511 2335 1672 2359 sermones
1698 2324 1774 2364 hos‚·
1815 2342 1822 2350 ι

199 2385 233 2410 et
255 2385 381 2423 postea
400 2377 582 2412 subditur:
605 2378 674 2422 Ego
690 2379 776 2412 enim
788 2390 860 2412 snm
877 2379 1047 2413 Dominus
1061 2379 1152 2413 Deus
1171 2382 1264 2413 tzms:
1288 2386 1323 2412 et
1340 2378 1438 2412 idem
1457 2378 1588 2412 modus
1602 2377 1776 2424 loquendi

197 2429 403 2476 frequenter
425 2431 596 2476 repetitur
618 2431 653 2464 in
677 2431 817 2473 Exodo,
841 2440 875 2466 et
896 2432 932 2465 in
955 2431 1053 2466 libris
1077 2432 1382 2478 consequentibus
1405 2431 1516 2478 legis3
1538 2442 1628 2478 ergo
1647 2431 1704 2466 lex
1720 2438 1774 2465 est

197 2483 408 2518 immediate
432 2484 515 2518 data
539 2496 557 2517 a
580 2485 673 2518 Deo.

270 2547 300 2571 2.
324 2537 562 2572 PRAETEREA.
587 2538 690 2572 Sicut
711 2538 841 2572 dicitur
851 2538 954 2583 Joan.
981 2550 1027 2572 1.:
1052 2539 1121 2573 Lex
1134 2545 1196 2585 per
1214 2539 1361 2585 Moysam
1375 2538 1453 2574 data
1467 2543 1530 2574 est:
1545 2538 1608 2573 sed
1627 2538 1774 2585 Moyses

197 2591 409 2625 immediate
438 2592 578 2638 accepit
605 2604 624 2626 a
651 2592 745 2634 Deo,
776 2593 906 2626 dicitur
933 2593 1031 2627 enim
1058 2593 1172 2627 Exod.
1204 2605 1273 2639 33.:
1301 2594 1515 2640 Loquabatur
1538 2593 1706 2628 Dominus
1732 2591 1773 2626 ad

198 2646 344 2691 ill‘oysem
360 2646 451 2691 siccis
470 2646 658 2691 anijin-iem,
678 2647 759 2680 sicut
775 2646 864 2691 loqui
885 2647 961 2681 solet
984 2648 1114 2682 amicus
1133 2647 1175 2681 ad
1189 2648 1336 2682 amicum
1354 2659 1469 2688 sunum
1494 2658 1582 2693 ergo
1598 2645 1656 2681 lex
1670 2654 1773 2680 vetus

198 2698 408 2733 immediate
433 2699 514 2733 data
537 2708 590 2734 est
613 2711 632 2733 a
654 2700 746 2733 Deo.

273 2763 300 2797 3.
323 2752 562 2787 PRAETEREA.
586 2753 644 2787 Ad
667 2753 787 2787 solum
803 2753 1005 2800 principem
1025 2755 1179 2800 pertinet
1196 2754 1319 2801 legem
1337 2753 1442 2797 ferre,
1457 2762 1495 2788 ut
1511 2765 1618 2801 supra
1633 2753 1771 2788 dictum

198 2814 251 2840 est
275 2805 318 2851 (q.
335 2818 391 2851 90.
415 2812 477 2841 art.
497 2807 544 2852 3.)
557 2819 567 2840 .·
590 2807 652 2841 sed
674 2806 773 2850 solus
796 2807 895 2841 Deus
916 2816 968 2841 est
983 2808 1148 2854 princeps
1170 2808 1295 2843 salutis
1311 2808 1536 2843 animarum:
1552 2806 1673 2853 angeli
1686 2818 1772 2841 vero

199 2867 282 2894 sunt
302 2859 585 2894 adminiuratm-ii
617 2861 763 2906 spiritns,
788 2870 824 2894 ut
851 2861 981 2895 dicitur
1008 2862 1051 2895 ad
1081 2862 1189 2896 Hebr.
1222 2872 1270 2904 1.;
1298 2873 1386 2908 ergo
1413 2861 1471 2896 lex
1496 2869 1598 2896 vetus
1625 2872 1687 2907 per
1715 2872 1773 2895 an-

200 2913 302 2958 gelos
325 2913 400 2948 dari
423 2925 497 2948 non
520 2914 652 2956 debuit,
676 2926 760 2949 cum
783 2914 1010 2949 ordinaretur
1033 2915 1076 2948 ad
1100 2915 1306 2950 :mimarum
1329 2915 1494 2950 salutem.
