1907 3198
522 191 746 228 QUAESTIO
781 190 883 221 LVII.
917 187 1165 220 ARTICULUS
1199 187 1260 217 111.
1591 187 1674 230 395

92 288 212 320 usum,
233 275 296 311 sed
313 275 356 310 ad
370 275 442 310 hoc
460 274 594 321 aliquid
614 273 709 309 aliud
729 272 940 320 requiritur:
963 270 1130 318 quamvis
1152 270 1270 304 bonus
1292 279 1378 303 usus
1400 268 1477 303 sine
1500 275 1574 303 arte
1597 279 1676 303 esse

92 342 167 366 non
189 330 314 377 possit.

163 385 223 420 AD
246 393 455 419 SECUNDUM
478 382 685 424 dicendum,
709 381 805 428 quod
829 380 913 427 quia
940 379 983 414 ad
1010 379 1083 414 hoc
1111 386 1149 413 ut
1174 379 1290 413 homo
1317 377 1409 411 bene
1438 384 1559 412 utatur
1586 383 1673 418 arte,

92 449 202 486 quam
220 438 342 480 habet,
364 437 557 484 requiritur
574 437 670 470 bona
692 435 873 477 voluntas,
893 445 985 481 quae
1004 433 1187 481 perficitur
1205 444 1268 479 per
1283 432 1453 466 virtutem
1470 430 1674 473 moralem3

90 492 174 527 ideo
196 491 333 526 Philos.
356 491 443 525 dicit
461 491 558 537 quod
578 492 660 525 artis
681 495 724 525 cs!
740 491 861 532 virtus,
881 488 1020 523 scilicet
1038 487 1208 529 moralis;
1227 487 1446 532 inquantum
1465 485 1509 519 ad
1536 486 1675 519 bonum

90 557 196 581 usum
212 546 288 592 ers
311 544 431 592 aliqua
448 545 561 579 virtus
584 544 733 578 moralis
755 543 963 590 requiritur:
987 540 1221 576 manifestum
1244 548 1297 575 est
1311 540 1421 582 enim,
1437 539 1533 585 quod
1550 538 1676 573 artifex

91 611 154 648 per
176 600 362 646 justitiam,
386 610 478 646 quae
500 598 586 633 facit
608 598 838 632 voluntatem
859 606 1010 638 rectam,
1033 595 1226 630 inclinatur
1250 603 1288 629 ut
1311 606 1401 640 opus
1425 593 1530 628 fidele
1552 593 1673 628 faciat.

162 653 222 689 AD
242 664 414 689 TERTIUM
437 653 646 695 dicendum,
669 653 767 699 quod
790 652 900 686 etiam
922 651 958 685 in
981 651 1066 697 ipsis
1089 648 1371 696 speculabilibus
1391 657 1445 683 est
1461 648 1595 695 aliquid
1612 659 1674 694 per

91 707 243 743 modum
259 707 447 754 cujusdam
463 707 603 754 operis;
628 714 712 753 puta
729 705 952 741 constructio
968 704 1185 752 syllogismi,
1205 712 1267 738 aut
1285 703 1460 738 orationis
1477 713 1675 748 congruae,

91 770 152 797 aut
172 773 263 809 opus
285 762 512 804 numerandi,
535 761 593 795 vel
617 760 870 802 mensurandi3
891 768 925 794 et
940 759 1022 793 ideo
1039 758 1260 805 quicumque
1275 758 1319 792 ad
1335 756 1547 803 hujusmodi
1562 767 1673 803 opera

91 816 239 851 rationis
261 816 404 851 habitus
427 814 642 862 speculativi
665 815 890 856 ordinantur,
914 813 1082 847 dicuntur
1101 824 1163 859 per
1179 811 1376 859 quamdam
1396 811 1674 846 similitudinem

92 878 196 912 artes,
224 869 364 905 scilicet
394 869 555 911 liberales,
585 868 629 903 ad
656 867 899 903 differentiam
927 867 1071 901 illarum
1100 866 1244 908 artium,
1272 877 1364 912 quae
1391 865 1604 899 ordinantur
1631 864 1674 898 ad

91 934 200 971 opera
214 935 278 970 per
291 935 423 970 corpus
440 923 608 965 exercita,
625 933 716 969 quae
732 930 815 957 sunt
834 921 1112 968 quodammodo
1128 921 1261 956 serviles
1271 933 1283 962 ‚·
1307 921 1525 967 inquantum
1541 931 1674 966 corpus

90 977 267 1013 serviliter
288 977 452 1013 subditur
474 977 630 1019 animae,
655 984 689 1011 et
709 976 826 1011 homo
849 975 1052 1010 secundum
1076 975 1238 1009 animam
1262 983 1315 1009 est
1336 974 1444 1009 liber:
1477 974 1560 1009 illae
1586 985 1675 1008 vero

89 1032 274 1075 scientiae,
297 1043 390 1079 quae
417 1031 461 1066 ad
483 1030 626 1065 nullum
653 1030 863 1077 hujusmodi
892 1041 983 1077 opus
1011 1029 1234 1071 ordinantur,
1263 1028 1475 1076 simpliciter
1502 1028 1675 1063 scientiae

89 1085 268 1129 dicuntur,
289 1097 363 1120 non
384 1093 507 1121 autem
527 1093 640 1120 artes:
659 1096 727 1120 nec
748 1092 903 1131 oportet,
923 1084 951 1118 si
965 1082 1131 1118 liberales
1148 1091 1240 1118 artes
1255 1091 1337 1118 sunt
1351 1082 1562 1125 nobiliores,
1577 1082 1675 1129 quod

89 1140 207 1187 magis
229 1140 280 1176 eis
302 1140 498 1175 conveniat
524 1140 617 1175 ratio
640 1139 735 1174 artis.

646 1281 994 1328 ARTICULUS
1030 1281 1106 1325 IV.
1608 1301 1674 1338 304

267 1393 422 1425 UTRUM
447 1393 702 1424 PRUDENTIA
729 1393 796 1423 SIT
823 1393 980 1423 VIRTUS
1008 1391 1252 1422 DISTINCTA
1279 1392 1332 1421 AB
1359 1391 1487 1422 ARTE.

424 1483 526 1531 (Insr.
551 1488 615 1521 art.
634 1494 663 1531 5.
686 1483 729 1518 ad
749 1496 776 1519 1.
799 1488 828 1518 et
846 1495 911 1518 2—2.
935 1495 965 1529 (J.
987 1494 1042 1529 47.
1066 1488 1131 1518 art.
1150 1494 1184 1528 4.
1207 1482 1250 1517 ad
1271 1483 1333 1528 2.).

157 1573 219 1609 AD
241 1583 431 1614 QUARTUM
457 1573 508 1608 sic
535 1573 754 1620 proceditur.
777 1573 941 1616 Videtur,
965 1573 1062 1620 quod
1085 1574 1276 1620 prudentia
1298 1586 1372 1609 non
1395 1574 1440 1609 sit
1462 1573 1531 1608 alia
1555 1573 1667 1609 virtus

88 1627 130 1662 ab
153 1635 245 1663 arte:
269 1639 324 1662 ars
348 1627 447 1662 enim
469 1636 523 1663 est
543 1628 635 1663 ratio
655 1637 753 1663 recta
774 1627 980 1675 aliquorum
1001 1639 1172 1674 operum:
1194 1629 1257 1663 sed
1277 1628 1418 1663 diversa
1438 1640 1572 1675 genera
1591 1640 1673 1675 ope-

84 1693 167 1717 rum
187 1693 263 1717 non
283 1680 434 1725 faciunt,
457 1690 496 1717 ut
518 1681 653 1729 aliquid
677 1683 819 1716 amittat
833 1683 1015 1717 rationem
1038 1683 1142 1718 artis:
1166 1690 1249 1717 sunt
1271 1684 1368 1717 enim
1392 1683 1554 1718 diversae
1578 1692 1671 1718 artes

87 1736 181 1771 circa
208 1747 319 1782 opera
350 1735 457 1770 valde
487 1735 648 1771 diversa:
681 1748 765 1770 cum
796 1736 904 1781 igitur
934 1736 1044 1771 etiam
1075 1736 1265 1782 prudentia
1296 1737 1341 1771 sit
1369 1737 1549 1784 quaedam
1578 1737 1670 1772 ratio

84 1797 184 1825 recta
206 1801 370 1836 operum,
391 1790 534 1825 videtur
556 1790 654 1837 quod
678 1790 789 1825 etiam
812 1791 888 1837 ipsa
912 1790 1042 1825 debeat
1063 1790 1135 1824 dici
1158 1802 1225 1825 ars.

157 1853 188 1878 2.
211 1843 450 1879 PRAETEREA.
474 1844 669 1879 Prudentia
692 1844 810 1891 magis
833 1845 1005 1879 convenit
1028 1855 1111 1878 cum
1136 1853 1222 1887 arte,
1245 1856 1356 1891 quam
1378 1845 1522 1880 habitus
1545 1857 1670 1892 specu-

84 1896 203 1933 lativi:
226 1905 420 1945 utrumque
444 1898 543 1933 enim
565 1910 694 1933 eorum
717 1907 770 1933 est
793 1899 889 1932 circa
913 1899 1130 1945 contingens
1147 1898 1249 1933 aliter
1268 1910 1305 1934 se
1320 1899 1466 1941 habere,
1482 1908 1520 1934 ut
1540 1900 1670 1935 dicitur

85 1950 122 1986 in
144 1949 176 1987 6.
199 1951 281 1986 Eth.
306 1951 396 2000 (cap.
418 1963 451 1997 4.
474 1957 503 1987 et
519 1954 564 1999 5)
578 1965 588 1987 .·
611 1953 672 1988 sed
697 1952 845 1999 quidam
864 1952 1008 1987 habitus
1028 1952 1241 1999 speculativi
1261 1953 1430 1988 dicuntur
1449 1962 1559 1997 artes;
1580 1966 1667 2001 ergo

86 2005 203 2041 multo
225 2006 344 2053 magis
365 2006 556 2054 prudentia
578 2007 685 2042 debet
707 2007 777 2041 dici
800 2018 866 2041 ars.

160 2071 190 2107 3.
213 2060 451 2096 PRAETEREA.
484 2061 542 2095 Ad
569 2061 800 2108 prudentiam
828 2061 983 2107 pertinet
1009 2061 1100 2096 bene
1129 2061 1326 2104 consiliari,
1354 2070 1392 2097 ut
1419 2062 1550 2097 dicitur
1575 2063 1610 2097 in
1634 2062 1666 2098 6.

85 2113 245 2149 Ethicor.
267 2115 357 2162 (cap.
376 2115 441 2162 5.):
462 2115 523 2150 sed
547 2115 657 2150 etiarn
681 2115 715 2149 in
739 2115 956 2162 quibusdam
979 2115 1113 2150 artibus
1137 2116 1321 2150 consiliari
1344 2117 1534 2163 contingit,
1558 2125 1596 2152 ut
1618 2117 1666 2151 di-

86 2168 177 2204 citur
198 2169 233 2203 in
259 2181 288 2216 3.
312 2169 473 2204 Ethicor.
499 2169 587 2217 (cap.
607 2170 655 2217 3.)
677 2170 770 2204 sicut
792 2170 827 2204 in
851 2178 924 2205 arte
947 2170 1107 2213 militari,
1131 2179 1166 2206 et
1187 2171 1436 2218 gubernativa,
1457 2180 1492 2207 et
1518 2172 1666 2207 medici-

85 2221 177 2265 nali;
199 2234 287 2270 ergo
309 2224 500 2270 prudentia
522 2224 564 2258 ab
589 2232 662 2258 arte
685 2235 760 2258 non
783 2224 1025 2270 distinguitur.

157 2275 232 2312 SED
260 2287 417 2313 CONTRA
441 2286 506 2321 est,
525 2279 622 2325 quod
649 2277 787 2314 Philos.
815 2278 1003 2325 distinguit
1029 2279 1259 2326 prudentiam
1287 2279 1329 2314 ab
1358 2287 1433 2315 arte
1460 2280 1497 2314 in
1524 2279 1556 2315 6.
1584 2279 1664 2314 Eth.

87 2329 176 2378 (cap.
193 2332 253 2378 5.).

156 2384 387 2422 RESPONDEO
410 2386 618 2429 dicendum,
641 2387 737 2433 quod
754 2386 814 2420 ubi
829 2387 1010 2421 invenitur
1024 2387 1165 2423 diversa
1181 2387 1273 2423 ratio
1288 2388 1442 2431 virtutis,
1458 2389 1505 2422 ibi
1521 2397 1664 2435 oportet

84 2438 232 2474 virtutes
254 2439 443 2487 distingui:
467 2440 604 2474 dictum
628 2449 681 2475 est
703 2449 825 2475 autem
847 2452 955 2488 supra
979 2441 1060 2486 (nrt.
1084 2442 1194 2488 1.lmj.
1211 2455 1242 2489 q.
1257 2447 1287 2477 et
1302 2455 1331 2488 q.
1349 2443 1402 2488 56.
1418 2443 1549 2489 ‹11·t.3.)‚
1567 2444 1664 2489 quod

85 2491 212 2541 aliquis
233 2494 378 2529 habitus
400 2495 510 2529 habet
532 2495 712 2529 rationem
734 2495 874 2530 virtutis
897 2507 938 2530 cx
966 2496 1037 2530 hoc
1060 2495 1193 2538 solum,
1216 2497 1314 2543 quod
1342 2496 1427 2531 facit
1453 2496 1663 2532 facultatem

72 2543 171 2582 ²b0ni
194 2549 333 2595 operis:
363 2548 492 2596 aliquis
521 2557 641 2584 autem
671 2561 712 2584 ex
739 2549 824 2592 hoc,
851 2550 948 2596 quod
976 2549 1061 2584 facit
1088 2561 1160 2584 non
1191 2550 1311 2585 solum
1340 2550 1550 2585 facultatem
1578 2552 1665 2585 boni

85 2602 216 2649 operis,
237 2603 299 2638 sed
323 2603 434 2639 etiam
456 2615 582 2638 usum:
608 2615 664 2638 ars
687 2612 809 2638 autem
831 2603 918 2639 facit
939 2604 1059 2639 solum
1083 2604 1295 2639 facultatem
1316 2605 1403 2639 boni
1421 2605 1561 2651 operis;
1580 2605 1664 2651 quia

83 2659 157 2691 non
173 2657 317 2704 respicit
339 2658 555 2704 appetitum:
580 2658 768 2704 prudentia
793 2666 913 2693 autem
933 2670 1008 2693 non
1031 2658 1152 2693 solum
1173 2658 1259 2693 facit
1274 2659 1360 2693 boni
1376 2659 1496 2705 operis
1519 2659 1665 2694 faculta-

84 2715 170 2753 tem,
184 2711 246 2746 sed
268 2711 378 2746 etiam
401 2723 531 2746 usum:
554 2711 699 2758 respicit
723 2712 819 2746 enim
843 2714 1055 2759 appetitum,
1083 2721 1272 2759 tamquam
1296 2724 1594 2759 praesupponens
1613 2725 1665 2748 re-

85 2762 295 2800 ctitudinem
319 2765 508 2812 appetitus.
533 2765 647 2811 Cujus
663 2765 886 2801 differentiae
911 2767 1002 2801 ratio
1018 2775 1082 2808 est,
1105 2767 1189 2813 quia
1213 2778 1269 2801 ars
1286 2774 1337 2800 est
1361 2773 1448 2802 mesta
1466 2768 1664 2814 ratiosacti-

86 2815 226 2859 biliam
249 2819 440 2866 prudentia
455 2831 542 2854 vcro
559 2827 612 2854 est
626 2825 716 2854 resta
736 2822 825 2856 ratio
844 2822 1018 2866 agibilium
1033 2834 1042 2855 .·
1066 2820 1184 2855 differt
1208 2829 1330 2854 autem
1347 2821 1473 2866 jacere,
1498 2829 1531 2855 ct
1547 2834 1662 2866 agera:

74 2870 180 2922 quia,
196 2880 236 2907 ut
256 2872 386 2907 dicitur
405 2873 439 2907 in
459 2884 490 2919 9.
519 2873 723 2920 Metaphys.
747 2875 828 2918 (tax.
852 2876 923 2919 16.)
939 2876 1052 2921 factio
1071 2881 1115 2910 est
1133 2880 1223 2910 actus
1242 2877 1404 2910 transiens
1420 2877 1452 2909 in
1467 2877 1661 2911 exteriorem

72 2926 281 2967 ”malerinum
305 2927 397 2962 sicut
424 2926 627 2969 aedificare,
650 2939 785 2970 secare,
809 2937 843 2963 et
865 2929 1095 2975 hujusmodi:
1118 2941 1238 2974 augere
1265 2938 1386 2963 autem
1414 2935 1456 2964 est
1477 2935 1570 2965 actus
1590 2938 1662 2977 per-
