1907 3198
533 190 756 228 Quansrto
791 190 894 223 cvn.
926 190 1172 221 Alimentus
1205 189 1233 221 1.
1579 178 1660 222 811

97 272 177 309 idest
191 273 353 309 coelestem
362 285 376 314 ,·
398 272 497 320 quod
518 273 648 308 dicitur
668 272 712 308 de
734 273 889 320 antiquis
907 272 1090 315 Patribus;
1111 282 1200 318 ergo
1215 270 1367 314 videtur,
1385 272 1482 318 quod
1498 283 1593 307 nova
1609 272 1665 308 lex

96 336 171 362 non
192 326 238 363 sit
258 326 330 362 alia
351 337 372 362 a
391 327 516 362 veteri.

171 390 202 427 3.
222 379 460 416 Pus-ream.
482 379 683 427 Apostolus
703 380 844 415 videtur
858 380 1079 426 distinguere
1095 387 1285 425 utramque
1304 378 1423 425 legem
1440 379 1483 413 ad
1499 379 1606 414 Rom.
1619 389 1663 421 2.‚

95 439 258 470 veterem
279 433 400 481 legem
421 433 608 481 appellans
634 434 732 480 legem
747 435 934 481 justorum,
952 434 1073 480 legem
1097 444 1184 468 vero
1205 444 1341 467 novam
1364 432 1551 480 appellans
1566 434 1663 478 Iegem

86 485 195 533 fidei:
214 486 278 522 sed
297 486 356 523 lex
376 495 479 524 vetus
504 486 571 523 fuit
595 489 705 523 etiam
723 488 819 534 fidei,
846 488 1046 523 secundum
1073 486 1161 522 illud
1189 486 1298 522 Hebr.
1328 497 1400 521 11.:
1435 487 1557 522 Omnes
1583 489 1667 522 tasti-

94 541 209 576 mom‘o
220 540 302 588 fidei
321 542 458 589 probati
476 546 573 582 sunt;
596 541 694 588 quod
720 541 807 576 dicit
832 541 876 576 de
899 541 1064 576 Patribus
1096 540 1228 576 veteris
1249 540 1476 575 testamenti:
1499 540 1665 575 similiter

95 593 208 629 etiam
226 593 285 630 lex
307 605 405 631 nova
431 603 486 631 est
511 595 563 630 lex
579 595 773 641 jactorum.-
803 595 934 630 dicitur
959 595 1058 630 enim
1084 594 1212 629 Matth.
1239 604 1287 639 5.:
1310 593 1499 640 Benesacitc
1520 594 1582 636 his,
1609 595 1667 640 qui

95 646 235 684 oderunt
251 659 335 690 vos,-
356 655 392 684 et
412 647 501 684 Luc.
523 658 598 683 22.:
613 648 688 684 Hoc
701 649 807 695 jacite
822 650 855 683 iu
871 661 978 684 mcum
996 649 1342 684 commemorationem
1352 659 1366 689 ,·
1381 658 1470 693 ergo
1492 646 1550 682 lex
1568 658 1666 682 nova

92 711 168 736 non
189 709 245 737 est
264 701 335 737 alia
355 712 378 737 a
397 700 478 748 lege
499 702 624 737 veteri.

165 754 243 791 SED
266 765 424 792 coum
444 763 510 798 est,
531 756 629 802 quod
650 756 851 803 Apostolus
877 756 964 790 dicit
985 756 1029 790 ad
1052 755 1162 791 Hebr.
1185 765 1239 800 7.:
1269 755 1446 790 Translato
1465 753 1662 797 sacerdotio,

92 819 213 844 necessa
231 813 277 844 cst
294 813 331 844 ut
349 809 429 855 legis
461 809 636 846 translatio
657 811 745 856 fiat:
777 811 839 845 sed
862 810 958 844 aliud
989 818 1043 845 est
1068 809 1314 844 sacerdotium
1351 809 1450 852 novi,
1477 817 1512 844 et
1532 809 1664 844 veteris

91 862 311 905 testamenti,
331 869 372 898 ut
390 862 525 898 ibidem
547 863 748 910 Apostolus
769 864 916 910 probat;
939 875 1027 910 ergo
1050 872 1104 898 est
1125 863 1237 898 etiam
1263 862 1334 898 alia
1356 863 1424 898 lex.

164 914 396 952 stroxueo
421 916 630 960 dicendum,
656 918 754 965 quod
780 918 873 953 sicut
899 929 1006 965 supra
1035 918 1172 952 dictum
1193 925 1247 952 est
1268 917 1316 964 (q.
1339 929 1396 962 90.
1418 921 1482 952 art.
1505 917 1568 963 2.),
1584 927 1664 951 om-

92 968 150 1006 nis
177 968 236 1006 lex
257 969 402 1006 ordinat
421 971 741 1006 conversationem
763 971 964 1006 humanam
990 972 1027 1006 in
1049 971 1177 1006 ordine
1211 971 1255 1005 ad
1284 970 1444 1017 aliquem
1467 969 1599 1005 finem:
1621 980 1664 1005 ea

92 1030 217 1059 autem
236 1034 330 1071 quae
362 1023 576 1060 ordinantur
601 1025 645 1060 ad
667 1025 777 1060 finem
804 1025 1005 1060 secundum
1031 1025 1213 1059 rationem
1240 1023 1333 1066 finis,
1353 1023 1532 1072 dupliciter
1552 1023 1665 1058 diver-

90 1075 224 1113 sificari
254 1085 427 1124 possunt:
448 1089 515 1113 uno
551 1078 660 1121 modo,
687 1079 771 1126 quia
801 1079 1014 1114 ordinantur
1043 1078 1088 1112 ad
1114 1078 1278 1112 diversos
1304 1077 1411 1112 fines:
1434 1086 1469 1112 et
1494 1077 1585 1112 haec
1608 1085 1664 1112 est

89 1129 280 1166 diversitas
298 1131 446 1178 speciei,
463 1132 623 1167 maxime
640 1133 670 1167 si
690 1134 736 1167 sit
757 1132 837 1167 finis
859 1134 1068 1179 proximus:
1090 1132 1157 1166 alio
1179 1131 1276 1166 modo
1297 1131 1499 1166 secundum
1521 1131 1665 1178 propin-

90 1183 266 1232 quitatem
283 1184 328 1220 ad
349 1183 472 1227 finem,
493 1185 552 1220 vel
573 1186 782 1221 distantiam
803 1186 847 1221 ab
870 1186 968 1232 ipso:
991 1186 1084 1221 sicut
1098 1192 1206 1231 patet,
1228 1186 1326 1231 quod
1349 1193 1471 1220 motus
1492 1183 1663 1219 differunt

89 1237 223 1284 specie,
253 1238 455 1274 secundum
487 1239 585 1286 quod
619 1240 831 1275 ordinantur
857 1240 901 1274 ad
931 1240 1094 1274 diversos
1126 1241 1325 1274 terminos:
1353 1239 1554 1273 secundum
1574 1249 1662 1273 vero

89 1290 188 1338 quod
208 1302 280 1327 una
311 1302 394 1339 pars
422 1301 546 1328 motus
565 1301 620 1328 est
640 1293 878 1340 propinquior
903 1293 1073 1334 termino,
1106 1303 1216 1339 quam
1244 1292 1326 1334 alia,
1349 1292 1543 1327 attenditur
1564 1291 1663 1327 diffe-

90 1345 205 1382 tentia
235 1345 275 1381 in
306 1354 409 1381 motu
442 1347 645 1382 secundum
670 1347 867 1394 perfectum,
900 1355 936 1382 et
966 1347 1204 1394 imperfectum.
1231 1346 1292 1380 Sic
1327 1357 1416 1391 ergo
1443 1345 1535 1380 duae
1562 1345 1661 1392 leges

88 1397 262 1446 distingui
292 1407 443 1445 possunt
470 1399 658 1448 dupliciter.
685 1400 759 1435 Uno
786 1399 882 1435 modo
908 1400 1011 1460 quasi
1037 1401 1190 1434 omnino
1217 1399 1392 1442 diversae,
1419 1407 1545 1445 utpote
1566 1399 1660 1434 ordi-

91 1459 200 1488 natae
219 1451 266 1488 ad
285 1452 448 1488 diversos
473 1452 586 1489 fines·
607 1453 701 1489 sicut
719 1453 778 1489 lex
797 1454 962 1496 civitatis,
984 1465 1076 1501 quae
1099 1460 1193 1488 esset
1214 1453 1380 1488 ordinata
1402 1453 1446 1487 ad
1469 1453 1540 1487 hoc
1562 1453 1660 1499 quod

88 1503 246 1553 populus
266 1505 526 1549 dominaretur,
549 1515 643 1542 esset
662 1507 783 1554 specie
804 1506 974 1542 differens
1008 1507 1052 1542 ab
1078 1506 1140 1541 illa
1173 1506 1269 1553 lege,
1291 1518 1384 1553 quae
1406 1514 1501 1541 esset
1522 1507 1565 1541 ad
1587 1507 1659 1541 hoc

86 1557 254 1594 ordinata
273 1559 371 1606 quod
392 1560 587 1607 optimates
601 1561 756 1596 civitatis
777 1561 1064 1596 dominarentur.
1080 1561 1160 1596 Alio
1182 1560 1279 1596 modo
1301 1561 1394 1595 duae
1416 1561 1516 1607 leges
1538 1560 1659 1595 distin-

87 1611 150 1658 gui
168 1620 331 1660 possunt,
359 1613 582 1649 secundum’
595 1614 694 1661 quod
715 1626 787 1649 una
816 1615 1053 1662 propinquius
1088 1614 1232 1649 ordinat
1257 1614 1301 1649 ad
1327 1613 1451 1656 finem,
1479 1613 1549 1649 alia
1569 1625 1659 1650 vero

86 1665 282 1702 remotius:
301 1674 389 1714 puta
408 1667 445 1702 in
466 1678 538 1703 una
551 1675 587 1703 et
599 1668 729 1703 eadem
751 1669 896 1703 civitate
919 1668 1050 1703 dicitur
1065 1668 1134 1703 alia
1156 1667 1226 1710 lex,
1245 1679 1338 1714 quae
1359 1668 1560 1714 imponitur
1574 1668 1659 1703 viris

86 1718 268 1767 perfectis,
287 1720 350 1768 qui
370 1721 493 1756 statim
513 1730 665 1768 possunt
685 1722 813 1768 exequi
835 1733 889 1764 ea,
911 1733 1004 1769 quae
1026 1723 1206 1769 pertinent
1221 1722 1264 1756 ad
1279 1721 1417 1756 bonum
1441 1733 1658 1764 commune;

87 1780 123 1809 et
141 1772 215 1809 alia
238 1772 296 1809 lex
317 1773 423 1810 datur
441 1774 487 1810 de
507 1774 698 1822 disciplina
728 1786 937 1822 puerorum,
963 1776 1024 1822 qui
1046 1784 1130 1810 sunt
1155 1775 1368 1817 instruendi,
1389 1776 1544 1822 qualiter
1564 1783 1660 1821 post-

86 1827 240 1863 modum
267 1838 381 1875 opera
412 1828 575 1864 virorum
609 1837 856 1876 exequantur3
883 1829 1079 1864 dicendum
1114 1838 1169 1864 est
1195 1840 1295 1876 ergo,
1333 1829 1431 1876 quod
1453 1829 1655 1864 secundum

86 1880 247 1928 primum
266 1881 422 1917 modum
441 1881 499 1917 lex
519 1893 615 1917 nova
633 1894 707 1917 non
722 1891 776 1918 est
791 1882 861 1918 alia
882 1895 902 1918 a
923 1882 1004 1929 lege
1026 1883 1157 1918 veteri:
1180 1883 1263 1930 quia
1285 1883 1470 1930 utriusque
1491 1891 1545 1918 est
1565 1894 1658 1918 unus

91 1933 185 1977 finis,
204 1933 344 1971 scilicet
364 1944 402 1970 ut
422 1935 593 1971 homines
614 1936 812 1971 subdantur
833 1937 934 1972 Deo:
957 1945 1012 1972 est
1033 1946 1154 1972 autem
1185 1948 1277 1971 unus
1309 1936 1422 1980 Deus,
1444 1945 1480 1972 et
1500 1937 1599 1979 novi,
1621 1945 1657 1972 et

89 1987 223 2024 veteris
244 1990 467 2032 testamenti,
496 1990 697 2025 secundum
716 1989 803 2025 illud
827 1990 934 2025 Rom.
961 2002 1009 2037 3.:
1039 1991 1130 2026 Unus
1153 1992 1243 2026 Deus
1263 1996 1318 2033 est,
1341 1992 1398 2038 qui
1413 1992 1573 2038 justificat
1591 1993 1658 2027 cir-

88 2043 319 2079 cumcisionem
329 2042 450 2090 asida,
464 2049 494 2079 et
509 2046 726 2092 praeputium
736 2050 800 2092 per
816 2044 922 2085 fidem.
935 2044 1021 2080 Alio
1037 2044 1150 2080 modo
1164 2044 1221 2079 lex
1242 2055 1338 2079 nova
1361 2053 1414 2079 est
1435 2044 1504 2079 alia
1530 2056 1550 2079 a
1571 2044 1653 2092 lege

85 2095 477 2144 veteri;·quialcxvetus
490 2099 637 2144 estquasi
644 2097 857 2145 paedagogus
870 2105 1067 2146 puerorum,
1085 2107 1122 2133 ut
1136 2098 1338 2145 Apostolus
1351 2098 1438 2133 dicit
1460 2098 1503 2132 ad
1514 2098 1596 2134 Gal.
1610 2110 1649 2145 3.:

86 2147 145 2185 lex
166 2157 288 2186 antem
307 2161 405 2186 nova
419 2159 472 2187 est
492 2150 549 2186 lex
571 2150 818 2198 perfectionis;
837 2152 920 2199 quia
931 2160 985 2187 est
1002 2152 1058 2187 lex
1081 2152 1279 2195 charitatis,
1293 2153 1337 2187 de
1359 2163 1430 2199 qua
1452 2151 1654 2199 Apostolus

88 2202 176 2238 dicit
195 2202 240 2238 ad
261 2202 409 2240 Coloss.
433 2214 463 2252 3.
484 2205 582 2252 quod
604 2212 658 2240 est
677 2205 850 2240 vinculum
866 2206 1086 2253 perfectionis.

155 2256 218 2293 AD
237 2266 388 2294 mmm!
408 2268 497 2306 ergo
517 2258 726 2300 dicendum,
748 2259 844 2305 quod
867 2259 984 2295 unitas
1018 2259 1101 2295 fidei
1135 2259 1319 2306 utriusque
1341 2259 1547 2294 testamenti
1571 2268 1655 2294 atte-

82 2317 198 2346 statur
218 2310 347 2347 unitati
361 2310 462 2348 finis:
484 2311 620 2348 dictum
643 2321 697 2347 cst
715 2314 812 2347 enim
834 2324 940 2361 supra
956 2313 1002 2360 (q.
1018 2315 1073 2349 62.
1093 2318 1157 2348 art.
1180 2326 1207 2349 1.
1229 2319 1258 2349 ct
1277 2314 1337 2357 2.),
1356 2314 1453 2360 quod
1469 2314 1652 2358 objectum

82 2363 375 2413 theologicarum
404 2365 590 2408 virtutum,
625 2367 717 2401 inter
750 2378 839 2414 quas
873 2376 926 2403 est
947 2367 1047 2410 fides,
1074 2376 1127 2403 est
1154 2367 1233 2402 finis
1256 2367 1422 2402 ultimus:
1447 2367 1508 2402 sed
1530 2376 1653 2402 tamen

82 2416 172 2454 fides
190 2418 301 2455 habet
318 2418 432 2455 alium
451 2428 586 2456 statum
608 2421 643 2455 in
666 2422 789 2462 veteri,
811 2429 847 2456 et
867 2421 903 2456 in
925 2432 1022 2457 nova
1043 2421 1139 2468 lege:
1160 2433 1245 2456 nam
1264 2421 1362 2468 quod
1385 2421 1436 2455 illi
1458 2421 1653 2456 credebant

82 2469 258 2516 futurum,
281 2483 350 2509 nos
372 2473 554 2509 credimus
576 2473 724 2509 sactum.

154 2526 217 2563 Au
235 2536 445 2564 samnium«
460 2528 667 2570 dicendum,
681 2528 791 2575 quod,
806 2539 935 2564 omnes
953 2528 1190 2571 differentiae,
1209 2540 1302 2576 quae
1317 2529 1546 2574 assignantur
1560 2529 1653 2564 inter

81 2589 218 2616 novam
246 2579 382 2628 legem,
402 2590 438 2618 et
470 2590 643 2623 veterem,
671 2582 896 2628 accipiuntur
921 2583 1121 2618 secundum
1141 2584 1337 2630 perfectum.
1357 2591 1391 2617 et
1413 2583 1651 2629 imperfectum.

80 2632 281 2681 Praecepta
300 2636 400 2671 enim
421 2634 512 2682 legis
538 2635 729 2681 cujuslibet
750 2635 879 2671 dantur
899 2636 943 2672 de
966 2637 1104 2671 actibus
1126 2638 1318 2671 virtutum:
1343 2637 1384 2671 ad
1409 2636 1573 2671 facienda
1595 2647 1654 2670 au·

79 2694 155 2722 tem
171 2686 348 2723 virtutum
368 2698 480 2736 opera
501 2688 605 2724 aliter
626 2689 845 2724 inclinantur
858 2690 1073 2737 imperfecti,
1088 2691 1147 2737 qui
1170 2691 1334 2724 nondum
1357 2690 1491 2725 habent
1512 2690 1651 2724 virtutis

79 2739 258 2784 habitum,
276 2749 314 2778 et
333 2740 438 2778 aliter
458 2742 522 2786 illi,
543 2743 605 2789 qui
631 2751 714 2778 sunt
744 2754 807 2790 per
838 2744 1003 2779 habitum
1025 2745 1164 2779 virtutis
1193 2743 1352 2790 perfecti.
1384 2744 1439 2778 llli
1465 2745 1562 2779 enim
1590 2744 1651 2790 qui

78 2793 246 2830 nondum
263 2793 400 2831 hubent
418 2794 583 2831 habitum
605 2796 758 2838 virtutis,
779 2796 999 2832 inclinantur
1033 2798 1076 2832 ad
1111 2797 1294 2843 agendum
1315 2797 1456 2832 virtutis
1478 2808 1588 2843 opera
1608 2808 1649 2832 ex

80 2845 331 2896 {liquam
349 2848 570 2892 extrinseca
591 2858 677 2897 puta
711 2862 753 2885 ex
786 2850 1073 2886 comminatio&
1107 2862 1320 2897 poenarum,
1347 2850 1405 2886 vel
1432 2863 1474 2886 ex
1502 2852 1652 2897 promis·

79 2900 185 2938 done
212 2900 417 2951 aliquarum
442 2903 726 2940 extrinsecarum
761 2905 1108 2947 remunerationum,
1130 2914 1215 2951 puta
1250 2905 1414 2947 honoris,
1435 2904 1493 2940 vel
1514 2904 1651 2940 divitia·
