1955 3182
291 207 343 248 92
749 208 967 242 QUAESTIO
1000 208 1058 237 IX.
1092 207 1336 238 ARTICULUS
1371 209 1398 238 Ι.

287 299 356 333 que
378 287 426 322 ita
447 299 514 322 nos
535 288 711 323 habemus
739 289 782 323 ad
813 301 855 324 ea
885 301 976 335 quae
1006 289 1262 335 imaginamur,
1293 289 1386 324 sicut
1419 289 1462 323 ad
1484 301 1526 323 ea
1547 301 1639 336 quae
1658 289 1694 323 in
1715 289 1852 335 pictura

286 341 390 375 nobis
414 342 662 384 ostenduntur,
690 354 731 376 ex
762 343 889 388 quibus
910 354 985 376 non
1012 353 1214 385 movemur,
1242 351 1279 377 ut
1306 343 1435 377 dicitur
1455 343 1491 376 in
1517 342 1576 377 lib.
1600 353 1630 377 2.
1653 343 1697 377 de
1719 342 1853 376 Anima

288 394 365 439 (tex.
387 395 487 441 154.);
512 407 598 441 ergo
620 408 737 442 neque
760 397 869 430 etiam
888 396 1091 430 intellectus
1113 404 1239 431 movet
1264 396 1501 430 voluntatem.

362 460 390 494 3.
413 449 649 485 PRAETEREA.
673 450 773 483 Idem
796 457 959 495 respectu
988 450 1149 495 ejusdem
1175 462 1249 484 non
1278 458 1330 484 est
1356 462 1519 492 movens,
1548 457 1582 484 et
1607 457 1769 484 motum:
1791 449 1850 484 sed

285 501 453 536 voluntas
476 511 599 537 movet
625 503 868 538 intellectum:
892 503 1128 549 intelligimus
1144 504 1252 546 enim,
1273 504 1416 550 quando
1436 503 1622 546 volumus3
1644 515 1732 549 ergo
1754 502 1852 538 intel-

286 555 399 590 lectus
421 567 495 590 non
518 565 641 590 movet
662 556 898 591 voluntatem.

358 609 431 644 SED
460 621 614 644 CONTRA
637 618 699 651 est,
723 611 818 656 quod
837 610 930 644 Phil.
951 610 1036 644 dicit
1056 611 1093 644 in
1110 622 1138 657 3.
1155 611 1196 645 de
1213 611 1347 645 Anima
1365 611 1538 656 (tei-54),
1555 609 1651 656 quod
1663 607 1850 656 appetibile

284 662 509 697 intellectum
533 671 584 697 est
606 674 758 697 movens
780 675 853 698 non
876 672 1034 698 motum:
1057 664 1225 698 voluntas
1248 673 1369 699 autem
1392 672 1444 698 est
1465 674 1616 698 movens
1639 672 1790 697 motum.

355 716 584 751 RESPONDEO
608 717 813 759 dicendum,
837 718 933 763 quod
955 718 1135 752 intantum
1162 718 1296 764 aliquid
1323 718 1460 763 indiget
1486 717 1627 751 moveri
1648 717 1690 751 ab
1719 716 1850 762 aliquo,

283 769 496 816 inquantum
518 779 570 804 est
587 771 623 803 in
642 771 802 816 potentia
821 771 864 804 ad
883 771 1004 817 plura:
1025 780 1169 818 oportet
1187 772 1295 814 enim,
1317 779 1354 805 ut
1372 771 1407 805 id
1430 771 1526 817 quod
1551 778 1604 805 est
1624 771 1660 804 in
1679 770 1849 817 potentia,

284 824 474 858 reducatur
496 824 532 858 in
555 832 676 858 actum
697 835 760 870 per
778 824 924 871 aliquid,
947 826 1043 871 quod
1067 833 1120 859 est
1141 827 1176 859 in
1203 833 1303 859 actu:
1327 833 1362 859 et
1382 825 1453 858 hoc
1478 832 1530 859 est
1552 835 1709 858 movere.
1731 824 1851 870 Dupli-

284 878 365 912 citer
386 886 506 912 autem
530 877 647 923 aliqua
662 878 715 912 vis
735 878 876 912 animae
898 879 1078 913 invenitur
1099 890 1176 913 esse
1191 879 1227 912 in
1241 879 1402 924 potentia
1418 878 1462 912 ad
1481 878 1632 912 diversa.
1654 879 1725 912 Uno
1740 877 1848 920 modo,

285 940 460 977 quantum
484 931 526 965 ad
550 943 668 977 agere,
698 931 756 966 vel
789 943 863 966 non
895 944 1012 978 agere.
1040 932 1118 967 Alio
1145 932 1251 975 modo,
1276 940 1451 978 quantum
1478 931 1522 965 ad
1554 942 1659 977 agere
1687 931 1772 973 hoc,
1792 930 1850 965 vel

283 984 383 1019 illud.
406 985 507 1019 Sicut
528 985 624 1019 visus
644 985 861 1031 quandoque
882 986 980 1020 videt
1002 994 1095 1028 actu,
1115 993 1149 1020 et
1167 986 1384 1032 quandoque
1403 997 1477 1019 non
1498 985 1614 1027 videt3
1637 992 1672 1018 et
1692 985 1852 1031 quando-

283 1050 351 1084 que
373 1039 470 1073 videt
492 1038 626 1080 albuni,
649 1047 683 1073 et
705 1039 923 1086 quandoque
945 1034 1042 1074 vid'et
1063 1039 1226 1085 nigrum3
1255 1039 1391 1085 indiget
1416 1039 1525 1085 igitur
1550 1046 1721 1073 movente
1743 1049 1852 1085 quan-

282 1100 359 1126 tum
382 1092 425 1126 ad
447 1092 521 1133 duo,
548 1092 687 1126 scilicet
709 1100 883 1138 quantum
906 1093 950 1127 ad
972 1094 1178 1136 exercitium,
1200 1092 1258 1127 vel
1280 1104 1387 1127 usum
1413 1100 1525 1135 actus,
1548 1099 1583 1126 et
1604 1099 1779 1138 quantum
1807 1092 1848 1126 ad

282 1146 585 1181 determinationum
608 1154 726 1182 actus:
746 1158 901 1193 quorum
916 1148 1069 1194 primum
1091 1154 1143 1181 est
1162 1158 1204 1181 ex
1221 1154 1320 1193 parte
1339 1146 1500 1192 subjecti,
1520 1146 1616 1192 quod
1634 1145 1850 1192 quandoque

280 1200 460 1234 invenitur
482 1212 604 1246 agens,
627 1201 843 1247 quandoque
866 1212 939 1234 non
963 1212 1089 1247 agens:
1114 1200 1205 1234 allud
1227 1208 1348 1234 autem
1371 1208 1423 1235 est
1445 1212 1487 1234 ex
1513 1207 1613 1245 parte
1636 1199 1778 1245 objecti,
1800 1211 1852 1234 se-

283 1253 441 1287 cundum
464 1254 561 1300 quod
583 1254 810 1300 specificatur
837 1263 948 1288 actus.
976 1254 1093 1288 Motio
1121 1262 1242 1288 autem
1272 1254 1382 1300 ipsius
1409 1254 1560 1300 subjecti
1581 1261 1634 1288 est
1654 1264 1696 1287 ex
1719 1261 1848 1299 agente

283 1307 424 1353 aliquo:
448 1315 483 1342 et
504 1319 587 1342 cum
611 1319 719 1342 omne
743 1319 852 1354 agens
876 1316 959 1353 agat
980 1316 1126 1354 propter
1147 1307 1268 1350 finem,
1293 1315 1331 1341 ut
1349 1319 1455 1354 supra
1478 1315 1663 1341 ostensum
1683 1314 1735 1341 est
1753 1306 1800 1352 (q.
1820 1319 1847 1341 I.

282 1366 344 1395 art.
361 1362 421 1406 2.),
438 1362 656 1408 principium
678 1362 784 1407 hujus
807 1362 979 1396 motionis
1002 1369 1055 1396 θεῖ
1073 1373 1114 1396 ex
1136 1361 1222 1396 fine:
1247 1369 1281 1395 et
1299 1361 1381 1395 inde
1396 1369 1459 1403 est,
1479 1361 1575 1407 quod
1591 1372 1658 1403 ars,
1679 1360 1722 1394 ad
1740 1372 1849 1406 quam

283 1415 437 1460 pertinet
462 1415 553 1457 finis,
576 1424 701 1450 movet
727 1427 792 1449 suo
820 1416 974 1462 imperio
998 1423 1123 1458 artem,
1147 1415 1190 1449 ad
1217 1426 1326 1461 quam
1353 1415 1506 1461 pertinet
1531 1415 1578 1456 id,
1601 1415 1698 1460 quod
1726 1422 1779 1448 est
1806 1414 1849 1448 ad

282 1468 411 1503 finem:
439 1468 530 1503 sicut
552 1469 806 1515 gubernatoria
829 1481 884 1503 ars
906 1469 1060 1515 imperat
1077 1468 1327 1510 navifactivae,
1350 1476 1389 1502 ut
1409 1468 1445 1502 in
1467 1478 1498 1502 2.
1521 1468 1666 1514 Physic.
1687 1468 1767 1513 (tex.
1782 1469 1846 1514 25.)

281 1522 419 1556 dicitur.
443 1522 587 1556 Bonum
611 1531 731 1557 autem
754 1524 789 1557 in
812 1523 1012 1564 communi,
1035 1516 1131 1569 quod
1153 1523 1262 1557 habet
1284 1522 1463 1556 rationem
1485 1521 1577 1564 finis,
1596 1529 1649 1556 est
1664 1522 1848 1568 objectum

280 1575 493 1610 voluntatis:
510 1585 544 1610 et
561 1577 643 1611 ideo
659 1588 700 1610 ex
719 1577 787 1610 hac
803 1585 902 1623 parte
917 1576 1084 1610 voluntas
1100 1584 1224 1610 movet
1239 1575 1326 1610 alias
1341 1577 1521 1622 potentias
1540 1576 1682 1609 animae
1702 1576 1744 1610 ad
1764 1587 1849 1610 suos

285 1637 407 1664 actus:
434 1630 569 1664 utimur
591 1631 688 1664 enim
711 1630 788 1664 aliis
808 1630 989 1676 potentiis,
1013 1642 1096 1664 cum
1118 1629 1307 1664 volumus:
1330 1641 1416 1664 nam
1438 1629 1538 1672 fines,
1561 1637 1595 1664 et
1615 1628 1852 1676 perfectiones

279 1684 445 1717 omnium
469 1683 619 1718 aliarum
636 1685 879 1730 potentiarum
895 1684 1254 1730 comprehenduntur
1275 1684 1339 1718 sub
1363 1684 1506 1729 objecto
1527 1683 1736 1725 voluntatis,
1758 1683 1850 1717 sicut

278 1738 457 1782 quaedam
479 1737 708 1784 particularia
729 1739 836 1772 bona.
861 1738 1013 1784 Semper
1035 1746 1156 1772 autem
1172 1749 1227 1772 ars
1242 1737 1300 1772 vel
1314 1737 1486 1784 potentia,
1507 1737 1550 1771 ad
1570 1749 1679 1784 quam
1697 1737 1850 1784 pertinet
1868 1743 1871 1745 ’

278 1790 358 1824 finis
376 1791 599 1833 universalis,
618 1799 743 1825 movet
762 1792 805 1825 ad
828 1792 1010 1837 agendum
1033 1799 1159 1833 artem,
1181 1790 1240 1826 vel
1262 1791 1475 1837 potentiam,
1494 1791 1537 1825 ad
1561 1802 1670 1836 quam
1697 1790 1850 1837 pertinet

278 1844 356 1878 finis
379 1844 604 1890 particularis
619 1846 681 1879 sub
698 1845 760 1879 illo
780 1845 975 1879 universali
990 1845 1296 1892 comprehensus:
1315 1845 1408 1879 sicut
1426 1845 1496 1879 dux
1514 1845 1702 1887 exercitus,
1721 1845 1781 1891 qui
1799 1845 1849 1878 in-

277 1898 389 1931 tendit
407 1898 544 1932 bonum
568 1910 776 1941 commune,
799 1898 938 1933 scilicet
952 1899 1118 1933 ordinem
1134 1899 1242 1933 totiu's
1260 1899 1447 1941 exercitus,
1466 1906 1591 1933 movet
1605 1910 1670 1933 suo
1693 1899 1848 1945 imperio

278 1951 436 1997 aliquem
459 1963 500 1986 ex
522 1953 684 1995 tribunis,
707 1953 767 1998 qui
788 1953 941 1987 intendit
963 1953 1129 1987 ordinem
1157 1953 1261 1987 unius
1291 1953 1391 1987 aciei.
1419 1953 1490 1987 Sed
1519 1953 1702 1999 objectum
1725 1961 1850 1987 movet

277 2006 552 2040 determinando
574 2014 694 2040 actum
713 2006 757 2040 ad
773 2007 925 2041 modum
945 2007 1111 2053 principii
1128 2006 1304 2048 formalis,
1321 2019 1339 2041 a
1354 2017 1425 2053 quo
1448 2007 1483 2040 in
1503 2007 1607 2041 rebus
1627 2006 1849 2040 naturalibus

276 2060 369 2094 actio
393 2060 638 2107 specificatur3
666 2062 757 2095 sicut
779 2061 969 2095 calefactio
993 2073 1012 2095 a
1035 2060 1166 2095 calore.
1195 2061 1360 2094 Primum
1387 2068 1509 2094 autem
1536 2060 1754 2106 principium
1780 2059 1851 2094 for-

275 2113 370 2148 male
393 2123 446 2148 est
464 2126 537 2157 ens⁷
557 2123 591 2149 et
612 2126 737 2149 verum
760 2114 973 2158 universale,
993 2115 1089 2161 quod
1109 2123 1162 2149 est
1181 2115 1364 2160 objectum
1384 2113 1606 2149 intellectus:
1627 2122 1661 2148 et
1679 2114 1761 2148 ideo
1780 2114 1848 2148 isto

276 2167 388 2202 modo
411 2168 584 2202 motionis
605 2168 809 2203 intellectus
832 2177 956 2202 movet
977 2168 1215 2209 voluntatem,
1240 2168 1331 2203 sicut
1353 2176 1585 2215 praesentans
1612 2168 1644 2202 ei
1666 2168 1848 2214 objCctum

277 2233 395 2256 suunr

348 2275 407 2309 AD
429 2286 577 2310 PRIMUM
598 2287 684 2321 ergo
708 2275 915 2318 dicendum,
938 2276 1033 2322 quod
1063 2288 1105 2310 ex
1135 2276 1195 2310 illa
1224 2276 1437 2310 auctoritate
1463 2287 1539 2310 non
1564 2275 1728 2318 habetur,
1751 2276 1848 2322 quod

275 2328 478 2364 intellectus
500 2341 574 2363 non
597 2337 755 2371 moveat,
779 2329 839 2363 sed
863 2330 959 2375 quod
982 2342 1055 2363 non
1079 2338 1225 2365 moveat
1248 2342 1289 2364 ex
1311 2330 1536 2365 necessitate.

346 2383 406 2417 AD
429 2394 635 2418 SECUNDUM
655 2383 860 2425 dicendum,
881 2384 976 2429 quod
996 2384 1088 2418 sicut
1106 2384 1320 2430 imaginatio
1340 2383 1480 2419 formae
1499 2384 1575 2419 sine
1595 2384 1848 2420 aestimatione

276 2437 536 2478 convenientis,
551 2436 608 2471 vel
623 2437 744 2471 nocivi
759 2449 832 2471 non
849 2446 972 2471 movet
995 2438 1194 2484 appetitum
1211 2439 1440 2481 sensitivum3
1455 2439 1503 2473 ita
1522 2450 1588 2473 nec
1609 2439 1847 2485 apprehensio

274 2490 350 2524 veri
371 2490 446 2524 sine
465 2491 604 2524 ratione
619 2491 716 2532 boni,
733 2498 766 2524 et
785 2491 1006 2537 appetibili53
1026 2492 1120 2526 unde
1140 2492 1344 2527 intellectus
1363 2492 1605 2539 speculativus
1623 2504 1698 2527 non
1713 2501 1848 2536 movet,

275 2544 336 2578 sed
359 2543 563 2578 intellectus
585 2545 777 2590 practicus,
801 2553 838 2578 ut
860 2545 989 2579 dicitur
1011 2546 1045 2578 in
1073 2558 1099 2591 3.
1124 2546 1166 2580 de
1190 2546 1324 2580 Anima
1349 2546 1425 2590 (tex.
1445 2547 1503 2591 46.
1521 2551 1549 2581 et
1565 2548 1657 2593 sitq).

347 2598 406 2632 AD
430 2609 601 2633 TERTIUM
624 2599 831 2640 dicendum,
863 2600 958 2645 quod
990 2599 1159 2634 voluntas
1194 2609 1319 2635 movet
1349 2600 1573 2635 intellectum
1604 2609 1780 2647 quantum
1803 2601 1847 2636 ad

275 2652 485 2686 exercitium
508 2660 626 2686 actus:
657 2653 739 2698 quia
763 2661 797 2687 et
819 2653 938 2698 ipsum
961 2665 1098 2695 verum,
1122 2654 1218 2699 quod
1243 2662 1294 2688 est
1322 2654 1494 2701 perfectio
1525 2654 1741 2697 intellectus,
1765 2667 1849 2690 con—

273 2706 405 2740 tinetur
427 2707 489 2740 sub
514 2706 708 2740 universali
729 2707 839 2748 bono,
876 2715 912 2740 ut
947 2707 1130 2753 quoddam
1155 2708 1292 2741 honum
1316 2708 1547 2754 particulare:
1576 2709 1637 2743 sed
1672 2717 1846 2755 quantum

275 2759 319 2793 ad
338 2759 678 2794 determinationem
700 2768 811 2803 actus,
831 2772 922 2806 quae
943 2769 995 2795 est
1014 2774 1055 2795 ex
1075 2770 1173 2807 parte
1195 2762 1339 2807 objecti,
1358 2762 1562 2797 intellectus
1582 2771 1706 2797 movet
1722 2763 1849 2798 volun-

273 2821 398 2855 tatem,
421 2814 503 2859 quia
526 2821 560 2848 et
581 2814 700 2860 ipsum
723 2814 860 2848 bonum
884 2815 1164 2860 apprehenditur
1193 2816 1394 2850 secundum
1423 2816 1620 2863 quamdam
1647 2816 1844 2863 specialem

272 2866 452 2901 rationem
476 2868 781 2914 comprehensam
804 2868 866 2902 sub
891 2868 1084 2903 universali
1108 2869 1246 2904 ratione
1269 2870 1364 2912 veri3
1387 2878 1421 2905 et
1442 2870 1491 2905 sic
1515 2879 1622 2917 patet,
1645 2871 1742 2918 quod
1769 2882 1843 2906 non

274 2928 327 2954 est
353 2920 449 2955 idem
473 2932 637 2964 movens,
661 2929 695 2956 et
717 2930 858 2957 motum
881 2922 1081 2957 secundum
1105 2922 1212 2957 idem.
