1875 3198
241 203 324 259 648
672 209 891 247 QUAESTIO
924 208 995 238 xc.
1029 205 1274 237 ARTICULUS
1308 204 1364 234 tv.

804 400 1150 447 ARTICULUS
1183 399 1260 443 IV.
1736 408 1802 454 483

480 514 632 545 UTRUM
658 510 977 542 PROMULGATIO
1013 510 1079 539 SIT
1113 509 1171 538 DE
1203 506 1398 538 RATIONE
1431 505 1568 535 LEGIS.

338 617 378 664 (3.
400 617 490 651 Dist.
513 625 567 660 24.
591 626 620 660 q.
640 626 667 660 3.
690 618 755 648 art.
772 624 799 659 3.
823 618 912 659 corp.
936 616 966 646 et
987 610 1028 645 ad
1050 623 1076 645 r.
1096 614 1124 644 et
1145 620 1177 654 4.
1199 609 1287 643 Dist.
1305 619 1334 654 3.
1357 611 1422 642 art.
1440 617 1469 652 5.
1492 617 1521 651 q.
1539 617 1568 652 3.
1591 604 1712 651 corp).

315 724 374 758 AD
397 732 585 763 QUARTUM
613 720 663 755 sic
691 718 909 767 proceditur.
935 717 1098 759 Videtur,
1126 715 1223 762 quod
1250 712 1496 761 promulgatio
1523 723 1597 746 non
1619 711 1664 745 sit
1689 709 1732 744 de
1759 721 1810 744 ra-
1867 708 1875 734 ’-

242 779 341 813 tione
363 777 471 823 legis:
495 775 551 809 lex
574 774 671 808 enim
697 772 869 807 naturalis
896 771 1053 806 maxime
1080 770 1189 804 habet
1214 768 1393 802 rationem
1414 765 1524 812 legis:
1547 765 1609 799 sed
1634 764 1692 799 lex
1712 771 1811 797 natu·
1864 772 1875 814 jn

244 832 328 867 ralis
354 842 428 865 non
455 829 592 875 indiget
617 826 932 875 promulgatione3
955 835 1041 871 ergo
1064 835 1138 858 non
1166 830 1218 857 est
1245 822 1288 856 de
1315 820 1454 855 ratione
1480 819 1582 865 legis,
1609 817 1707 865 quod
1733 828 1812 864 pro-
1864 818 1875 860 ξ

245 885 437 931 mulgetur.
1867 871 1873 882 ⁵

317 950 348 974 2.
370 939 607 973 PRAETEREA.
631 935 688 969 Ad
710 934 831 980 legem
853 933 1007 979 pertinet
1028 930 1171 978 proprie
1194 929 1355 974 obligare
1375 927 1419 962 ad
1442 925 1575 973 aliquid
1592 924 1811 966 faciendum,
1869 951 1871 954 .

245 993 303 1028 vel
324 1004 398 1027 non
419 990 645 1026 faciendum:
669 989 730 1023 sed
752 999 827 1022 non
849 986 969 1022 solum
992 985 1198 1031 obligantur
1220 983 1264 1017 ad
1285 980 1510 1028 implendam
1531 979 1651 1025 legem
1673 977 1736 1020 illi,
1756 989 1813 1012 co-

245 1059 323 1082 ram
356 1046 483 1093 quibus
510 1043 762 1091 promulgatur
788 1041 858 1083 lex,
885 1040 946 1075 sed
975 1039 1084 1074 etiam
1107 1038 1186 1080 alii;
1209 1047 1295 1083 ergo
1323 1033 1568 1082 promulgatio
1589 1043 1665 1067 non
1691 1039 1745 1067 est
1769 1031 1812 1066 de

245 1102 384 1136 ratione
406 1099 508 1145 legis.

320 1167 348 1201 3.
370 1155 607 1188 PRAETEREA.
633 1149 821 1196 Obligatio
855 1148 945 1195 legis
981 1146 1181 1181 extenditur
1208 1144 1317 1179 etiam
1344 1143 1381 1177 in
1408 1141 1588 1183 futurum;
1611 1140 1694 1186 quia
1714 1139 1814 1186 leges

245 1209 371 1244 suturis
393 1207 548 1253 negotiis
569 1205 824 1240 necessitatem
847 1203 1051 1249 imponunt,
1070 1208 1109 1234 ut
1129 1200 1206 1245 jura
1228 1198 1352 1232 dicunt
1375 1196 1449 1241 (lib.
1464 1208 1492 1231 1.
1509 1194 1590 1230 Cod.
1613 1195 1662 1229 tit.
1681 1193 1717 1228 de
1738 1194 1813 1238 Leg.

247 1268 274 1298 at
297 1262 469 1306 Constit.).·
492 1260 554 1294 sed
576 1257 822 1306 promulgatio
844 1256 883 1290 fit
905 1256 948 1290 ad
970 1261 1196 1302 praesentes;
1219 1263 1306 1298 ergo
1328 1248 1574 1298 promulgatio
1595 1259 1671 1282 non
1693 1255 1746 1282 est
1771 1246 1815 1281 de

246 1315 461 1351 necessitate
482 1313 584 1359 legis.

320 1370 394 1404 SED
414 1378 569 1403 CONTRA
592 1373 656 1408 est,
678 1364 775 1411 quod
798 1363 928 1398 dicitur
946 1362 982 1396 in
1009 1361 1174 1396 Decretis
1195 1369 1228 1403 4.
1245 1357 1475 1393 distinctione
1492 1357 1545 1403 (in
1560 1355 1700 1403 append.
1719 1355 1815 1390 Grat.

249 1424 291 1459 ad
312 1430 405 1470 sap:
429 1422 467 1456 In
492 1422 587 1467 istis),
613 1419 709 1465 quod
729 1419 807 1464 leges
828 1418 1054 1457 instituuntur,
1079 1427 1152 1449 cum
1166 1413 1436 1461 promulgantur.

320 1477 550 1511 RESPONDEO
578 1473 783 1514 dicendum,
807 1471 915 1517 quod,
938 1470 1029 1504 sicut
1056 1469 1193 1502 dictum
1220 1475 1273 1501 est
1301 1466 1380 1510 (art.
1402 1478 1429 1500 Ι.
1452 1465 1521 1511 huj.
1544 1463 1603 1510 q),
1626 1462 1684 1498 lex
1704 1462 1819 1507 impo-

250 1532 346 1566 nitur
369 1530 445 1564 aliis
468 1541 530 1575 per
552 1527 704 1561 modum
727 1524 885 1571 regulae,
909 1532 943 1558 et
964 1533 1174 1557 mensurae:
1198 1519 1325 1567 regula
1351 1527 1484 1560 autem,
1507 1525 1542 1552 et
1566 1527 1734 1551 mensura
1755 1515 1819 1549 im-

251 1585 396 1632 ponitur
417 1595 479 1630 per
500 1583 584 1623 hoc,
606 1580 702 1626 quod
726 1578 926 1626 applicatur
944 1577 999 1611 his
1019 1587 1110 1622 quae
1129 1574 1351 1620 regulantur,
1373 1580 1408 1607 et
1428 1578 1702 1613 mensurantur;
1723 1569 1818 1603 unde

252 1639 295 1674 ad
317 1640 387 1673 hoc
404 1636 500 1684 quod
515 1635 572 1670 lex
586 1635 753 1668 virtutem
775 1631 961 1678 obligandi
983 1630 1154 1671 obtineat,
1170 1628 1266 1675 quod
1287 1621 1544 1673 est’proprium
1561 1625 1663 1671 legis,
1679 1630 1820 1670 oportet

252 1693 349 1740 quod
372 1691 570 1738 applicetur
590 1688 812 1729 hominibus,
836 1686 895 1732 qui
918 1685 1117 1720 secundum
1140 1695 1219 1718 eam
1242 1681 1400 1728 regulari
1421 1681 1568 1715 debent:
1589 1679 1670 1714 talis
1698 1686 1818 1713 autem

253 1746 447 1794 applicatio
470 1745 507 1779 fit
529 1755 591 1790 per
612 1743 696 1784 hoc,
719 1741 816 1788 quod
838 1741 874 1774 in
901 1739 1070 1774 notitiam
1096 1749 1225 1772 eorum
1247 1735 1434 1771 deducitur
1456 1746 1498 1769 ex
1518 1734 1594 1781 ipsa
1616 1731 1820 1780 promulga-

251 1802 369 1843 tione3
391 1800 485 1834 unde
507 1796 754 1845 promulgatio
781 1795 857 1842 ipsa
883 1793 1086 1828 necessaria
1110 1799 1162 1826 est
1183 1791 1227 1825 ad
1247 1791 1332 1832 hoc,
1359 1788 1456 1835 quod
1482 1788 1539 1822 lex
1564 1787 1697 1821 habeat
1717 1797 1820 1820 suam

251 1856 433 1890 virtutem.
448 1853 492 1887 Et
506 1853 556 1887 sic
573 1864 614 1886 ex
630 1858 784 1897 quatuor
806 1848 998 1895 praedictis
1021 1853 1140 1893 potest
1162 1844 1286 1890 colligi
1308 1842 1468 1878 definitio
1491 1841 1599 1887 legis:
1619 1851 1710 1887 quae
1730 1837 1821 1874 nihil

254 1917 308 1944 est
330 1908 438 1949 aliud,
461 1918 569 1953 quam
593 1904 771 1951 quaedam
794 1902 943 1936 rationis
967 1899 1146 1935 ordinatio
1170 1898 1214 1933 ad
1235 1898 1374 1932 bonum
1396 1905 1606 1937 commune,
1621 1894 1663 1928 ab
1683 1904 1740 1936 eo,
1761 1891 1822 1940 qui

254 1974 379 1998 curam
402 1959 675 1995 communitatis
697 1958 815 1998 habet,
839 1954 1079 2002 promulgata.

326 2016 385 2050 AD
408 2024 557 2050 PRIMUM
581 2023 668 2058 ergo
692 2010 898 2051 dicendum,
929 2008 1025 2055 quod
1048 2005 1293 2054 promulgatio
1315 2003 1405 2050 legis
1432 2010 1580 2037 naturae
1608 2009 1661 2036 est
1683 2012 1724 2035 ex
1749 2000 1820 2035 hoc

255 2071 347 2118 ipso,
370 2069 466 2116 quod
485 2069 585 2102 Deus
608 2077 689 2100 eam
707 2064 888 2098 mentibus
902 2062 1097 2096 hominum
1119 2059 1268 2094 inseruit
1285 2057 1496 2092 naturaliter
1514 2054 1820 2101 cognoscendam.

328 2124 386 2157 AD
415 2131 622 2157 SECUNDUM
645 2118 851 2159 dicendum,
871 2117 967 2163 quod
994 2115 1058 2157 illi,
1086 2124 1211 2148 coram
1233 2112 1360 2158 quibus
1384 2110 1443 2144 lex
1464 2121 1538 2144 non
1560 2107 1821 2156 promulgatur,

257 2178 461 2223 obligantur
484 2175 527 2208 ad
549 2174 670 2219 legem
694 2170 970 2212 observandam,
986 2170 1199 2215 inquantum
1213 2167 1249 2200 in
1265 2176 1392 2200 eorum
1413 2164 1581 2199 notitiam
1599 2162 1743 2198 devenit
1758 2171 1823 2209 per

258 2232 360 2273 alios,
381 2229 439 2264 vel
462 2228 629 2263 devenire
652 2233 770 2273 potest
791 2223 1084 2271 promulgatione
1102 2221 1206 2255 facta.

329 2285 388 2319 AD
411 2292 583 2317 TERTIUM
603 2280 809 2321 dicendum,
825 2278 920 2324 quod
936 2275 1182 2324 promulgatio
1204 2284 1373 2321 praesens
1388 2272 1424 2306 in
1441 2271 1600 2306 futurum
1623 2269 1822 2305 extenditur

258 2350 321 2385 per
342 2337 551 2372 firmitatem
574 2335 781 2380 scripturae,
804 2344 896 2378 quae
918 2329 1194 2377 quodammodo
1217 2338 1360 2374 semper
1381 2337 1461 2360 eam
1483 2324 1706 2372 promulgat;
1728 2322 1822 2358 unde

258 2392 417 2427 Isidorus
440 2390 525 2424 dicit
547 2389 582 2422 in
609 2400 637 2433 5.
659 2386 976 2434 Etymologiarum
1004 2385 1094 2431 (cup.
1117 2395 1140 2429 3.
1164 2388 1194 2418 et
1214 2382 1270 2417 lib.
1298 2393 1328 2416 2.
1352 2387 1427 2428 cap.
1449 2381 1531 2426 10),
1554 2378 1650 2426 quod
1673 2378 1723 2413 lex
1743 2389 1762 2412 a
1783 2376 1823 2412 le-

257 2446 358 2493 gendo
380 2449 499 2480 vocata
521 2448 574 2486 est,
597 2443 676 2488 quia
696 2442 821 2487 scripta
843 2444 895 2474 cst.
