1907 3182
260 163 337 206 192
661 162 882 198 QUAESTIO
915 162 1046 209 XXIII..
1070 161 1315 192 ARTICULUS
1349 161 1393 190 II.

252 244 360 278 habet
381 244 559 279 rationem
580 244 725 279 termini
746 244 788 278 ad
805 256 912 290 quem,
935 243 997 278 sed
1019 243 1139 278 solum
1161 242 1306 277 termini
1327 254 1347 277 a
1369 254 1442 288 quo.
1470 241 1529 276 Sic
1555 241 1664 288 igitur
1690 241 1809 276 omnis

253 298 371 343 passio
395 297 686 344 concupiscibilis
708 306 872 343 respectu
894 297 991 338 boni,
1015 305 1067 331 est
1088 302 1124 331 ut
1142 298 1176 330 in
1196 298 1325 343 ipsum,·
1345 295 1436 330 sicut
1454 306 1567 337 amor,
1584 294 1811 337 desiderium,

253 359 287 384 et
308 351 497 397 gaudium:
522 351 640 385 omnis
661 362 747 384 vero
770 350 889 396 passio
912 358 1075 396 respectu
1094 349 1181 383 mali
1203 358 1255 383 est
1273 350 1361 383 atah
1378 350 1443 395 ipso
1464 348 1524 393 [al.
1540 349 1679 395 abipsa]
1695 360 1702 382 ε
1721 348 1813 382 sicut

252 404 389 446 odium,
410 404 506 450 fuga,
529 416 590 438 seu
614 404 848 444 abominatio,
872 411 905 436 et
926 403 1084 445 tristitia3
1107 403 1200 436 unde
1223 403 1259 436 in
1281 402 1506 448 passionibus
1522 400 1812 448 concupiscibilis

251 468 324 491 non
336 465 454 503 potest
464 469 540 492 esse
552 457 785 491 contrarietas
794 456 995 490 secundum
1006 467 1207 497 accessum,
1219 463 1254 490 et
1262 467 1445 490 recessum
1459 455 1500 489 ab
1514 455 1645 489 eodem
1657 455 1811 500 objecto:

251 511 314 544 sed
336 511 517 556 objectum
540 509 728 544 irascibilis
752 517 804 543 est
823 510 970 543 sensibile
993 511 1125 551 bonum,
1148 509 1205 542 vel
1228 509 1366 550 malum,
1386 520 1460 542 non
1476 509 1622 554 quidem
1638 507 1812 550 absolute,

252 564 313 598 sed
337 565 398 598 sub
422 564 560 598 ratione
584 562 813 604 difficultatis,
834 562 892 596 vel
914 562 1109 604 arduitatis,
1133 570 1170 596 ut
1191 573 1296 608 supra
1320 562 1455 595 dictum
1478 570 1531 596 est
1553 562 1633 606 (art.
1655 561 1810 608 praec.):

250 617 387 650 bonum
411 625 530 651 autem
554 617 716 657 arduum,
739 617 813 650 sive
836 615 979 649 difficile
1002 616 1111 649 habet
1133 615 1324 657 rationem,
1353 623 1392 649 ut
1419 615 1456 648 in
1485 615 1606 661 ipsum
1632 615 1810 657 tendatur,

251 671 465 715 inquantum
489 678 540 704 est
561 670 710 711 bonum,
733 669 829 715 quod
851 670 1005 715 pertinet
1028 670 1070 702 ad
1093 669 1299 715 passionem
1322 668 1417 714 spei3
1440 676 1475 702 et
1494 676 1532 702 ut
1554 668 1595 702 ab
1617 669 1696 714 ipso
1718 679 1813 702 rece-

252 715 364 766 datur,
387 723 601 769 inquantum
625 731 678 756 est
700 722 865 764 arduum,
888 730 922 756 et
941 721 1085 756 difficile
1109 722 1204 768 quod
1229 721 1383 768 pertinet
1404 722 1446 755 ad
1468 722 1676 767 passionem
1691 721 1813 768 despe-

251 777 410 810 rationis.
435 776 609 810 Similiter
631 775 768 810 malum
791 776 943 809 arduum
964 775 1074 810 habet
1095 775 1286 817 rationem,
1308 782 1346 808 ut
1371 775 1513 817 vitetur,
1530 775 1744 821 inquantum
1760 783 1813 810 est

251 829 409 863 malum:
433 838 467 863 et
488 829 558 863 hoc
581 829 736 875 pertinet
757 829 801 863 ad
823 829 1031 875 passionem
1053 828 1213 870 timoris3
1234 828 1343 862 habet
1365 827 1474 862 etiam
1495 828 1686 871 rationem,
1710 836 1750 863 ut
1774 829 1811 862 in

250 883 369 929 ipsum
390 883 567 924 tendatur,
589 883 681 917 sicut
701 883 738 916 in
760 882 943 928 quoddam
966 882 1129 924 arduum,
1151 893 1214 928 per
1244 881 1340 928 quod
1367 881 1505 916 scilicet
1534 881 1667 928 aliquid
1693 882 1813 916 evadit

251 936 513 982 subjectionem
536 937 629 978 mali,
654 943 688 970 et
709 936 759 970 sic
782 935 895 970 tendit
916 936 952 969 in
975 935 1094 981 ipsum
1116 935 1276 969 audacia.
1299 934 1485 969 Invenitur
1506 945 1592 980 ergo
1619 935 1655 968 in
1680 935 1813 981 passio-

250 990 353 1024 nibus
375 989 564 1024 irascibilis
586 989 820 1023 contrarietas
850 989 1052 1023 secundum
1083 988 1376 1023 contrarietatem
1402 988 1501 1030 boni,
1531 995 1566 1022 et
1594 987 1693 1032 mali,
1721 988 1813 1023 sicut

249 1043 341 1077 inter
355 1055 469 1089 spem,
489 1051 523 1078 et
537 1043 726 1077 timorem:
751 1050 785 1077 et
800 1043 930 1076 iterum
947 1042 1148 1077 secundum
1164 1053 1363 1084 accessum,
1380 1049 1414 1076 et
1427 1052 1610 1076 recessum
1624 1042 1666 1077 ab
1681 1042 1811 1077 eodem

248 1097 417 1139 termino,
439 1097 531 1131 sicut
551 1097 642 1131 inter
664 1096 865 1138 audaciam,
889 1104 923 1131 et
943 1096 1126 1131 timorem.

320 1150 364 1186 Et
383 1162 446 1197 per
465 1150 537 1185 hoc
560 1158 658 1197 patet
677 1150 866 1197 responsio
887 1161 937 1184 AD
960 1160 1135 1196 OBJECTA.

797 1273 1143 1319 ARTICULUS
1178 1274 1258 1317 ΙΙΙ.
1746 1295 1811 1330 140

303 1382 456 1412 UTRUM
483 1382 551 1412 SIT
579 1382 745 1418 ALIQUA
771 1382 920 1412 Prissto
949 1382 1114 1413 ANIMAE
1139 1382 1232 1414 NON
1259 1382 1426 1413 HABENS
1454 1382 1755 1413 CONTRARIUM.

320 1470 380 1504 AD
404 1480 575 1505 TERTIUM
597 1471 647 1504 sic
670 1470 887 1517 proceditur.
908 1470 1071 1513 Videtur,
1094 1470 1190 1517 quod
1214 1470 1333 1505 omnis
1360 1470 1480 1516 passio
1507 1469 1651 1504 animae
1677 1469 1809 1503 habeat

250 1523 395 1570 aliquod
418 1524 659 1559 contrarium:
682 1524 801 1558 omnis
823 1524 920 1558 enim
942 1524 1062 1570 passio
1090 1524 1232 1558 animae
1259 1523 1317 1558 vel
1343 1531 1396 1558 est
1420 1523 1457 1557 in
1482 1523 1665 1565 irascibili,
1690 1521 1749 1557 vel
1774 1522 1810 1556 in

251 1577 536 1623 concupiscibili,
558 1578 650 1612 sicut
672 1589 778 1624 supra
801 1578 937 1612 dictum
960 1586 1013 1612 est
1030 1577 1268 1624 (mapsam).-
1288 1577 1349 1612 sed
1365 1585 1537 1624 utraeque
1551 1576 1738 1624 passiones
1751 1576 1813 1610 ha-

250 1631 334 1665 bent
356 1631 649 1665 contrarietatem
673 1643 738 1666 suo
761 1631 892 1674 modo,
916 1642 1002 1677 ergo
1019 1631 1138 1665 omnis
1152 1631 1273 1677 passio
1293 1631 1436 1665 animae
1449 1630 1560 1666 habet
1577 1630 1810 1665 contrarium.

321 1695 351 1719 2.
374 1685 610 1720 PRAETEREA.
636 1685 769 1720 Omnis
791 1685 911 1731 passio
935 1685 1077 1719 animae
1091 1685 1201 1719 habet
1215 1686 1336 1719 bonum
1349 1684 1407 1719 vel
1424 1684 1549 1719 malum
1563 1696 1628 1731 pro
1647 1684 1810 1730 objecto:

249 1750 340 1785 quae
362 1747 444 1773 sunt
466 1739 606 1784 objecta
629 1738 880 1773 universaliter
906 1739 1121 1785 appetitivae
1148 1739 1277 1785 partis:
1305 1739 1367 1773 sed
1393 1738 1565 1785 passioni,
1592 1738 1693 1784 cujus
1719 1737 1813 1783 obJe-
1864 1767 1872 1774 .

248 1801 347 1827 ctum
377 1801 430 1827 est
459 1794 591 1835 bonum,
623 1793 818 1839 opponitur
848 1793 980 1839 passio,
1004 1793 1104 1839 cujus
1132 1793 1316 1839 objectum
1339 1800 1392 1827 est
1411 1792 1561 1834 malum;
1585 1803 1672 1838 ergo
1692 1790 1812 1826 omnis

248 1847 368 1893 passio
390 1847 499 1880 habet
521 1847 754 1880 contrarium.

322 1912 350 1946 3.
372 1900 609 1935 PRAETEREA.
635 1900 767 1935 Omnis
789 1900 909 1946 passio
933 1900 1076 1934 animae
1099 1907 1152 1935 est
1172 1899 1375 1935 secundum
1395 1911 1595 1942 accessum,
1611 1898 1671 1934 vel
1689 1905 1812 1933 secun·-

249 1954 335 1988 dum
358 1965 552 1997 recessum,
575 1962 613 1988 ut
635 1954 772 1988 dictum
794 1962 847 1988 est
868 1956 948 1999 (art.
962 1954 1107 2001 praec.).·
1130 1953 1192 1988 sed
1215 1953 1362 1988 cuilibet
1384 1953 1548 1988 accessui
1574 1952 1813 1988 contrariatur

247 2019 421 2051 recessus,
445 2016 479 2043 et
501 2020 519 2043 e
542 2019 739 2051 converso;
763 2019 850 2054 ergo
874 2008 993 2042 omnis
1014 2008 1135 2054 passio
1158 2007 1301 2041 animae
1327 2006 1438 2041 habet
1459 2007 1692 2041 contrarium.

321 2062 395 2097 SED
419 2072 584 2097 CONTRA.
607 2062 664 2096 Ira
686 2070 739 2096 est
761 2061 939 2108 quaedam
961 2061 1080 2108 passio
1104 2061 1263 2095 animae:
1287 2060 1348 2095 sed
1369 2059 1469 2095 nulla
1490 2060 1610 2107 passio
1632 2058 1812 2094 contraria

248 2116 394 2163 ponitur
414 2116 499 2158 irae,
522 2124 560 2150 ut
581 2123 677 2162 patet
703 2116 739 2149 in
764 2126 796 2159 4.
820 2115 936 2150 Ethic.
966 2116 1054 2162 (cap.
1072 2128 1100 2162 5.
1117 2122 1243 2162 parum
1264 2126 1285 2149 α
1304 2115 1449 2162 princ.);
1473 2125 1560 2161 ergo
1590 2125 1665 2149 non
1692 2114 1812 2150 omnis

249 2170 368 2216 passio
390 2170 499 2203 habet
521 2169 755 2203 contrarium.

320 2223 548 2258 RESPONDEO
572 2223 777 2265 dicendum,
800 2223 897 2269 quod
919 2222 1103 2269 singulare
1126 2230 1179 2257 est
1200 2222 1236 2256 in
1258 2221 1426 2268 passione
1447 2221 1533 2264 irae,
1552 2221 1649 2268 quod
1663 2232 1737 2256 non
1751 2232 1813 2268 po-

248 2286 317 2312 test
337 2277 469 2311 habere
497 2277 718 2311 contrarium
745 2288 861 2323 neque
888 2276 1087 2311 secundum
1117 2287 1317 2318 accessum,
1344 2283 1379 2310 et
1403 2286 1598 2318 recessum,
1619 2286 1736 2322 neque
1762 2286 1813 2309 se-

250 2331 408 2366 cundum
431 2331 724 2365 contrarietatem
745 2331 843 2372 boni,
866 2338 901 2364 et
922 2330 1028 2364 mali:
1051 2337 1218 2364 causatur
1236 2329 1334 2363 enim
1352 2329 1404 2363 ira
1419 2340 1460 2364 ex
1475 2329 1573 2364 malo
1588 2328 1724 2363 difficili
1738 2330 1811 2375 jam

249 2386 450 2431 injacente3
474 2385 517 2418 ad
541 2386 641 2430 cujus
664 2384 904 2430 praesentiam
926 2395 1074 2418 necesse
1098 2391 1151 2418 est
1173 2383 1269 2430 quod
1291 2388 1348 2418 aut
1375 2383 1552 2429 appetitus
1579 2383 1811 2426 succumbat3
1858 2420 1862 2427 Ι

250 2447 285 2473 ct
305 2439 353 2473 sic
377 2450 451 2472 non
474 2438 545 2472 exit
565 2438 741 2472 terminos
762 2438 938 2479 tristitiae,
966 2449 1058 2483 quae
1080 2445 1133 2471 est
1153 2437 1273 2484 passio
1297 2436 1604 2483 concupiscibilis:
1627 2441 1685 2471 aut
1704 2437 1813 2471 habet

250 2501 391 2527 motum
421 2492 464 2526 ad
496 2492 740 2526 invadendum
771 2491 907 2525 malum
939 2491 1129 2533 laesis-um,
1163 2491 1260 2537 quod
1287 2491 1440 2537 pertinet
1470 2490 1514 2524 ad
1535 2490 1646 2524 iram:
1669 2498 1811 2525 motum

251 2555 371 2581 autem
399 2546 443 2580 ad
464 2545 677 2592 fugiendum
696 2545 828 2579 habere
851 2557 923 2579 non
947 2553 1080 2591 potcst3
1104 2545 1186 2591 quia
1207 2545 1281 2590 jam
1304 2543 1443 2578 malum
1465 2544 1610 2590 ponitur
1630 2555 1812 2591 praesens,

249 2600 306 2635 vel
329 2600 578 2647 praeteritum:
603 2607 637 2634 et
658 2600 707 2633 sic
731 2599 846 2633 motui
868 2599 941 2632 irae
970 2610 1042 2632 non
1067 2599 1306 2633 contrariatur
1328 2598 1446 2644 aliqua
1469 2598 1589 2645 passio
1611 2598 1812 2633 secundum

251 2654 542 2689 contrarietatem
565 2664 730 2687 accessus
753 2661 787 2687 et
809 2663 987 2687 recessus:
1011 2652 1176 2686 similiter
1197 2652 1306 2686 etiam
1321 2663 1387 2686 nec
1405 2653 1605 2686 secundum
1621 2652 1813 2686 contrarie-

249 2716 360 2742 tatem
383 2708 480 2749 boni,
504 2715 538 2742 et
559 2706 664 2741 mali:
688 2707 770 2753 quia
786 2706 884 2740 malo
900 2707 970 2751 jam
988 2706 1156 2750 injacenti
1176 2706 1370 2752 opponitur
1384 2705 1521 2740 bonum
1540 2707 1612 2751 jam
1629 2705 1811 2752 adeptum,

251 2762 346 2808 quod
369 2762 442 2807 jam
464 2772 537 2795 non
560 2769 677 2807 potest
698 2761 830 2794 habere
853 2760 1031 2794 rationem
1054 2760 1166 2802 ardui,
1188 2759 1245 2794 vel
1267 2758 1444 2795 difficilis:
1466 2771 1532 2794 nec
1555 2767 1636 2806 post
1655 2759 1812 2806 adeptio-

251 2827 335 2850 nem
357 2815 443 2849 boni
465 2823 627 2849 remanet
649 2814 740 2849 alius
762 2822 894 2856 motus,
915 2814 982 2847 nisi
1005 2814 1178 2859 quietatio
1201 2813 1378 2860 appetitus
1395 2813 1429 2847 in
1444 2813 1542 2848 bono
1558 2813 1701 2860 adepto,
1719 2824 1811 2860 quae

251 2869 403 2916 pertinet
426 2869 467 2904 ad
491 2869 675 2916 gaudium,
698 2868 794 2915 quod
817 2876 869 2903 est
890 2867 1009 2914 passio
1033 2866 1342 2914 concupiscibili33
1371 2867 1464 2902 unde
1491 2875 1612 2902 motus
1638 2867 1711 2902 irae
1736 2877 1810 2902 non
