1907 3198
518 182 743 220 Qufflsrto
777 182 896 214 cxiv.
928 181 1176 213 Art-rtcutus
1209 182 1283 213 vu.
1609 170 1691 227 883

120 275 230 315 posse
255 267 408 302 mereri:
438 264 500 300 sed
530 264 622 300 nihil
648 264 775 311 justius
808 275 829 299 a
855 263 938 299 Deo
964 264 1109 311 petitur,
1135 272 1175 298 ut
1199 263 1427 310 Augustinus
1445 264 1532 299 dicit
1551 264 1694 311 (implic.

119 323 271 356 enarrat.
284 331 313 356 r.
326 319 515 367 superhaec
532 319 635 354 verba
650 318 768 363 PsaL),
786 329 897 365 quam
912 317 1010 364 quod
1026 325 1211 364 reparetur
1224 325 1307 364 post
1324 316 1479 364 lapsum,
1494 317 1695 352 secundum

119 371 210 408 illud
235 371 374 408 Psalmi
400 382 475 419 70.:
501 371 589 407 Cum
615 372 767 419 defecerit
792 372 903 406 virtus
930 382 1014 414 mea,
1044 383 1082 406 nc
1111 370 1316 418 derelinquas
1341 383 1392 406 mc
1412 371 1584 411 Domine,-
1607 381 1695 417 ergo

119 426 238 462 homo
258 433 379 473 potest
399 425 543 468 mereri,
566 434 604 460 ut
625 433 810 473 reparetur
831 433 912 471 post
933 423 1088 472 lapsum.

193 489 226 515 2.
247 478 486 515 PRAETEREA.
509 478 626 513 Multo
646 478 762 524 magis
779 478 923 512 homini
938 487 1087 524 prosunt
1106 489 1217 523 opera
1235 488 1311 520 sua,
1330 489 1439 524 quam
1459 477 1598 523 prosint
1617 476 1695 511 alii:

121 533 185 569 sed
206 532 324 568 homo
345 540 465 580 potest
486 531 609 579 aliquo
631 532 744 566 modo
766 531 869 567 alteri
894 531 1025 566 mereri
1046 531 1314 578 reparationem
1330 539 1412 578 post
1429 530 1584 577 lapsum,
1606 530 1698 565 sicut

122 594 157 621 et
177 585 335 632 primam
357 586 531 633 gratiam;
562 597 650 634 ergo
677 585 794 621 multo
821 586 939 632 magis
965 585 1031 620 sibi
1057 585 1189 620 mereri
1210 593 1330 632 potest
1351 594 1388 619 ut
1410 592 1595 631 reparetur
1616 592 1697 630 post

120 638 277 687 lapsum.

196 703 226 740 3.
247 692 488 728 ΡιΑι-ῑτεκεᾼ.
511 692 649 735 Homo,
667 693 727 739 qui
749 691 947 739 aliquando
969 691 1035 727 fuit
1054 692 1090 726 in
1113 692 1240 738 gratia,
1258 703 1322 739 per
1340 691 1438 726 bona
1460 702 1584 738 opera,
1603 701 1696 737 quae

121 745 220 789 fecit,
248 747 383 782 meruit
409 745 477 781 sibi
503 747 615 781 vitam
646 754 845 789 aeternam,
874 754 912 780 ut
941 757 983 780 ex
1014 745 1229 792 supradictis
1251 754 1349 792 patet
1371 745 1453 789 (art.
1474 756 1506 780 2.
1527 744 1597 790 huj.
1616 756 1647 791 q.
1668 750 1698 779 ct

122 811 155 848 q.
174 811 251 848 109.
272 804 338 836 arl-
354 801 423 847 5.).·
448 799 512 835 sed
534 799 579 834 ad
600 800 712 835 vitam
741 809 929 835 aeternam
951 811 1025 834 non
1047 808 1166 846 potest
1186 799 1266 847 quis
1287 799 1488 846 pervenire,
1510 798 1578 833 nisi
1599 809 1699 845 repa·

122 860 220 889 remr
238 864 304 901 per
323 853 499 900 gratiam
521 864 610 900 ergo
631 853 786 895 videtur,
804 853 901 900 quod
921 853 988 887 sibi
1006 853 1139 888 meruit
1159 854 1423 900 reparationem
1446 863 1510 900 per
1530 852 1696 899 gratiam.

194 905 272 943 S-
297 917 456 943 coum
477 915 542 950 est,
563 906 662 954 quod
683 906 814 941 dicitur
835 906 966 941 Ezech.
994 907 1061 941 18.:
1088 907 1126 942 si
1150 909 1314 942 averterit
1337 919 1368 942 se
1389 909 1496 952 justus
1521 918 1542 940 α
1563 907 1696 952 justitia

120 971 194 1004 sua,
212 964 244 996 et
253 959 375 1008 jecerit
392 961 616 1007 iniquitatem,
639 972 748 995 omnes
761 961 913 1006 justitiae
937 962 1018 1006 ejus,
1045 972 1126 1007 quas
1144 960 1285 1007 jecerat,
1313 972 1379 995 non
1407 959 1696 1000 recordabuntur;

122 1024 212 1062 ergo
231 1012 326 1050 nihil
343 1013 517 1049 valebunt
537 1013 570 1048 ei
588 1013 841 1061 praecedentia
863 1013 990 1048 merita
1013 1014 1057 1048 ad
1078 1013 1162 1056 hoc,
1185 1013 1282 1060 quod
1306 1022 1488 1060 resurgat3
1506 1024 1581 1048 non
1609 1023 1698 1058 ergo
1733 1014 1738 1019 ‘

123 1066 255 1115 aliquis
273 1074 394 1115 potest
413 1067 481 1102 sibi
502 1067 635 1102 mereri
657 1067 927 1114 reparationem
950 1075 1032 1114 post
1049 1066 1191 1113 lapsum
1212 1066 1385 1102 futurum.

194 1120 426 1157 Responnto
439 1121 647 1163 dicendum,
668 1120 767 1168 quod
789 1120 909 1156 nullus
931 1128 1050 1167 potest
1070 1120 1136 1155 sibi
1164 1121 1296 1155 mereri
1322 1122 1590 1168 reparationem
1617 1127 1699 1166 post

123 1173 268 1222 lapsum
275 1173 452 1217 futurum,
461 1185 580 1221 neque
595 1176 726 1209 merito
741 1174 927 1220 condigni,
941 1185 1059 1220 neque
1076 1174 1208 1209 merito
1223 1174 1388 1220 congrui.
1403 1174 1535 1209 Merito
1550 1173 1697 1220 quidem

124 1227 297 1276 condigni
315 1227 390 1263 hoc
411 1227 479 1263 sibi
499 1227 631 1263 mereri
649 1238 723 1262 non
745 1236 880 1275 potest:
903 1228 987 1274 quia
1002 1227 1094 1262 ratio
1109 1228 1217 1273 hujus
1231 1227 1349 1262 meriti
1369 1227 1549 1275 dependet
1567 1239 1609 1262 ex
1623 1237 1699 1262 mo-

121 1281 223 1318 tione
243 1281 388 1317 divinae
408 1281 567 1329 gratiae:
588 1293 682 1328 quae
703 1281 852 1328 quidem
875 1282 991 1316 motio
1013 1281 1284 1328 interrumpitur
1306 1293 1370 1328 per
1391 1292 1548 1328 sequens
1574 1291 1700 1328 pecca-

121 1343 200 1371 tum
213 1347 223 1379 ;
236 1335 332 1370 unde
346 1335 473 1371 omnia
484 1334 674 1378 beneficia,
687 1346 781 1381 quae
797 1335 1033 1381 postmodum
1049 1334 1177 1381 aliquis
1193 1347 1212 1369 a
1225 1335 1306 1369 Deo
1321 1335 1556 1381 consequitur
1570 1335 1698 1381 quibus

122 1395 323 1437 reparatur,
342 1399 419 1425 non
439 1389 574 1424 cadunt
594 1389 661 1424 sub
687 1389 832 1430 merito,
857 1397 1046 1434 tamquam
1074 1389 1239 1423 motione
1265 1389 1394 1435 prioris
1421 1389 1558 1434 gratiae
1585 1399 1698 1435 usque

123 1441 169 1478 ad
189 1441 282 1478 haec
300 1453 376 1478 non
396 1452 437 1478 se
457 1435 693 1477 extendente:
712 1442 883 1476 meritum
906 1442 1017 1476 etiam
1039 1442 1205 1488 congrui,
1226 1453 1299 1488 quo
1318 1442 1397 1489 quis
1419 1441 1522 1477 alteri
1540 1442 1696 1489 primam

123 1495 280 1544 gratiam
299 1503 472 1538 meretur,
493 1495 689 1543 impeditur
709 1507 754 1530 ne
777 1503 1021 1542 consequatur
1038 1494 1209 1530 effectum
1230 1504 1376 1542 propter
1394 1495 1698 1542 impedimentum

122 1549 263 1598 peccati
282 1549 321 1585 in
341 1560 401 1592 eo,
421 1549 482 1584 cui
498 1549 579 1596 quis
600 1557 778 1591 meretur;
800 1548 917 1583 multo
939 1549 1048 1595 igitur
1069 1549 1187 1595 magis
1208 1549 1403 1596 impeditur
1423 1549 1504 1584 talis
1519 1549 1637 1584 meriti
1653 1548 1700 1584 ef-

122 1601 251 1638 ficacia
270 1614 336 1650 per
351 1602 671 1650 impedimentum,
693 1603 791 1649 quod
813 1611 867 1637 est
888 1611 921 1637 et
944 1602 980 1636 in
1003 1614 1048 1637 eo
1070 1603 1131 1650 qui
1153 1612 1322 1644 meretur,
1345 1611 1380 1637 et
1406 1603 1442 1637 in
1469 1614 1514 1637 eo
1542 1603 1599 1638 cui
1626 1614 1700 1638 me-

124 1663 240 1691 retur:
261 1655 323 1691 hic
343 1655 443 1691 enim
465 1663 659 1702 utrumque
680 1656 717 1690 in
740 1667 849 1690 unam
872 1667 1067 1702 personam
1090 1656 1284 1691 concurrit.
1306 1655 1350 1691 Et
1370 1656 1454 1691 ideo
1469 1656 1570 1691 nullo
1586 1656 1698 1691 modo

125 1708 256 1757 aliquis
275 1716 397 1757 potest
413 1708 480 1744 sibi
501 1709 634 1744 mereri
655 1709 925 1756 reparationem
948 1718 1030 1756 post
1050 1709 1205 1756 lapsum.

196 1762 258 1799 AD
278 1772 431 1799 rancun
452 1773 542 1809 ergo
563 1762 772 1804 dicendum,
793 1763 891 1809 quod
910 1762 1142 1806 desiderium,
1165 1774 1237 1810 quo
1259 1763 1339 1810 quis
1360 1763 1540 1798 desiderat
1560 1774 1700 1810 repara-

123 1816 266 1852 tionem
287 1823 369 1863 post
389 1814 546 1863 lapsum,
567 1816 703 1862 justum
724 1815 875 1858 dicitur;
902 1824 937 1850 et
963 1815 1130 1851 similiter
1151 1817 1281 1859 oratio,
1308 1828 1379 1863 qua
1406 1817 1493 1864 petit
1519 1816 1699 1862 ejusmodi

126 1869 407 1918 reparationem,
428 1869 560 1904 dicitur
580 1870 692 1915 justa3
714 1870 798 1916 quia
819 1870 934 1905 tendit
952 1870 996 1904 ad
1018 1870 1210 1916 justitiam
1228 1882 1302 1906 non
1324 1880 1447 1906 tamen
1469 1873 1516 1906 ita
1535 1871 1633 1918 quod
1651 1872 1700 1917 ju·

125 1922 244 1960 stiriae
263 1923 437 1959 innitatur
457 1934 522 1970 per
542 1923 697 1958 modum
715 1923 845 1966 meriti,
867 1923 930 1959 sed
951 1923 1073 1959 solum
1096 1925 1380 1960 misericordiae,

198 1976 261 2013 An
281 1987 492 2014 SECUNDUM
513 1976 722 2020 dicendum,
742 1977 840 2024 quod
870 1977 999 2024 aliquis
1025 1986 1146 2024 potest
1175 1977 1277 2013 alteri
1308 1980 1438 2014 mereri
1469 1990 1511 2013 ex
1533 1989 1698 2024 congruo

126 2030 285 2078 primam
305 2031 479 2078 gratiam:
501 2031 586 2078 quia
606 2041 682 2066 non
704 2039 758 2066 est
778 2031 825 2066 ibi
847 2031 1163 2078 impedimentum,
1184 2031 1314 2067 saltem
1336 2045 1378 2067 ex
1392 2041 1493 2078 parte
1509 2032 1698 2074 merentis;

124 2083 225 2132 quod
246 2085 440 2127 invenitur,
460 2083 547 2119 dum
570 2083 700 2131 aliquis
721 2092 803 2131 post
824 2086 994 2119 meritum
1017 2086 1153 2131 gratiae
1176 2097 1195 2119 a
1216 2087 1351 2131 justitia
1372 2086 1518 2121 recedit.

197 2137 261 2174 AD
280 2147 456 2174 mnus(
476 2137 685 2180 dicendum,
704 2138 801 2184 quod
823 2139 970 2185 quidam
987 2139 1162 2181 dixerunt,
1176 2139 1273 2186 quod
1287 2139 1408 2174 nullus
1427 2148 1586 2174 meretur
1599 2139 1700 2174 abso·

126 2189 202 2227 lute
220 2191 336 2227 vitam
352 2199 551 2234 aetemam‚
572 2191 640 2226 nisi
662 2203 724 2238 per
746 2200 868 2226 actum
887 2191 1003 2226 finalis
1021 2194 1169 2239 gratiae,
1183 2193 1245 2228 sed
1262 2193 1381 2228 solum
1398 2193 1461 2228 sub
1477 2194 1699 2234 conditione,

127 2244 159 2280 si
176 2252 400 2292 perseverat:
422 2244 485 2280 sed
507 2244 579 2280 hoc
602 2245 895 2281 irrationabiliter
915 2246 1061 2281 dicitur:
1083 2248 1167 2293 quia
1189 2247 1407 2294 quandoque
1427 2256 1526 2281 actus
1550 2247 1698 2282 ultimae

127 2297 266 2345 gratiae
285 2307 363 2333 non
384 2306 438 2333 est
452 2299 570 2344 magis
585 2299 802 2341 meritorius,
816 2300 877 2334 sed
892 2301 1013 2334 mPnus
1027 2311 1137 2347 quam
1153 2309 1253 2335 actus
1270 2300 1538 2347 praecedentes,
1553 2309 1699 2347 propter

128 2350 361 2398 aegritudinis
383 2353 679 2399 oppressionem;
701 2352 796 2388 unde
817 2353 1024 2395 dicendum,
1038 2354 1135 2401 quod
1151 2353 1299 2401 quilibet
1314 2363 1414 2389 actus
1429 2354 1612 2389 charitatis
1627 2366 1700 2389 me·

127 2403 409 2443 retur-,absolute
430 2407 543 2440 vitam
569 2414 772 2442 aeternam:
799 2407 861 2442 sed
889 2418 952 2454 per
978 2416 1168 2454 peccatum
1197 2419 1351 2454 sequens
1377 2409 1522 2455 ponitur
1548 2408 1699 2454 impedi-

128 2464 294 2494 mentum
314 2459 545 2506 praecedenti
567 2460 711 2501 merito,
733 2468 771 2495 ut
791 2471 865 2495 non
896 2462 1066 2496 sortiatur
1095 2460 1282 2496 effectum:
1309 2461 1403 2496 sicut
1431 2462 1539 2496 etiam
1567 2472 1698 2496 causae

127 2510 312 2549 murales
330 2511 504 2548 deficiunt
524 2523 545 2548 a
566 2512 640 2548 suis
660 2511 847 2549 effectibus
868 2522 1015 2561 propter
1037 2515 1293 2562 superveniens
1315 2515 1628 2561 impedimentum.
