1907 3198
498 207 720 244 Quales-mo
755 207 933 238 Lxxvut.
967 207 1213 239 Auricutus
1247 208 1273 238 1.
1606 199 1690 254 567

121 289 279 326 excludit
298 289 501 332 scientiam,
516 301 586 336 qua
605 289 733 336 aliquis
752 290 819 324 scit
839 289 910 325 hoc
930 289 1068 324 malum
1083 300 1157 324 non
1171 289 1423 324 sustinendum
1445 301 1523 326 esse
1545 300 1692 339 propter

0 373 1 378 ,
120 343 420 379 consecutionem
441 342 536 378 illius
558 343 655 385 boni,
677 343 744 378 scit
764 351 886 378 tamen
908 343 1120 390 simpliciter
1142 343 1212 378 hoc
1229 354 1306 378 csse
1330 343 1490 388 malum;
1512 353 1546 380 et
1568 345 1618 380 sic
1641 346 1692 380 di·

0 405 1 442 1
121 397 213 433 citur
232 397 413 443 ignorare,
440 396 501 443 qui
523 407 566 431 ex
588 404 685 432 certa
708 397 845 431 malitia
867 405 1004 443 peccat.

190 450 251 486 An
277 460 485 486 SECUNDUM
508 449 715 492 dicendum,
737 450 833 497 quod
857 450 994 484 malum
1017 461 1090 485 non
1113 458 1232 497 potest
1254 461 1332 486 esse
1355 451 1557 486 secundum
1579 463 1616 487 se
1639 452 1689 487 in-

0 527 2 546 r
119 512 260 540 tentum
275 504 318 539 ab
334 503 474 550 aliquo:
490 511 609 550 potest
629 512 751 538 tamen
774 515 851 538 esse
874 505 1051 538 intentum
1074 504 1117 538 ad
1139 504 1328 538 vitandum
1343 504 1439 539 aliud
1459 505 1610 548 malum,
1631 505 1691 541 vel

119 557 164 594 ad
185 557 485 604 consequendum
512 557 608 592 aliud
635 558 784 599 bonum,
807 565 845 592 ut
862 558 998 592 dictum
1018 566 1071 592 est
1091 557 1144 603 (in
1164 564 1254 605 corp.
1276 559 1383 603 a1·t.),·
1407 567 1442 594 et
1463 559 1498 593 in
1521 559 1584 594 tali
1603 571 1689 594 casu

0 609 2 636 ¹
119 611 248 660 aliquis
265 611 415 658 eligeret
435 611 610 658 consequi
631 611 767 646 bonum
791 623 853 658 per
875 623 912 646 se
935 612 1126 654 intentum,
1142 612 1275 659 absque
1294 612 1364 647 hoc
1389 613 1486 659 quod
1508 621 1691 659 pateretur

119 665 376 702 detrimentum
391 664 537 700 alterius
550 665 654 700 boni:
670 665 762 700 sicut
778 665 906 712 aliquis
921 665 1075 700 lascivus
1089 665 1199 701 vellet
1213 665 1281 700 frui
1297 666 1538 702 delectatione
1555 668 1690 714 absque

119 718 259 755 offensa
283 719 374 761 Dei;
388 718 450 753 sed
471 718 613 754 duobus
635 718 839 766 propositis,
863 719 980 766 magis
1000 719 1078 754 vult
1095 719 1283 766 peccando
1305 720 1488 756 incurrere
1510 720 1689 756 offensam

118 773 201 816 Dei,
226 783 337 820 quam
358 772 598 807 delectatione
620 773 762 819 privari.

190 826 251 862 AD
265 835 438 862 TERTmM
455 826 662 869 dicendum,
677 826 774 873 quod
794 825 943 869 malitia,
958 838 1000 861 ex
1018 838 1088 874 qua
1104 827 1232 874 aliquis
1247 827 1378 862 dicitur
1392 839 1556 874 peccare,
1570 837 1689 876 potest

117 879 271 927 intelligi
283 879 422 915 malitia
435 879 648 923 habitualis;
671 880 871 914 secundum
886 880 983 927 quod
999 881 1142 916 habitus
1162 881 1279 916 malus
1295 893 1314 916 a
1329 881 1557 930 Philosopho
1574 883 1646 927 (lib.
1658 895 1687 929 5.

117 934 194 970 Eth.
214 939 286 981 cap.
306 945 334 970 r.
349 945 370 968 a
383 934 512 980 princ.)
527 933 738 968 nominatur
752 934 895 977 malitia,
919 934 1011 969 sicut
1032 935 1174 969 habitus
1195 935 1312 970 bonus
1334 935 1687 972 nominatur-virtus:

117 996 154 1024 et
172 987 373 1024 secundum
398 987 470 1022 hoc
494 986 622 1034 aliquis
648 987 778 1022 dicitur
804 999 846 1022 ex
869 988 1006 1023 malitia
1028 1000 1191 1035 peccare,
1219 989 1302 1036 quia
1325 998 1452 1036 peccat
1473 1001 1515 1024 ex
1537 990 1685 1025 inclina-

116 1042 219 1078 tioeoe
236 1041 397 1077 habitus:
419 1049 538 1088 potest
563 1041 673 1076 etiam
700 1041 849 1087 intelligi
877 1041 1016 1076 malitia
1049 1042 1211 1086 actualis,
1234 1043 1308 1078 sive
1338 1043 1415 1089 ipsa
1442 1044 1528 1078 mali
1556 1044 1687 1079 electio

116 1095 248 1130 malitia
266 1095 477 1130 nominetur
505 1096 558 1140 (et
578 1094 628 1129 sic
663 1094 793 1130 dicitur
815 1095 943 1142 aliquis
973 1108 1015 1130 ex
1038 1096 1176 1131 malitia
1206 1108 1371 1143 peccare,
1400 1097 1614 1144 inquantum
1644 1110 1687 1133 cx

117 1148 206 1184 mali
226 1148 404 1184 electione
419 1150 576 1195 peccat),
589 1148 665 1184 sive
683 1149 793 1183 etiam
816 1149 952 1184 malitia
971 1150 1110 1184 dicatur
1131 1150 1250 1197 aliqua
1272 1151 1492 1197 praecedens
1514 1151 1687 1198 culpa‚cx

115 1213 187 1250 qua
208 1204 322 1238 oritur
342 1203 562 1250 subsequens
586 1202 713 1249 culpa;
734 1203 826 1237 sicut
847 1214 931 1237 cum
954 1203 1082 1249 aliquis
1103 1204 1294 1250 impugnat
1315 1203 1510 1239 fraternam
1533 1207 1685 1251 gratiam

116 1268 160 1292 ex
180 1256 334 1292 invidia:
356 1264 392 1291 et
411 1264 496 1291 tunc
518 1256 615 1291 idem
637 1267 710 1290 non
726 1264 779 1291 est
801 1267 910 1291 causa
928 1257 983 1291 sui
1004 1257 1134 1304 ipsius:
1150 1258 1211 1292 sed
1226 1266 1327 1292 actus
1346 1258 1496 1293 interior
1511 1267 1564 1293 est
1579 1270 1688 1293 causa

117 1317 219 1345 actus
233 1309 431 1352 exterioris,
445 1318 481 1345 et
498 1321 610 1344 unum
626 1317 817 1356 peccatum
833 1318 886 1344 est
907 1321 1016 1344 causa
1031 1310 1195 1345 alterius:
1212 1322 1285 1346 non
1297 1319 1419 1346 tamen
1435 1312 1471 1346 in
1485 1311 1664 1347 infinitum
1678 1326 1686 1355 ;

116 1363 200 1411 quia
221 1371 275 1399 est
294 1363 464 1398 devenire
481 1363 527 1398 ad
548 1362 695 1410 aliquod
716 1363 873 1409 primum
894 1372 1096 1410 peccatum,
1113 1364 1210 1411 quod
1233 1376 1305 1399 non
1323 1374 1490 1400 causatur
1509 1377 1551 1400 ex
1567 1366 1689 1413 aliquo

116 1416 229 1464 priori
249 1425 416 1464 peccato,
437 1425 476 1452 ut
496 1428 538 1452 ex
560 1417 774 1464 supradictis
795 1425 893 1464 patet
913 1418 961 1464 (q.
981 1429 1027 1465 75.
1046 1423 1110 1453 art.
1130 1430 1163 1463 4.
1182 1418 1226 1454 ad
1239 1419 1298 1466 3.).

701 1558 1047 1604 ARTICULUS
1083 1561 1138 1604 II.
1619 1585 1690 1620 424

114 1667 272 1700 UTRUM
289 1667 556 1705 QUICUMQUE
581 1667 754 1698 PECCAT
777 1669 831 1698 Ex
854 1668 1033 1709 HABITU‚
1056 1670 1225 1700 PECCET
1246 1670 1303 1700 Ex
1322 1670 1466 1700 CERTA
1489 1671 1688 1703 MALITIA.

591 1756 694 1804 (Injr.
716 1761 781 1792 art.
800 1769 828 1804 3.
847 1762 879 1792 et
897 1758 994 1794 Rom.
1017 1770 1044 1793 ι.
1067 1758 1136 1793 lact.
1158 1760 1213 1804 1.)-

183 1846 246 1882 ΑΒ
263 1855 471 1882 SECUNDUM
492 1846 544 1881 sic
558 1846 776 1893 proceditur.
794 1846 957 1889 Videtur,
977 1847 1073 1894 quod
1093 1859 1167 1882 non
1191 1848 1324 1891 omnis,
1340 1849 1401 1895 qui
1423 1858 1552 1896 peccat
1567 1861 1609 1885 ex
1627 1850 1692 1886 ha·

111 1899 199 1942 bitu,
219 1907 348 1947 peccet
367 1911 411 1935 ex
431 1907 530 1935 certa
552 1899 706 1935 malitia:
727 1909 920 1946 peccatum
942 1901 1052 1943 enim,
1074 1902 1170 1948 quod
1195 1910 1248 1937 est
1275 1914 1317 1937 cx
1340 1911 1438 1937 certa
1466 1903 1617 1947 malitia,
1638 1905 1690 1940 vi·

112 1954 216 1989 detur
235 1964 315 1989 esse
335 1953 611 2000 gravissimum:
632 1953 694 1989 sed
716 1954 934 2001 quandoque
956 1955 1071 1989 homo
1099 1955 1245 2003 aliquod
1268 1956 1348 1990 leve
1371 1966 1563 2003 peccatum
1586 1969 1690 1993 com·

112 2007 223 2043 mittit
234 2018 278 2043 ex
298 2006 440 2051 habitu3
453 2007 547 2042 sicut
567 2019 652 2042 curn
666 2007 753 2043 dicit
772 2009 923 2043 verbum
945 2009 1127 2052 otiosum3
1148 2021 1222 2044 non
1240 2021 1328 2057 ergo
1348 2021 1459 2046 omne
1478 2020 1687 2058 peccatum,

111 2061 210 2109 quod
231 2069 285 2097 est
304 2072 347 2097 ex
367 2061 504 2104 habitu,
525 2069 580 2096 est
600 2072 643 2096 ex
665 2070 762 2097 certa
785 2062 934 2097 malitia.

183 2125 217 2152 2.
236 2115 474 2151 PRAETEREA.
501 2116 604 2151 Actus
628 2128 667 2151 ex
695 2116 811 2151 habitu
837 2117 1047 2163 procedentes
1079 2122 1156 2152 sunt
1181 2118 1300 2153 similes
1335 2120 1474 2160 actibus,
1510 2132 1549 2154 ex
1570 2122 1687 2167 quibus

112 2170 243 2206 habitus
257 2174 469 2217 generantur,
489 2176 528 2204 ut
541 2169 670 2204 dicitur
691 2170 726 2204 in
750 2180 781 2205 2.
803 2170 921 2205 Ethic.
936 2171 1027 2218 (cap.
1044 2184 1070 2207 1.
1093 2177 1122 2206 cl
1143 2172 1205 2218 2.),
1228 2171 1290 2206 sed
1306 2181 1407 2208 actus
1427 2174 1686 2219 praecedentes

111 2223 277 2260 habitum
296 2223 469 2259 vitiosum
490 2234 565 2258 non
587 2232 669 2259 sunt
690 2235 732 2259 ex
755 2233 851 2259 certa
875 2224 1036 2268 malitia;
1058 2236 1146 2272 ergo
1169 2226 1279 2260 etiam
1301 2235 1463 2274 peccata,
1486 2239 1578 2274 quae
1605 2237 1687 2264 sunt

112 2289 156 2314 ex
174 2277 312 2321 habitu,
333 2288 407 2312 non
428 2285 512 2313 sunt
532 2288 575 2312 ex
597 2285 695 2313 certa
717 2277 866 2313 malitia.

185 2342 216 2379 3.
241 2331 479 2368 Puerum.
505 2331 546 2366 In
567 2331 635 2374 his,
662 2343 754 2378 quae
781 2332 909 2379 aliquis
943 2345 985 2368 ex
1007 2341 1104 2369 certa
1139 2333 1277 2369 malitia
1309 2335 1520 2377 committit,
1548 2336 1686 2381 gaudet

111 2393 305 2434 postquam
327 2385 524 2428 commisit,
542 2385 743 2420 secundum
757 2385 844 2421 illud
859 2386 965 2422 Prov.
981 2397 1030 2423 2.:
1053 2388 1122 2432 Qui
1139 2388 1322 2431 lastanmr,
1339 2400 1412 2423 cum
1430 2389 1514 2424 ιηιιΙι·
1528 2390 1683 2436 fecerint,

111 2446 141 2477 ct
159 2440 307 2476 exultant
326 2441 361 2475 in
382 2441 478 2475 rebus
493 2442 660 2487 pessimis:
683 2448 718 2475 et
738 2440 808 2475 hoc
832 2441 927 2484 ideo,
948 2442 1031 2488 quia
1054 2442 1249 2489 unicuique
1272 2450 1326 2477 cst
1350 2442 1578 2485 delectabile,
1600 2456 1685 2479 cum

111 2492 346 2541 consequitur
364 2492 400 2528 id
419 2494 516 2540 quod
534 2493 697 2536 intendit,
719 2502 754 2529 et
775 2495 835 2541 qui
857 2503 1026 2542 operatur
1047 2496 1143 2542 quod
1167 2504 1220 2531 est
1242 2496 1274 2530 ei
1297 2497 1580 2543 quodammodo
1604 2510 1687 2534 con-

110 2546 274 2583 naturale
294 2547 495 2582 secundum
516 2547 698 2582 habitum:
722 2548 783 2582 sed
810 2547 873 2591 illi,
894 2549 955 2596 qui
977 2557 1131 2596 peccant
1153 2560 1195 2584 ex
1219 2549 1358 2592 habitu,
1386 2559 1467 2596 post
1494 2561 1684 2598 peccatum

111 2601 350 2638 commissum
377 2600 521 2637 dolent:
538 2602 753 2649 poenitudins
773 2602 871 2637 enim
894 2603 1061 2650 replentur
1083 2605 1202 2650 pravi,
1219 2603 1310 2638 idest
1333 2604 1506 2639 habentes
1524 2606 1684 2641 habitum

109 2655 295 2698 vitiosum,
315 2662 356 2691 ut
374 2654 506 2691 dicitur
521 2655 558 2690 in
579 2666 612 2703 9.
635 2654 750 2690 Ethic.
771 2656 862 2703 (cap.
876 2667 909 2701 4.
929 2657 1101 2704 suhfin.),·
1125 2667 1213 2703 ergo
1236 2669 1323 2704 pecc
1333 2665 1403 2700 ata,
1425 2669 1517 2705 quae
1539 2668 1622 2694 sunt
1643 2671 1684 2695 ex

110 2708 248 2752 habitu,
267 2719 342 2744 non
363 2716 447 2744 sunt
466 2719 509 2744 ex
531 2717 627 2744 certa
649 2708 798 2744 malitia.

183 2762 260 2799 SED
273 2772 442 2799 coum.
464 2762 660 2798 Peccatum
676 2774 718 2798 ex
740 2771 838 2799 certa
854 2763 993 2800 malitia
1008 2764 1138 2799 dicitur
1153 2775 1244 2806 csse,
1260 2764 1357 2811 quod
1373 2773 1427 2799 cst
1448 2777 1490 2800 ex
1504 2766 1684 2804 electione

111 2815 218 2852 mali:
240 2816 304 2853 sed
318 2817 512 2864 unicuique
533 2824 587 2852 est
601 2815 758 2864 eligibile
772 2817 819 2860 id,
834 2818 878 2853 ad
899 2818 996 2865 quod
1011 2818 1205 2854 inclinatur
1225 2830 1287 2865 per
1302 2819 1486 2866 proprium
1506 2821 1683 2863 habitum,

110 2877 153 2906 ut
171 2869 302 2906 dicitur
322 2870 360 2907 in
380 2869 414 2907 6.
438 2870 556 2906 Ethic.
573 2871 662 2918 (cap.
684 2872 732 2917 2.)
755 2871 799 2907 de
821 2871 944 2907 habitu
967 2872 1151 2914 virtuoom
1175 2883 1262 2920 crgo
1285 2881 1488 2920 peccatum,
1511 2875 1608 2921 quod
1630 2885 1683 2911 cst

113 2934 159 2961 ex
176 2923 315 2969 habitu,
335 2932 390 2961 est
411 2935 453 2960 ex
475 2931 573 2961 certa
595 2923 744 2960 malitia.
