1907 3198
0 196 7 229 ι
488 195 710 233 QUAESTIO
745 195 873 226 Lxxv.
906 194 1152 226 Ammonos
1184 194 1212 224 1.
1537 196 1617 239 545

57 280 169 324 tione,
189 290 281 328 quae
302 278 411 313 habet
432 277 611 313 rationem
633 277 737 313 mali:
765 277 862 324 quod
884 276 1031 324 quidem
1059 275 1212 323 qualiter
1233 275 1366 311 habeat
1388 287 1548 319 causam,
1574 276 1623 311 di-

61 340 161 371 etum
187 340 241 368 est
260 332 314 378 (in
335 338 426 379 corp.
446 333 540 377 art).

129 387 190 423 An
211 395 417 422 SECUNDUM
432 385 638 427 dicendum,
656 384 753 432 quod
775 384 804 419 si
825 383 886 418 illa
908 383 1068 418 definitio
1085 394 1214 418 causae
1229 382 1480 418 universaliter
1495 383 1624 419 debeat

57 439 246 482 verificari,
267 446 412 486 oportet
433 447 471 474 ut
492 438 712 484 intelligatur
738 437 782 473 de
810 449 919 472 causa
945 436 1147 479 sufficienti,
1169 445 1204 471 et
1230 447 1303 471 non
1326 437 1518 483 impedita;
1540 448 1624 472 con-

57 494 164 541 tingit
185 493 282 529 enirn
304 492 400 527 aliud
423 503 500 527 esse
528 503 675 526 causam
698 491 937 526 sufficientem
960 490 1123 532 alterius;
1146 498 1181 524 et
1201 498 1322 525 tamen
1340 501 1414 524 non
1441 501 1483 525 ex
1503 501 1625 526 neces-

60 548 163 585 sitate
185 546 345 594 sequitur
358 544 507 581 effectus
530 553 675 592 propter
689 544 834 591 aliquod
850 544 1152 591 impedimentum
1167 544 1439 590 superveniens:
1463 543 1623 591 alioquin

59 607 280 649 sequeretur,
301 599 398 647 quod
414 599 538 634 omnia
560 610 602 633 ex
623 599 836 633 necessitate
859 598 1122 643 contingerent,
1144 604 1182 631 ut
1195 605 1293 644 patet
1311 597 1345 631 in
1368 595 1400 632 6.
1420 597 1623 644 Metaphys.

60 654 138 700 (tex.
155 654 225 702 5.),·
247 653 297 688 sic
320 653 429 700 igitur
453 653 519 688 etsi
540 659 730 700 peccatum
756 652 888 686 habeat
909 662 1070 693 causam,
1097 662 1170 686 non
1192 659 1314 686 tamen
1337 651 1497 698 sequitur
1522 651 1621 698 quod

58 708 104 745 sit
122 706 343 744 necessaria:
365 706 448 754 quia
470 705 618 741 effectus
636 713 755 752 potest
777 705 953 752 impediri.

129 761 190 797 An
211 770 383 796 ’reanum
401 759 607 801 dicendum,
625 759 734 806 quod,
748 759 841 793 sicut
854 758 991 793 dictum
1005 766 1058 793 est
1071 759 1124 804 (ἱη
1139 765 1228 806 corp.
1243 758 1338 803 art),
1354 757 1522 793 voluntas
1547 758 1623 794 sine

60 813 281 851 adhibitione
302 812 450 861 regulae
472 813 633 856 rationis,
654 812 712 847 vel
733 812 824 859 legis
845 812 988 847 divinae
1015 820 1068 847 est
1093 823 1202 847 causa
1229 813 1384 860 peccati:
1406 812 1478 846 hoc
1501 820 1623 847 autem

59 868 157 918 quod
177 874 231 904 est
249 877 325 902 non
350 866 521 902 adhibere
542 865 707 913 regulam
729 865 890 908 rationis,
911 865 969 900 vel
987 865 1076 912 legis
1099 866 1252 909 divinae,
1274 866 1475 901 secundum
1493 877 1530 901 se
1548 877 1622 901 non

58 921 168 958 habet
187 920 367 956 rationem
384 919 482 962 mali,
501 931 567 954 nec
586 930 739 966 poenae,
753 930 819 954 nec
843 919 982 966 culpae,
999 927 1193 966 antequam
1208 919 1408 967 applicetur
1423 919 1465 954 ad
1481 927 1623 962 actum3

60 974 154 1012 unde
174 973 374 1010 secundum
394 973 466 1009 hoc
484 973 624 1021 peccati
638 973 745 1020 primi
766 984 840 1008 non
859 980 912 1008 est
933 984 1041 1008 causa
1061 972 1213 1016 malum,
1235 973 1297 1008 sed
1315 973 1453 1008 bonum
1476 972 1623 1020 aliquod

61 1039 146 1066 cum
167 1027 328 1064 absentia
349 1026 501 1074 alicujus
523 1026 668 1063 alterius
685 1027 782 1062 boni.

620 1169 965 1216 ARTICULUS
1000 1170 1056 1214 ΙΙ.
1555 1183 1624 1227 408

275 1278 430 1311 UTRUM
462 1279 699 1310 PECCATUM
726 1278 898 1315 HABEAT
926 1279 1102 1309 CAUSAM
1127 1279 1411 1310 INTERIOREM.

657 1365 760 1410 (Infr.
783 1371 848 1402 art.
866 1378 894 1412 3.
917 1366 1036 1414 corp).

132 1457 193 1492 AD
214 1466 420 1493 SECUNDUM
435 1457 485 1491 sic
504 1455 721 1503 proceditur.
737 1455 899 1499 Videtur,
914 1455 1011 1503 quod
1026 1464 1215 1503 peccatum
1231 1467 1305 1490 non
1327 1456 1458 1492 habeat
1476 1468 1624 1492 causam

60 1510 290 1547 interiorem:
317 1509 352 1544 id
374 1509 484 1552 enim,
506 1509 602 1557 quod
630 1518 683 1545 est
709 1510 856 1545 interius
883 1510 991 1545 alicui
1012 1510 1074 1553 rei,
1096 1522 1239 1558 semper
1265 1511 1365 1546 adest
1390 1512 1440 1546 ei:
1463 1512 1492 1547 si
1517 1512 1626 1559 igitur

61 1571 252 1612 peccatum
261 1563 395 1599 habeat
408 1575 556 1599 causam
571 1563 794 1607 interiorem,
810 1575 954 1612 semper
967 1565 1081 1600 homo
1096 1574 1279 1612 peccaret;
1295 1577 1378 1601 cum
1389 1566 1506 1612 posita
1517 1578 1624 1602 causa

60 1625 217 1667 ponatur
237 1616 396 1653 effectus.

132 1682 164 1709 2.
186 1672 423 1709 pinianum.
445 1671 545 1707 Idem
569 1683 643 1708 non
669 1680 722 1708 est
743 1683 852 1707 causa
873 1673 928 1707 sui
954 1672 1084 1720 ipsius:
1112 1672 1174 1707 sed
1201 1673 1389 1709 interiores
1416 1682 1538 1710 motus
1563 1674 1627 1709 ho-

61 1725 170 1762 minis
190 1733 274 1762 sunt
294 1733 503 1773 peccatum;
525 1737 612 1773 ergo
631 1737 705 1761 non
727 1734 810 1761 sunt
831 1737 938 1761 causa
961 1726 1110 1773 peccati.

134 1790 164 1827 3.
185 1779 423 1815 pini-:unffi
448 1778 633 1826 Quidquid
657 1788 710 1815 est
731 1779 822 1814 intra
837 1780 1038 1822 hominem,
1061 1788 1121 1814 aut
1143 1788 1197 1815 est
1223 1780 1399 1822 naturale,
1421 1790 1482 1816 aut
1502 1781 1627 1816 volun-

60 1833 207 1870 tarium:
231 1833 294 1868 sed
308 1833 343 1868 id
358 1833 456 1880 quod
470 1841 524 1868 est
537 1833 711 1875 naturale,
733 1844 806 1868 non
830 1841 946 1880 potest
968 1845 1044 1868 esse
1060 1834 1197 1880 peccati
1213 1845 1340 1877 causa3
1359 1835 1442 1882 quia
1452 1841 1624 1883 peccatum

62 1892 107 1924 est
126 1891 243 1923 contra
262 1891 433 1929 naturam,
456 1894 494 1921 ut
515 1886 601 1921 dicit
618 1886 837 1921 Damascen.
862 1887 933 1931 (lib.
957 1899 986 1922 2.
1013 1888 1108 1922 Orth.
1134 1887 1206 1922 Fid.
1226 1895 1296 1935 cap.
1314 1901 1340 1935 3.
1363 1894 1390 1923 ct
1411 1900 1443 1934 4.
1465 1894 1493 1924 et
1514 1889 1570 1924 lib.
1593 1901 1625 1934 4.

62 1946 136 1990 cap.
156 1942 238 1987 :1.)‚·
259 1939 357 1988 quod
372 1948 493 1975 autem
515 1948 568 1975 est
589 1940 846 1983 voluntarium,
868 1941 897 1975 si
916 1941 960 1975 sit
978 1941 1235 1983 inordinatum,
1255 1943 1327 1987 jam
1346 1950 1399 1977 est
1418 1951 1625 1990 peccatum3

60 2004 136 2031 non
157 2004 245 2041 ergo
267 1992 400 2041 aliquid
422 1993 656 2028 intrinsecum
679 2002 796 2041 potest
817 2005 894 2029 esse
913 2006 1020 2029 causa
1042 1994 1148 2041 primi
1171 1996 1320 2041 peccati.

134 2047 210 2084 SED
231 2057 387 2083 CONTRA
408 2055 473 2090 est,
493 2047 590 2095 quod
610 2047 763 2094 August.
786 2048 872 2082 dicit
892 2049 965 2092 (lib.
985 2048 1022 2083 de
1044 2049 1156 2083 Duab.
1182 2050 1297 2084 Anim.
1316 2056 1389 2097 cap.
1409 2062 1457 2086 10.
1481 2055 1509 2085 ct
1531 2063 1575 2086 ιι.
1598 2056 1627 2086 ct

60 2100 121 2139 ub.
142 2114 170 2138 ι.
194 2102 337 2139 Retract.
358 2107 431 2149 cap.
453 2113 486 2149 9.
507 2106 538 2137 et
558 2101 613 2137 lib.
633 2113 660 2148 3.
683 2101 720 2137 de
741 2102 815 2137 Lib.
844 2103 928 2137 Art».
956 2109 1026 2149 cap.
1056 2102 1136 2149 17.),
1163 2103 1260 2150 quod
1287 2103 1440 2139 voluntas
1462 2109 1503 2139 cst
1528 2116 1625 2140 causa

56 2156 198 2209 pucati.

85 2231 89 2234 »
134 2208 365 2245 ΚεεΡοΝῡεο
379 2208 585 2251 dicendum,
600 2208 709 2256 quod,
724 2208 815 2244 sicut
838 2209 910 2254 jam
931 2209 1066 2244 dictum
1081 2217 1134 2244 est
1150 2209 1384 2258 (art.pra;rr.),
1408 2223 1471 2258 per
1492 2223 1529 2246 se
1548 2223 1627 2246 cau-

104 2273 143 2298 m
165 2262 305 2310 peccati
326 2270 470 2310 oportet
491 2262 655 2310 accipere
678 2275 719 2297 ex
742 2270 840 2310 parte
859 2263 968 2310 ipsius
991 2271 1108 2298 actus:
1133 2271 1232 2298 actus
1255 2272 1376 2298 autem
1398 2265 1549 2299 humani
1568 2277 1628 2312 po-

153 2315 269 2363 accipi
285 2326 394 2351 causa
408 2315 559 2351 interior
580 2324 615 2351 et
637 2316 804 2358 mediata,
823 2324 858 2351 et
871 2317 1099 2352 immediata:
1123 2317 1332 2352 immediata
1350 2318 1496 2364 quidem
1519 2331 1625 2354 causa

62 2378 63 2381 ’
90 2368 216 2405 umani
236 2376 337 2404 actus
357 2376 411 2405 est
432 2369 536 2412 ratio,
558 2377 593 2404 et
613 2369 792 2411 voluntas,
807 2370 1007 2405 secundum
1022 2382 1130 2417 quam
1146 2371 1260 2405 homo
1283 2380 1336 2406 cst
1351 2371 1439 2406 liber
1461 2373 1626 2408 arbitrio:

109 2432 175 2459 usa
188 2429 310 2458 autem
324 2432 465 2458 remota
486 2430 539 2458 est
561 2423 801 2470 apprehensio
824 2424 1015 2459 sensitivae
1035 2425 1155 2471 partis,
1175 2433 1209 2460 ct
1228 2425 1336 2459 etiam
1357 2427 1534 2472 appetitus
1553 2438 1628 2461 sen-

95 2474 200 2512 tivus.
223 2475 325 2512 Sicut
345 2476 443 2511 enim
458 2487 500 2511 ex
521 2476 655 2523 judicio
678 2477 825 2511 rationis
840 2477 1007 2513 voluntas
1029 2486 1195 2513 movetur
1215 2478 1257 2513 ad
1281 2478 1412 2525 aliquid
1429 2480 1627 2514 secundum

105 2529 265 2566 tionem:
291 2529 340 2566 ita
362 2530 471 2566 etiam
494 2541 536 2565 ex
559 2530 845 2578 apprehensione
867 2542 991 2566 sensus
1019 2532 1196 2578 appetitus
1224 2532 1413 2567 sensitivus
1436 2533 1469 2567 in
1494 2533 1626 2580 aliquid

124 2582 276 2619 linatur:
294 2594 387 2631 quae
408 2584 554 2631 quidem
576 2583 762 2618 inclinatio
786 2584 962 2619 interdum
986 2586 1094 2620 trahit
1123 2585 1359 2627 voluntatem,
1382 2595 1415 2621 et
1438 2587 1628 2629 rationem,

120 2644 160 2673 ut
174 2636 266 2672 infra
285 2637 419 2685 patebit
440 2638 488 2684 (q.
512 2648 563 2684 77.
585 2642 648 2672 art.
670 2639 712 2682 1.)
725 2650 736 2677 ‚·
764 2637 814 2672 sic
835 2638 941 2685 igitur
962 2638 1082 2686 duplex
1104 2650 1212 2673 causa
1236 2640 1372 2686 peccati
1397 2640 1545 2675 interior
1568 2652 1627 2687 po-

156 2690 350 2738 assignari:
372 2702 438 2726 una
460 2691 624 2738 proxima
645 2702 688 2726 cx
706 2700 805 2738 parte
821 2692 980 2734 rationis,
1000 2701 1034 2727 et
1055 2693 1269 2728 voluntatis:
1293 2694 1360 2728 ιιΙῐιι
1380 2705 1465 2728 vero
1489 2703 1627 2729 remota

78 2783 91 2795 ,ι
112 2752 231 2792 -ριηε
251 2744 534 2792 imaginationis,
549 2744 605 2780 vel
620 2745 796 2792 appetitus
811 2746 981 2781 sensitivi.
996 2746 1066 2781 Sed
1085 2747 1169 2794 quia
1191 2758 1297 2794 supra
1320 2747 1455 2782 dictum
1479 2757 1532 2782 cst
1545 2749 1626 2792 (art.

169 2822 179 2834 .
199 2797 242 2834 ad
259 2798 318 2846 3),
340 2798 438 2846 quod
459 2809 567 2834 causa
584 2799 721 2846 peccati
743 2807 796 2834 cst
818 2798 963 2847 aliquod
987 2800 1122 2835 bonum
1146 2812 1321 2848 apparens
1344 2801 1521 2836 motivum
1544 2813 1625 2836 cum

162 2857 211 2887 tu
236 2851 345 2888 debiti
367 2850 507 2895 motivi,
529 2852 667 2887 scilicet
688 2852 834 2898 regulae
855 2854 1019 2898 rationis,
1038 2854 1094 2889 vel
1117 2853 1206 2899 legis
1228 2854 1381 2896 divinae,
1409 2855 1526 2902 ipsum
1553 2867 1628 2890 mo-

146 2913 196 2948 m,
220 2904 318 2953 quod
344 2912 399 2941 est
431 2915 607 2953 apparens
639 2905 788 2949 bonum,
819 2907 970 2954 pertinet
1000 2906 1042 2942 ad
1073 2908 1400 2955 apprehensionem
1431 2920 1566 2952 sensus,
1593 2919 1627 2944 ct
