<?xml version="1.0" encoding="UTF-8"?>
<!DOCTYPE html PUBLIC "-//W3C//DTD XHTML 1.0 Transitional//EN"
    "http://www.w3.org/TR/xhtml1/DTD/xhtml1-transitional.dtd">
<html xmlns="http://www.w3.org/1999/xhtml" xml:lang="en" lang="en">
 <head>
  <title>
</title>
<meta http-equiv="Content-Type" content="text/html;charset=utf-8" />
  <meta name='ocr-system' content='tesseract 3.04.00' />
  <meta name='ocr-capabilities' content='ocr_page ocr_carea ocr_par ocr_line ocrx_word'/>
</head>
<body>
  <div class='ocr_page' id='page_1' title='image "./divithomaeaquina02thomuoft_0129.png"; bbox 0 0 1907 3198; ppageno 0'>
   <div class='ocr_carea' id='block_1_1' title="bbox 535 188 1660 247">
    <p class='ocr_par' dir='ltr' id='par_1_1' title="bbox 535 188 1660 247">
     <span class='ocr_line' id='line_1_1' title="bbox 535 188 1660 247; baseline 0.014 -30"><span class='ocrx_word' id='word_1_1' title='bbox 535 188 759 223; x_wconf 74' lang='lat' dir='ltr'><strong>QUAESTIO</strong></span> <span class='ocrx_word' id='word_1_2' title='bbox 797 191 884 222; x_wconf 79' lang='lat' dir='ltr'><strong>XIV.</strong></span> <span class='ocrx_word' id='word_1_3' title='bbox 919 193 1166 225; x_wconf 91' lang='lat' dir='ltr'><strong>ARTICULUS</strong></span> <span class='ocrx_word' id='word_1_4' title='bbox 1198 198 1238 226; x_wconf 77' lang='lat' dir='ltr'>V.</span> <span class='ocrx_word' id='word_1_5' title='bbox 1583 204 1660 247; x_wconf 74' lang='lat'>125</span> 
     </span>
    </p>
   </div>
   <div class='ocr_carea' id='block_1_2' title="bbox 239 344 1658 494">
    <p class='ocr_par' dir='ltr' id='par_1_2' title="bbox 239 344 1658 494">
     <span class='ocr_line' id='line_1_2' title="bbox 638 344 1658 415; baseline 0.017 -28"><span class='ocrx_word' id='word_1_6' title='bbox 638 344 987 392; x_wconf 77' lang='lat' dir='ltr'><strong>ARTICULUS</strong></span> <span class='ocrx_word' id='word_1_7' title='bbox 1022 349 1076 393; x_wconf 84' lang='lat' dir='ltr'>v.</span> <span class='ocrx_word' id='word_1_8' title='bbox 1617 369 1658 415; x_wconf 83' lang='lat'>85</span> 
     </span>
     <span class='ocr_line' id='line_1_3' title="bbox 239 447 1481 494; baseline 0.014 -18"><span class='ocrx_word' id='word_1_9' title='bbox 239 447 395 478; x_wconf 89' lang='lat' dir='ltr'>UTRUM</span> <span class='ocrx_word' id='word_1_10' title='bbox 424 449 666 483; x_wconf 82' lang='lat' dir='ltr'>CONSILIUM</span> <span class='ocrx_word' id='word_1_11' title='bbox 697 455 935 487; x_wconf 85' lang='lat' dir='ltr'><strong>PROCEDAT</strong></span> <span class='ocrx_word' id='word_1_12' title='bbox 964 458 1130 490; x_wconf 88' lang='lat' dir='ltr'>ORDINE</span> <span class='ocrx_word' id='word_1_13' title='bbox 1152 461 1481 494; x_wconf 87' lang='lat' dir='ltr'><strong>RESOLUTORIO.</strong></span> 
     </span>
    </p>
   </div>
   <div class='ocr_carea' id='block_1_3' title="bbox 29 533 1659 2503">
    <p class='ocr_par' dir='ltr' id='par_1_3' title="bbox 29 533 1659 1114">
     <span class='ocr_line' id='line_1_4' title="bbox 52 533 1659 598; baseline 0.014 -31"><span class='ocrx_word' id='word_1_14' title='bbox 52 561 73 578; x_wconf 34' lang='grc' dir='ltr'>ὑ</span> <span class='ocrx_word' id='word_1_15' title='bbox 148 533 209 569; x_wconf 88' lang='lat' dir='ltr'>AD</span> <span class='ocrx_word' id='word_1_16' title='bbox 232 545 413 575; x_wconf 78' lang='lat' dir='ltr'>QUINTUM</span> <span class='ocrx_word' id='word_1_17' title='bbox 432 539 481 573; x_wconf 92' lang='lat' dir='ltr'>sic</span> <span class='ocrx_word' id='word_1_18' title='bbox 498 542 715 586; x_wconf 84' lang='lat' dir='ltr'>proceditur.</span> <span class='ocrx_word' id='word_1_19' title='bbox 738 543 902 588; x_wconf 85' lang='lat' dir='ltr'>Videtur,</span> <span class='ocrx_word' id='word_1_20' title='bbox 918 547 1015 593; x_wconf 88' lang='lat' dir='ltr'>quod</span> <span class='ocrx_word' id='word_1_21' title='bbox 1036 548 1230 584; x_wconf 89' lang='lat' dir='ltr'>consilium</span> <span class='ocrx_word' id='word_1_22' title='bbox 1253 562 1327 585; x_wconf 87' lang='lat' dir='ltr'>non</span> <span class='ocrx_word' id='word_1_23' title='bbox 1350 552 1524 598; x_wconf 87' lang='lat' dir='ltr'>procedat</span> <span class='ocrx_word' id='word_1_24' title='bbox 1546 554 1659 590; x_wconf 88' lang='lat' dir='ltr'>modo</span> 
     </span>
     <span class='ocr_line' id='line_1_5' title="bbox 36 586 1658 654; baseline 0.015 -34"><span class='ocrx_word' id='word_1_25' title='bbox 36 613 38 618; x_wconf 95' lang='lat'>.</span> <span class='ocrx_word' id='word_1_26' title='bbox 60 586 311 634; x_wconf 52' lang='lat' dir='ltr'>,resolutorim</span> <span class='ocrx_word' id='word_1_27' title='bbox 335 592 530 629; x_wconf 86' lang='lat' dir='ltr'>consilium</span> <span class='ocrx_word' id='word_1_28' title='bbox 547 596 644 630; x_wconf 84' lang='lat' dir='ltr'>enim</span> <span class='ocrx_word' id='word_1_29' title='bbox 668 605 721 632; x_wconf 89' lang='lat' dir='ltr'>est</span> <span class='ocrx_word' id='word_1_30' title='bbox 742 597 785 632; x_wconf 91' lang='lat' dir='ltr'>de</span> <span class='ocrx_word' id='word_1_31' title='bbox 800 599 868 642; x_wconf 89' lang='lat' dir='ltr'>his,</span> <span class='ocrx_word' id='word_1_32' title='bbox 885 612 977 647; x_wconf 87' lang='lat' dir='ltr'>quae</span> <span class='ocrx_word' id='word_1_33' title='bbox 1001 613 1020 636; x_wconf 90' lang='lat' dir='ltr'>a</span> <span class='ocrx_word' id='word_1_34' title='bbox 1036 603 1140 638; x_wconf 92' lang='lat' dir='ltr'>nobis</span> <span class='ocrx_word' id='word_1_35' title='bbox 1157 613 1332 651; x_wconf 81' lang='lat' dir='ltr'>aguntur:</span> <span class='ocrx_word' id='word_1_36' title='bbox 1348 607 1410 641; x_wconf 87' lang='lat' dir='ltr'>sed</span> <span class='ocrx_word' id='word_1_37' title='bbox 1427 609 1658 654; x_wconf 83' lang='lat' dir='ltr'>operationes</span> 
     </span>
     <span class='ocr_line' id='line_1_6' title="bbox 55 647 1659 708; baseline 0.014 -33"><span class='ocrx_word' id='word_1_38' title='bbox 55 649 220 677; x_wconf 87' lang='lat' dir='ltr'>·n0strae</span> <span class='ocrx_word' id='word_1_39' title='bbox 240 655 315 679; x_wconf 89' lang='lat' dir='ltr'>non</span> <span class='ocrx_word' id='word_1_40' title='bbox 337 647 541 692; x_wconf 87' lang='lat' dir='ltr'>procedunt</span> <span class='ocrx_word' id='word_1_41' title='bbox 560 651 672 686; x_wconf 89' lang='lat' dir='ltr'>modo</span> <span class='ocrx_word' id='word_1_42' title='bbox 695 652 926 697; x_wconf 87' lang='lat' dir='ltr'>resolutorio,</span> <span class='ocrx_word' id='word_1_43' title='bbox 955 656 1016 690; x_wconf 87' lang='lat' dir='ltr'>sed</span> <span class='ocrx_word' id='word_1_44' title='bbox 1036 657 1154 703; x_wconf 85' lang='lat' dir='ltr'>magis</span> <span class='ocrx_word' id='word_1_45' title='bbox 1177 658 1290 693; x_wconf 87' lang='lat' dir='ltr'>modo</span> <span class='ocrx_word' id='word_1_46' title='bbox 1314 661 1571 708; x_wconf 82' lang='lat' dir='ltr'>compositivo‚</span> <span class='ocrx_word' id='word_1_47' title='bbox 1594 664 1659 698; x_wconf 92' lang='lat' dir='ltr'>sci-</span> 
     </span>
     <span class='ocr_line' id='line_1_7' title="bbox 57 693 1655 764; baseline 0.014 -33"><span class='ocrx_word' id='word_1_48' title='bbox 57 693 159 735; x_wconf 79' lang='lat' dir='ltr'>.licet</span> <span class='ocrx_word' id='word_1_49' title='bbox 184 696 228 731; x_wconf 94' lang='lat' dir='ltr'>de</span> <span class='ocrx_word' id='word_1_50' title='bbox 249 697 475 746; x_wconf 84' lang='lat' dir='ltr'>simplicibus</span> <span class='ocrx_word' id='word_1_51' title='bbox 506 703 549 737; x_wconf 91' lang='lat' dir='ltr'>ad</span> <span class='ocrx_word' id='word_1_52' title='bbox 578 707 802 752; x_wconf 84' lang='lat' dir='ltr'>composita3</span> <span class='ocrx_word' id='word_1_53' title='bbox 826 719 914 755; x_wconf 85' lang='lat' dir='ltr'>ergo</span> <span class='ocrx_word' id='word_1_54' title='bbox 944 710 1140 746; x_wconf 90' lang='lat' dir='ltr'>consilium</span> <span class='ocrx_word' id='word_1_55' title='bbox 1170 712 1234 759; x_wconf 92' lang='lat' dir='ltr'>[al.</span> <span class='ocrx_word' id='word_1_56' title='bbox 1258 716 1431 761; x_wconf 81' lang='lat' dir='ltr'>compositi</span> <span class='ocrx_word' id='word_1_57' title='bbox 1463 717 1655 764; x_wconf 78' lang='lat' dir='ltr'>consilium]</span> 
     </span>
     <span class='ocr_line' id='line_1_8' title="bbox 59 756 891 801; baseline 0.017 -18"><span class='ocrx_word' id='word_1_58' title='bbox 59 759 147 784; x_wconf 59' lang='lat' dir='ltr'>&gt;non</span> <span class='ocrx_word' id='word_1_59' title='bbox 174 761 318 800; x_wconf 86' lang='lat' dir='ltr'><strong>semper</strong></span> <span class='ocrx_word' id='word_1_60' title='bbox 338 756 504 801; x_wconf 84' lang='lat' dir='ltr'>procedit</span> <span class='ocrx_word' id='word_1_61' title='bbox 524 759 637 793; x_wconf 87' lang='lat' dir='ltr'>modo</span> <span class='ocrx_word' id='word_1_62' title='bbox 661 761 891 797; x_wconf 85' lang='lat' dir='ltr'>resolutorio.</span> 
     </span>
     <span class='ocr_line' id='line_1_9' title="bbox 144 805 1654 872; baseline 0.016 -33"><span class='ocrx_word' id='word_1_63' title='bbox 144 813 176 838; x_wconf 88' lang='lat'>2.</span> <span class='ocrx_word' id='word_1_64' title='bbox 205 805 443 845; x_wconf 79' lang='lat' dir='ltr'>PRAETEREA.</span> <span class='ocrx_word' id='word_1_65' title='bbox 475 810 684 849; x_wconf 84' lang='lat' dir='ltr'>Consilium</span> <span class='ocrx_word' id='word_1_66' title='bbox 714 824 768 850; x_wconf 89' lang='lat' dir='ltr'>est</span> <span class='ocrx_word' id='word_1_67' title='bbox 800 817 986 864; x_wconf 86' lang='lat' dir='ltr'>inquisitio</span> <span class='ocrx_word' id='word_1_68' title='bbox 1021 820 1191 858; x_wconf 84' lang='lat' dir='ltr'>rationis:</span> <span class='ocrx_word' id='word_1_69' title='bbox 1215 823 1277 858; x_wconf 89' lang='lat' dir='ltr'>sed</span> <span class='ocrx_word' id='word_1_70' title='bbox 1309 824 1401 860; x_wconf 82' lang='lat' dir='ltr'>ratio</span> <span class='ocrx_word' id='word_1_71' title='bbox 1429 837 1448 860; x_wconf 89' lang='lat' dir='ltr'>a</span> <span class='ocrx_word' id='word_1_72' title='bbox 1475 826 1654 872; x_wconf 89' lang='lat' dir='ltr'>prioribus</span> 
     </span>
     <span class='ocr_line' id='line_1_10' title="bbox 29 855 1653 917; baseline 0.016 -26"><span class='ocrx_word' id='word_1_73' title='bbox 29 879 30 882; x_wconf 60' lang='lat'><em>=</em></span> <span class='ocrx_word' id='word_1_74' title='bbox 69 855 206 905; x_wconf 86' lang='lat' dir='ltr'>incipit,</span> <span class='ocrx_word' id='word_1_75' title='bbox 228 868 264 895; x_wconf 85' lang='lat' dir='ltr'>et</span> <span class='ocrx_word' id='word_1_76' title='bbox 284 861 328 896; x_wconf 91' lang='lat' dir='ltr'>ad</span> <span class='ocrx_word' id='word_1_77' title='bbox 362 865 565 909; x_wconf 83' lang='lat' dir='ltr'>posteriora</span> <span class='ocrx_word' id='word_1_78' title='bbox 587 867 742 912; x_wconf 89' lang='lat' dir='ltr'>devenit,</span> <span class='ocrx_word' id='word_1_79' title='bbox 765 872 967 907; x_wconf 86' lang='lat' dir='ltr'>secundum</span> <span class='ocrx_word' id='word_1_80' title='bbox 990 875 1329 913; x_wconf 84' lang='lat' dir='ltr'>convenientiorem</span> <span class='ocrx_word' id='word_1_81' title='bbox 1353 879 1540 917; x_wconf 87' lang='lat' dir='ltr'>ordinem:</span> <span class='ocrx_word' id='word_1_82' title='bbox 1569 893 1653 917; x_wconf 89' lang='lat' dir='ltr'>cum</span> 
     </span>
     <span class='ocr_line' id='line_1_11' title="bbox 47 910 1654 977; baseline 0.016 -32"><span class='ocrx_word' id='word_1_83' title='bbox 47 910 179 959; x_wconf 60' lang='lat' dir='ltr'>&#39;gigitur</span> <span class='ocrx_word' id='word_1_84' title='bbox 197 916 391 960; x_wconf 85' lang='lat' dir='ltr'>praeterita</span> <span class='ocrx_word' id='word_1_85' title='bbox 406 918 476 954; x_wconf 88' lang='lat' dir='ltr'>sint</span> <span class='ocrx_word' id='word_1_86' title='bbox 490 920 611 967; x_wconf 87' lang='lat' dir='ltr'>priora</span> <span class='ocrx_word' id='word_1_87' title='bbox 625 925 887 969; x_wconf 86' lang='lat' dir='ltr'>praesentibus,</span> <span class='ocrx_word' id='word_1_88' title='bbox 903 935 936 962; x_wconf 84' lang='lat' dir='ltr'>et</span> <span class='ocrx_word' id='word_1_89' title='bbox 951 930 1154 975; x_wconf 86' lang='lat' dir='ltr'>praesentia</span> <span class='ocrx_word' id='word_1_90' title='bbox 1169 931 1291 977; x_wconf 86' lang='lat' dir='ltr'>priora</span> <span class='ocrx_word' id='word_1_91' title='bbox 1306 932 1445 977; x_wconf 88' lang='lat' dir='ltr'>futuris,</span> <span class='ocrx_word' id='word_1_92' title='bbox 1459 934 1496 968; x_wconf 92' lang='lat' dir='ltr'>in</span> <span class='ocrx_word' id='word_1_93' title='bbox 1512 936 1654 971; x_wconf 89' lang='lat' dir='ltr'>consul-</span> 
     </span>
     <span class='ocr_line' id='line_1_12' title="bbox 35 965 1650 1037; baseline 0.017 -38"><span class='ocrx_word' id='word_1_94' title='bbox 35 974 47 1010; x_wconf 66' lang='grc' dir='ltr'>’,ι</span> <span class='ocrx_word' id='word_1_95' title='bbox 66 965 178 1002; x_wconf 91' lang='lat' dir='ltr'>tando</span> <span class='ocrx_word' id='word_1_96' title='bbox 199 968 340 1005; x_wconf 87' lang='lat' dir='ltr'>videtur</span> <span class='ocrx_word' id='word_1_97' title='bbox 354 983 432 1008; x_wconf 88' lang='lat' dir='ltr'>esse</span> <span class='ocrx_word' id='word_1_98' title='bbox 446 975 721 1020; x_wconf 87' lang='lat' dir='ltr'>procedendum</span> <span class='ocrx_word' id='word_1_99' title='bbox 740 990 758 1013; x_wconf 85' lang='lat' dir='ltr'>a</span> <span class='ocrx_word' id='word_1_100' title='bbox 781 982 1040 1026; x_wconf 85' lang='lat' dir='ltr'>praesentibus,</span> <span class='ocrx_word' id='word_1_101' title='bbox 1064 992 1098 1019; x_wconf 91' lang='lat' dir='ltr'>et</span> <span class='ocrx_word' id='word_1_102' title='bbox 1116 986 1318 1031; x_wconf 89' lang='lat' dir='ltr'>praeteritis</span> <span class='ocrx_word' id='word_1_103' title='bbox 1334 987 1369 1021; x_wconf 91' lang='lat' dir='ltr'>in</span> <span class='ocrx_word' id='word_1_104' title='bbox 1389 987 1529 1033; x_wconf 83' lang='lat' dir='ltr'>futura3</span> <span class='ocrx_word' id='word_1_105' title='bbox 1552 991 1650 1037; x_wconf 89' lang='lat' dir='ltr'>quod</span> 
     </span>
     <span class='ocr_line' id='line_1_13' title="bbox 51 1023 1650 1083; baseline 0.016 -29"><span class='ocrx_word' id='word_1_106' title='bbox 51 1030 140 1055; x_wconf 71' lang='lat' dir='ltr'>vnon</span> <span class='ocrx_word' id='word_1_107' title='bbox 161 1023 316 1069; x_wconf 88' lang='lat' dir='ltr'>pertinet</span> <span class='ocrx_word' id='word_1_108' title='bbox 337 1026 382 1060; x_wconf 87' lang='lat' dir='ltr'>ad</span> <span class='ocrx_word' id='word_1_109' title='bbox 405 1027 572 1065; x_wconf 85' lang='lat' dir='ltr'>ordinem</span> <span class='ocrx_word' id='word_1_110' title='bbox 599 1031 882 1078; x_wconf 80' lang='lat' dir='ltr'>resolutorium3</span> <span class='ocrx_word' id='word_1_111' title='bbox 911 1047 998 1083; x_wconf 88' lang='lat' dir='ltr'>ergo</span> <span class='ocrx_word' id='word_1_112' title='bbox 1021 1037 1058 1072; x_wconf 91' lang='lat' dir='ltr'>in</span> <span class='ocrx_word' id='word_1_113' title='bbox 1080 1038 1242 1075; x_wconf 88' lang='lat' dir='ltr'>consiliis</span> <span class='ocrx_word' id='word_1_114' title='bbox 1264 1052 1338 1076; x_wconf 93' lang='lat' dir='ltr'>non</span> <span class='ocrx_word' id='word_1_115' title='bbox 1366 1051 1530 1078; x_wconf 88' lang='lat' dir='ltr'>servatur</span> <span class='ocrx_word' id='word_1_116' title='bbox 1559 1045 1650 1081; x_wconf 90' lang='lat' dir='ltr'>ordo</span> 
     </span>
     <span class='ocr_line' id='line_1_14' title="bbox 42 1074 315 1114; baseline 0.022 -6"><span class='ocrx_word' id='word_1_117' title='bbox 42 1087 46 1090; x_wconf 92' lang='lat'>·</span> <span class='ocrx_word' id='word_1_118' title='bbox 66 1074 315 1114; x_wconf 90' lang='lat' dir='ltr'>resolutorius.</span> 
     </span>
    </p>

    <p class='ocr_par' dir='ltr' id='par_1_4' title="bbox 33 1130 1650 1393">
     <span class='ocr_line' id='line_1_15' title="bbox 138 1130 1648 1200; baseline 0.017 -35"><span class='ocrx_word' id='word_1_119' title='bbox 138 1141 168 1176; x_wconf 84' lang='lat'>3.</span> <span class='ocrx_word' id='word_1_120' title='bbox 189 1130 428 1170; x_wconf 74' lang='lat' dir='ltr'>PRAETEREA.</span> <span class='ocrx_word' id='word_1_121' title='bbox 452 1136 660 1175; x_wconf 89' lang='lat' dir='ltr'>Consilium</span> <span class='ocrx_word' id='word_1_122' title='bbox 682 1152 756 1176; x_wconf 92' lang='lat' dir='ltr'>non</span> <span class='ocrx_word' id='word_1_123' title='bbox 779 1151 832 1178; x_wconf 86' lang='lat' dir='ltr'>est</span> <span class='ocrx_word' id='word_1_124' title='bbox 853 1144 922 1179; x_wconf 86' lang='lat' dir='ltr'>nisi</span> <span class='ocrx_word' id='word_1_125' title='bbox 944 1145 987 1180; x_wconf 93' lang='lat' dir='ltr'>de</span> <span class='ocrx_word' id='word_1_126' title='bbox 1009 1146 1078 1189; x_wconf 87' lang='lat' dir='ltr'>his,</span> <span class='ocrx_word' id='word_1_127' title='bbox 1101 1159 1194 1194; x_wconf 87' lang='lat' dir='ltr'>quae</span> <span class='ocrx_word' id='word_1_128' title='bbox 1217 1158 1300 1185; x_wconf 90' lang='lat' dir='ltr'>sunt</span> <span class='ocrx_word' id='word_1_129' title='bbox 1321 1151 1426 1186; x_wconf 88' lang='lat' dir='ltr'>nobis</span> <span class='ocrx_word' id='word_1_130' title='bbox 1448 1153 1648 1200; x_wconf 82' lang='lat' dir='ltr'>possibilia,</span> 
     </span>
     <span class='ocr_line' id='line_1_16' title="bbox 49 1183 1650 1256; baseline 0.017 -39"><span class='ocrx_word' id='word_1_131' title='bbox 49 1190 102 1235; x_wconf 70' lang='lat' dir='ltr'>¹ut</span> <span class='ocrx_word' id='word_1_132' title='bbox 122 1183 254 1220; x_wconf 89' lang='lat' dir='ltr'>dicitur</span> <span class='ocrx_word' id='word_1_133' title='bbox 266 1187 303 1222; x_wconf 92' lang='lat' dir='ltr'>in</span> <span class='ocrx_word' id='word_1_134' title='bbox 328 1199 356 1235; x_wconf 84' lang='lat'>3.</span> <span class='ocrx_word' id='word_1_135' title='bbox 379 1189 496 1225; x_wconf 91' lang='lat' dir='ltr'>Ethic.</span> <span class='ocrx_word' id='word_1_136' title='bbox 521 1191 607 1240; x_wconf 81' lang='lat' dir='ltr'>(cap.</span> <span class='ocrx_word' id='word_1_137' title='bbox 622 1206 651 1241; x_wconf 80' lang='lat'>3.</span> <span class='ocrx_word' id='word_1_138' title='bbox 665 1196 770 1242; x_wconf 80' lang='lat' dir='ltr'>paulo</span> <span class='ocrx_word' id='word_1_139' title='bbox 786 1203 869 1243; x_wconf 80' lang='lat' dir='ltr'>post.</span> <span class='ocrx_word' id='word_1_140' title='bbox 886 1201 1018 1245; x_wconf 76' lang='lat' dir='ltr'>princ.)</span> <span class='ocrx_word' id='word_1_141' title='bbox 1032 1214 1042 1236; x_wconf 91' lang='lat'><em>:</em></span> <span class='ocrx_word' id='word_1_142' title='bbox 1066 1202 1128 1236; x_wconf 89' lang='lat' dir='ltr'>sed</span> <span class='ocrx_word' id='word_1_143' title='bbox 1144 1214 1189 1237; x_wconf 90' lang='lat' dir='ltr'>an</span> <span class='ocrx_word' id='word_1_144' title='bbox 1208 1205 1253 1239; x_wconf 93' lang='lat' dir='ltr'>sit</span> <span class='ocrx_word' id='word_1_145' title='bbox 1273 1205 1379 1240; x_wconf 90' lang='lat' dir='ltr'>nobis</span> <span class='ocrx_word' id='word_1_146' title='bbox 1402 1206 1550 1254; x_wconf 84' lang='lat' dir='ltr'>aliquod</span> <span class='ocrx_word' id='word_1_147' title='bbox 1569 1221 1650 1256; x_wconf 91' lang='lat' dir='ltr'>pos—</span> 
     </span>
     <span class='ocr_line' id='line_1_17' title="bbox 33 1236 1645 1307; baseline 0.017 -36"><span class='ocrx_word' id='word_1_148' title='bbox 33 1236 176 1286; x_wconf 41' lang='lat' dir='ltr'>&gt;i,‚sibile‚</span> <span class='ocrx_word' id='word_1_149' title='bbox 197 1242 430 1288; x_wconf 89' lang='lat' dir='ltr'>perpenditur</span> <span class='ocrx_word' id='word_1_150' title='bbox 451 1256 493 1280; x_wconf 86' lang='lat' dir='ltr'>ex</span> <span class='ocrx_word' id='word_1_151' title='bbox 515 1257 571 1290; x_wconf 88' lang='lat' dir='ltr'>eo,</span> <span class='ocrx_word' id='word_1_152' title='bbox 594 1249 691 1295; x_wconf 90' lang='lat' dir='ltr'>quod</span> <span class='ocrx_word' id='word_1_153' title='bbox 721 1261 917 1297; x_wconf 88' lang='lat' dir='ltr'>possumus</span> <span class='ocrx_word' id='word_1_154' title='bbox 946 1253 1080 1299; x_wconf 82' lang='lat' dir='ltr'>facere,</span> <span class='ocrx_word' id='word_1_155' title='bbox 1102 1256 1161 1291; x_wconf 88' lang='lat' dir='ltr'>vel</span> <span class='ocrx_word' id='word_1_156' title='bbox 1188 1269 1263 1292; x_wconf 90' lang='lat' dir='ltr'>non</span> <span class='ocrx_word' id='word_1_157' title='bbox 1294 1271 1490 1306; x_wconf 88' lang='lat' dir='ltr'>possumus</span> <span class='ocrx_word' id='word_1_158' title='bbox 1513 1262 1645 1307; x_wconf 85' lang='lat' dir='ltr'>facere,</span> 
     </span>
     <span class='ocr_line' id='line_1_18' title="bbox 33 1295 1645 1365; baseline 0.017 -40"><span class='ocrx_word' id='word_1_159' title='bbox 33 1299 100 1332; x_wconf 67' lang='lat' dir='ltr'>2-.ut</span> <span class='ocrx_word' id='word_1_160' title='bbox 120 1295 375 1340; x_wconf 85' lang='lat' dir='ltr'>perveniamus</span> <span class='ocrx_word' id='word_1_161' title='bbox 396 1298 433 1333; x_wconf 91' lang='lat' dir='ltr'>in</span> <span class='ocrx_word' id='word_1_162' title='bbox 454 1298 564 1344; x_wconf 89' lang='lat' dir='ltr'>illud;</span> <span class='ocrx_word' id='word_1_163' title='bbox 587 1313 674 1350; x_wconf 88' lang='lat' dir='ltr'>ergo</span> <span class='ocrx_word' id='word_1_164' title='bbox 697 1304 733 1338; x_wconf 91' lang='lat' dir='ltr'>in</span> <span class='ocrx_word' id='word_1_165' title='bbox 751 1304 986 1352; x_wconf 86' lang='lat' dir='ltr'>inquisitione</span> <span class='ocrx_word' id='word_1_166' title='bbox 1009 1309 1153 1345; x_wconf 89' lang='lat' dir='ltr'>consilii</span> <span class='ocrx_word' id='word_1_167' title='bbox 1175 1323 1194 1345; x_wconf 88' lang='lat' dir='ltr'>a</span> <span class='ocrx_word' id='word_1_168' title='bbox 1213 1315 1463 1359; x_wconf 88' lang='lat' dir='ltr'>praesentibus</span> <span class='ocrx_word' id='word_1_169' title='bbox 1485 1316 1645 1365; x_wconf 88' lang='lat' dir='ltr'>incipere</span> 
     </span>
     <span class='ocr_line' id='line_1_19' title="bbox 39 1354 216 1393; baseline 0.017 -14"><span class='ocrx_word' id='word_1_170' title='bbox 39 1359 43 1364; x_wconf 93' lang='lat'>·</span> <span class='ocrx_word' id='word_1_171' title='bbox 61 1354 216 1393; x_wconf 89' lang='lat' dir='ltr'>oportet.</span> 
     </span>
    </p>

    <p class='ocr_par' dir='ltr' id='par_1_5' title="bbox 34 1401 1640 2275">
     <span class='ocr_line' id='line_1_20' title="bbox 46 1401 1640 1474; baseline 0.018 -39"><span class='ocrx_word' id='word_1_172' title='bbox 46 1439 55 1447; x_wconf 11' lang='grc' dir='ltr'>,Ἰ</span> <span class='ocrx_word' id='word_1_173' title='bbox 132 1401 208 1438; x_wconf 78' lang='lat' dir='ltr'>SED</span> <span class='ocrx_word' id='word_1_174' title='bbox 230 1414 387 1442; x_wconf 79' lang='lat' dir='ltr'>CONTRA</span> <span class='ocrx_word' id='word_1_175' title='bbox 409 1416 473 1451; x_wconf 87' lang='lat' dir='ltr'>est,</span> <span class='ocrx_word' id='word_1_176' title='bbox 500 1410 598 1456; x_wconf 89' lang='lat' dir='ltr'>quod</span> <span class='ocrx_word' id='word_1_177' title='bbox 625 1411 873 1461; x_wconf 88' lang='lat' dir='ltr'>Philosophus</span> <span class='ocrx_word' id='word_1_178' title='bbox 896 1417 982 1452; x_wconf 85' lang='lat' dir='ltr'>dicit</span> <span class='ocrx_word' id='word_1_179' title='bbox 1007 1418 1044 1453; x_wconf 92' lang='lat' dir='ltr'>in</span> <span class='ocrx_word' id='word_1_180' title='bbox 1070 1430 1098 1465; x_wconf 82' lang='lat'>3.</span> <span class='ocrx_word' id='word_1_181' title='bbox 1126 1419 1243 1455; x_wconf 82' lang='lat' dir='ltr'>Ethic.</span> <span class='ocrx_word' id='word_1_182' title='bbox 1266 1422 1354 1470; x_wconf 77' lang='lat' dir='ltr'>(cap.</span> <span class='ocrx_word' id='word_1_183' title='bbox 1377 1436 1406 1471; x_wconf 82' lang='lat'>3.</span> <span class='ocrx_word' id='word_1_184' title='bbox 1431 1430 1514 1472; x_wconf 81' lang='lat' dir='ltr'>post.</span> <span class='ocrx_word' id='word_1_185' title='bbox 1542 1427 1640 1474; x_wconf 78' lang='lat' dir='ltr'>med.)</span> 
     </span>
     <span class='ocr_line' id='line_1_21' title="bbox 42 1455 1221 1515; baseline 0.019 -27"><span class='ocrx_word' id='word_1_186' title='bbox 42 1456 157 1502; x_wconf 41' lang='lat' dir='ltr'>,quod</span> <span class='ocrx_word' id='word_1_187' title='bbox 178 1455 250 1501; x_wconf 89' lang='lat' dir='ltr'>ille,</span> <span class='ocrx_word' id='word_1_188' title='bbox 268 1460 330 1506; x_wconf 92' lang='lat' dir='ltr'>qui</span> <span class='ocrx_word' id='word_1_189' title='bbox 351 1462 574 1508; x_wconf 84' lang='lat' dir='ltr'>consiliatur,</span> <span class='ocrx_word' id='word_1_190' title='bbox 595 1465 737 1502; x_wconf 84' lang='lat' dir='ltr'>videtur</span> <span class='ocrx_word' id='word_1_191' title='bbox 758 1480 944 1515; x_wconf 82' lang='lat' dir='ltr'>quaerere,</span> <span class='ocrx_word' id='word_1_192' title='bbox 971 1480 1006 1507; x_wconf 84' lang='lat' dir='ltr'>et</span> <span class='ocrx_word' id='word_1_193' title='bbox 1027 1473 1221 1509; x_wconf 88' lang='lat' dir='ltr'>resolvere.</span> 
     </span>
     <span class='ocr_line' id='line_1_22' title="bbox 128 1511 1639 1581; baseline 0.016 -34"><span class='ocrx_word' id='word_1_194' title='bbox 128 1511 360 1552; x_wconf 81' lang='lat' dir='ltr'>RESPONDEO</span> <span class='ocrx_word' id='word_1_195' title='bbox 391 1517 599 1563; x_wconf 89' lang='lat' dir='ltr'>dicendum,</span> <span class='ocrx_word' id='word_1_196' title='bbox 626 1523 724 1568; x_wconf 91' lang='lat' dir='ltr'>quod</span> <span class='ocrx_word' id='word_1_197' title='bbox 758 1524 794 1558; x_wconf 90' lang='lat' dir='ltr'>in</span> <span class='ocrx_word' id='word_1_198' title='bbox 829 1526 932 1560; x_wconf 91' lang='lat' dir='ltr'>omni</span> <span class='ocrx_word' id='word_1_199' title='bbox 961 1527 1196 1574; x_wconf 85' lang='lat' dir='ltr'>inquisitione</span> <span class='ocrx_word' id='word_1_200' title='bbox 1229 1539 1375 1577; x_wconf 88' lang='lat' dir='ltr'>oportet</span> <span class='ocrx_word' id='word_1_201' title='bbox 1404 1533 1564 1581; x_wconf 89' lang='lat' dir='ltr'>incipere</span> <span class='ocrx_word' id='word_1_202' title='bbox 1597 1536 1639 1571; x_wconf 88' lang='lat' dir='ltr'>ab</span> 
     </span>
     <span class='ocr_line' id='line_1_23' title="bbox 43 1565 1640 1631; baseline 0.016 -31"><span class='ocrx_word' id='word_1_203' title='bbox 43 1565 179 1614; x_wconf 55' lang='lat' dir='ltr'>{aliquo</span> <span class='ocrx_word' id='word_1_204' title='bbox 201 1570 397 1617; x_wconf 87' lang='lat' dir='ltr'>principio:</span> <span class='ocrx_word' id='word_1_205' title='bbox 420 1574 517 1620; x_wconf 90' lang='lat' dir='ltr'>quod</span> <span class='ocrx_word' id='word_1_206' title='bbox 539 1575 687 1622; x_wconf 90' lang='lat' dir='ltr'>quidem</span> <span class='ocrx_word' id='word_1_207' title='bbox 709 1578 737 1612; x_wconf 90' lang='lat' dir='ltr'>si</span> <span class='ocrx_word' id='word_1_208' title='bbox 759 1578 852 1614; x_wconf 87' lang='lat' dir='ltr'>sicut</span> <span class='ocrx_word' id='word_1_209' title='bbox 873 1588 926 1615; x_wconf 91' lang='lat' dir='ltr'>est</span> <span class='ocrx_word' id='word_1_210' title='bbox 947 1581 1045 1628; x_wconf 87' lang='lat' dir='ltr'>prius</span> <span class='ocrx_word' id='word_1_211' title='bbox 1072 1583 1108 1617; x_wconf 93' lang='lat' dir='ltr'>in</span> <span class='ocrx_word' id='word_1_212' title='bbox 1132 1585 1356 1631; x_wconf 84' lang='lat' dir='ltr'>cognitione,</span> <span class='ocrx_word' id='word_1_213' title='bbox 1384 1587 1433 1622; x_wconf 89' lang='lat' dir='ltr'>ita</span> <span class='ocrx_word' id='word_1_214' title='bbox 1461 1589 1572 1624; x_wconf 91' lang='lat' dir='ltr'>etiam</span> <span class='ocrx_word' id='word_1_215' title='bbox 1595 1591 1640 1626; x_wconf 90' lang='lat' dir='ltr'>sit</span> 
     </span>
     <span class='ocr_line' id='line_1_24' title="bbox 39 1620 1640 1691; baseline 0.016 -37"><span class='ocrx_word' id='word_1_216' title='bbox 39 1620 152 1668; x_wconf 35' lang='lat' dir='ltr'>*prius</span> <span class='ocrx_word' id='word_1_217' title='bbox 173 1622 210 1656; x_wconf 90' lang='lat' dir='ltr'>in</span> <span class='ocrx_word' id='word_1_218' title='bbox 237 1634 327 1668; x_wconf 88' lang='lat' dir='ltr'>esse,</span> <span class='ocrx_word' id='word_1_219' title='bbox 349 1637 423 1661; x_wconf 92' lang='lat' dir='ltr'>non</span> <span class='ocrx_word' id='word_1_220' title='bbox 446 1635 500 1663; x_wconf 90' lang='lat' dir='ltr'>est</span> <span class='ocrx_word' id='word_1_221' title='bbox 521 1640 712 1675; x_wconf 91' lang='lat' dir='ltr'>processus</span> <span class='ocrx_word' id='word_1_222' title='bbox 738 1632 988 1678; x_wconf 86' lang='lat' dir='ltr'>resolutorius‚</span> <span class='ocrx_word' id='word_1_223' title='bbox 1016 1636 1078 1671; x_wconf 84' lang='lat' dir='ltr'>sed</span> <span class='ocrx_word' id='word_1_224' title='bbox 1101 1639 1219 1685; x_wconf 84' lang='lat' dir='ltr'>magis</span> <span class='ocrx_word' id='word_1_225' title='bbox 1248 1642 1531 1687; x_wconf 80' lang='lat' dir='ltr'>compositivus:</span> <span class='ocrx_word' id='word_1_226' title='bbox 1560 1657 1640 1691; x_wconf 89' lang='lat' dir='ltr'>pro-</span> 
     </span>
     <span class='ocr_line' id='line_1_25' title="bbox 38 1672 1638 1739; baseline 0.016 -30"><span class='ocrx_word' id='word_1_227' title='bbox 38 1672 184 1720; x_wconf 55' lang='lat' dir='ltr'>ycedere</span> <span class='ocrx_word' id='word_1_228' title='bbox 206 1677 305 1714; x_wconf 88' lang='lat' dir='ltr'>enim</span> <span class='ocrx_word' id='word_1_229' title='bbox 327 1691 347 1714; x_wconf 85' lang='lat' dir='ltr'>a</span> <span class='ocrx_word' id='word_1_230' title='bbox 377 1682 494 1717; x_wconf 89' lang='lat' dir='ltr'>causis</span> <span class='ocrx_word' id='word_1_231' title='bbox 516 1682 553 1717; x_wconf 88' lang='lat' dir='ltr'>in</span> <span class='ocrx_word' id='word_1_232' title='bbox 584 1683 746 1729; x_wconf 83' lang='lat' dir='ltr'>effectus,</span> <span class='ocrx_word' id='word_1_233' title='bbox 775 1696 828 1722; x_wconf 91' lang='lat' dir='ltr'>est</span> <span class='ocrx_word' id='word_1_234' title='bbox 858 1701 1052 1735; x_wconf 87' lang='lat' dir='ltr'>processus</span> <span class='ocrx_word' id='word_1_235' title='bbox 1081 1694 1363 1739; x_wconf 87' lang='lat' dir='ltr'>compositivus:</span> <span class='ocrx_word' id='word_1_236' title='bbox 1391 1707 1478 1730; x_wconf 90' lang='lat' dir='ltr'>nam</span> <span class='ocrx_word' id='word_1_237' title='bbox 1507 1709 1638 1734; x_wconf 86' lang='lat' dir='ltr'>causae</span> 
     </span>
     <span class='ocr_line' id='line_1_26' title="bbox 40 1731 1638 1796; baseline 0.015 -32"><span class='ocrx_word' id='word_1_238' title='bbox 40 1739 136 1776; x_wconf 71' lang='lat' dir='ltr'>5sunt</span> <span class='ocrx_word' id='word_1_239' title='bbox 155 1731 398 1780; x_wconf 85' lang='lat' dir='ltr'>simpliciores</span> <span class='ocrx_word' id='word_1_240' title='bbox 431 1735 636 1773; x_wconf 85' lang='lat' dir='ltr'>effectibus:</span> <span class='ocrx_word' id='word_1_241' title='bbox 660 1740 689 1774; x_wconf 92' lang='lat' dir='ltr'>si</span> <span class='ocrx_word' id='word_1_242' title='bbox 723 1750 846 1777; x_wconf 89' lang='lat' dir='ltr'>autem</span> <span class='ocrx_word' id='word_1_243' title='bbox 873 1743 919 1786; x_wconf 88' lang='lat' dir='ltr'>id,</span> <span class='ocrx_word' id='word_1_244' title='bbox 943 1745 1040 1791; x_wconf 91' lang='lat' dir='ltr'>quod</span> <span class='ocrx_word' id='word_1_245' title='bbox 1064 1754 1117 1780; x_wconf 90' lang='lat' dir='ltr'>est</span> <span class='ocrx_word' id='word_1_246' title='bbox 1150 1748 1249 1793; x_wconf 88' lang='lat' dir='ltr'>prius</span> <span class='ocrx_word' id='word_1_247' title='bbox 1279 1749 1316 1783; x_wconf 92' lang='lat' dir='ltr'>in</span> <span class='ocrx_word' id='word_1_248' title='bbox 1339 1751 1565 1796; x_wconf 80' lang='lat' dir='ltr'>cognitione,</span> <span class='ocrx_word' id='word_1_249' title='bbox 1593 1753 1638 1788; x_wconf 89' lang='lat' dir='ltr'>sit</span> 
     </span>
     <span class='ocr_line' id='line_1_27' title="bbox 40 1786 1637 1846; baseline 0.014 -27"><span class='ocrx_word' id='word_1_250' title='bbox 40 1786 231 1833; x_wconf 55' lang='lat' dir='ltr'>iposterius</span> <span class='ocrx_word' id='word_1_251' title='bbox 251 1787 288 1822; x_wconf 86' lang='lat' dir='ltr'>in</span> <span class='ocrx_word' id='word_1_252' title='bbox 310 1800 400 1834; x_wconf 88' lang='lat' dir='ltr'>esse,</span> <span class='ocrx_word' id='word_1_253' title='bbox 422 1799 476 1826; x_wconf 90' lang='lat' dir='ltr'>est</span> <span class='ocrx_word' id='word_1_254' title='bbox 496 1804 688 1839; x_wconf 84' lang='lat' dir='ltr'>processus</span> <span class='ocrx_word' id='word_1_255' title='bbox 711 1796 969 1833; x_wconf 86' lang='lat' dir='ltr'>resolutorius:</span> <span class='ocrx_word' id='word_1_256' title='bbox 994 1808 1119 1846; x_wconf 88' lang='lat' dir='ltr'>utpote</span> <span class='ocrx_word' id='word_1_257' title='bbox 1139 1813 1224 1836; x_wconf 90' lang='lat' dir='ltr'>curn</span> <span class='ocrx_word' id='word_1_258' title='bbox 1247 1802 1291 1838; x_wconf 93' lang='lat' dir='ltr'>de</span> <span class='ocrx_word' id='word_1_259' title='bbox 1314 1803 1502 1841; x_wconf 85' lang='lat' dir='ltr'>effectibus</span> <span class='ocrx_word' id='word_1_260' title='bbox 1525 1808 1637 1842; x_wconf 89' lang='lat' dir='ltr'>mani-</span> 
     </span>
     <span class='ocr_line' id='line_1_28' title="bbox 38 1838 1636 1910; baseline 0.015 -36"><span class='ocrx_word' id='word_1_261' title='bbox 38 1838 149 1878; x_wconf 70' lang='lat' dir='ltr'>„festis</span> <span class='ocrx_word' id='word_1_262' title='bbox 169 1841 386 1888; x_wconf 87' lang='lat' dir='ltr'>judicamus,</span> <span class='ocrx_word' id='word_1_263' title='bbox 407 1846 626 1883; x_wconf 86' lang='lat' dir='ltr'>resolvendo</span> <span class='ocrx_word' id='word_1_264' title='bbox 649 1849 684 1883; x_wconf 90' lang='lat' dir='ltr'>in</span> <span class='ocrx_word' id='word_1_265' title='bbox 705 1861 832 1887; x_wconf 81' lang='lat' dir='ltr'>causas</span> <span class='ocrx_word' id='word_1_266' title='bbox 855 1853 1050 1900; x_wconf 85' lang='lat' dir='ltr'>simplices.</span> <span class='ocrx_word' id='word_1_267' title='bbox 1075 1855 1301 1904; x_wconf 87' lang='lat' dir='ltr'>Principium</span> <span class='ocrx_word' id='word_1_268' title='bbox 1323 1867 1446 1894; x_wconf 87' lang='lat' dir='ltr'>autem</span> <span class='ocrx_word' id='word_1_269' title='bbox 1469 1863 1504 1896; x_wconf 89' lang='lat' dir='ltr'>in</span> <span class='ocrx_word' id='word_1_270' title='bbox 1522 1862 1636 1910; x_wconf 88' lang='lat' dir='ltr'>inqui-</span> 
     </span>
     <span class='ocr_line' id='line_1_29' title="bbox 34 1894 1634 1960; baseline 0.014 -31"><span class='ocrx_word' id='word_1_271' title='bbox 34 1894 220 1945; x_wconf 50' lang='lat' dir='ltr'>zsitionem</span> <span class='ocrx_word' id='word_1_272' title='bbox 244 1898 387 1934; x_wconf 90' lang='lat' dir='ltr'>consilii</span> <span class='ocrx_word' id='word_1_273' title='bbox 408 1909 462 1936; x_wconf 90' lang='lat' dir='ltr'>est</span> <span class='ocrx_word' id='word_1_274' title='bbox 479 1900 571 1945; x_wconf 85' lang='lat' dir='ltr'>finis,</span> <span class='ocrx_word' id='word_1_275' title='bbox 590 1903 651 1950; x_wconf 91' lang='lat' dir='ltr'>qui</span> <span class='ocrx_word' id='word_1_276' title='bbox 666 1904 814 1951; x_wconf 87' lang='lat' dir='ltr'>quidem</span> <span class='ocrx_word' id='word_1_277' title='bbox 837 1915 890 1942; x_wconf 88' lang='lat' dir='ltr'>est</span> <span class='ocrx_word' id='word_1_278' title='bbox 911 1908 1010 1955; x_wconf 87' lang='lat' dir='ltr'>prior</span> <span class='ocrx_word' id='word_1_279' title='bbox 1025 1909 1060 1943; x_wconf 95' lang='lat' dir='ltr'>in</span> <span class='ocrx_word' id='word_1_280' title='bbox 1081 1910 1294 1956; x_wconf 87' lang='lat' dir='ltr'>intentione,</span> <span class='ocrx_word' id='word_1_281' title='bbox 1311 1915 1493 1960; x_wconf 91' lang='lat' dir='ltr'>posterior</span> <span class='ocrx_word' id='word_1_282' title='bbox 1510 1925 1634 1952; x_wconf 86' lang='lat' dir='ltr'>tamen</span> 
     </span>
     <span class='ocr_line' id='line_1_30' title="bbox 48 1946 1632 2015; baseline 0.015 -31"><span class='ocrx_word' id='word_1_283' title='bbox 48 1946 85 1984; x_wconf 84' lang='lat' dir='ltr'>in</span> <span class='ocrx_word' id='word_1_284' title='bbox 107 1960 202 1987; x_wconf 85' lang='lat' dir='ltr'>esse:</span> <span class='ocrx_word' id='word_1_285' title='bbox 225 1960 261 1988; x_wconf 84' lang='lat' dir='ltr'>et</span> <span class='ocrx_word' id='word_1_286' title='bbox 293 1955 495 1990; x_wconf 88' lang='lat' dir='ltr'>secundum</span> <span class='ocrx_word' id='word_1_287' title='bbox 529 1956 601 1991; x_wconf 88' lang='lat' dir='ltr'>hoc</span> <span class='ocrx_word' id='word_1_288' title='bbox 625 1967 779 2004; x_wconf 88' lang='lat' dir='ltr'>oportet,</span> <span class='ocrx_word' id='word_1_289' title='bbox 815 1962 913 2008; x_wconf 90' lang='lat' dir='ltr'>quod</span> <span class='ocrx_word' id='word_1_290' title='bbox 940 1963 1126 2010; x_wconf 84' lang='lat' dir='ltr'>inquisitio</span> <span class='ocrx_word' id='word_1_291' title='bbox 1159 1966 1304 2001; x_wconf 87' lang='lat' dir='ltr'>consilii</span> <span class='ocrx_word' id='word_1_292' title='bbox 1331 1968 1375 2003; x_wconf 89' lang='lat' dir='ltr'>sit</span> <span class='ocrx_word' id='word_1_293' title='bbox 1403 1970 1632 2015; x_wconf 87' lang='lat' dir='ltr'>resolutoria,</span> 
     </span>
     <span class='ocr_line' id='line_1_31' title="bbox 37 2001 1631 2070; baseline 0.016 -33"><span class='ocrx_word' id='word_1_294' title='bbox 37 2001 257 2052; x_wconf 65' lang='lat' dir='ltr'>fincipiendo</span> <span class='ocrx_word' id='word_1_295' title='bbox 279 2008 420 2044; x_wconf 90' lang='lat' dir='ltr'>scilicet</span> <span class='ocrx_word' id='word_1_296' title='bbox 440 2010 483 2044; x_wconf 88' lang='lat' dir='ltr'>ab</span> <span class='ocrx_word' id='word_1_297' title='bbox 499 2022 555 2054; x_wconf 91' lang='lat' dir='ltr'>eo,</span> <span class='ocrx_word' id='word_1_298' title='bbox 578 2012 676 2059; x_wconf 89' lang='lat' dir='ltr'>quod</span> <span class='ocrx_word' id='word_1_299' title='bbox 695 2012 732 2047; x_wconf 90' lang='lat' dir='ltr'>in</span> <span class='ocrx_word' id='word_1_300' title='bbox 753 2013 874 2050; x_wconf 89' lang='lat' dir='ltr'>futuro</span> <span class='ocrx_word' id='word_1_301' title='bbox 893 2016 1102 2061; x_wconf 85' lang='lat' dir='ltr'>intenditur,</span> <span class='ocrx_word' id='word_1_302' title='bbox 1125 2031 1315 2068; x_wconf 88' lang='lat' dir='ltr'>quousque</span> <span class='ocrx_word' id='word_1_303' title='bbox 1336 2025 1570 2070; x_wconf 82' lang='lat' dir='ltr'>perveniatur</span> <span class='ocrx_word' id='word_1_304' title='bbox 1588 2027 1631 2062; x_wconf 88' lang='lat' dir='ltr'>ad</span> 
     </span>
     <span class='ocr_line' id='line_1_32' title="bbox 43 2055 653 2111; baseline 0.015 -19"><span class='ocrx_word' id='word_1_305' title='bbox 43 2055 95 2101; x_wconf 73' lang='lat' dir='ltr'>id,</span> <span class='ocrx_word' id='word_1_306' title='bbox 117 2059 215 2106; x_wconf 91' lang='lat' dir='ltr'>quod</span> <span class='ocrx_word' id='word_1_307' title='bbox 237 2062 359 2097; x_wconf 89' lang='lat' dir='ltr'>statim</span> <span class='ocrx_word' id='word_1_308' title='bbox 383 2064 567 2111; x_wconf 86' lang='lat' dir='ltr'>agendum</span> <span class='ocrx_word' id='word_1_309' title='bbox 590 2074 653 2101; x_wconf 89' lang='lat' dir='ltr'>est.</span> 
     </span>
     <span class='ocr_line' id='line_1_33' title="bbox 35 2113 1628 2176; baseline 0.014 -28"><span class='ocrx_word' id='word_1_310' title='bbox 35 2128 57 2156; x_wconf 59' lang='grc' dir='ltr'><strong>ῃ</strong></span> <span class='ocrx_word' id='word_1_311' title='bbox 119 2113 180 2149; x_wconf 89' lang='lat' dir='ltr'>AD</span> <span class='ocrx_word' id='word_1_312' title='bbox 201 2125 353 2152; x_wconf 81' lang='lat' dir='ltr'>PRIMUM</span> <span class='ocrx_word' id='word_1_313' title='bbox 367 2129 455 2165; x_wconf 88' lang='lat' dir='ltr'>ergo</span> <span class='ocrx_word' id='word_1_314' title='bbox 468 2118 676 2165; x_wconf 85' lang='lat' dir='ltr'>dicendum,</span> <span class='ocrx_word' id='word_1_315' title='bbox 699 2123 796 2169; x_wconf 89' lang='lat' dir='ltr'>quod</span> <span class='ocrx_word' id='word_1_316' title='bbox 816 2125 1012 2160; x_wconf 88' lang='lat' dir='ltr'>consilium</span> <span class='ocrx_word' id='word_1_317' title='bbox 1027 2135 1080 2162; x_wconf 87' lang='lat' dir='ltr'>est</span> <span class='ocrx_word' id='word_1_318' title='bbox 1094 2128 1137 2163; x_wconf 91' lang='lat' dir='ltr'>de</span> <span class='ocrx_word' id='word_1_319' title='bbox 1153 2130 1444 2176; x_wconf 85' lang='lat' dir='ltr'>operationibus:</span> <span class='ocrx_word' id='word_1_320' title='bbox 1460 2134 1522 2169; x_wconf 92' lang='lat' dir='ltr'>sed</span> <span class='ocrx_word' id='word_1_321' title='bbox 1538 2135 1628 2171; x_wconf 87' lang='lat' dir='ltr'>ratio</span> 
     </span>
     <span class='ocr_line' id='line_1_34' title="bbox 37 2168 1628 2233; baseline 0.015 -32"><span class='ocrx_word' id='word_1_322' title='bbox 37 2168 302 2215; x_wconf 60' lang='lat' dir='ltr'>&#39;Qperationum</span> <span class='ocrx_word' id='word_1_323' title='bbox 331 2172 507 2220; x_wconf 89' lang='lat' dir='ltr'>accipitur</span> <span class='ocrx_word' id='word_1_324' title='bbox 528 2185 570 2209; x_wconf 81' lang='lat' dir='ltr'>ex</span> <span class='ocrx_word' id='word_1_325' title='bbox 603 2175 693 2212; x_wconf 89' lang='lat' dir='ltr'>fine:</span> <span class='ocrx_word' id='word_1_326' title='bbox 717 2185 752 2212; x_wconf 87' lang='lat' dir='ltr'>et</span> <span class='ocrx_word' id='word_1_327' title='bbox 785 2178 868 2213; x_wconf 86' lang='lat' dir='ltr'>ideo</span> <span class='ocrx_word' id='word_1_328' title='bbox 896 2180 987 2215; x_wconf 89' lang='lat' dir='ltr'>ordo</span> <span class='ocrx_word' id='word_1_329' title='bbox 1015 2182 1257 2219; x_wconf 86' lang='lat' dir='ltr'>ratiocinandi</span> <span class='ocrx_word' id='word_1_330' title='bbox 1283 2186 1327 2220; x_wconf 90' lang='lat' dir='ltr'>de</span> <span class='ocrx_word' id='word_1_331' title='bbox 1355 2189 1628 2233; x_wconf 83' lang='lat' dir='ltr'>operationibus</span> 
     </span>
     <span class='ocr_line' id='line_1_35' title="bbox 41 2224 676 2275; baseline 0.016 -20"><span class='ocrx_word' id='word_1_332' title='bbox 41 2227 100 2259; x_wconf 63' lang='lat' dir='ltr'>:est</span> <span class='ocrx_word' id='word_1_333' title='bbox 125 2224 328 2260; x_wconf 85' lang='lat' dir='ltr'>contrarius</span> <span class='ocrx_word' id='word_1_334' title='bbox 350 2226 469 2262; x_wconf 89' lang='lat' dir='ltr'>ordini</span> <span class='ocrx_word' id='word_1_335' title='bbox 490 2230 676 2275; x_wconf 84' lang='lat' dir='ltr'>operandi.</span> 
     </span>
    </p>

    <p class='ocr_par' dir='ltr' id='par_1_6' title="bbox 32 2275 1624 2503">
     <span class='ocr_line' id='line_1_36' title="bbox 62 2275 1624 2343; baseline 0.015 -32"><span class='ocrx_word' id='word_1_336' title='bbox 62 2286 66 2291; x_wconf 93' lang='grc'><em>·</em></span> <span class='ocrx_word' id='word_1_337' title='bbox 115 2275 176 2312; x_wconf 88' lang='lat' dir='ltr'>AD</span> <span class='ocrx_word' id='word_1_338' title='bbox 196 2288 407 2316; x_wconf 76' lang='lat' dir='ltr'><strong>SECUNDUM</strong></span> <span class='ocrx_word' id='word_1_339' title='bbox 429 2281 638 2327; x_wconf 89' lang='lat' dir='ltr'>dicendum,</span> <span class='ocrx_word' id='word_1_340' title='bbox 658 2286 755 2331; x_wconf 89' lang='lat' dir='ltr'>quod</span> <span class='ocrx_word' id='word_1_341' title='bbox 778 2287 869 2322; x_wconf 80' lang='lat' dir='ltr'>ratio</span> <span class='ocrx_word' id='word_1_342' title='bbox 888 2288 1014 2336; x_wconf 86' lang='lat' dir='ltr'>incipit</span> <span class='ocrx_word' id='word_1_343' title='bbox 1037 2291 1078 2325; x_wconf 88' lang='lat' dir='ltr'>ab</span> <span class='ocrx_word' id='word_1_344' title='bbox 1103 2303 1159 2335; x_wconf 89' lang='lat' dir='ltr'>eo,</span> <span class='ocrx_word' id='word_1_345' title='bbox 1182 2294 1280 2340; x_wconf 88' lang='lat' dir='ltr'>quod</span> <span class='ocrx_word' id='word_1_346' title='bbox 1303 2303 1357 2330; x_wconf 92' lang='lat' dir='ltr'>est</span> <span class='ocrx_word' id='word_1_347' title='bbox 1378 2296 1476 2343; x_wconf 88' lang='lat' dir='ltr'>prius</span> <span class='ocrx_word' id='word_1_348' title='bbox 1499 2309 1624 2334; x_wconf 87' lang='lat' dir='ltr'>secun-</span> 
     </span>
     <span class='ocr_line' id='line_1_37' title="bbox 32 2283 1417 2397; baseline 0.016 -33"><span class='ocrx_word' id='word_1_349' title='bbox 32 2283 131 2377; x_wconf 46' lang='lat' dir='ltr'>zum</span> <span class='ocrx_word' id='word_1_350' title='bbox 152 2332 344 2378; x_wconf 89' lang='lat' dir='ltr'>rationem,</span> <span class='ocrx_word' id='word_1_351' title='bbox 370 2347 445 2370; x_wconf 89' lang='lat' dir='ltr'>non</span> <span class='ocrx_word' id='word_1_352' title='bbox 468 2345 590 2372; x_wconf 84' lang='lat' dir='ltr'>autern</span> <span class='ocrx_word' id='word_1_353' title='bbox 613 2350 758 2387; x_wconf 88' lang='lat' dir='ltr'>semper</span> <span class='ocrx_word' id='word_1_354' title='bbox 779 2341 821 2375; x_wconf 86' lang='lat' dir='ltr'>ab</span> <span class='ocrx_word' id='word_1_355' title='bbox 846 2354 902 2385; x_wconf 86' lang='lat' dir='ltr'>eo,</span> <span class='ocrx_word' id='word_1_356' title='bbox 925 2344 1022 2390; x_wconf 88' lang='lat' dir='ltr'>quod</span> <span class='ocrx_word' id='word_1_357' title='bbox 1045 2354 1099 2380; x_wconf 90' lang='lat' dir='ltr'>est</span> <span class='ocrx_word' id='word_1_358' title='bbox 1120 2347 1218 2393; x_wconf 87' lang='lat' dir='ltr'>prius</span> <span class='ocrx_word' id='word_1_359' title='bbox 1239 2357 1417 2397; x_wconf 86' lang='lat' dir='ltr'>tempore.</span> 
     </span>
     <span class='ocr_line' id='line_1_38' title="bbox 34 2379 1622 2452; baseline 0.016 -33"><span class='ocrx_word' id='word_1_360' title='bbox 34 2379 65 2431; x_wconf 51' lang='grc' dir='ltr'>ὅ,</span> <span class='ocrx_word' id='word_1_361' title='bbox 113 2384 174 2421; x_wconf 89' lang='lat' dir='ltr'>AD</span> <span class='ocrx_word' id='word_1_362' title='bbox 202 2396 375 2424; x_wconf 79' lang='lat' dir='ltr'>TERTmM</span> <span class='ocrx_word' id='word_1_363' title='bbox 401 2390 609 2435; x_wconf 89' lang='lat' dir='ltr'>dicendum,</span> <span class='ocrx_word' id='word_1_364' title='bbox 631 2395 728 2440; x_wconf 86' lang='lat' dir='ltr'>quod</span> <span class='ocrx_word' id='word_1_365' title='bbox 751 2395 794 2430; x_wconf 83' lang='lat' dir='ltr'>de</span> <span class='ocrx_word' id='word_1_366' title='bbox 829 2407 885 2440; x_wconf 90' lang='lat' dir='ltr'>eo,</span> <span class='ocrx_word' id='word_1_367' title='bbox 908 2399 1006 2444; x_wconf 92' lang='lat' dir='ltr'>quod</span> <span class='ocrx_word' id='word_1_368' title='bbox 1033 2408 1087 2435; x_wconf 85' lang='lat' dir='ltr'>est</span> <span class='ocrx_word' id='word_1_369' title='bbox 1114 2402 1298 2448; x_wconf 82' lang='lat' dir='ltr'>agendum</span> <span class='ocrx_word' id='word_1_370' title='bbox 1325 2414 1473 2452; x_wconf 85' lang='lat' dir='ltr'>propter</span> <span class='ocrx_word' id='word_1_371' title='bbox 1499 2407 1622 2452; x_wconf 88' lang='lat' dir='ltr'>finem,</span> 
     </span>
     <span class='ocr_line' id='line_1_39' title="bbox 37 2440 1621 2503; baseline 0.016 -30"><span class='ocrx_word' id='word_1_372' title='bbox 37 2440 115 2482; x_wconf 57' lang='lat' dir='ltr'>§on</span> <span class='ocrx_word' id='word_1_373' title='bbox 136 2451 395 2487; x_wconf 90' lang='lat' dir='ltr'>quaereremus</span> <span class='ocrx_word' id='word_1_374' title='bbox 416 2445 508 2480; x_wconf 90' lang='lat' dir='ltr'>scire</span> <span class='ocrx_word' id='word_1_375' title='bbox 532 2457 576 2481; x_wconf 87' lang='lat' dir='ltr'>an</span> <span class='ocrx_word' id='word_1_376' title='bbox 598 2448 643 2482; x_wconf 87' lang='lat' dir='ltr'>sit</span> <span class='ocrx_word' id='word_1_377' title='bbox 664 2449 848 2495; x_wconf 77' lang='lat' dir='ltr'>possibile,</span> <span class='ocrx_word' id='word_1_378' title='bbox 876 2451 905 2486; x_wconf 93' lang='lat' dir='ltr'>si</span> <span class='ocrx_word' id='word_1_379' title='bbox 926 2464 1001 2487; x_wconf 88' lang='lat' dir='ltr'>non</span> <span class='ocrx_word' id='word_1_380' title='bbox 1025 2463 1119 2490; x_wconf 89' lang='lat' dir='ltr'>esset</span> <span class='ocrx_word' id='word_1_381' title='bbox 1142 2467 1347 2503; x_wconf 87' lang='lat' dir='ltr'>congruum</span> <span class='ocrx_word' id='word_1_382' title='bbox 1375 2459 1453 2495; x_wconf 90' lang='lat' dir='ltr'>fini:</span> <span class='ocrx_word' id='word_1_383' title='bbox 1478 2470 1513 2496; x_wconf 88' lang='lat' dir='ltr'>et</span> <span class='ocrx_word' id='word_1_384' title='bbox 1538 2462 1621 2498; x_wconf 89' lang='lat' dir='ltr'>ideo</span> 
     </span>
    </p>
   </div>
   <div class='ocr_carea' id='block_1_4' title="bbox 38 2490 1622 2600">
    <p class='ocr_par' dir='ltr' id='par_1_7' title="bbox 38 2490 1622 2600">
     <span class='ocr_line' id='line_1_40' title="bbox 38 2490 1622 2560; baseline 0.016 -32"><span class='ocrx_word' id='word_1_385' title='bbox 38 2490 136 2544; x_wconf 49' lang='lat' dir='ltr'>prius</span> <span class='ocrx_word' id='word_1_386' title='bbox 158 2504 303 2543; x_wconf 91' lang='lat' dir='ltr'>oportet</span> <span class='ocrx_word' id='word_1_387' title='bbox 323 2498 516 2546; x_wconf 88' lang='lat' dir='ltr'>inquirere,</span> <span class='ocrx_word' id='word_1_388' title='bbox 539 2512 584 2536; x_wconf 86' lang='lat' dir='ltr'>an</span> <span class='ocrx_word' id='word_1_389' title='bbox 607 2504 802 2539; x_wconf 86' lang='lat' dir='ltr'>conveniat</span> <span class='ocrx_word' id='word_1_390' title='bbox 825 2505 868 2540; x_wconf 84' lang='lat' dir='ltr'>ad</span> <span class='ocrx_word' id='word_1_391' title='bbox 892 2506 1100 2543; x_wconf 86' lang='lat' dir='ltr'>ducendum</span> <span class='ocrx_word' id='word_1_392' title='bbox 1122 2510 1158 2545; x_wconf 91' lang='lat' dir='ltr'>in</span> <span class='ocrx_word' id='word_1_393' title='bbox 1181 2510 1303 2556; x_wconf 88' lang='lat' dir='ltr'>finem,</span> <span class='ocrx_word' id='word_1_394' title='bbox 1324 2525 1435 2560; x_wconf 85' lang='lat' dir='ltr'>quam</span> <span class='ocrx_word' id='word_1_395' title='bbox 1460 2517 1622 2552; x_wconf 88' lang='lat' dir='ltr'>conside-</span> 
     </span>
     <span class='ocr_line' id='line_1_41' title="bbox 38 2546 470 2600; baseline 0.007 -14"><span class='ocrx_word' id='word_1_396' title='bbox 38 2546 137 2586; x_wconf 53' lang='lat' dir='ltr'>*tetur</span> <span class='ocrx_word' id='word_1_397' title='bbox 157 2561 203 2585; x_wconf 91' lang='lat' dir='ltr'>an</span> <span class='ocrx_word' id='word_1_398' title='bbox 221 2551 267 2586; x_wconf 90' lang='lat' dir='ltr'>sit</span> <span class='ocrx_word' id='word_1_399' title='bbox 286 2553 470 2600; x_wconf 88' lang='lat' dir='ltr'>possibile.</span> 
     </span>
    </p>
   </div>
   <div class='ocr_carea' id='block_1_5' title="bbox 31 584 66 975">
    <p class='ocr_par' dir='ltr' id='par_1_8' title="bbox 31 584 66 975">
     <span class='ocr_line' id='line_1_42' title="bbox 31 584 58 799; baseline 0 -141"><span class='ocrx_word' id='word_1_400' title='bbox 31 584 58 799; x_wconf 95' lang='lat' dir='ltr'>   </span> 
     </span>
     <span class='ocr_line' id='line_1_43' title="bbox 31 799 66 975; baseline 0 0"><span class='ocrx_word' id='word_1_401' title='bbox 31 799 66 975; x_wconf 95' lang='lat' dir='ltr'>    </span> 
     </span>
    </p>
   </div>
   <div class='ocr_carea' id='block_1_6' title="bbox 320 2642 1618 2781">
    <p class='ocr_par' dir='ltr' id='par_1_9' title="bbox 320 2642 1618 2781">
     <span class='ocr_line' id='line_1_44' title="bbox 584 2642 1618 2704; baseline 0.018 -19"><span class='ocrx_word' id='word_1_402' title='bbox 584 2642 933 2691; x_wconf 89' lang='lat' dir='ltr'>ARTICULUS</span> <span class='ocrx_word' id='word_1_403' title='bbox 975 2649 1052 2693; x_wconf 91' lang='lat' dir='ltr'>VI.</span> <span class='ocrx_word' id='word_1_404' title='bbox 1574 2667 1618 2704; x_wconf 87' lang='lat'>86</span> 
     </span>
     <span class='ocr_line' id='line_1_45' title="bbox 320 2734 1334 2781; baseline 0.016 -16"><span class='ocrx_word' id='word_1_405' title='bbox 320 2734 475 2767; x_wconf 74' lang='lat' dir='ltr'>UTRUM</span> <span class='ocrx_word' id='word_1_406' title='bbox 505 2737 747 2772; x_wconf 57' lang='lat' dir='ltr'>consumit</span> <span class='ocrx_word' id='word_1_407' title='bbox 768 2744 1004 2776; x_wconf 79' lang='lat' dir='ltr'>PROCEDAT</span> <span class='ocrx_word' id='word_1_408' title='bbox 1022 2746 1067 2778; x_wconf 83' lang='lat' dir='ltr'>IN</span> <span class='ocrx_word' id='word_1_409' title='bbox 1088 2748 1334 2781; x_wconf 81' lang='lat' dir='ltr'>INFINITUM.</span> 
     </span>
    </p>
   </div>
   <div class='ocr_carea' id='block_1_7' title="bbox 36 2813 1615 2984">
    <p class='ocr_par' dir='ltr' id='par_1_10' title="bbox 36 2813 1615 2984">
     <span class='ocr_line' id='line_1_46' title="bbox 107 2813 1614 2881; baseline 0.015 -32"><span class='ocrx_word' id='word_1_410' title='bbox 107 2813 168 2849; x_wconf 82' lang='lat' dir='ltr'>An</span> <span class='ocrx_word' id='word_1_411' title='bbox 185 2825 338 2853; x_wconf 77' lang='lat' dir='ltr'>SEXTUM</span> <span class='ocrx_word' id='word_1_412' title='bbox 361 2820 411 2854; x_wconf 86' lang='lat' dir='ltr'>sic</span> <span class='ocrx_word' id='word_1_413' title='bbox 439 2821 657 2867; x_wconf 86' lang='lat' dir='ltr'>proceditur.</span> <span class='ocrx_word' id='word_1_414' title='bbox 685 2823 849 2870; x_wconf 83' lang='lat' dir='ltr'>Videtur,</span> <span class='ocrx_word' id='word_1_415' title='bbox 872 2829 970 2874; x_wconf 88' lang='lat' dir='ltr'>quod</span> <span class='ocrx_word' id='word_1_416' title='bbox 997 2829 1183 2877; x_wconf 86' lang='lat' dir='ltr'>inquisitio</span> <span class='ocrx_word' id='word_1_417' title='bbox 1212 2833 1355 2867; x_wconf 87' lang='lat' dir='ltr'>consilii</span> <span class='ocrx_word' id='word_1_418' title='bbox 1382 2835 1557 2881; x_wconf 84' lang='lat' dir='ltr'>procedat</span> <span class='ocrx_word' id='word_1_419' title='bbox 1578 2837 1614 2872; x_wconf 89' lang='lat' dir='ltr'>in</span> 
     </span>
     <span class='ocr_line' id='line_1_47' title="bbox 37 2861 1615 2938; baseline 0.016 -37"><span class='ocrx_word' id='word_1_420' title='bbox 37 2861 235 2905; x_wconf 73' lang='lat' dir='ltr'>infinitum:</span> <span class='ocrx_word' id='word_1_421' title='bbox 259 2871 454 2908; x_wconf 88' lang='lat' dir='ltr'>consilium</span> <span class='ocrx_word' id='word_1_422' title='bbox 473 2875 571 2910; x_wconf 89' lang='lat' dir='ltr'>enim</span> <span class='ocrx_word' id='word_1_423' title='bbox 586 2876 771 2924; x_wconf 89' lang='lat' dir='ltr'>inquisitio</span> <span class='ocrx_word' id='word_1_424' title='bbox 794 2888 847 2916; x_wconf 89' lang='lat' dir='ltr'>est</span> <span class='ocrx_word' id='word_1_425' title='bbox 874 2881 917 2916; x_wconf 91' lang='lat' dir='ltr'>de</span> <span class='ocrx_word' id='word_1_426' title='bbox 939 2884 1229 2929; x_wconf 83' lang='lat' dir='ltr'>particularibus,</span> <span class='ocrx_word' id='word_1_427' title='bbox 1252 2887 1286 2921; x_wconf 90' lang='lat' dir='ltr'>in</span> <span class='ocrx_word' id='word_1_428' title='bbox 1309 2888 1438 2934; x_wconf 88' lang='lat' dir='ltr'>quibus</span> <span class='ocrx_word' id='word_1_429' title='bbox 1461 2899 1513 2926; x_wconf 91' lang='lat' dir='ltr'>est</span> <span class='ocrx_word' id='word_1_430' title='bbox 1532 2903 1615 2938; x_wconf 91' lang='lat' dir='ltr'>ope-</span> 
     </span>
     <span class='ocr_line' id='line_1_48' title="bbox 36 2920 1474 2984; baseline 0.016 -29"><span class='ocrx_word' id='word_1_431' title='bbox 36 2920 148 2956; x_wconf 75' lang='lat' dir='ltr'>ratio:</span> <span class='ocrx_word' id='word_1_432' title='bbox 169 2923 231 2958; x_wconf 89' lang='lat' dir='ltr'>sed</span> <span class='ocrx_word' id='word_1_433' title='bbox 253 2924 451 2972; x_wconf 84' lang='lat' dir='ltr'>singularia</span> <span class='ocrx_word' id='word_1_434' title='bbox 477 2937 560 2965; x_wconf 88' lang='lat' dir='ltr'>sunt</span> <span class='ocrx_word' id='word_1_435' title='bbox 581 2929 737 2976; x_wconf 85' lang='lat' dir='ltr'>infinita3</span> <span class='ocrx_word' id='word_1_436' title='bbox 760 2944 848 2982; x_wconf 87' lang='lat' dir='ltr'>ergo</span> <span class='ocrx_word' id='word_1_437' title='bbox 871 2935 1056 2984; x_wconf 90' lang='lat' dir='ltr'>inquisitio</span> <span class='ocrx_word' id='word_1_438' title='bbox 1081 2939 1223 2976; x_wconf 85' lang='lat' dir='ltr'>consilii</span> <span class='ocrx_word' id='word_1_439' title='bbox 1250 2949 1303 2976; x_wconf 89' lang='lat' dir='ltr'>est</span> <span class='ocrx_word' id='word_1_440' title='bbox 1325 2942 1474 2978; x_wconf 85' lang='lat' dir='ltr'>infinita.</span> 
     </span>
    </p>
   </div>
  </div>
 </body>
</html>
