1875 3198
212 168 297 223 498
635 180 855 214 QUAESTIO
890 179 1004 208 Lxxt.
1038 179 1281 209 ARTchLus
1314 178 1357 207 11.

210 268 311 295 turae
334 261 466 296 rationi
489 269 775 303 consentaneus;
799 269 832 295 et
853 261 923 294 hoc
951 260 1063 295 modo
1091 261 1202 294 virtus
1229 260 1357 294 dicitur
1384 271 1460 295 esse
1487 259 1688 294 secundum
1713 271 1772 294 na-

213 322 349 348 turam:
374 322 407 348 et
428 326 490 360 per
512 315 732 348 contrarium
755 314 977 359 intelligitur,
1000 313 1096 360 quod
1119 314 1247 347 vitium
1269 314 1313 348 sit
1335 321 1460 347 contra
1480 321 1658 348 naturam.

283 368 343 402 AD
366 379 573 403 SECUNDUM
595 368 800 409 dicendum,
824 367 920 413 quod
935 367 1180 413 Philosophus
1202 367 1250 400 ibi
1268 366 1428 413 loquitur
1445 367 1488 401 de
1502 367 1570 409 his,
1585 377 1676 412 quae
1690 374 1772 401 sunt

214 429 339 455 contra
364 430 543 464 naturam,
566 421 764 455 secundum
789 421 886 466 quod
908 432 984 454 esse
1008 429 1133 454 contra
1151 428 1317 454 naturam
1340 421 1532 467 opponitur
1551 420 1594 462 ei,
1609 420 1705 466 quod
1720 427 1773 454 est

211 485 288 508 esse
311 486 331 508 a
351 483 498 517 natura,
520 486 594 508 non
617 482 738 508 autem
760 473 962 508 secundum
984 474 1080 520 quod
1095 485 1172 508 esse
1192 482 1318 508 contra
1330 482 1497 508 naturam
1519 473 1714 519 opponitur
1727 473 1771 515 ei,

210 528 306 573 quod
329 536 381 562 est
403 539 478 562 esse
501 528 701 562 secundum
727 536 913 561 naturam:
943 539 985 562 eo
1014 528 1125 561 modo
1154 539 1224 573 quo
1252 528 1400 562 virtutes
1427 528 1594 562 dicuntur
1615 539 1693 562 esse
1719 539 1770 562 se-

210 581 367 614 cundum
389 589 566 623 naturam,
589 581 802 627 inquantum
826 580 999 615 inclinant
1021 581 1064 614 ad
1087 581 1133 622 id,
1155 581 1252 627 quod
1273 589 1422 616 naturae
1445 581 1625 615 convenit.

280 635 340 668 AD
364 645 533 669 TERTIUM
557 634 762 676 dicendum,
778 634 873 680 quod
894 634 928 667 in
950 635 1100 668 homine
1122 643 1175 668 est
1195 635 1314 681 duplex
1334 642 1474 676 natura,
1490 634 1647 669 scilicet:
1672 635 1774 669 ratio-

211 688 307 730 nalis,
331 695 365 721 et
385 689 562 722 sensitiva:
587 696 621 722 et
643 688 726 733 quia
752 699 814 734 per
842 687 1092 733 operationem
1120 699 1246 722 sensus
1272 688 1386 722 homo
1413 688 1576 734 pervenit
1601 687 1645 721 ad
1672 695 1772 722 actus

207 741 367 782 rationis,
383 741 464 774 ideo
484 741 602 787 plures
617 749 815 787 sequuntur
830 740 1084 775 inclinationes
1098 749 1247 775 naturae
1261 741 1464 783 sensitivae,
1481 753 1590 787 quam
1606 742 1772 776 ordinem

208 795 377 829 rationis:
401 794 520 840 plures
540 795 636 828 enim
655 803 748 837 sunt,
768 795 828 841 qui
848 803 1085 841 assequuntur
1103 795 1321 841 principium
1343 795 1404 837 rei,
1421 806 1531 841 quam
1545 795 1605 841 qui
1628 795 1672 829 ad
1688 806 1772 829 con-

208 848 493 884 summationvn
512 848 744 894 perveniunt:
768 860 810 882 ex
831 848 902 882 hoc
926 856 1047 882 autem
1068 849 1166 890 vitia,
1190 857 1224 883 et
1245 856 1393 894 peccata
1411 849 1448 882 in
1470 848 1680 883 hominibus
1695 860 1775 895 pro-

209 902 368 943 veniunt,
396 901 493 947 quod
526 909 721 948 sequuntur
748 902 1024 936 inclinationem
1050 910 1199 936 naturae
1229 902 1420 936 sensitivae
1451 909 1575 936 contra
1607 902 1773 936 ordinem

211 955 371 989 rationis.

284 1008 344 1042 AD
368 1018 555 1047 QUARTUM
583 1008 788 1051 dicendum,
811 1009 907 1055 quod
935 1009 1107 1055 quidquid
1135 1017 1198 1051 est,
1226 1016 1352 1043 contra
1378 1008 1556 1043 rationem
1585 1008 1772 1051 artificiati‚

217 1070 270 1096 cst
304 1062 413 1096 etiam
447 1070 573 1096 contra
607 1071 774 1096 naturam
810 1063 904 1104 artis,
940 1074 1010 1108 qua
1042 1062 1271 1096 artificiatum
1304 1062 1532 1108 producitur:
1566 1062 1623 1096 lex
1653 1071 1774 1097 autern

213 1123 356 1149 aeterna
379 1124 611 1162 comparatur
634 1116 676 1150 ad
699 1116 865 1150 ordinem
887 1116 1035 1150 rationis
1057 1116 1251 1158 humanae,
1270 1116 1363 1150 sicut
1381 1127 1436 1150 ars
1459 1115 1503 1149 ad
1526 1115 1771 1150 artificiatum:

210 1168 304 1202 unde
328 1170 490 1214 ejusdem
513 1169 662 1203 rationis
685 1178 748 1211 est,
771 1170 867 1215 quod
890 1170 1028 1212 vitium,
1053 1177 1086 1204 et
1107 1177 1298 1216 peccatum
1320 1169 1365 1203 sit
1387 1177 1514 1204 contra
1535 1169 1702 1204 ordinem
1721 1181 1773 1204 ra-

209 1222 318 1256 tionis
339 1222 533 1264 humanae,
557 1231 590 1257 et
612 1224 708 1269 quod
731 1224 775 1257 sit
798 1231 922 1257 contra
945 1223 1065 1268 legem
1093 1231 1298 1265 aeternam3
1326 1223 1421 1257 unde
1449 1223 1602 1269 August.
1627 1223 1711 1257 dicit
1736 1223 1773 1257 in

214 1288 243 1322 3.
266 1276 308 1310 de
331 1276 407 1310 Lib.
431 1277 517 1310 Arb.
541 1277 631 1324 (cap.
651 1290 694 1323 15.
714 1278 902 1323 inprims),
924 1278 1020 1323 quod
1044 1288 1063 1310 a
1083 1277 1164 1311 Deo
1184 1277 1320 1311 habent
1342 1288 1470 1311 omnes
1491 1285 1652 1319 naturae,
1675 1277 1771 1323 quod

210 1337 358 1363 naturae
381 1337 481 1372 sunt;
504 1338 538 1364 et
558 1330 739 1365 intantum
761 1338 843 1365 sunt
864 1331 1027 1373 vitiosae,
1046 1330 1261 1376 inquantum
1283 1330 1325 1364 ab
1342 1331 1428 1377 ejus,
1447 1342 1517 1377 qua
1538 1329 1655 1365 factae
1678 1338 1771 1373 sunt,

213 1391 287 1418 arte
310 1383 508 1418 discedunt.

750 1526 1095 1571 ARTICULUs
1125 1527 1203 1570 ΠΙ.
1709 1548 1774 1585 374

396 1633 549 1663 UTRUM
579 1633 736 1663 VITIUM
770 1634 836 1663 SIT
870 1634 1005 1676 PEJUS,
1040 1634 1164 1670 QUAM
1196 1634 1338 1664 ACTUS
1371 1634 1589 1664 VITIOSUS.

458 1719 570 1765 (Supr.
593 1725 657 1754 art.
677 1731 708 1754 2.
728 1725 758 1754 et
778 1720 862 1754 Mal.
885 1732 914 1766 q.
934 1732 965 1755 2.
988 1725 1052 1755 art.
1075 1731 1106 1755 2.
1122 1719 1164 1754 acl
1185 1732 1216 1766 9.
1232 1725 1261 1755 et
1279 1724 1343 1754 art.
1361 1731 1390 1766 5.
1405 1719 1446 1754 ad
1466 1720 1527 1765 8.).

279 1806 338 1841 AD
359 1817 530 1841 TERT1UM
557 1807 606 1841 sic
634 1808 850 1854 proceditur.
886 1808 1049 1850 Videtur,
1077 1808 1173 1854 quod
1200 1808 1340 1850 vitium,
1362 1808 1453 1842 idest
1480 1808 1622 1843 habitus
1645 1807 1773 1850 malus,

208 1860 252 1894 sit
273 1861 384 1906 pejus,
407 1872 515 1906 quam
543 1869 746 1906 peccatum,
781 1861 871 1896 idest
898 1870 997 1896 actus
1024 1862 1156 1896 malus:
1187 1862 1279 1896 sicut
1309 1862 1406 1896 enim
1431 1862 1582 1904 bonum,
1603 1862 1700 1908 quod
1721 1870 1775 1896 est

208 1914 419 1956 diuturnius,
440 1922 492 1948 est
510 1914 660 1957 melius3
683 1915 730 1949 ita
754 1915 904 1958 malum,
920 1916 1016 1961 quod
1033 1924 1086 1950 est
1103 1915 1315 1957 diuturnius,
1333 1923 1385 1950 est
1405 1916 1525 1962 pejus:
1548 1916 1610 1950 sed
1631 1915 1774 1950 habitus

207 1968 357 2002 vitiosus
380 1976 431 2002 est
454 1968 665 2011 diuturnior,
686 1981 794 2015 quam
816 1977 915 2003 actus
934 1970 1068 2012 visiosi‚
1084 1969 1279 2016 quistatim
1298 1977 1503 2012 transeunt;
1526 1980 1613 2016 ergo
1631 1969 1773 2004 habitus

208 2022 357 2055 vitiosus
380 2030 432 2056 est
454 2024 565 2068 pejor,
588 2035 696 2068 quain
717 2032 816 2057 actus
838 2024 1000 2057 vitiosus.

280 2085 310 2108 2.
327 2075 561 2110 PRAETEREA.
584 2076 692 2110 Plura
715 2077 810 2111 mala
833 2086 915 2111 sunt
936 2078 1052 2123 magis
1074 2077 1256 2123 fugienda,
1273 2088 1382 2123 quam
1401 2088 1514 2110 unum
1533 2076 1688 2111 malum:
1712 2076 1773 2111 sed

208 2129 350 2163 habitus
373 2130 489 2164 malus
508 2130 704 2165 virtualiter
723 2139 775 2165 est
795 2143 901 2165 causa
918 2131 1117 2165 multorum
1140 2131 1321 2165 malorum
1338 2138 1504 2173 actuum3
1523 2141 1610 2177 ergo
1631 2130 1773 2165 habitus

208 2183 358 2217 vitiosus
380 2191 432 2217 est
454 2185 563 2230 pejor,
586 2196 695 2230 quam
719 2193 818 2219 actus
840 2185 1001 2219 vitiosus.

284 2248 311 2282 3.
327 2237 562 2271 PRAETEREA.
580 2237 700 2272 Causa
721 2248 772 2272 est
787 2238 916 2284 potior,
933 2250 1042 2284 quam
1058 2237 1225 2273 effectus:
1249 2238 1311 2273 sed
1333 2238 1475 2273 habitus
1498 2237 1636 2284 perficit
1651 2245 1771 2272 actum

209 2298 285 2324 tam
307 2291 341 2324 in
363 2291 534 2333 bonitate,
557 2302 665 2337 quain
689 2292 723 2325 in
747 2291 901 2335 malitia,
925 2304 1012 2338 ergo
1032 2292 1174 2326 habitus
1193 2300 1246 2327 est
1267 2292 1387 2338 potior
1406 2300 1488 2326 actu
1503 2292 1586 2326 etin
1602 2291 1773 2334 bonitate,

210 2353 245 2379 et
265 2345 301 2378 in
324 2344 471 2378 malitia.

282 2398 356 2432 SED
373 2409 538 2433 CONTRA.
554 2398 624 2432 Pro
646 2407 726 2433 actu
741 2399 871 2433 vitioso
889 2399 1017 2445 aliquis
1036 2400 1126 2445 juste
1146 2399 1310 2445 punitur;
1332 2411 1405 2433 non
1425 2406 1546 2433 autem
1565 2409 1629 2445 pro
1650 2398 1773 2432 habitu

209 2452 353 2493 vitiosQ
375 2452 403 2485 si
425 2463 497 2486 non
521 2453 693 2498 procedat
713 2453 754 2486 ad
776 2462 908 2495 actum3
925 2465 1011 2499 ergo
1029 2461 1127 2489 actus
1142 2453 1292 2487 vitiosus
1309 2461 1360 2487 est
1379 2453 1490 2499 pejor,
1509 2463 1618 2499 quam
1632 2452 1774 2486 habitus

209 2506 370 2540 vitiosus.

282 2559 510 2594 Rizspoxmzo
534 2560 739 2601 dicendum,
768 2561 863 2606 quod
891 2560 1032 2594 habitus
1062 2560 1183 2594 medio
1207 2560 1318 2594 modo
1342 2572 1378 2594 se
1400 2560 1508 2594 habet
1535 2559 1626 2594 inter
1652 2567 1776 2606 poten·

210 2613 309 2655 tiam,
326 2621 359 2647 et
375 2622 505 2647 actum:
523 2613 752 2647 manifestum
771 2622 822 2647 est
838 2623 970 2655 autem,
986 2614 1081 2660 quod
1099 2622 1198 2648 actus
1214 2615 1246 2647 in
1262 2615 1372 2655 bono,
1388 2622 1422 2648 et
1436 2613 1534 2647 malo
1554 2613 1775 2659 praeeminet

211 2667 404 2714 potentiae,
421 2675 457 2701 ut
472 2668 600 2701 dicitur
616 2668 647 2701 iu
668 2679 699 2711 a).
717 2668 874 2713 Metaph.
890 2670 966 2712 (ch'.
985 2669 1065 2712 11).).'
1083 2668 1211 2701 melius
1234 2676 1285 2702 est
1305 2668 1399 2701 enim
1419 2668 1508 2701 bene
1532 2678 1649 2713 agere,
1665 2678 1774 2713 quam

212 2733 316 2767 posse
340 2721 428 2755 bene
452 2733 576 2765 agere:
601 2729 634 2755 et
656 2721 819 2754 similiter
834 2722 1102 2767 vituperabilius
1119 2730 1170 2755 est
1186 2721 1280 2755 male
1297 2733 1415 2766 agere,
1431 2732 1538 2767 quam
1560 2731 1664 2766 posse
1680 2719 1774 2754 male

212 2786 337 2817 agere;
361 2775 453 2808 unde
476 2775 583 2808 etiam
607 2775 776 2821 sequitur,
799 2775 893 2820 quod
920 2775 1059 2809 habitus
1083 2776 1116 2808 in
1139 2775 1311 2812 bonitate,
1334 2784 1367 2809 et
1390 2775 1423 2808 in
1449 2774 1584 2808 malitia
1613 2774 1772 2807 medium

213 2829 362 2873 gradum
387 2829 546 2863 obtineat
569 2829 659 2863 inter
683 2829 893 2874 potentiam,
922 2838 954 2862 et
983 2838 1120 2867 actum:
1144 2837 1180 2863 ut
1203 2829 1339 2863 scilicet
1367 2829 1458 2862 sicut
1483 2827 1624 2861 habitus
1646 2827 1773 2868 bonus,

213 2881 269 2916 vel
293 2881 419 2925 malus,
447 2883 667 2929 praeeminet
698 2883 731 2916 in
755 2883 925 2924 bonitate,
950 2883 1004 2916 vel
1030 2882 1164 2917 malitia
1189 2882 1381 2928 potentiae,
1404 2882 1451 2916 ita
1474 2881 1582 2916 ctiam
1605 2881 1774 2915 subdatur
