1875 3198
196 171 282 223 690
620 182 844 218 QUAESTIO
879 183 1014 212 XCVII.
1043 183 1290 213 ARTICULUS
1324 184 1350 212 Ι,

679 431 1037 491 QUAESTIO
1079 430 1285 478 XCVII.

241 554 305 585 DE
343 554 629 586 MUTATIONE
668 554 851 594 LEGUM,
893 555 945 585 IN
984 555 1215 595 QUATUOR
1253 555 1517 588 ARTICULOS
1550 556 1730 589 DIVISA.

262 694 404 728 Deinde
428 693 737 728 considerandum
761 702 814 729 est
836 694 879 729 de
902 697 1104 730 mutatione
1124 695 1261 742 legum.

658 783 702 818 Et
723 784 814 818 circa
835 783 894 818 hoc
916 789 1123 830 quaeruntur
1144 789 1297 831 quatuor.

256 854 393 888 Primo.
414 854 547 889 Utrum
569 854 626 889 lex
648 855 811 889 humana
833 855 877 889 sit
896 856 1090 890 mutabilis.

263 908 445 942 Secundo.
482 908 616 942 Utrum
650 920 794 955 semper
821 908 950 943 debeat
977 909 1120 951 mutari,
1149 910 1295 956 quando
1324 909 1459 956 aliquid
1485 908 1616 944 melius
1643 921 1769 945 occur-

189 970 284 996 rent.

262 1015 400 1050 Tertio.
424 1016 558 1050 Utrum
580 1028 644 1062 per
667 1016 971 1050 consuetudinem
994 1016 1192 1060 aboleatur,
1220 1025 1256 1052 et
1281 1025 1403 1051 utrum
1426 1017 1653 1052 consuetudo
1681 1017 1770 1053 obti-

187 1076 273 1103 neat
292 1070 366 1103 vim
389 1069 490 1115 legis.
804 1111 809 1115 ⁵

262 1122 416 1163 Quarto.
441 1123 573 1157 Utrum
593 1135 678 1158 usus
697 1123 789 1170 legis
811 1123 996 1158 humanae
1018 1135 1081 1170 per
1103 1124 1414 1171 dispensationem
1434 1131 1620 1159 rectorum
1642 1125 1772 1159 immu-

187 1176 255 1210 tari
277 1177 416 1211 debeat.

766 1307 1115 1353 ARTICULUS
1150 1308 1184 1351 1.
1705 1330 1771 1366 514

349 1416 505 1446 UTRUM
533 1416 617 1445 LEX
645 1417 832 1447 HUMANA
861 1418 1034 1446 DEBEAT
1062 1417 1232 1447 MUTARI
1258 1417 1428 1453 ALIQUO
1455 1418 1603 1448 MODO.

257 1510 374 1557 (Supr.
402 1522 432 1556 q.
456 1510 513 1556 96.
536 1515 602 1545 art.
620 1522 648 1556 5.
672 1510 714 1544 ad
731 1523 759 1557 3.
783 1515 811 1545 et
832 1516 897 1545 art.
922 1511 953 1545 6.
972 1517 1036 1557 per
1058 1515 1113 1546 tot.
1136 1516 1164 1546 et
1186 1511 1267 1557 infr.
1290 1523 1319 1557 q.
1342 1522 1417 1556 104.
1436 1516 1501 1545 art.
1520 1523 1549 1557 3.
1572 1510 1615 1545 ad
1635 1511 1696 1556 2.).

256 1607 317 1641 AD
339 1617 490 1642 PR1MUM
513 1607 564 1640 sic
587 1607 806 1653 proceditur.
822 1606 986 1649 Videtur,
1005 1607 1103 1653 quod
1124 1606 1181 1641 lex
1202 1606 1366 1641 humana
1387 1605 1489 1641 nullo
1511 1606 1626 1641 modo
1641 1605 1770 1641 debeat

184 1660 336 1694 mutari:
365 1660 423 1694 lex
450 1660 548 1694 enirn
578 1660 741 1694 humana
771 1661 953 1694 derivatur
981 1672 1001 1694 a
1031 1660 1111 1707 lege
1142 1660 1311 1703 naturali,
1341 1668 1379 1694 ut
1409 1672 1517 1707 supra
1552 1660 1690 1695 dictum
1716 1668 1770 1695 est

183 1716 229 1760 (q.
253 1726 300 1760 95.
324 1719 387 1748 art.
415 1714 486 1758 2.):
510 1713 572 1748 sed
599 1713 656 1748 lex
683 1713 857 1748 naturalis
885 1714 1087 1748 immobilis
1113 1722 1323 1761 permanet3
1346 1725 1433 1760 ergo
1462 1722 1498 1748 et
1521 1713 1580 1748 lex
1605 1714 1768 1748 humana

183 1768 289 1802 debet
310 1767 511 1801 immobilis
533 1778 759 1814 permanere.

256 1831 287 1855 2.
310 1821 550 1856 PRAETEREA.
575 1821 677 1855 Sicut
698 1820 948 1868 Philosophus
971 1821 1057 1855 dicit
1078 1821 1115 1855 in
1142 1832 1169 1866 5.
1193 1821 1310 1856 Ethic.
1335 1821 1424 1868 (cap.
1442 1832 1471 1867 5.
1494 1832 1515 1855 a
1535 1820 1653 1866 med.):
1672 1822 1767 1855 Men-

181 1887 261 1910 sura
282 1877 428 1909 maxime:
450 1875 540 1910 debet
565 1887 625 1909 esse
647 1882 868 1922 permanens:
891 1875 954 1909 sed
977 1874 1034 1909 lex
1055 1875 1219 1909 humana
1247 1882 1300 1909 est
1326 1886 1496 1909 mensura
1517 1874 1767 1909 humanorum

183 1937 344 1971 actuum,
364 1936 402 1963 ut
423 1940 530 1975 supra
554 1929 691 1962 dictum
714 1936 768 1963 est
792 1928 837 1974 (q.
854 1941 910 1976 90.
927 1934 991 1964 art.
1006 1941 1034 1963 I.
1054 1934 1082 1964 et
1102 1928 1173 1974 2.);
1198 1940 1286 1975 ergo
1309 1928 1414 1963 debet
1434 1927 1671 1962 immobiliter
1692 1939 1768 1975 per-

183 1994 344 2018 manere.

258 2048 286 2082 3.
310 2036 548 2071 PRAETEREA.
571 2036 628 2070 De
650 2036 792 2070 ratione
814 2035 906 2082 legis
929 2043 992 2078 est,
1020 2036 1118 2081 quod
1145 2037 1191 2070 sit
1211 2037 1317 2082 justa,
1341 2043 1374 2070 et
1397 2042 1507 2078 recta,
1530 2042 1569 2069 ut
1590 2046 1698 2081 supra
1719 2034 1768 2069 di-

182 2098 283 2124 ctum
306 2098 359 2124 est
381 2092 425 2135 (q.
450 2102 498 2136 95.
518 2091 655 2135 a1·t.3.),·
672 2090 736 2124 sed
756 2089 857 2132 illud,
874 2090 971 2135 quod
991 2088 1106 2123 semel
1125 2097 1178 2123 est
1199 2096 1352 2131 rectum,
1368 2099 1512 2135 semper
1533 2096 1586 2123 est
1607 2096 1765 2131 rectum;

182 2155 270 2190 ergo
292 2144 392 2186 illud,
416 2144 512 2189 quod
537 2151 590 2178 est
611 2143 726 2177 semel
747 2143 816 2185 lex,
839 2154 984 2189 semper
1006 2143 1112 2177 debet
1134 2154 1212 2178 esse
1235 2142 1302 2177 lex.

255 2198 330 2232 SED
351 2208 507 2232 CONTRA
531 2205 594 2239 est,
619 2197 715 2243 quod
738 2197 965 2243 Augustinus
989 2196 1075 2230 dicit
1096 2196 1133 2230 in
1160 2208 1187 2230 1.
1211 2196 1254 2231 de
1277 2196 1355 2231 Lib.
1378 2196 1512 2230 Arbitr.
1535 2196 1628 2243 (cap.
1651 2195 1683 2231 6.
1703 2197 1763 2231 cir.

181 2252 302 2298 ·med.):
331 2252 400 2286 Lex
434 2251 624 2297 temporalis
653 2252 807 2296 quamvis
833 2253 926 2297 justa
953 2252 1004 2291 sit,
1041 2252 1244 2285 commutari
1275 2255 1383 2284 tamen
1408 2255 1472 2296 per
1501 2255 1651 2297 tempora
1679 2251 1764 2295 juste

174 2311 293 2352 potest.

252 2359 484 2394 RESPONDEO
508 2358 714 2400 dicendum,
743 2357 852 2404 quod,
881 2358 973 2391 sicut
999 2369 1107 2404 supra
1135 2357 1272 2391 dictum
1300 2365 1354 2391 est
1383 2356 1428 2403 (q.
1456 2369 1506 2404 91.
1535 2362 1600 2392 art.
1622 2358 1683 2404 3.)‚
1706 2356 1764 2392 lex

180 2414 343 2447 humana
366 2421 419 2447 est
440 2412 626 2459 quoddam
649 2412 832 2445 dictamen
848 2411 1010 2453 rationis,
1026 2422 1098 2457 quo
1122 2411 1324 2457 diriguntur
1345 2411 1499 2445 humani
1521 2418 1640 2445 actus:
1661 2418 1695 2445 et
1713 2422 1764 2445 se-

181 2468 342 2502 cundum
364 2467 435 2501 hoc
460 2465 590 2513 duplex
614 2477 722 2500 causa
746 2473 865 2511 potest
887 2476 977 2507 esse,
1001 2465 1098 2511 quod
1121 2464 1178 2499 lex
1199 2465 1362 2498 humana
1383 2465 1475 2510 juste
1497 2472 1675 2499 mutetur:
1694 2476 1762 2498 una

179 2521 328 2567 quidem
351 2534 394 2555 ex
420 2528 520 2567 parte
542 2520 712 2554 rationis:
739 2519 808 2553 alia
830 2530 917 2553 vero
946 2530 989 2552 ex
1016 2527 1116 2565 parte
1139 2518 1346 2560 hominum,
1375 2529 1531 2564 quorum
1558 2525 1659 2552 actus
1681 2517 1762 2564 lege

180 2574 400 2620 regulantur.
423 2574 476 2608 Ex
498 2582 597 2621 parte
621 2573 769 2619 quidem
792 2573 953 2615 rationis,
973 2573 1057 2618 quia
1078 2572 1263 2606 humanae
1286 2571 1417 2606 rationi
1438 2570 1603 2606 naturale
1623 2582 1701 2606 esse
1713 2571 1762 2605 vi-

180 2629 294 2670 detur,
317 2636 354 2662 ut
377 2628 555 2673 gradatim
580 2627 621 2661 ab
645 2625 861 2673 imperfecto
891 2626 933 2659 ad
962 2625 1163 2672 perfectum
1186 2625 1393 2672 perveniat3
1416 2625 1510 2659 unde
1531 2625 1697 2659 videmus
1724 2625 1759 2658 in

179 2682 337 2716 scientiis
359 2681 604 2728 speculativis,
620 2680 716 2727 quod
740 2680 801 2726 qui
823 2679 941 2725 primo
958 2679 1208 2725 philosophati
1229 2687 1323 2722 sunt,
1343 2679 1524 2725 quaedam
1546 2677 1759 2725 imperfecta

178 2735 412 2777 tradiderunt,
432 2746 524 2781 quae
544 2733 781 2781 postmodum
800 2744 863 2779 per
886 2733 1105 2779 posteriores
1128 2740 1211 2766 sunt
1231 2732 1361 2766 tradita
1384 2732 1501 2779 magis
1523 2731 1692 2778 perfecte,
1712 2733 1759 2766 ita

178 2789 287 2823 ctiam
312 2797 345 2823 et
367 2789 403 2822 in
425 2787 685 2834 operabilibus;
709 2798 794 2820 nam
823 2786 940 2832 primi,
970 2786 1028 2831 qui
1058 2786 1290 2820 intenderunt
1319 2785 1481 2820 invenire
1509 2785 1644 2832 aliquid
1670 2783 1757 2819 utile

179 2843 435 2877 communitati
456 2842 663 2883 hominum,
679 2851 753 2875 non
768 2839 930 2873 valentes
953 2839 1078 2873 omnia
1101 2851 1143 2873 ex
1166 2851 1203 2874 se
1226 2839 1312 2886 ipsis
1335 2839 1578 2881 considerare,
1600 2838 1758 2873 institue-

179 2904 260 2931 runt
281 2897 460 2943 quaedam
482 2894 695 2942 imperfecta
714 2895 750 2928 in
775 2893 900 2927 multis
924 2892 1140 2935 deficientia,
1160 2904 1252 2940 quae
1277 2893 1497 2939 posteriores
1519 2899 1755 2927 mutaverunt
