1907 3198
547 150 770 188 QUAESTIO
806 150 897 182 cm.
930 148 1176 181 Ana-tentus
1208 148 1250 178 11.
1579 147 1663 190 777

101 233 218 271 Levit.
243 244 314 278 14.;
335 245 423 281 ergo
449 233 566 270 multo
588 233 705 281 magis
733 232 986 270 caeremoniae
1018 231 1150 267 veteris
1170 230 1262 276 legis
1293 237 1460 277 poterant
1489 229 1664 264 mundare

102 287 264 325 animam
289 287 529 334 justificando.
798 295 805 300 ·

174 341 250 377 San
271 351 427 377 conum
450 349 513 382 est,
543 341 639 388 quod
674 341 802 387 Apost.
831 340 918 375 dicit
948 339 1030 375 Gal.
1053 348 1102 374 2.:
1121 338 1157 374 Si
1177 336 1256 373 data
1276 342 1353 372 essct
1374 336 1437 379 lex,
1463 348 1545 382 quac
1562 340 1667 383 posset

96 395 296 442 justificare,
320 393 471 431 Christus
489 396 594 440 gratis
615 399 763 430 mortuus
779 400 868 436 essct,
891 393 982 428 idest
1003 393 1080 428 sine
1102 402 1231 427 causa:
1250 390 1312 426 sed
1331 390 1402 425 hoc
1426 397 1479 424 est
1500 389 1668 424 inconve-

101 447 222 492 niens3
247 459 337 495 ergo
358 448 611 483 caeremoniae
632 448 762 483 veteris
783 447 874 492 legis
900 458 975 482 non
998 445 1250 492 justificabant,

173 500 403 538 Reseounzo
424 501 631 543 dicendum,
652 501 762 548 quod,
782 501 875 536 sicut
895 511 1002 547 supra
1022 499 1160 534 dictum
1182 506 1235 533 est
1257 497 1302 544 (q.
1317 507 1391 533 102.
1406 502 1472 532 art.
1487 508 1515 543 5.
1534 496 1576 531 ad
1593 497 1644 542 4.)
1655 508 1667 537 ,·

101 554 140 591 in
159 554 275 593 veteri
293 554 374 602 lege
394 554 513 602 duplex
534 554 764 590 immunditia
787 554 1061 589 observabatur:
1083 564 1150 588 una
1171 551 1318 599 quidem
1344 549 1550 597 spiritualis,
1577 561 1668 596 quae

103 615 158 646 est
184 608 416 645 immunditia
449 607 596 655 culpae:
621 608 690 644 alia
717 619 803 643 vero
829 606 1041 654 corporalis,
1068 617 1161 653 quae
1186 604 1337 640 tollebat
1362 603 1598 639 idoneitatem
1625 603 1668 637 ad

103 661 243 699 cultum
263 661 445 698 dlvinum:
475 662 567 697 sicut
595 662 760 710 leprosus
793 661 980 696 dicebatur
1012 659 1235 701 immundus,
1256 657 1315 693 vel
1335 657 1396 693 ille
1418 657 1479 704 qui
1498 657 1671 703 tangebat

103 716 252 765 aliquod
283 716 538 753 morticinum:
561 725 595 752 et
613 716 663 752 sic
686 715 917 751 immunditia
938 714 1029 750 nihil
1051 713 1147 749 aliud
1177 721 1264 755 erat,
1290 723 1400 759 quam
1425 711 1670 758 irregularitas

102 770 295 818 quaedam.
315 771 371 806 Ab
388 769 449 806 hac
470 770 578 816 igitur
603 769 817 805 immunditia
838 769 1066 805 caeremoniae
1086 768 1205 803 veteris
1231 766 1307 812 legis
1327 766 1486 801 habebant
1512 766 1669 800 virtutem

102 822 325 861 mundandi.-
343 823 427 870 quia
447 823 659 870 hujusmodi
680 822 934 858 caeremoniae
955 829 1058 857 erant
1078 820 1258 868 quaedam
1277 819 1437 855 remedia
1455 818 1614 853 adhibita
1629 830 1670 853 ex

103 876 332 914 ordinatione
344 877 436 924 legis
449 877 494 912 ad
507 876 686 912 tollendas
699 876 898 923 praedictas
913 874 1161 910 immunditias
1175 885 1217 909 ex
1232 881 1367 909 statuto
1384 872 1475 918 legis
1490 872 1671 914 inductas;

103 937 140 967 et
162 929 248 967 ideo
280 929 482 978 Apostolus
503 930 591 966 dicit
616 930 660 965 ad
688 930 797 966 Hebr.
816 941 849 977 9.
871 929 969 977 quod
997 929 1129 975 sanguis
1162 928 1347 969 hircorum,
1375 932 1405 962 et
1426 931 1617 969 taurorum,
1643 931 1673 961 et

103 984 187 1021 cinis
203 983 330 1020 vitulae
349 990 500 1032 aspersus
519 985 710 1030 inquinatos
728 984 912 1030 sanctificat
933 982 975 1018 ad
992 981 1255 1018 emundationem
1278 981 1408 1016 carnis:
1430 988 1466 1015 et
1486 980 1579 1015 sicut
1603 981 1669 1014 ista

102 1037 346 1080 immunditia,
359 1049 452 1085 quae
466 1048 530 1084 per
542 1037 753 1083 hujusmodi
768 1036 1019 1072 caeremonias
1034 1035 1309 1076 emundabatur,
1323 1041 1399 1069 erat
1413 1033 1530 1080 magis
1544 1033 1673 1074 carnis,

103 1102 215 1139 quam
245 1090 390 1134 mentis,
410 1091 460 1126 ita
481 1091 590 1126 etiam
613 1091 711 1138 ipsae
738 1090 991 1125 caeremoniae
1019 1090 1167 1136 justititia
1195 1089 1306 1123 carnis
1338 1087 1506 1122 dicuntur
1528 1087 1570 1121 ab
1594 1086 1672 1133 ipso

105 1143 303 1192 Apostolo,
323 1155 452 1194 parum
479 1155 586 1192 supra
612 1155 646 1178 v.
673 1154 744 1179 1o.:
772 1143 926 1189 Justitiis,
964 1143 1089 1189 inquit,
1119 1143 1230 1177 carnis
1259 1153 1355 1187 usque
1383 1141 1426 1175 ad
1453 1146 1577 1188 tempus
1605 1152 1675 1175 cor-

102 1198 256 1234 rectionis
275 1199 446 1246 impositis.
469 1197 526 1233 Ab
551 1197 783 1233 immunditia
805 1208 893 1232 vero
915 1196 1059 1238 mentis,
1080 1207 1172 1243 quae
1194 1203 1248 1230 est
1268 1194 1498 1229 immunditia
1533 1192 1674 1240 culpae,

104 1262 180 1287 non
199 1251 382 1287 habebant
401 1251 572 1287 virtutem
593 1250 777 1297 expiandi;
798 1258 834 1285 et
854 1250 926 1285 hoc
945 1250 1040 1291 ideo,
1062 1249 1146 1296 quia
1168 1248 1325 1295 expiatio
1348 1259 1367 1282 a
1389 1247 1547 1294 peccatis
1574 1258 1675 1281 num-

104 1315 216 1353 quam
236 1303 315 1340 fieri
332 1304 450 1352 potuit
469 1304 538 1340 nisi
552 1315 615 1352 per
629 1303 830 1346 Christum,
844 1304 902 1350 qui
920 1303 1002 1338 tollit
1011 1307 1149 1350 peccata
1166 1301 1294 1344 mundi,
1315 1309 1352 1336 ut
1365 1300 1606 1346 diciturJoan.
1626 1311 1674 1335 1.:

104 1366 141 1395 et
166 1357 251 1408 quia
278 1357 492 1406 mysterium
523 1357 795 1400 incarnationis,
825 1365 859 1392 et
880 1356 1060 1404 passionis
1084 1355 1221 1391 Christi
1242 1354 1405 1390 nondum
1433 1362 1509 1389 erat
1530 1353 1674 1388 realiter

105 1419 305 1458 peractum,
324 1411 455 1447 veteris
483 1410 574 1458 legis
607 1410 861 1446 caeremoniae
882 1421 956 1445 non
989 1417 1156 1457 poterant
1182 1409 1218 1443 in
1245 1419 1283 1443 se
1312 1407 1498 1443 continere
1530 1406 1674 1442 realiter

104 1465 276 1501 virtutem
295 1463 536 1512 profluentem
558 1475 579 1499 a
605 1463 754 1500 Christo
780 1464 982 1506 incarnato,
1013 1471 1048 1498 et
1077 1473 1197 1510 passo,
1227 1461 1320 1497 sicut
1349 1461 1537 1496 continent
1559 1471 1674 1495 sacra-

104 1526 228 1555 menta
247 1528 367 1554 novae
386 1517 490 1566 legis,
511 1526 548 1554 et
574 1518 659 1554 ideo
687 1529 763 1553 non
793 1525 960 1564 poterant
989 1528 1009 1552 a
1035 1524 1188 1564 peccato
1210 1515 1398 1557 mundare,
1425 1515 1518 1550 sicut
1543 1514 1672 1561 Apost.

105 1571 251 1619 dicitjad
267 1571 360 1608 neb.
386 1582 452 1616 ια,
472 1571 570 1619 quod
590 1571 792 1620 impossibile
812 1576 856 1607 est
874 1571 1034 1617 sanguine
1054 1575 1243 1612 taurorum,
1265 1574 1325 1604 aut
1346 1569 1516 1604 hircorum
1544 1568 1674 1615 auferri

100 1630 262 1674 paccata.-
283 1633 320 1662 et
338 1625 411 1662 hoc
429 1633 484 1661 est
503 1625 602 1673 quod
625 1625 707 1662 Gal.
725 1635 758 1669 4.
780 1625 910 1672 Apost.
933 1631 1043 1660 vocat
1063 1635 1106 1659 ea
1127 1635 1238 1671 egena,
1260 1623 1398 1670 infirma
1419 1622 1598 1658 elementa.-
1624 1622 1674 1656 in-

104 1678 209 1715 firma
228 1678 390 1727 quidem,
410 1679 495 1726 quia
516 1690 591 1714 non
604 1687 757 1726 possunt
774 1690 794 1714 a
815 1686 966 1726 peccato
982 1678 1175 1713 mundare:
1197 1677 1259 1712 sed
1278 1676 1367 1711 haec
1383 1675 1572 1710 infirmitas
1595 1686 1676 1722 pro-

104 1732 205 1770 venit
232 1744 275 1768 ex
302 1743 348 1768 eo
377 1732 475 1780 quod
505 1740 589 1768 sunt
615 1743 744 1780 egena,
774 1732 866 1767 idest
895 1743 938 1767 ea
959 1731 1056 1779 quod
1078 1742 1152 1765 non
1175 1730 1363 1766 continent
1383 1730 1419 1764 in
1441 1741 1479 1764 se
1507 1729 1673 1775 gratiam.

104 1785 251 1822 Poterat
273 1794 395 1822 autem
416 1796 519 1822 mens
540 1785 701 1821 fidelium
719 1794 883 1833 tempore
905 1785 996 1831 legis
1022 1796 1084 1832 per
1110 1784 1219 1819 fidem
1251 1783 1423 1829 conjungi
1445 1783 1594 1818 Christo
1620 1783 1673 1816 in-

105 1847 267 1882 carnato,
299 1847 336 1875 et
367 1851 493 1887 passo:
527 1847 563 1875 et
591 1839 640 1874 ita
665 1851 708 1874 ex
735 1839 804 1874 fide
831 1838 968 1874 Christi
995 1838 1297 1884 justificabantur:
1332 1838 1433 1882 cujus
1461 1836 1543 1871 fidei
1570 1847 1675 1882 quac-

105 1892 191 1929 dam
209 1893 422 1941 protestatio
442 1901 519 1928 erat
538 1893 749 1939 hujusmodi
771 1892 1086 1928 caeremoniarum
1109 1891 1326 1933 observatio,
1342 1890 1555 1937 inquantum
1574 1897 1676 1924 crant

106 1946 222 1995 figura
243 1946 399 1991 Christi3
420 1955 456 1983 et
475 1947 559 1983 ideo
577 1958 643 1994 pro
665 1947 823 1994 peccatis
844 1946 1088 1982 offerebantur
1110 1945 1285 1981 sacrificia
1304 1945 1484 1992 quaedam
1506 1943 1540 1978 in
1563 1942 1675 1978 veteri

105 2000 287 2048 lege,non
301 2000 385 2048 quia
401 2001 479 2049 ipsa
499 2000 675 2037 sacrificia
694 2012 714 2035 a
735 2009 886 2047 peccato
909 2000 1159 2042 emundarent,
1182 1999 1243 2034 sed
1265 1999 1349 2046 quia
1372 2007 1474 2034 erant
1494 1997 1672 2044 quaedam

103 2054 384 2102 protestationes
399 2053 494 2098 fidei,
508 2065 600 2102 quae
622 2065 641 2089 a
656 2062 806 2102 peccato
828 2054 1074 2096 mundabant;
1096 2061 1130 2089 et
1151 2053 1223 2088 hoc
1245 2052 1356 2088 etiam
1378 2052 1456 2099 ipsa
1476 2051 1532 2086 lex
1555 2050 1671 2085 innuit

107 2119 151 2144 ex
171 2107 286 2144 modo
306 2107 491 2156 loquendi.
509 2108 652 2143 Dicitur
673 2107 771 2143 enim
794 2107 880 2143 Lev.
902 2118 935 2151 4.
958 2116 993 2143 et
1017 2118 1046 2152 5.
1069 2106 1167 2155 quod
1182 2107 1215 2141 in
1230 2107 1393 2142 oblatione:
1414 2106 1596 2140 hostiarum
1610 2111 1674 2151 pro

101 2166 238 2210 peccato
258 2163 371 2199 orabit
388 2169 454 2210 pro
470 2174 507 2198 eo
520 2161 688 2204 Sacerdos,
711 2166 741 2197 et
761 2160 947 2198 dimittetur
967 2163 1007 2203 ci,
1030 2161 1132 2208 quasi
1155 2168 1346 2208 peccatum
1373 2159 1573 2194 dimittatur
1599 2169 1673 2192 non

106 2215 144 2252 vi
162 2214 438 2259 sacrificiorum,
459 2215 522 2252 sed
544 2227 587 2251 ex
609 2214 691 2258 fide,
712 2223 748 2250 et
767 2215 963 2251 devotione
985 2213 1234 2250 offerentium:
1257 2213 1446 2249 sciendum
1466 2221 1519 2248 cst
1540 2221 1675 2253 tamen,

106 2269 206 2317 quod
226 2269 298 2306 hoc
323 2269 443 2318 ipsum
463 2269 562 2317 quod
583 2269 715 2305 veteris
734 2268 824 2315 legis
846 2268 1101 2304 caeremoniae
1123 2279 1143 2303 a
1167 2267 1416 2315 corporalibus
1437 2265 1676 2301 immunditiis

107 2322 311 2371 expiabant,
335 2331 439 2360 erant
458 2323 495 2358 in
517 2322 631 2370 figura
659 2322 874 2370 expiationis
901 2333 920 2357 a
941 2322 1110 2370 peccatis,
1137 2333 1230 2368 quae
1253 2321 1289 2356 tit
1312 2332 1374 2368 per
1393 2319 1603 2361 Christum3
1625 2318 1675 2354 sic

106 2375 218 2424 igitur
237 2384 347 2425 patet,
366 2376 466 2424 quod
487 2376 742 2412 caeremoniae
759 2376 795 2411 in
814 2383 907 2412 statu
933 2376 1064 2411 veteris
1086 2375 1178 2422 legis
1199 2386 1273 2410 non
1303 2374 1484 2410 habebant
1505 2373 1674 2408 virtutem

107 2428 338 2477 justificandi.

180 2483 242 2521 AD
262 2493 413 2521 ramum
434 2495 523 2531 ergo
544 2483 752 2526 dicendum,
774 2484 871 2531 quod
893 2482 954 2518 illa
977 2483 1215 2519 sanctificatio
1231 2481 1440 2522 sacerdotis,
1462 2489 1497 2516 et
1519 2480 1675 2515 filiorum

107 2537 198 2585 eius,
219 2544 256 2574 et
274 2537 431 2574 vestium
453 2537 629 2585 ipsorum,
650 2536 708 2572 vel
728 2548 1043 2584 quorumcumque
1066 2536 1221 2571 aliorum
1245 2548 1307 2582 per
1329 2534 1578 2581 aspersionem
1597 2544 1677 2569 san-

109 2590 240 2638 guinis,
259 2590 352 2627 nihil
369 2590 466 2626 aliud
487 2598 574 2633 erat,
592 2601 702 2638 quam
724 2590 909 2637 deputatio
940 2591 982 2625 ad
1014 2590 1177 2625 divinum
1201 2589 1351 2629 cultum,
1373 2597 1407 2623 et
1429 2587 1585 2623 remotio
1614 2587 1677 2621 im-

109 2643 403 2692 pedimentorum
425 2644 469 2680 ad
491 2644 788 2680 emundationem
811 2644 941 2686 carnis,
963 2652 1001 2679 ut
1023 2644 1151 2690 Apost.
1165 2644 1249 2678 dicit
1268 2643 1392 2687 (Hebr.
1413 2643 1471 2687 ις.)
1496 2641 1529 2677 in
1553 2640 1679 2687 praes»-

109 2697 340 2745 gurntionem
365 2697 463 2734 illius
491 2697 798 2739 sanctificationis,
828 2709 898 2745 qua
916 2698 1006 2743 jesus
1032 2704 1095 2744 per
1117 2710 1210 2732 suum
1233 2697 1425 2740 sanguinem
1454 2695 1674 2740 sanctificavit

105 2750 289 2799 populuum·
320 2752 478 2799 expiatio
510 2751 622 2787 etiam
645 2750 707 2797 [al.
726 2751 803 2787 hacc
819 2763 896 2797 ergo
927 2751 1086 2798 expiatio]
1119 2751 1161 2785 ad
1193 2750 1437 2785 remotionem
1467 2747 1675 2794 hujusmodi

110 2803 359 2852 corporalium
377 2804 691 2840 immunditiarum
709 2803 898 2840 reserenda
916 2813 981 2849 est,
1000 2816 1073 2840 non
1093 2804 1136 2839 ad
1157 2803 1400 2839 remotionem
1417 2802 1564 2849 culpae:
1583 2802 1677 2836 unde

111 2857 225 2896 etiam
242 2856 501 2896 Sanctitas-ium
522 2858 657 2905 expiari
677 2858 819 2901 dicitur,
840 2858 938 2906 quod
960 2857 1088 2906 culpae
1107 2859 1308 2904 subjectum
1332 2868 1410 2893 csse
1432 2867 1505 2891 non
1525 2864 1675 2903 poterat.
