1907 3182
202 179 286 221 470
626 179 847 214 QUAESTIO
881 179 1029 208 LXVIII.
1058 177 1300 208 ARTICULUS
1333 178 1361 207 Ι.

205 259 391 306 distinguit
413 261 540 294 eadem
567 267 705 306 septem
733 260 827 294 dona
855 271 874 293 a
901 268 1054 306 quatuor
1079 259 1267 293 virtutibus
1294 258 1545 301 cardinalibus,
1567 270 1654 305 quas
1675 259 1762 293 dicit

204 313 401 358 significari
422 325 484 359 per
505 322 658 359 quatuor
680 313 832 359 angulos
855 313 996 347 domus.

273 366 503 401 RESPONDEO
526 367 731 408 dicendum,
754 367 851 412 quod
873 367 902 400 si
923 365 1117 412 loquamur
1144 366 1186 400 de
1214 366 1323 408 dono,
1351 374 1385 401 et
1410 366 1539 400 virtute
1561 365 1760 401 secundum

198 420 357 454 nominis
378 420 567 461 rationem,
590 420 639 453 sic
662 419 799 453 nullam
827 420 1097 465 oppositionem
1124 420 1258 453 habent
1284 419 1327 453 ad
1354 420 1528 454 invicem:
1554 431 1640 453 nam
1667 420 1758 454 ratio

199 473 338 507 virtutis
359 474 522 515 sumitur,
537 473 737 507 secundum
751 473 848 518 quod
867 472 1005 518 perficit
1017 473 1208 506 hominem
1224 473 1266 506 ad
1281 473 1372 507 bene
1392 473 1585 518 agendum,
1603 480 1642 506 ut
1655 483 1761 518 supra

200 525 336 559 dictum
359 534 412 560 est
434 526 478 571 (q.
500 538 543 572 55.
567 531 629 560 art.
649 538 676 572 3.
700 531 729 560 et
746 527 809 569 4.):
834 526 924 560 ratio
952 535 1072 560 autem
1100 526 1185 560 doni
1212 526 1364 560 sumitur
1391 527 1591 560 secundum
1619 537 1762 572 compa-

201 579 380 613 rationem
403 579 445 613 ad
470 590 629 620 causam,
653 590 671 612 a
694 590 763 624 qua
786 587 860 613 est:
884 579 976 612 nihil
998 587 1120 613 autem
1141 579 1319 625 prohibet,
1334 579 1421 613 illud
1440 580 1537 625 quod
1552 586 1605 613 est
1619 579 1661 612 ab
1677 579 1760 620 alio,

201 641 239 667 ut
263 633 411 674 donum,
435 644 511 667 esse
534 632 771 678 perfectivum
799 632 950 677 alicujus
978 633 1022 666 ad
1048 633 1139 667 bene
1166 633 1412 678 operandum3
1439 632 1650 678 praesertim
1677 644 1761 666 cum

199 698 305 732 supra
327 687 520 720 dixerimus
544 686 589 731 (q.
614 686 661 731 63.
685 691 749 720 art.
770 687 827 731 3),
851 686 947 732 quod
969 686 1117 720 virtutes
1140 686 1318 731 quaedam
1340 686 1444 720 nobis
1470 694 1552 720 sunt
1578 685 1716 719 infusae
1739 697 1759 719 a

200 740 299 781 Deo,
316 740 408 773 unde
424 740 623 773 secundum
639 740 709 772 hoc
726 740 861 773 donum
879 751 897 772 a
912 739 1042 774 virtute
1058 739 1228 785 distingui
1242 750 1315 773 non
1331 747 1458 785 potest.
1474 739 1517 773 Et
1530 739 1612 772 ideo
1627 738 1761 785 quidam

200 801 397 838 posuerunt
418 792 513 838 quod
537 792 632 826 dona
653 804 727 826 non
752 800 870 826 essent
892 804 911 826 a
933 793 1120 826 virtutibus
1143 792 1413 838 distinguenda:
1441 792 1503 826 sed
1526 792 1576 826 eis
1598 800 1761 826 remanet

199 857 272 880 non
296 846 414 879 minor
436 844 638 887 difficultas,
661 854 698 879 ut
719 845 857 879 scilicet
879 846 1056 880 rationem
1077 846 1269 891 assignent,
1289 857 1398 891 quare
1417 846 1594 892 quaedam
1612 846 1761 880 virtutes

199 899 363 932 dicantur
385 899 492 940 dona,
508 907 541 933 et
562 910 636 932 non
660 910 808 940 omnes,
833 906 866 933 et
885 911 993 945 quare
1011 899 1151 945 aliquae
1169 906 1424 945 computentur
1438 901 1530 933 inter
1544 899 1650 941 dona,
1669 910 1760 945 quae

198 963 271 986 non
294 960 548 998 computantur
570 952 660 986 inter
681 952 842 994 virtutes,
865 960 902 986 ut
923 960 1020 998 patet
1042 953 1084 986 de
1106 953 1248 986 timore.
1270 952 1374 986 Unde
1397 953 1456 986 alii
1475 953 1650 994 dixerunt,
1665 953 1759 986 dona

198 1017 218 1039 a
239 1005 428 1039 virtutibus
451 1016 527 1039 esse
551 1005 819 1051 distinguenda:
847 1006 910 1039 sed
937 1017 1012 1039 non
1039 1006 1312 1051 assignaverunt
1339 1006 1615 1040 convenientem
1643 1006 1762 1040 distin-

199 1059 328 1093 ctionis
352 1070 511 1100 causam,
528 1070 618 1105 quae
641 1059 779 1093 scilicet
801 1061 848 1092 ita
872 1059 1077 1093 communis
1093 1067 1186 1094 esset
1200 1059 1400 1101 virtutibus,
1416 1060 1512 1106 quod
1533 1058 1634 1093 nullo
1649 1059 1760 1093 modo

200 1112 315 1153 donis,
339 1120 398 1146 aut
420 1123 438 1146 e
461 1123 649 1146 converso.
678 1112 961 1146 Considerantes
989 1113 1086 1146 enim
1113 1112 1234 1158 aliqui,
1262 1113 1358 1158 quod
1384 1113 1476 1146 inter
1501 1120 1640 1158 septem
1666 1113 1761 1146 dona

199 1171 341 1211 quatuor
355 1166 533 1212 pertinent
548 1166 590 1199 ad
607 1166 786 1200 rationem
804 1166 970 1210 (scilicett
986 1168 1158 1212 sapientia,
1169 1167 1315 1208 scientia,
1326 1167 1514 1208 intellectus,
1525 1174 1560 1200 et
1572 1167 1760 1210 consilium)

201 1227 235 1253 et
255 1221 322 1253 tria
341 1220 384 1252 ad
402 1220 477 1253 vim
497 1219 729 1265 appetitivam
749 1219 1238 1266 (scilicet:sortitzcdo,piuta5,
1253 1228 1288 1254 et
1306 1221 1420 1264 timor)
1440 1227 1648 1266 posuerunt,
1662 1219 1759 1266 quod

199 1272 294 1306 dona
321 1272 555 1318 perficiebant
580 1272 734 1307 liberum
762 1273 959 1315 arbitrium,
987 1273 1187 1307 secundum
1213 1273 1310 1319 quod
1338 1281 1390 1307 est
1415 1272 1567 1307 facultas
1594 1273 1760 1315 rationis;

198 1327 345 1360 virtutes
367 1338 466 1368 vero,
488 1326 688 1360 secundum
711 1327 806 1372 quod
830 1334 882 1360 est
902 1326 1053 1360 facultas
1080 1326 1295 1361 voluntatis:
1324 1327 1406 1373 quia
1432 1327 1646 1360 invenerunt
1671 1326 1759 1360 duas

199 1379 293 1414 solas
318 1380 467 1414 virtutes
489 1379 525 1413 in
548 1381 698 1421 ratione,
719 1379 778 1413 vel
804 1379 1001 1421 intellectu,
1028 1380 1168 1414 scilicet
1193 1380 1313 1422 fidem,
1341 1388 1375 1414 et
1400 1380 1648 1426 prudentiam3
1675 1379 1761 1413 alias

197 1444 284 1467 vero
306 1432 342 1466 in
364 1433 399 1466 vi
421 1433 624 1478 appetitiva,
647 1432 705 1466 vel
727 1432 910 1467 affectiva:
934 1441 1117 1479 oporteret
1139 1441 1272 1474 autem,
1295 1434 1323 1467 si
1345 1433 1435 1467 haec
1459 1433 1639 1467 distinctio
1667 1441 1760 1467 esset

202 1486 433 1527 conveniens,
456 1486 552 1532 quod
575 1497 703 1520 omnes
725 1487 873 1520 virtutes
896 1495 1013 1520 essent
1034 1487 1070 1520 in
1096 1486 1132 1520 vi
1159 1487 1364 1532 appetitiva,
1392 1494 1426 1520 et
1452 1487 1576 1520 omnia
1602 1486 1698 1520 dona
1724 1486 1760 1520 in

200 1539 350 1573 ratione.

271 1592 419 1637 Quidam
441 1603 528 1626 vero
552 1592 832 1633 considerantes,
848 1593 944 1638 quod
968 1592 1121 1638 Gregor.
1145 1593 1230 1626 dicit
1251 1593 1287 1626 in
1311 1604 1341 1627 2.
1363 1592 1492 1627 Moral.
1511 1593 1601 1639 (cap.
1617 1593 1673 1628 26.
1689 1598 1762 1628 antu

198 1646 299 1690 med.)
324 1646 420 1691 quod
444 1646 581 1679 donum
604 1646 756 1691 Spiritus
780 1646 915 1687 Sancti,
938 1647 1034 1692 quod
1053 1646 1089 1679 in
1112 1655 1232 1680 mente
1256 1647 1323 1680 sibi
1344 1647 1504 1691 subjecta
1525 1646 1658 1681 format
1683 1658 1761 1693 pru-

198 1699 369 1739 dentiam,
391 1699 680 1744 temperantiam,
703 1699 888 1744 justitiam,
917 1707 950 1733 et
976 1698 1237 1741 fortitudinem,
1264 1700 1431 1734 eamdem
1458 1708 1618 1734 mentem
1645 1700 1761 1734 munit

200 1760 327 1786 contra
353 1752 494 1797 singula
521 1759 744 1786 tentamenta
775 1764 838 1798 per
867 1760 1007 1798 septem
1038 1753 1145 1794 dona,
1176 1753 1350 1795 dixerunt,
1373 1753 1469 1799 quod
1496 1753 1644 1788 virtutes
1671 1753 1762 1788 ordi-

198 1814 328 1840 nantur
358 1806 401 1839 ad
428 1806 518 1839 bene
546 1806 782 1852 operandum,
815 1806 909 1839 dona
936 1817 1023 1840 vero
1052 1806 1094 1839 ad
1122 1806 1362 1840 resistendum
1391 1807 1668 1841 tentationibus:
1699 1807 1761 1841 sed

198 1870 264 1893 nec
292 1859 357 1893 ista
385 1859 567 1893 distinctio
590 1858 737 1893 sufficit:
766 1859 849 1905 quia
876 1859 985 1892 etiam
1011 1860 1160 1894 virtutes
1186 1860 1444 1894 tentationibus
1470 1861 1639 1895 resistunt
1664 1860 1762 1894 indu-

199 1913 359 1947 centibus
376 1912 419 1946 ad
435 1920 594 1958 peccata,
612 1924 703 1958 quae
719 1913 984 1946 contrariantur
997 1913 1202 1955 virtutibus,
1216 1914 1501 1960 unumquodque
1517 1914 1613 1948 enirn
1632 1914 1763 1948 resistit

198 1966 407 2000 naturaliter
429 1977 495 1999 suo
519 1966 725 2000 contrario:
749 1966 844 2011 quod
867 1966 1059 2012 praecipue
1078 1974 1175 2012 patet
1197 1967 1240 2000 de
1263 1966 1448 2008 charitate,
1471 1967 1514 2001 de
1541 1979 1610 2013 qua
1633 1967 1761 2001 dicitur

201 2020 343 2054 Cantic.
366 2020 420 2053 8.:
444 2020 560 2065 Aquae
582 2020 703 2053 multae
724 2031 789 2053 non
807 2024 987 2065 potuerunt
1009 2021 1194 2064 extinguere
1216 2020 1422 2055 charitatem.
1445 2021 1518 2055 Alii
1538 2032 1624 2055 vero
1647 2021 1762 2055 consi-

201 2073 377 2114 derantes,
400 2073 496 2118 quod
518 2073 583 2106 ista
607 2073 701 2107 dona
723 2073 911 2106 traduntur
932 2073 968 2106 in
992 2073 1188 2119 Scriptura,
1211 2073 1410 2107 secundum
1438 2073 1535 2119 quod
1561 2073 1705 2108 fuerunt
1725 2074 1760 2108 in

202 2126 361 2167 Christo,
384 2134 422 2159 ut
448 2134 545 2171 patet
570 2126 636 2160 Isa.
670 2137 719 2159 11.
748 2126 922 2167 dixerunt,
951 2126 1046 2172 quod
1073 2126 1221 2160 virtutes
1248 2127 1459 2160 ordinantur
1485 2126 1696 2173 simpliciter
1717 2128 1760 2162 ad

200 2179 291 2213 bene
310 2179 552 2225 operan‘dum3
569 2179 631 2213 sed
647 2179 742 2212 dona
758 2179 969 2213 ordinantur
983 2179 1026 2213 ad
1042 2179 1124 2221 hoc,
1141 2188 1178 2213 ut
1188 2191 1250 2225 per
1261 2191 1303 2214 ea
1319 2179 1592 2214 conformemur
1602 2180 1761 2223 Christo,

202 2233 393 2278 praecipue
416 2240 590 2278 quantum
614 2233 656 2266 ad
681 2243 733 2274 ea,
756 2244 846 2278 quae
869 2243 994 2278 passus
1017 2241 1087 2266 est:
1112 2233 1195 2278 quia
1215 2233 1252 2266 in
1274 2233 1441 2279 passione
1469 2234 1544 2279 ejus
1571 2235 1760 2280 praecipue

201 2285 411 2331 hujusmodi
434 2286 528 2319 dona
551 2285 866 2331 resplenduerunt:
890 2285 951 2319 sed
974 2286 1043 2320 hoc
1067 2286 1176 2320 etiam
1198 2297 1272 2320 non
1294 2286 1433 2320 videtur
1455 2297 1533 2321 esse
1559 2285 1760 2321 sufficiens:

203 2339 285 2384 quia
308 2339 383 2384 ipse
405 2339 588 2372 Dominus
611 2340 800 2384 praecipue
823 2350 890 2372 nos
916 2339 1053 2373 inducit
1080 2340 1122 2373 ad
1149 2339 1204 2373 sui
1231 2338 1536 2381 conformitatem,
1562 2341 1761 2374 secundum

205 2391 460 2433 humilitatem,
484 2399 518 2426 ct
540 2392 868 2433 mansuetudinem,
890 2392 1017 2426 Matth.
1045 2403 1112 2426 11.:
1136 2393 1260 2428 Discite
1282 2405 1302 2426 ιι
1323 2405 1383 2435 me,
1406 2394 1484 2439 quia
1511 2394 1596 2428 mitis
1621 2405 1704 2435 sum,
1733 2399 1762 2429 et

206 2445 339 2480 humilis
357 2445 452 2480 corda
465 2458 474 2479 .·
499 2453 533 2479 et
547 2444 746 2478 secundum
762 2445 987 2486 charitatem,
999 2446 1128 2490 Joann.
1147 2457 1216 2491 15.:
1240 2447 1399 2492 Diligatis
1414 2448 1555 2482 invicem
1568 2448 1650 2482 sicut
1663 2447 1762 2482 dilexi

202 2510 281 2533 vos:
305 2506 339 2532 et
361 2499 428 2532 hae
451 2498 558 2532 ctiam
578 2498 725 2531 virtutes
747 2498 938 2544 praecipue
962 2499 997 2532 in
1019 2499 1187 2545 passione
1211 2499 1347 2534 Christi
1369 2499 1677 2546 resplenduerunt.

275 2552 318 2585 Et
340 2552 420 2586 ideo
450 2552 492 2585 ad
515 2551 807 2596 distinguendum
831 2551 925 2585 dona
949 2563 967 2585 a
989 2553 1176 2587 virtutibus
1209 2553 1381 2587 debemus
1411 2554 1512 2600 sequi
1533 2553 1684 2588 modum
1712 2553 1762 2589 lo-

202 2605 335 2650 quendi
358 2605 574 2651 Scripturae,
597 2605 632 2637 in
659 2615 728 2650 qua
750 2604 852 2638 nobis
882 2605 1080 2647 traduntur,
1111 2618 1183 2640 non
1211 2607 1358 2652 quidem
1384 2608 1448 2641 sub
1475 2608 1624 2642 nomine
1651 2608 1761 2642 dono-

206 2669 296 2699 rum,
312 2658 373 2692 sed
387 2658 504 2703 magis
523 2658 586 2692 sub
602 2657 749 2691 nomine
765 2658 964 2703 spirituum.
976 2659 1035 2692 Sic
1048 2660 1145 2693 enim
1161 2660 1289 2694 dicitur
1306 2660 1373 2694 Isa.
1390 2671 1440 2695 11.
1453 2672 1460 2694 :
1473 2662 1655 2707 Requiescct
1666 2669 1762 2708 super

202 2724 275 2745 eum
296 2713 431 2757 spiritns
451 2713 643 2758 supientiae,
666 2716 693 2745 ct
715 2712 901 2753 intelletum,
926 2720 1011 2746 cto:
1036 2724 1076 2746 ex
1099 2714 1226 2759 quibus
1245 2714 1360 2749 verbis
1380 2714 1569 2750 manifeste
1591 2716 1694 2750 datur
1712 2716 1761 2750 in-

201 2764 327 2810 telligi,
354 2765 451 2810 quod
474 2765 539 2799 ista
561 2773 699 2811 septem
723 2773 978 2798 enumerantur
1000 2766 1058 2807 ibi,
1081 2767 1278 2800 secundum
1301 2768 1397 2813 quod
1420 2776 1501 2803 sunt
1527 2769 1562 2802 in
1585 2769 1689 2804 nobis
1716 2769 1758 2803 ab

203 2817 436 2864 inspiratione
459 2818 594 2851 divina:
618 2817 802 2862 inspiratio
825 2825 944 2851 autem
967 2818 1145 2862 significat
1167 2820 1362 2865 quamdam
1385 2821 1588 2856 motionem
1611 2822 1652 2856 ab
1669 2830 1761 2858 exte-

204 2871 300 2905 riori.
314 2871 375 2906 Est
389 2871 486 2906 enim
502 2871 816 2913 considerandum,
831 2871 927 2917 quod
943 2871 977 2906 in
994 2872 1142 2908 homine
1158 2882 1211 2909 est
1225 2874 1343 2922 duplex
1356 2875 1572 2924 principium
1587 2887 1756 2914 movens:
