1907 3198
515 182 737 219 QUAESTIO
772 182 921 212 LXXIII.
955 182 1201 213 ARTICULUS
1235 182 1262 212 I.
1586 185 1670 228 517

0 344 8 414 ζ
676 351 1024 398 ARTICULUS
1052 353 1085 397 Ῑ.
1609 365 1672 411 387

0 442 18 492 i'
426 461 579 492 UTRUM
606 461 748 491 OMNIA
774 462 976 492 PECCATA
1002 462 1100 492 SINT
1128 461 1351 493 CONNEXA.

265 549 375 593 (Part,
395 561 423 597 3.
445 561 474 596 q.
497 549 555 585 86.
578 554 643 584 art.
663 561 691 596 3.
714 550 802 584 Dist.
823 550 875 596 36.
898 555 962 585 art.
981 561 1008 596 5.
1032 554 1062 585 ct
1079 561 1108 596 3.
1131 550 1218 584 Dist.
1242 562 1286 595 15.
1308 561 1338 596 q.
1358 562 1384 585 Ι.
1407 555 1472 585 art.
1488 562 1515 596 3.

328 608 358 639 et
375 604 462 638 Dist.
482 603 534 639 16.
556 616 586 650 q.
609 615 640 639 2.
663 609 728 638 art.
752 616 777 639 I.
797 609 824 638 ct
843 604 932 639 Dist.
955 604 1004 639 18.
1027 615 1057 650 q.
1076 615 1107 639 2.
1127 608 1190 638 art.
1206 615 1235 650 5.
1253 615 1325 650 q.3.
1340 603 1382 638 ad
1396 605 1451 646 L).

177 693 238 728 AD
255 703 406 729 PR1MUM
429 693 479 728 sic
503 693 720 740 proceditur.
743 692 906 734 Videtur,
929 693 1026 739 quod
1058 692 1182 727 omnia
1212 700 1363 739 peccata
1391 692 1462 727 sint
1492 703 1676 727 connexa:

107 747 238 782 dicitur
258 747 355 782 enim
370 747 445 793 Jac.
469 757 512 781 2.:
538 748 747 793 Quicumque
773 752 876 781 totam
905 747 1002 791 legem
1024 748 1220 788 servaverii,
1241 746 1381 792 offendat
1406 751 1516 781 autem
1537 748 1570 780 in
1597 758 1677 788 uno,

100 802 214 848 sactus
233 806 279 836 est
303 802 452 836 omnium
479 813 571 836 reus:
599 801 661 835 sed
683 801 780 834 idem
803 809 856 835 est
878 812 955 835 esse
978 813 1079 835 reum
1103 801 1269 835 omnium
1292 801 1548 835 mandatorum
1576 800 1678 847 legis,

107 855 207 902 quod
227 854 362 890 habere
384 854 507 889 omnia
529 862 696 901 peccata;
719 854 814 900 quia,
837 854 929 888 sicut
950 855 1121 889 Ambros.
1146 855 1232 889 dicit
1254 855 1329 898 (lib.
1351 855 1388 890 du
1409 855 1533 890 Parad.
1552 862 1626 902 cap.
1645 855 1677 890 8.

107 914 184 944 ante
205 908 318 954 med),
334 914 509 955 peccatum
527 913 570 942 es!
588 909 799 953 transgressio
819 908 894 953 legis
919 908 1068 950 divinae,
1096 914 1124 944 at
1151 909 1331 944 coelestium
1352 909 1570 944 inobedientia
1589 921 1680 943 man-

108 962 262 998 datorum
276 974 288 1003 ;
311 972 400 1008 ergo
414 961 635 1008 quicumque
654 969 781 1008 peccat
800 963 834 995 in
850 973 923 996 uno
939 970 1104 1008 peccato,
1119 963 1306 1007 subjicitur
1321 963 1490 997 omnibus
1509 963 1678 1009 peccatis.

180 1025 211 1050 2.
233 1015 471 1050 PRAETEREA.
493 1014 694 1056 Quodlibet
715 1023 906 1061 peccatum
929 1015 1086 1051 excludit
1107 1017 1277 1051 virtutem
1293 1017 1359 1051 sibi
1374 1017 1598 1064 oppositam:
1618 1017 1680 1052 sed

76 1106 78 1108 ,
107 1068 170 1116 qui
190 1076 289 1103 caret
310 1079 381 1103 una
403 1069 546 1110 virtute,
569 1077 667 1103 caret
689 1069 871 1111 omnibus,
895 1077 932 1104 ut
953 1078 1051 1116 patet
1078 1081 1120 1104 ex
1142 1071 1357 1117 supradictis
1379 1073 1425 1117 (q.
1449 1071 1497 1117 65.
1520 1076 1585 1105 art.
1613 1072 1679 1116 1.);

107 1133 196 1168 ergo
217 1121 279 1169 qui
297 1130 426 1169 peccat
447 1122 483 1156 in
506 1133 580 1157 uno
602 1130 767 1169 peccato,
790 1123 950 1169 privatur
972 1124 1142 1158 omnibus
1164 1124 1378 1158 virtutibus:
1407 1124 1468 1159 sed
1496 1124 1557 1171 qui
1584 1132 1682 1158 caret

24 1168 38 1195 ·’
76 1201 77 1204 ¹
107 1175 250 1218 virtute,
272 1175 382 1211 habet
402 1176 531 1212 vitium
553 1176 620 1211 sibi
646 1177 874 1224 oppositum3
897 1189 986 1224 ergo
1009 1178 1070 1224 qui
1091 1178 1200 1213 habet
1219 1190 1331 1212 unum
1352 1187 1555 1225 peccatum,
1574 1179 1684 1213 habet

109 1241 235 1266 omma
252 1238 414 1276 peccata.

26 1287 45 1329 “,,
183 1295 212 1331 3.
234 1284 474 1320 PRAETEREA.
494 1283 656 1319 Virtutes
679 1295 809 1319 omnes
831 1294 914 1320 sunt
937 1296 1136 1327 connexae,
1167 1297 1260 1332 quae
1291 1286 1515 1320 conveniunt
1545 1286 1580 1320 in
1607 1298 1682 1322 uno

37 1371 42 1382 ζ
110 1338 302 1386 principio,
324 1346 363 1373 ut
382 1349 492 1385 supra
514 1338 679 1373 habitum
701 1347 755 1374 est
777 1339 822 1385 (q.
847 1340 896 1386 65.
919 1345 984 1374 art.
1010 1352 1037 1375 ι.
1059 1345 1090 1374 et
1118 1342 1190 1385 2.):
1218 1340 1281 1375 sed
1304 1340 1396 1374 sicut
1425 1341 1574 1375 virtutes
1601 1352 1685 1375 con-

19 1375 41 1438 ἱ
109 1392 261 1428 veniunt
281 1392 318 1426 in
341 1403 415 1427 uno
436 1392 627 1440 principio,
649 1393 698 1427 ita
721 1401 756 1427 et
777 1401 950 1439 peccata:
973 1394 1057 1440 quia
1079 1394 1172 1428 sicut
1191 1405 1295 1428 amor
1312 1394 1394 1436 Dei,
1413 1394 1474 1440 qui
1495 1393 1581 1428 facit
1603 1394 1686 1428 civi-

21 1445 38 1491 )
109 1453 224 1482 tatem
244 1445 327 1488 Dei,
349 1453 403 1482 est
422 1446 654 1493 principium,
677 1455 711 1481 et
732 1447 832 1481 radix
851 1447 1018 1482 omnium
1037 1448 1232 1490 virtutum;
1256 1448 1304 1482 ita
1319 1459 1424 1482 amor
1438 1448 1504 1490 sui,
1523 1448 1585 1495 qui
1598 1447 1686 1482 facit

24 1495 40 1505 ⁶
112 1500 296 1535 civitatem
318 1499 527 1547 Babylonis,
549 1508 602 1535 est
623 1500 723 1534 radix
745 1501 913 1534 omnium
935 1509 1184 1546 peccatorum,
1204 1509 1242 1535 ut
1263 1510 1361 1548 patet
1375 1513 1438 1547 per
1453 1503 1608 1548 August.
1632 1512 1684 1545 14.

26 1547 44 1589 ί
112 1553 157 1589 de
179 1553 260 1589 Civ.
281 1553 352 1589 Dei
372 1554 464 1602 (cap.
487 1555 541 1590 28.
563 1559 591 1589 et
618 1554 677 1589 ult.
699 1556 781 1589 etin
803 1555 856 1590 Ps.
879 1555 935 1599 64.
959 1562 1084 1602 parum
1100 1567 1120 1590 α
1139 1556 1285 1602 princ.);
1310 1567 1398 1600 ergo
1421 1556 1532 1590 etiam
1561 1556 1686 1590 omnia

111 1608 210 1651 vitia,
231 1615 268 1644 et
287 1616 438 1655 peccata
459 1616 544 1643 sunt
565 1619 748 1651 connexa;
771 1610 818 1644 ita
842 1617 881 1643 ut
903 1609 963 1656 qui
985 1621 1097 1643 unum
1122 1610 1242 1652 habet,
1261 1610 1394 1644 habeat
1415 1612 1551 1644 onmia.

184 1661 260 1698 SED
282 1672 448 1698 CONTRA.
482 1662 677 1704 Quaedam
710 1663 797 1697 vitia
828 1670 910 1697 sunt
937 1663 1005 1698 sibi
1026 1663 1185 1697 invicem
1208 1664 1401 1705 contraria,
1431 1672 1469 1698 ut
1498 1672 1596 1711 patet
1622 1675 1686 1711 per

110 1715 248 1752 Philos.
270 1715 306 1750 in
329 1726 360 1750 2.
376 1715 493 1751 Etbic.
508 1718 596 1763 (cap.
612 1716 685 1761 8.):
705 1717 766 1751 sed
782 1716 1008 1763 impossibile
1024 1725 1077 1752 est
1092 1718 1275 1752 contraria
1290 1717 1398 1752 simul
1414 1718 1531 1752 inesse
1547 1718 1686 1760 eidem3

111 1781 200 1817 ergo
222 1769 447 1817 impossibile
469 1778 522 1805 est
543 1770 668 1805 omnia
691 1778 853 1817 peccata,
876 1778 911 1805 et
931 1770 1017 1805 vitia
1039 1771 1106 1805 sibi
1129 1782 1207 1806 esse
1230 1771 1389 1806 invicem
1412 1782 1590 1807 connexa.

183 1822 414 1859 RESPONDEO
442 1823 650 1866 dicendum,
673 1824 769 1870 quod
798 1823 900 1858 aliter
930 1836 967 1859 se
997 1825 1106 1859 habet
1133 1825 1285 1860 intentio
1317 1825 1457 1871 agentis
1485 1826 1686 1860 secundum

31 1840 57 1910 ι
111 1877 282 1912 virtutem
304 1877 348 1912 ad
370 1877 597 1924 sequendum
612 1877 804 1920 rationem,
820 1886 855 1912 ct
870 1878 972 1912 aliter
994 1878 1146 1913 intentio
1167 1879 1351 1925 peccantis
1371 1879 1414 1913 ad
1437 1879 1689 1914 divertendum

30 1917 55 2013 ἑ
113 1942 134 1966 a
153 1931 313 1967 ratione:
337 1931 528 1977 cujuslibet
550 1931 649 1966 enim
671 1931 811 1977 agentis
831 1931 1033 1966 secundum
1057 1932 1229 1967 virtutem
1253 1933 1405 1967 intentio
1428 1942 1493 1974 est,
1520 1942 1558 1967 ut
1578 1933 1689 1980 ipsius

31 2029 54 2088 ‘v

44 2020 53 2029 ‚
112 1984 263 2020 rationis
284 1984 450 2032 regulam
471 1993 661 2032 sequatur;
684 1993 719 2020 et
732 1985 815 2020 ideo
831 1985 997 2020 omnium
1013 1986 1185 2020 virtutum
1209 1987 1362 2021 intentio
1386 1987 1420 2021 in
1444 1987 1539 2021 idem
1559 1988 1689 2030 tendit;

112 2045 148 2074 et
160 2047 307 2087 propter
319 2038 392 2074 hoc
406 2049 538 2074 omnes
551 2039 700 2074 virtutes
715 2039 850 2074 habent
864 2039 1132 2074 connexionem
1150 2040 1192 2074 ad
1211 2040 1369 2075 invicem
1386 2042 1420 2075 in
1438 2041 1576 2075 ratione
1592 2049 1690 2076 recta

113 2092 314 2140 agibilium,
335 2103 428 2140 quae
449 2100 503 2128 est
523 2093 726 2140 prudentia,
745 2093 837 2128 sicut
859 2105 967 2139 supra
994 2093 1133 2128 dictum
1155 2102 1208 2128 est
1230 2095 1277 2140 (q.
1301 2096 1350 2140 65.
1373 2100 1438 2129 art.
1468 2096 1534 2141 1.):
1557 2095 1619 2129 sed
1642 2095 1692 2128 in-

112 2146 226 2183 tentio
247 2147 432 2194 peccantis
455 2158 530 2182 non
552 2155 606 2182 est
627 2147 671 2181 ad
694 2147 765 2182 hoc
789 2147 886 2194 quod
909 2147 1056 2182 recedat
1078 2148 1120 2182 ab
1144 2159 1201 2190 eo,
1225 2149 1321 2194 quod
1346 2157 1398 2183 est
1420 2150 1620 2183 secundum
1641 2160 1692 2183 ra-

113 2200 265 2244 tionem,
285 2200 348 2236 sed
370 2200 489 2248 potius
511 2200 608 2248 quod
630 2201 754 2235 tendat
776 2201 810 2235 in
835 2201 982 2248 aliquod
1005 2201 1143 2236 bonum
1167 2201 1371 2248 appetibile,
1394 2214 1412 2236 a
1435 2214 1508 2248 quo
1530 2203 1690 2249 speciem

114 2254 279 2290 sortitur:
301 2254 513 2301 hujusmodi
535 2263 657 2290 autem
679 2254 787 2297 bona,
818 2255 852 2289 in
875 2266 967 2301 quae
989 2255 1103 2290 tendit
1125 2255 1277 2290 intentio
1300 2257 1483 2304 peccantis
1511 2267 1529 2290 a
1553 2257 1692 2291 ratione

114 2308 299 2351 recedens,
312 2316 396 2344 sunt
413 2308 568 2351 diversa,
583 2308 722 2343 nullam
739 2309 1007 2343 connexionem
1023 2309 1194 2343 habentia
1209 2310 1252 2344 ad
1266 2310 1434 2344 invicem:
1451 2310 1567 2344 immo
1582 2311 1692 2345 etiam

115 2361 297 2398 interdum
319 2370 403 2397 sunt
434 2363 627 2397 contraria.
651 2362 748 2397 Cum
780 2362 889 2407 igitur
906 2363 1004 2405 vitia,
1035 2371 1070 2397 et
1097 2371 1246 2409 peccata
1277 2364 1437 2410 speciem
1459 2364 1618 2399 habeant
1643 2376 1694 2399 se-

60 2432 67 2471 4
116 2415 276 2451 cundum
296 2415 397 2459 illud,
420 2416 464 2451 ad
486 2416 583 2463 quod
607 2424 880 2458 convertuntur,
904 2415 1138 2451 manifestum
1162 2426 1226 2459 est,
1250 2417 1347 2463 quod
1371 2417 1571 2452 secundum
1592 2417 1693 2459 illud,

61 2486 66 2490 ·
117 2469 214 2516 quod
232 2469 373 2517 perficit
387 2470 526 2517 species
541 2478 790 2517 peccatorum,
805 2470 932 2504 nullam
947 2471 1181 2506 connexionem
1197 2471 1316 2505 habent
1326 2476 1459 2517 peccata
1474 2471 1517 2506 ad
1535 2473 1692 2507 invicem:

54 2511 75 2562 R
116 2532 192 2558 non
213 2523 312 2559 enim
339 2531 533 2571 peccatum
561 2523 802 2558 committitur
828 2523 864 2557 in
892 2524 1101 2558 accedendo
1130 2536 1148 2558 a
1177 2524 1406 2559 multitudine
1433 2525 1476 2559 ad
1505 2525 1693 2567 unitatem,

56 2574 74 2600 ‘⁹
117 2575 210 2612 sicut
230 2577 362 2612 accidit
382 2577 419 2612 in
440 2577 643 2619 virtutibus,
666 2589 758 2624 quae
785 2586 868 2612 sunt
894 2588 1093 2620 connexae,
1120 2578 1181 2612 scd
1210 2579 1329 2625 potius
1357 2579 1392 2612 in
1420 2579 1622 2614 recedendo
1650 2579 1693 2614 ab

56 2634 63 2683 ζ
117 2629 253 2666 unitate
274 2631 318 2666 ad
343 2631 628 2667 multitudinem.

68 2668 76 2691 ²
190 2683 250 2720 AD
271 2694 423 2721 PRIMUM
445 2696 534 2732 ergo
561 2685 769 2727 dicendum,
797 2685 894 2732 quod
917 2685 1075 2731 Jacobus
1102 2685 1262 2732 loquitur
1288 2685 1332 2720 de
1359 2694 1523 2732 peccato,
1550 2697 1623 2720 non
1651 2699 1693 2721 ex

61 2728 78 2784 ’,
119 2744 219 2784 parte
239 2739 502 2784 conversionis,
524 2739 726 2774 secundum
754 2739 851 2786 quod
879 2748 1028 2786 peccata
1056 2739 1337 2785 distinguuntur,
1364 2741 1456 2774 sicut
1482 2741 1618 2774 dictum
1642 2748 1695 2774 est

63 2814 69 2818 -
120 2790 172 2834 (ἰη
191 2797 283 2839 corp.
305 2797 370 2828 art.
391 2797 423 2828 et
442 2804 474 2840 q.
497 2804 550 2839 72.
571 2798 636 2828 art.
659 2795 719 2838 1.):
739 2792 800 2827 sed
824 2792 983 2839 loquitur
1004 2793 1048 2828 de
1072 2793 1122 2827 eis
1141 2805 1182 2827 ex
1200 2802 1298 2840 parte
1314 2793 1524 2835 aversionis,
1547 2794 1695 2840 inquan-

118 2850 198 2880 tum
226 2844 367 2881 scilicet
393 2845 511 2882 homo
541 2846 730 2894 peccando
757 2847 893 2882 recedit
923 2858 942 2881 a
965 2847 1054 2892 legis
1083 2847 1275 2882 mandato:
1308 2847 1432 2881 omnia
1455 2856 1576 2882 autem
1605 2847 1695 2894 legis

121 2898 292 2935 mandata
320 2906 403 2935 sunt
429 2899 472 2935 ab
495 2911 568 2935 uno
595 2909 630 2935 et
659 2900 804 2942 eodem,
827 2908 864 2935 ut
887 2900 961 2947 ipsc
993 2901 1127 2936 ibidem
1159 2900 1263 2935 dicit:
1295 2909 1328 2935 et
1354 2900 1436 2935 idco
1467 2901 1562 2935 idem
1594 2901 1694 2936 Deus

267 2981 295 3009 S.
316 2981 440 3010 Τιιοιυι
460 2982 566 3010 Summa
591 2982 753 3019 Theologica.
777 2983 840 3010 Vol.
865 2984 901 3010 Η.
1519 2993 1550 3018 3⁴

57 3123 131 3198 ,ι
