1907 3198
494 192 716 229 QUAEsrto
748 191 864 221 Lxrx.
898 190 1145 221 Aru-mutus
1180 190 1236 219 Ν.
1569 176 1654 232 489

153 277 214 313 AD
241 287 414 313 TERTIUM
441 275 649 318 dicendum,
679 275 776 322 quod
808 274 918 309 etiam
946 273 1108 321 praemia
1135 271 1336 308 secundum
1364 270 1588 306 additionem
1619 282 1656 310 se

81 331 217 366 habent
243 331 287 366 ad
313 330 492 365 invicem:
514 341 601 364 nam
627 328 707 376 plus
735 337 788 364 est
814 328 1000 376 possidere
1026 336 1161 363 terram
1193 326 1294 373 regni
1322 324 1524 366 coelorum,
1546 335 1656 370 quam

80 382 293 432 simpliciter
312 384 463 420 habere:
487 383 600 418 multa
620 383 717 418 enim
739 383 929 424 habemus,
952 393 1044 428 quae
1066 392 1139 416 non
1163 380 1324 422 firmiter,
1348 387 1383 414 et
1404 377 1554 426 pacifice
1579 388 1658 424 pos-

81 439 259 475 sidemus:
279 438 359 486 plus
374 447 427 474 est
438 439 547 473 etiam
563 437 746 472 consolari
768 437 803 471 in
822 447 949 483 regno,
967 447 1076 483 quam
1096 435 1243 476 habere,
1266 442 1300 469 et
1321 433 1525 480 possidere:
1542 431 1657 466 multa

80 493 178 529 enim
201 505 285 528 cum
306 492 434 528 dolore
456 492 705 540 possidemus:
729 490 808 538 plus
825 499 878 525 est
897 490 1007 525 etiam
1031 489 1194 530 saturari,
1209 499 1319 535 quam
1335 486 1548 533 simpliciter
1570 497 1657 519 con-

80 547 209 591 solari3
229 559 316 582 nam
343 546 508 582 saturitas
528 545 787 580 abundantiam
807 543 1070 579 consolationis
1098 545 1279 590 importat.
1299 540 1549 576 Misericordia
1569 551 1656 574 vero

80 601 220 636 excedit
241 601 478 643 saturitatem,
493 608 531 634 ut
549 599 628 646 plus
647 599 787 633 scilicet
805 599 920 633 homo
936 597 1102 644 accipiat,
1122 608 1232 643 quam
1252 595 1434 636 meruerit,
1450 594 1507 628 vel
1523 593 1659 628 deside-

80 667 159 691 rare
181 655 354 703 potuerit:
379 654 496 689 adhuc
520 662 642 688 autem
665 654 782 699 majus
804 660 857 687 est
878 653 1001 687 Deum
1028 651 1168 686 videre:
1192 650 1284 685 sicut
1307 650 1424 695 major
1446 656 1510 690 est,
1537 648 1598 694 qui
1621 648 1656 681 in

81 709 180 745 curia
198 709 292 756 regis
306 720 380 744 non
396 708 517 743 solum
535 707 697 755 prandet,
720 707 781 742 sed
801 707 911 741 ctiam
930 705 1062 741 faciem
1084 705 1179 752 regis
1194 704 1311 747 videt3
1334 714 1518 739 summam
1535 710 1656 737 autem

81 763 295 812 dignitatem
315 763 352 798 in
374 762 488 798 domo
510 762 610 809 regia
631 761 725 797 filius
747 761 842 808 regis
863 761 984 796 habet.

584 1068 942 1132 QUAESTIO
985 1067 1146 1115 LXX.

351 1195 422 1227 DE
460 1194 790 1227 FRUCTIBUS
829 1193 1118 1226 SPIRITUS
1157 1190 1386 1230 SANCTI,

469 1266 520 1298 IN
548 1266 777 1307 QUATUOR
805 1266 1069 1297 ARTICULOS
1097 1265 1273 1296 DIVISA.

149 1407 292 1444 Deinde
313 1407 619 1444 considerandum
643 1415 696 1443 est
716 1407 760 1443 de
781 1407 967 1442 fructibus.

542 1499 588 1534 Et
608 1500 699 1534 circa
717 1499 775 1534 hoc
797 1504 1006 1545 quaeruntur
1027 1503 1184 1545 quatuor.

151 1569 288 1605 Primo.
309 1569 443 1605 Utrum
463 1569 600 1605 fructus
623 1569 777 1617 Spiritus
800 1570 926 1605 Sancti
946 1570 1016 1605 sint
1039 1578 1150 1605 actus.

151 1623 334 1659 Secundo.
357 1623 490 1659 Utrum
512 1623 679 1659 differant
701 1636 720 1659 a
741 1624 1035 1659 beatitudinibus.

152 1676 291 1713 Tertio.
313 1678 370 1713 De
392 1689 522 1713 eorum
543 1689 711 1713 numero.

152 1730 307 1774 Quarto.
333 1732 390 1767 De
412 1732 644 1780 oppositione
663 1743 792 1767 eorum
815 1732 859 1767 ad
882 1743 993 1780 opera
1016 1732 1144 1767 carnis.

659 1865 1008 1910 ARTICULUS
1041 1865 1074 1908 Ι.
1593 1875 1660 1923 368

140 1973 294 2006 UTRUM
314 1974 514 2006 FRUCTUS
536 1974 730 2005 SPIRITUS
753 1975 928 2014 SANCTI,
955 1975 1074 2011 QUOS
1103 1974 1364 2004 APOSTOLUS
1393 1974 1598 2005 NOMINAT

510 2041 570 2070 AD
601 2041 801 2080 GALATAS
830 2042 886 2084 5.,
913 2041 1012 2071 SINT
1039 2041 1198 2071 ACTUS.

577 2130 676 2176 (Gal.
699 2142 728 2177 5.
751 2131 820 2166 lact.
839 2142 868 2177 5.
891 2142 974 2166 com.
997 2142 1024 2166 1.
1047 2135 1077 2166 et
1097 2131 1159 2176 2.).

152 2218 214 2255 AD
243 2229 393 2255 PRIMUM
422 2219 473 2255 sic
500 2220 719 2267 proceditur.
741 2219 905 2262 Videtur,
933 2219 1030 2266 quod
1058 2219 1193 2254 fructus
1221 2219 1374 2266 Spiritus
1403 2219 1539 2262 Sancti,
1567 2230 1658 2266 quos

27 2286 34 2292 ·
82 2272 282 2321 Apostolus
302 2274 471 2309 nominat
485 2273 528 2308 ad
544 2273 626 2309 Gal.
647 2285 686 2319 5.,
702 2285 776 2309 non
799 2274 869 2308 sint
891 2282 1010 2308 actus:
1031 2273 1065 2307 id
1085 2273 1195 2316 enim,
1211 2275 1313 2320 cujus
1329 2282 1381 2308 est
1401 2273 1491 2308 alius
1510 2273 1658 2317 fructus,

81 2337 156 2363 non
177 2327 283 2363 debet
300 2327 372 2362 dici
392 2327 548 2363 fructus:
572 2328 621 2363 sic
645 2328 743 2362 enim
771 2328 806 2362 in
833 2327 1015 2362 infinitum
1038 2327 1159 2371 iretur,
1188 2328 1250 2363 sed
1280 2336 1427 2363 actuum
1449 2335 1659 2374 nostrorum

83 2389 137 2417 est
156 2380 284 2428 aliquis
304 2380 459 2417 fructus:
483 2381 614 2416 dicitur
635 2381 733 2416 enim
754 2381 837 2428 Sap.
857 2393 903 2428 3.:
924 2383 1093 2417 Bonorum
1110 2382 1262 2417 laborum
1279 2382 1440 2428 gloriosus
1458 2387 1501 2417 cst
1510 2382 1658 2429 fructus,-

84 2442 120 2471 et
133 2434 239 2482 Joan.
265 2444 318 2479 4.:
343 2436 415 2481 Qui
430 2437 536 2479 metit,
550 2435 730 2471 mercedem
753 2437 883 2483 accipit,
899 2440 928 2470 el
936 2436 1090 2482 fructum
1106 2441 1280 2483 congregat
1295 2437 1327 2471 in
1348 2437 1455 2471 vitam
1477 2441 1659 2477 aeternamm

83 2499 170 2537 ergo
191 2489 259 2536 ipsi
280 2496 381 2524 actus
402 2489 516 2525 nostri
537 2501 612 2524 non
635 2489 804 2524 dicuntur
824 2489 971 2525 fructus.

154 2553 186 2579 2.
207 2543 444 2579 PRAETEREA.
474 2544 575 2579 Sicut
601 2544 828 2590 Augustinus
855 2543 940 2578 dicit
966 2544 1001 2579 in
1028 2555 1080 2579 10.
1104 2544 1147 2579 de
1171 2543 1301 2579 Trinit.
1329 2545 1419 2591 (cap.
1447 2557 1497 2580 ιο.
1514 2544 1617 2591 paulo
1640 2556 1660 2578 a

46 2631 53 2649 ,Α
77 2598 221 2645 princ.):
236 2598 401 2634 Fruimur
419 2599 566 2645 cognitis,
582 2599 616 2632 in
632 2599 749 2644 quibus
765 2598 918 2633 voluntas
933 2599 1000 2645 ipsa
1016 2598 1171 2634 delectata
1186 2600 1396 2645 conquiescit:
1414 2598 1475 2633 scd
1490 2597 1659 2632 voluntas

83 2658 206 2686 nostra
226 2662 301 2687 non
322 2651 428 2687 debet
449 2652 709 2699 conquiescere
724 2652 759 2686 in
773 2652 910 2687 actibus
925 2653 1057 2687 nostris
1074 2662 1221 2700 propter
1242 2665 1299 2696 se3
1320 2664 1407 2700 ergo
1431 2661 1531 2687 actus
1546 2651 1660 2687 nostri

43 2743 48 2749 ,
83 2702 218 2741 fructus
239 2705 311 2740 dici
331 2717 406 2741 non
429 2705 570 2741 debent.

158 2769 187 2806 3.
205 2759 443 2796 PRAETEREA.
466 2760 562 2795 Inter
580 2759 716 2795 fructus
737 2759 890 2807 Spiritus
910 2760 1034 2795 Sancti
1054 2769 1312 2796 enumerantur
1332 2761 1374 2795 ab
1398 2759 1580 2807 Apostolo
1601 2759 1659 2794 ali-

44 2838 50 2849 2
85 2822 178 2860 quae
197 2813 358 2856 virtutes,
379 2813 518 2849 scilicet
540 2814 708 2857 charitas,
728 2815 983 2858 mansuetudo,
1005 2814 1105 2857 fides,
1129 2823 1163 2850 et
1185 2815 1346 2850 castitas:
1370 2815 1517 2849 virtutes
1537 2822 1658 2849 autem

48 2897 49 2900 ,
83 2875 159 2902 non
179 2874 262 2903 sunt
283 2875 396 2912 actus,
417 2867 479 2904 sed
500 2867 657 2911 habitus,
679 2876 716 2904 ut
738 2879 845 2915 supra
871 2869 1009 2904 dictum
1032 2877 1084 2904 est
1111 2869 1158 2917 (q.
1177 2881 1221 2916 55.
1245 2874 1308 2904 art.
1331 2870 1391 2915 1.);
1416 2880 1503 2916 ergo
1522 2867 1658 2904 fructus

84 2929 159 2956 non
179 2928 262 2958 sunt
282 2929 394 2958 actus.
