1907 3182
234 146 321 201 308
651 155 873 190 QUAESTIO
906 154 1009 183 XLII.
1043 154 1290 184 ARTICULUS
1323 155 1384 184 ΙΙΙ.

305 238 380 272 SED
404 247 559 272 CONTRA
582 244 645 278 est,
668 236 764 281 quod
786 235 922 269 Philos.
947 235 1032 268 dicit
1053 235 1089 268 in
1113 235 1269 270 2.2Rhet.
1291 236 1435 282 (cap.5.)
1460 236 1557 282 quod
1579 247 1653 270 non
1676 237 1801 271 omnia

232 292 329 326 mala
351 292 540 325 timentur:
564 297 649 335 puta
671 289 699 322 si
722 288 849 334 aliquis
872 289 938 322 erit
958 289 1121 333 injustus,
1145 297 1205 322 aut
1225 289 1360 323 tardus.

303 345 534 378 RESPONDEO
557 342 762 383 dicendum,
785 341 893 387 quod,
917 342 1009 374 sicut
1030 352 1137 386 supra
1159 342 1296 375 dictum
1319 350 1372 376 est
1393 343 1440 388 (q.
1461 354 1517 387 40.
1534 348 1597 377 art.
1617 355 1644 377 1.
1661 348 1692 377 et
1704 354 1734 388 q.
1748 353 1802 388 41.

230 404 293 433 art.
316 398 378 441 2.),
402 397 494 431 sicut
525 396 708 440 objectum
731 395 805 440 spei
829 403 881 428 est
901 395 1040 428 bonum
1068 393 1230 428 futurum
1261 395 1426 438 arduum,
1453 395 1550 441 quod
1577 395 1656 441 quis
1683 403 1803 441 potest

233 451 398 497 adipisci:
422 450 470 484 ita
488 450 599 483 timor
618 456 670 482 est
689 448 731 481 de
750 447 849 481 malo
868 446 987 481 futuro
1008 447 1132 488 arduo,
1148 448 1244 493 quod
1263 459 1338 481 non
1356 457 1475 494 potest
1493 449 1537 482 de
1558 448 1657 482 facili
1676 449 1801 483 vitari:

232 517 274 539 ex
295 515 367 550 quo
390 511 509 549 potest
531 502 657 547 accipi,
681 501 777 546 quod
803 501 839 534 id
866 500 963 546 quod
994 501 1146 534 omnino
1177 501 1339 546 subjacet
1365 502 1545 547 potestati,
1568 510 1603 536 et
1622 501 1803 536 voluntati

231 566 388 598 nostrae,
411 568 485 590 non
514 556 623 588 habet
656 555 837 588 rationem
866 554 1051 587 terribilis:
1074 554 1137 588 sed
1158 554 1248 588 illud
1275 555 1395 588 solum
1423 564 1476 590 est
1500 555 1669 598 terribile,
1704 556 1802 602 quod

230 612 339 645 habet
366 621 514 644 causam
541 609 797 642 extrinsecam:
826 607 965 641 malum
993 615 1114 642 autem
1146 607 1272 653 culpae
1300 609 1485 654 propriam
1515 621 1664 643 causam
1692 609 1804 644 habet

232 664 457 698 voluntatem
479 663 699 702 humanam,
723 669 757 694 et
778 661 860 694 ideo
883 661 1026 706 proprie
1048 672 1123 694 non
1144 661 1254 695 habet
1275 662 1456 696 rationem
1481 662 1659 697 terribilis.

305 717 375 751 Sed
403 716 485 761 quia
506 715 674 748 voluntas
696 715 737 747 ab
761 714 882 760 aliquo
903 714 1071 748 exteriori
1096 722 1215 760 potest
1243 714 1409 749 inclinari
1435 715 1479 749 ad
1505 716 1745 761 peccandum,
1773 715 1804 749 si

232 771 318 805 illud
341 770 518 804 inclinans
540 769 672 802 habeat
693 779 866 813 magnam
884 769 960 801 vim
983 768 1025 801 ad
1052 767 1314 809 inclinandum,
1343 768 1546 802 secundum
1572 768 1645 802 hoc
1672 768 1804 815 poterit

233 836 309 859 esse
331 825 442 858 timor
463 823 506 856 de
530 821 627 856 malo
651 821 790 867 culpae,
812 822 1027 867 inquantum
1050 830 1103 856 est
1125 822 1166 855 ab
1192 822 1360 856 exteriori
1383 833 1504 864 causa,
1526 830 1613 868 puta
1634 834 1718 856 cum
1744 822 1804 856 ali-

233 879 311 924 quis
332 878 434 911 timet
457 888 511 910 co
506 876 678 909 nmorari
700 877 735 909 in
755 884 877 909 societ
873 884 928 909 ite
952 875 1145 917 malorum,
1167 887 1213 909 ne
1236 876 1277 908 ab
1301 876 1352 909 eis
1375 875 1419 909 ad
1445 875 1673 921 peccandum
1700 875 1804 910 indu—

235 939 352 965 catur:
376 930 437 964 sed
464 929 607 975 proprie
633 928 830 974 loquendo,
859 929 894 962 in
926 929 989 962 tali
1019 929 1256 988 dispositione
1287 929 1404 974 magis
1427 929 1534 963 timet
1560 929 1675 963 homo
1705 917 1805 963 sedu-

233 985 403 1025 ctionem,
426 995 536 1029 quarn
564 982 708 1028 culpam
735 982 936 1016 secundum
961 983 1145 1028 propriam
1173 983 1365 1025 rationem,
1392 983 1484 1017 idest
1509 983 1725 1029 inquantum
1752 991 1805 1017 est

230 1037 445 1078 voluntaria,
468 1037 518 1070 sic
541 1037 639 1069 enim
660 1047 735 1069 non
757 1036 867 1070 habet
888 1044 926 1069 ut
947 1037 1128 1070 timeatur.

302 1091 362 1124 AD
384 1100 534 1124 PRIMUM
549 1101 636 1134 ergo
657 1089 862 1130 dicendum,
883 1089 979 1134 quod
995 1090 1175 1135 separatio
1192 1101 1211 1123 a
1226 1090 1306 1123 Deo
1323 1098 1377 1123 est
1391 1090 1571 1135 quaedam
1585 1100 1703 1136 poena
1722 1100 1806 1124 con—

232 1155 387 1190 sequens
409 1151 621 1189 peccatum:
646 1151 679 1176 et
701 1143 820 1176 01111115
843 1154 961 1188 poena
984 1142 1105 1188 aliquo
1129 1143 1241 1177 modo
1265 1151 1318 1177 est
1340 1144 1381 1176 ab
1406 1143 1575 1177 exteriori
1597 1154 1718 1177 causa.

301 1198 361 1231 AD
385 1207 592 1231 SECUNDUM
615 1196 821 1238 dicendum,
844 1196 941 1241 quod
962 1196 1115 1238 tristitia,
1136 1205 1170 1230 et
1190 1197 1301 1230 timor
1323 1197 1358 1230 in
1377 1208 1450 1230 uno
1467 1197 1706 1239 conveniunt;
1721 1197 1805 1243 quia

231 1259 423 1296 utrumque
446 1258 499 1284 est
520 1250 563 1283 de
592 1250 709 1283 malo:
741 1249 909 1283 differunt
931 1258 1052 1284 autem
1075 1252 1110 1283 in
1132 1250 1278 1285 duobus:
1306 1250 1342 1283 in
1365 1262 1429 1284 uno
1453 1250 1612 1296 quidem,
1639 1251 1722 1296 quia
1748 1251 1806 1285 tri-

231 1305 325 1338 stitia
348 1313 400 1338 est
422 1304 464 1337 de
488 1303 586 1337 malo
609 1303 799 1349 praesenti,
821 1304 932 1337 timor
951 1304 993 1337 de
1016 1303 1115 1337 malo
1137 1303 1279 1338 futuro:
1301 1305 1337 1337 in
1358 1305 1424 1338 alio
1438 1315 1538 1346 vero,
1554 1304 1637 1349 quia
1650 1304 1804 1346 tristitia,

232 1370 315 1392 cum
338 1358 381 1391 sit
403 1358 438 1390 in
463 1357 748 1402 concupiscibili,
771 1357 915 1402 respicit
937 1356 1076 1390 malurn
1099 1356 1283 1399 absolute3
1306 1357 1400 1391 unde
1422 1365 1542 1403 potest
1563 1368 1641 1391 esse
1657 1357 1700 1391 de
1719 1368 1805 1403 quo-

233 1422 388 1456 cumque
411 1410 522 1451 malo,
545 1410 619 1444 sive
638 1422 762 1456 parvo,
785 1410 859 1444 sive
881 1421 1036 1455 magno:
1060 1411 1171 1444 timor
1191 1422 1291 1452 vero,
1315 1422 1399 1444 cum
1425 1411 1470 1445 sit
1490 1411 1527 1444 in
1545 1410 1727 1452 irascibili,
1754 1422 1804 1444 re-

232 1465 336 1510 spicit
358 1464 495 1497 malum
519 1475 603 1496 cum
622 1464 778 1509 quadam
800 1463 985 1505 arduitate,
1006 1475 1067 1498 seu
1083 1463 1305 1506 difficultate,
1321 1475 1412 1510 quae
1427 1464 1575 1506 tollitur,
1591 1466 1804 1510 inquantum

232 1518 367 1564 aliquid
388 1519 550 1562 subjacet
570 1518 765 1559 voluntati;
789 1526 823 1551 et
843 1518 925 1551 ideo
948 1529 1022 1551 non
1045 1519 1169 1551 omnia
1191 1519 1375 1560 timemus,
1395 1529 1487 1564 quae
1509 1526 1592 1552 sunt
1611 1517 1741 1560 futura,
1761 1518 1804 1552 de

231 1572 358 1618 quibus
380 1572 575 1613 tristamur,
599 1583 682 1604 cum
704 1578 786 1604 sunt
807 1571 1021 1616 praesentia,
1044 1572 1106 1605 sed
1131 1571 1262 1617 aliqua,
1283 1582 1375 1617 quae
1395 1571 1534 1605 scilicet
1554 1579 1637 1605 sunt
1658 1571 1779 1605 ardua.

302 1626 362 1659 AD
386 1636 557 1659 TERTtL‘M
581 1625 786 1666 dicendum,
806 1625 903 1670 quod
925 1636 1006 1670 spes
1029 1632 1082 1659 est
1103 1625 1146 1658 de
1169 1625 1266 1659 bono
1289 1625 1386 1671 quod
1405 1625 1484 1670 quis
1498 1632 1617 1670 potest
1636 1624 1802 1671 adipisci:

234 1687 351 1724 potest
374 1688 494 1712 autem
518 1678 646 1724 aliquis
669 1678 817 1724 adipisci
841 1679 990 1719 bonum,
1012 1678 1070 1712 vel
1089 1690 1152 1724 per
1171 1690 1219 1720 se,
1241 1678 1300 1713 vel
1322 1690 1385 1724 per
1407 1678 1541 1712 alium:
1565 1686 1599 1712 et
1620 1678 1703 1713 ideo
1722 1689 1803 1724 spes

231 1740 349 1778 potest
372 1744 448 1765 esse
471 1732 514 1766 de
538 1741 618 1765 actu
640 1732 792 1773 virtutis,
811 1732 873 1777 qui
891 1740 944 1765 est
960 1732 996 1765 in
1015 1740 1192 1778 potestate
1211 1740 1335 1766 nostra
1354 1732 1588 1766 constitutus:
1611 1732 1674 1766 sed
1694 1732 1804 1766 timor

231 1794 284 1819 est
306 1786 348 1819 de
371 1785 482 1827 malo,
498 1785 595 1831 quod
611 1797 685 1819 non
700 1786 861 1831 subjacet
874 1793 1019 1819 nostrae
1034 1786 1215 1831 potestati,
1233 1794 1267 1820 et
1281 1786 1363 1819 ideo
1382 1796 1524 1831 semper
1539 1785 1690 1827 malum,
1706 1786 1802 1831 quod

229 1839 386 1881 timetur,
410 1847 461 1872 est
483 1851 502 1872 a
523 1851 631 1873 causa
653 1839 869 1873 extrinseca:
894 1840 1031 1872 bonum
1055 1847 1187 1881 autem,
1211 1840 1307 1885 quod
1330 1847 1506 1886 speratur,
1528 1847 1648 1885 potest
1669 1850 1747 1873 esse
1769 1847 1802 1873 et

231 1905 250 1926 a
273 1905 380 1927 causa
403 1893 608 1934 intrinseca,
631 1901 665 1927 et
687 1905 706 1927 a
729 1904 836 1927 causa
860 1895 1072 1927 extrinseca.

302 1947 361 1980 AD
389 1957 577 1986 QUARTUM
599 1947 805 1988 dicendum,
829 1947 937 1992 quod,
960 1947 1052 1980 sicut
1074 1958 1181 1992 supra
1203 1946 1341 1980 dictum
1365 1954 1418 1980 est
1445 1947 1492 1992 (q.
1507 1958 1559 1990 41.
1582 1951 1645 1980 art.
1664 1958 1697 1990 4.
1713 1946 1755 1980 ad
1771 1958 1803 1981 2.

230 2002 332 2046 0131),
357 2001 576 2034 verecundia
597 2012 671 2034 non
695 2009 746 2034 est
768 2001 878 2034 timor
901 2001 943 2034 de
967 2009 1047 2034 actu
1071 2001 1149 2046 ipso
1172 2001 1324 2046 peccati,
1345 2000 1406 2034 sed
1429 2001 1472 2034 de
1498 1999 1730 2046 turpitudine,
1745 1999 1803 2033 vel

232 2055 445 2100 ignominia,
469 2066 560 2100 quae
584 2054 816 2100 consequitur
838 2056 975 2099 ipsum;
999 2065 1090 2100 quae
1114 2062 1167 2088 est
1188 2065 1207 2087 a
1230 2064 1339 2087 causa
1363 2054 1575 2088 extrinseca.

785 2177 1133 2221 ARTICULUS
1162 2177 1237 2220 IV.
1735 2189 1802 2236 238

600 2287 749 2315 L‘TRUM
784 2287 924 2316 TmoR
958 2286 1048 2315 IPSE
1082 2285 1231 2315 TtMERt
1265 2285 1432 2315 POSSIT.

303 2374 363 2407 AD
379 2374 631 2412 001011οΜ510
654 2374 871 2419 proceditur.
894 2373 1057 2415 Videtur,
1079 2373 1176 2419 quod
1198 2373 1308 2407 timor
1321 2372 1440 2406 timeri
1455 2383 1528 2406 non
1543 2372 1676 2418 possit:
1691 2383 1802 2407 omne

232 2426 328 2459 0111111
357 2427 453 2472 quod
481 2427 638 2467 timetur,
667 2427 830 2460 timendo
859 2427 1070 2468 custoditur,
1101 2438 1146 2460 ne
1178 2426 1378 2460 ainittatur:
1406 2426 1498 2459 sicut
1525 2425 1585 2460 ille
1613 2425 1673 2472 qui
1700 2426 1803 2460 timet

232 2480 394 2514 amittere
417 2481 619 2521 sanitatem,
642 2481 804 2514 timendo
828 2481 984 2514 custodit
1006 2492 1105 2515 eam:
1126 2480 1153 2514 si
1177 2480 1283 2525 igitur
1304 2480 1415 2513 timor
1435 2479 1617 2521 timeatur,
1638 2479 1802 2513 timendo

232 2544 267 2567 se
291 2534 470 2568 custodiet
491 2535 606 2567 homo
628 2546 672 2567 ne
694 2534 831 2575 timeat,
854 2535 950 2580 quod
973 2535 1114 2568 videtur
1135 2545 1212 2568 esse
1239 2533 1512 2568 inconveniens.

304 2597 334 2620 2.
358 2588 593 2622 PRAETEREA.
627 2586 757 2620 Timor
787 2596 839 2621 est
866 2588 1043 2633 quaedam
1067 2587 1168 2633 fuga:
1197 2587 1258 2620 sed
1281 2586 1371 2620 nihil
1392 2585 1484 2633 fugit
1504 2586 1686 2632 seipsum3
1714 2596 1801 2633 ergo

232 2642 342 2674 timor
363 2653 435 2674 non
459 2642 562 2675 timet
584 2641 765 2675 timorem.

308 2706 333 2740 3.
362 2695 597 2729 PRAETEREA.
623 2694 753 2727 Timor
775 2704 827 2728 cst
849 2695 892 2727 dc
916 2694 1052 2727 futuro:
1076 2695 1137 2728 sed
1160 2694 1218 2728 ille
1241 2694 1301 2740 qui
1323 2694 1437 2735 timet,
1459 2694 1533 2739 jam
1559 2693 1669 2727 habet
1695 2693 1802 2727 timo-

233 2760 332 2789 rem3
355 2760 427 2781 11011
452 2760 538 2794 ergo
562 2756 680 2794 potest
701 2749 828 2782 timere
851 2748 1032 2782 timorem.

304 2803 378 2836 SED
401 2812 555 2836 CONTRA
579 2810 642 2843 est,
662 2802 758 2847 quod
779 2802 892 2835 homo
915 2810 1032 2847 potest
1049 2814 1168 2836 amare
1185 2813 1363 2844 amorem,
1385 2810 1420 2836 et
1441 2801 1565 2837 dolere
1587 2802 1631 2836 de
1654 2801 1801 2844 dolore;

233 2866 319 2901 crgo
343 2856 451 2889 etiam
474 2856 548 2901 pari
573 2856 710 2889 ratione
734 2863 850 2901 potest
872 2855 999 2888 timere
1023 2855 1204 2889 timorem.
