1875 3198
209 186 293 228 574
610 184 830 220 QUAESTIO
864 184 1011 214 LXXIX.
1044 183 1288 213 ARTICULUS
1322 182 1366 212 ΙΙ.

207 266 308 300 Deus
331 273 383 300 est
411 277 518 300 causa
547 273 646 299 actus
676 265 837 311 peccati:
866 276 939 299 non
966 273 1089 298 tamen
1117 272 1170 299 est
1196 275 1302 298 causa
1330 263 1487 310 peccati3
1510 263 1592 309 quia
1614 274 1687 297 non
1714 270 1767 298 est

209 330 317 353 causa
339 319 456 365 hujus,
479 320 575 365 quod
598 327 697 353 actus
719 319 765 352 sit
787 330 871 352 cum
890 317 1042 352 defectu.

278 373 338 407 AD
372 383 520 408 PRIMUM
549 383 635 418 ergo
664 372 867 413 dicendum,
895 372 990 417 quod
1012 370 1237 416 Augustinus
1259 370 1426 404 nominat
1446 370 1494 403 ibi
1515 382 1584 404 rem
1605 370 1651 412 id,
1670 370 1767 416 quod

209 434 262 460 est
282 438 338 460 res
361 426 584 472 simpliciter,
607 425 744 459 scilicet
766 425 1020 459 substantiam:
1043 424 1092 458 sic
1116 424 1214 458 enim
1237 432 1336 458 actus
1354 423 1495 470 peccati
1511 435 1585 458 non
1608 430 1659 457 est
1680 434 1748 457 res.

279 480 338 513 AD
367 490 573 514 SECUNDUM
595 478 800 519 dicendum,
823 478 919 524 quod
949 478 985 511 in
1019 478 1208 511 hominem
1238 477 1330 512 sicut
1361 477 1397 510 in
1419 488 1567 511 causam
1587 476 1768 511 reducitur

208 544 282 567 non
304 532 423 566 solum
447 541 558 574 actus,
581 532 641 566 sed
665 532 773 565 etiam
792 531 868 577 ipse
891 530 1069 573 defectus3
1092 531 1174 576 quia
1197 530 1334 565 scilicet
1360 542 1434 564 non
1459 531 1620 564 subditur
1641 530 1685 572 ei,
1711 530 1770 564 cui

210 586 314 620 debet
336 586 454 628 subdi3
478 585 561 619 licet
579 585 650 618 hoc
666 585 741 631 ipse
756 596 829 618 non
845 585 1006 618 intendat
1020 583 1284 630 principaliter3
1307 592 1341 618 et
1354 584 1436 618 ideo
1450 584 1565 618 horno
1589 591 1640 618 est
1662 594 1768 617 causa

209 640 365 685 peccati:
389 639 450 673 sed
472 639 570 672 Deus
593 638 643 672 sic
671 646 725 672 est
742 649 850 672 causa
872 645 983 679 actus,
1006 637 1103 683 quod
1125 637 1226 672 nullo
1255 638 1366 672 modo
1394 645 1447 671 est
1474 648 1582 672 causa
1608 636 1768 671 defectus

210 692 489 726 concomitantis
513 699 653 734 actum3
677 698 710 726 et
732 691 813 725 ideo
835 702 909 725 non
932 699 985 725 est
1007 702 1115 725 causa
1137 690 1288 737 peccati.

280 746 339 780 AD
360 756 530 780 TERTIUM
545 745 750 787 dicendum,
785 744 881 790 quod
901 744 991 778 sicut
1010 744 1147 778 dictum
1169 752 1222 778 est
1243 755 1347 790 supra
1363 744 1410 790 (q.
1426 754 1479 790 72.
1497 749 1561 778 art.
1575 744 1633 789 1.),
1657 750 1769 785 actus,

211 805 244 832 et
265 799 407 833 habitus
428 810 501 833 non
522 798 698 844 recipiunt
728 798 887 844 speciem
917 809 958 831 ex
988 798 1063 844 ipsa
1093 798 1306 844 privatione,
1336 797 1371 831 in
1394 809 1464 843 qua
1491 797 1654 832 consistit
1678 797 1770 831 ratio

210 851 314 886 mali:
338 853 399 886 sed
415 864 456 886 ex
480 851 600 898 aliquo
617 852 771 897 objecto,
789 851 845 885 cui
868 852 1099 897 conjungitur
1113 851 1193 885 talis
1207 851 1378 898 privatio:
1395 859 1429 885 et
1442 851 1492 885 sic
1506 851 1582 898 ipse
1600 850 1771 893 defectus,

209 906 269 950 qui
292 906 419 940 dicitur
440 917 514 940 non
537 917 613 939 esse
638 917 656 939 a
678 906 770 948 Deo,
794 905 946 950 pertinet
968 905 1011 939 ad
1033 905 1192 951 speciem
1215 913 1314 940 actus
1337 912 1611 951 consequenter,
1638 911 1671 939 et
1696 915 1771 938 non

210 960 311 1007 quasi
334 959 533 994 differentia
555 958 734 1005 specifica.

765 1100 1110 1146 ARTICULUS
1146 1101 1225 1144 111.
1702 1122 1771 1160 429

292 1210 445 1240 UTRUM
471 1210 582 1240 DEUS
611 1211 678 1240 SIT
706 1210 847 1240 CAUSA
872 1211 1243 1251 EXCAECATIONIS,
1269 1211 1325 1240 ET
1352 1210 1688 1242 INDURATIONIS.

370 1296 479 1341 (Part.
494 1309 521 1331 Ι.
539 1308 568 1342 q.
584 1308 630 1342 23.
647 1301 710 1330 art.
722 1308 750 1343 3.
765 1301 793 1331 et
814 1308 879 1331 2-2.
896 1308 925 1342 q.
940 1307 983 1342 15.
1004 1301 1066 1331 art.
1081 1309 1109 1331 1.
1131 1301 1161 1331 et
1180 1309 1208 1332 1.
1223 1297 1310 1331 Dist.
1329 1307 1386 1341 40.
1405 1307 1482 1342 qe4.
1497 1301 1563 1332 art.
1583 1308 1614 1331 2.

253 1349 349 1384 etlib.
365 1362 393 1396 3.
418 1349 535 1385 Contr.
561 1362 591 1395 g.
612 1356 682 1396 cap.
705 1350 778 1385 162.
802 1355 833 1385 et
861 1351 947 1385 Veri.
968 1362 996 1396 q.
1019 1361 1074 1394 24.
1097 1355 1159 1384 art.
1182 1362 1234 1386 10.
1255 1356 1346 1397 corp.
1368 1355 1398 1385 et
1409 1350 1508 1394 soan.
1535 1362 1581 1386 H.
1603 1349 1675 1385 lect.
1696 1349 1729 1385 6.

512 1408 542 1438 et
559 1405 653 1439 Rom.
676 1416 701 1438 I.
727 1403 794 1438 lect.
819 1414 848 1450 7.
871 1409 900 1438 et
923 1411 994 1450 cap.
1017 1416 1048 1450 9.
1072 1403 1141 1439 lect.
1160 1415 1188 1450 3.
1211 1409 1241 1439 et
1260 1416 1287 1439 I.
1313 1403 1391 1439 Cor.
1413 1403 1474 1448 4.).

283 1492 343 1526 AD
366 1502 537 1527 TERTIUM
560 1492 609 1526 sic
632 1492 849 1538 proceditur.
872 1492 1036 1534 Videtur,
1058 1493 1155 1538 quod
1182 1492 1283 1527 Deus
1310 1503 1384 1526 non
1411 1492 1455 1527 sit
1476 1503 1585 1527 causa
1607 1503 1776 1527 excaeca-

211 1546 318 1580 tionis
341 1553 375 1580 et
395 1545 651 1580 indurationis:
681 1546 767 1580 dicit
795 1546 892 1580 enirn
924 1546 1149 1592 Augustinus
1180 1546 1216 1579 in
1243 1545 1302 1579 lib.
1325 1545 1380 1592 83.
1406 1545 1494 1587 QQ.
1522 1547 1568 1592 (q.
1590 1546 1649 1592 3.),
1677 1546 1773 1592 quod

211 1600 310 1633 Deus
332 1611 406 1633 non
433 1607 486 1633 est
515 1611 623 1633 causa
653 1600 740 1645 ejus,
762 1600 859 1646 quod
881 1600 995 1634 homo
1018 1600 1062 1634 sit
1084 1599 1238 1634 deterior
1261 1598 1322 1644 [al.
1345 1611 1407 1646 quo
1430 1600 1524 1634 homo
1538 1601 1580 1646 fit
1599 1600 1772 1645 deterior]:

212 1653 274 1688 sed
297 1665 359 1699 per
377 1653 684 1695 excaecationem,
707 1661 741 1687 et
762 1653 1040 1688 obdurationem
1062 1653 1100 1688 fit
1121 1653 1236 1687 homo
1259 1653 1434 1697 deterior;
1461 1665 1548 1699 ergo
1574 1654 1674 1688 Deus
1699 1664 1774 1688 non

212 1715 265 1742 est
286 1719 394 1741 causa
416 1707 691 1749 excaecationis,
715 1715 749 1741 et
770 1707 1029 1741 obdurationis.

284 1771 314 1795 2.
330 1761 566 1795 PRAETEREA.
581 1760 790 1806 Fulgentius
806 1761 890 1796 dicit
910 1761 983 1804 (lib.
999 1774 1025 1796 I.
1041 1761 1076 1795 du
1087 1761 1362 1807 Duplfflraedest.
1378 1761 1419 1796 ad
1432 1761 1621 1796 Monimum
1636 1767 1708 1808 cap.
1722 1773 1774 1808 19.

213 1814 255 1849 ad
275 1815 367 1860 fin),
388 1814 484 1860 quod
508 1815 677 1849 Dausnon
698 1819 740 1849 est
766 1815 854 1849 ultor
880 1815 968 1849 illins
986 1816 1044 1856 rei,
1069 1817 1163 1861 cujus
1176 1820 1220 1850 est
1246 1820 1382 1850 auctor:
1406 1816 1466 1850 sed
1488 1815 1588 1850 Deus
1611 1823 1664 1850 est
1681 1814 1776 1849 ultor

213 1869 331 1902 cordis
347 1868 523 1911 obdurati,
539 1868 737 1902 secundum
760 1867 848 1902 illud
864 1868 975 1903 Eccli.
996 1880 1042 1914 3.:
1061 1869 1128 1903 Cor
1143 1868 1263 1903 durum
1278 1869 1363 1904 male
1381 1869 1511 1904 habebit
1529 1870 1562 1903 in
1575 1870 1774 1909 novissimo;

212 1933 299 1968 ergo
322 1922 421 1956 Deus
443 1933 518 1956 non
541 1930 593 1956 est
615 1933 723 1955 causa
747 1922 1004 1956 obdurationis.

288 1987 316 2021 3.
339 1975 575 2010 PRAETEREA.
598 1975 699 2009 Idem
723 1974 870 2009 effectus
892 1987 966 2009 non
989 1975 1191 2010 attribuitur
1213 1976 1330 2011 causis
1353 1976 1558 2011 contrariis:
1586 1975 1648 2011 sed
1668 1986 1776 2010 causa

213 2029 477 2064 excaecationis
500 2029 629 2063 dicitur
651 2040 728 2062 esse
743 2028 881 2063 malitia
896 2029 1068 2071 hominis,
1083 2030 1282 2064 secundum
1297 2029 1385 2064 illud
1401 2029 1560 2076 Sapient.
1583 2039 1630 2064 2.:
1650 2030 1778 2065 Excae-

213 2085 304 2118 cavit
326 2085 411 2118 anim
431 2095 481 2117 eos
507 2083 637 2117 malitia
659 2095 794 2123 eorunm
819 2091 853 2117 et
874 2083 983 2117 etiam
1007 2082 1183 2126 diabolus,
1214 2084 1414 2118 secundum
1444 2083 1533 2118 illud
1555 2093 1588 2118 2.
1610 2083 1696 2118 Cor.
1723 2093 1774 2126 4.:

212 2138 302 2171 Deus
315 2138 409 2183 hujus
422 2137 543 2172 saeculi
560 2138 748 2172 excaecavit
763 2142 881 2172 mentes
895 2137 1074 2181 infidelium
1085 2150 1094 2171 .·
1110 2148 1201 2183 quae
1217 2137 1363 2183 quidem
1378 2148 1507 2171 causae
1519 2137 1684 2171 videntur
1699 2148 1776 2171 esse

215 2191 416 2225 contrariae
438 2191 541 2233 Deo3
564 2202 650 2236 ergo
673 2191 772 2225 Deus
794 2202 867 2225 non
891 2198 944 2225 est
966 2202 1074 2224 causa
1096 2191 1372 2233 excaecationis,
1395 2198 1430 2224 et
1451 2190 1709 2225 obdurationis.

286 2244 359 2279 SED
389 2255 544 2279 CONTRA
572 2252 634 2286 est,
658 2244 754 2290 quod
782 2244 911 2278 dicitur
938 2237 1004 2278 lsa.
1033 2242 1084 2278 6.:
1108 2245 1260 2279 Excaeca
1287 2256 1343 2279 cor
1359 2244 1475 2291 populi
1501 2244 1610 2290 hujus,
1633 2249 1663 2279 et
1683 2255 1777 2279 aures

214 2300 281 2344 ejus
303 2310 472 2343 aggrava:
496 2306 530 2332 et
550 2297 657 2331 Rom.
678 2309 709 2344 9.
733 2298 878 2331 dicitur:
905 2298 1009 2343 Cujus
1029 2298 1103 2332 vult
1124 2299 1306 2339 miseretur,
1329 2303 1359 2332 et
1379 2309 1473 2344 quem
1494 2298 1568 2332 vult
1586 2297 1733 2332 indurat.

286 2352 515 2386 Rnsponmzo
535 2351 740 2393 dicendum,
765 2351 860 2397 quod
877 2351 1096 2393 excaecatio,
1119 2360 1153 2385 et
1174 2351 1365 2386 obduratio
1380 2351 1442 2386 duo
1459 2351 1673 2398 important;
1692 2362 1778 2398 quo-

213 2417 293 2440 rum
317 2418 417 2440 mmm
440 2413 492 2440 est
514 2413 634 2439 motus
662 2405 772 2438 animi
795 2406 944 2439 humani
968 2405 1188 2440 inhaerentis
1211 2405 1321 2447 malo,
1345 2413 1378 2439 et
1401 2405 1515 2439 aversi
1537 2417 1557 2439 a
1579 2405 1701 2439 divino
1728 2404 1778 2439 lu-

214 2460 327 2494 mine:
349 2468 382 2493 et
403 2467 577 2505 quantum
601 2459 643 2492 ad
665 2459 736 2492 hoc
760 2459 859 2493 Deus
882 2470 955 2492 non
976 2467 1027 2493 est
1043 2470 1150 2493 causa
1169 2459 1446 2501 excaecationis,
1465 2466 1500 2493 et
1518 2458 1776 2500 obdurationis,

214 2513 306 2547 sicut
327 2524 399 2546 non
423 2521 475 2547 est
497 2524 605 2546 causa
628 2512 777 2558 peccati.
795 2513 897 2547 Aliud
911 2521 1030 2546 autem
1047 2521 1099 2546 est
1114 2513 1310 2547 subtractio
1333 2512 1481 2558 gratiae,
1503 2523 1545 2546 ex
1567 2523 1637 2558 qua
1663 2512 1778 2558 sequi-

213 2575 280 2609 tur,
304 2567 399 2613 quod
423 2578 525 2600 mens
548 2566 717 2600 divinitus
738 2577 811 2599 non
836 2566 1058 2600 illuminetur
1081 2566 1123 2600 ad
1148 2574 1242 2600 recte
1264 2566 1472 2608 videndum,
1491 2573 1525 2600 et
1537 2577 1600 2600 cor
1617 2565 1777 2600 hominis

214 2632 287 2654 non
311 2620 517 2654 emolliatur
539 2620 580 2653 ad
605 2627 700 2654 recte
722 2619 936 2653 vivendum:
961 2628 994 2654 et
1013 2628 1187 2665 quantum
1204 2620 1246 2653 ad
1263 2620 1333 2653 hoc
1353 2619 1452 2654 Deus
1468 2627 1520 2654 est
1535 2630 1642 2654 causa
1656 2630 1778 2654 excae-

216 2674 379 2715 cationis,
403 2682 437 2707 et
465 2673 722 2707 obdurationis.
753 2673 814 2706 Est
843 2681 962 2707 autem
995 2673 1309 2715 considerandum,
1339 2673 1436 2719 quod
1463 2673 1563 2707 Deus
1589 2681 1642 2707 est
1669 2683 1776 2706 causa

216 2727 426 2761 universalis
449 2727 723 2761 illuminationis
747 2727 962 2768 animarum,
985 2727 1183 2760 secundun]
1207 2726 1292 2760 illud
1309 2726 1411 2772 Joan.
1437 2737 1482 2760 1.:
1506 2727 1590 2761 Erat
1611 2727 1774 2767 lux-vcra,

216 2793 297 2827 qnae
317 2781 482 2815 illuminat
511 2793 637 2815 (minem
666 2781 828 2814 hominum
854 2781 1034 2814 <venientum
1072 2782 1104 2814 in
1125 2781 1208 2814 lmus
1225 2780 1406 2814 mundum:
1434 2779 1526 2814 sicut
1546 2779 1602 2814 sol
1629 2787 1681 2813 est
1703 2778 1776 2812 uni-

213 2834 361 2869 versalis
384 2846 491 2868 causa
512 2834 785 2868 illuminationis
808 2845 1025 2879 corporum:
1050 2833 1151 2867 aliter
1170 2843 1302 2874 tamen,
1326 2842 1360 2868 et
1382 2833 1501 2868 aliter:
1521 2844 1606 2866 nam
1629 2832 1684 2866 sol
1703 2832 1776 2878 agit

216 2888 454 2922 illuminando
477 2900 538 2934 per
557 2888 809 2922 necessitatem
831 2895 998 2922 naturae:
1023 2888 1121 2922 Deus
1144 2896 1264 2922 autem
1288 2887 1360 2933 agit
1381 2886 1583 2921 voluntarie
1605 2897 1667 2932 per
1685 2885 1776 2920 ordi-
