1875 3198
210 189 295 242 756
659 197 879 233 QUAESTro
913 198 985 227 CII.
1020 197 1264 227 ARTICULus
1298 198 1339 226 v.

206 279 403 314 teronomii
430 290 498 314 12.:
520 280 600 314 Non
612 280 717 325 facies
735 279 886 313 similiter
903 280 1053 313 Domino
1071 279 1143 313 Deo
1168 284 1245 313 tao:
1268 279 1389 313 Omnes
1403 279 1487 313 enim
1503 279 1779 319 abominationes,

207 345 287 380 qaas
313 338 488 368 aversatur
502 333 843 378 Domiiizigsecaraat
856 332 917 366 diis
930 334 1016 367 sais:
1036 333 1097 366 sed
1114 331 1270 366 cultores
1284 331 1469 366 idolorum
1483 332 1520 365 in
1536 331 1634 365 cultu
1653 342 1781 365 eorum

209 387 331 422 cultris
353 398 391 421 se
412 386 618 420 incidebant
640 397 751 431 usque
774 385 817 419 ad
841 384 1057 419 effusionem
1076 385 1277 431 sanguinis:
1300 385 1429 419 dicitur
1447 385 1545 419 enim
1567 396 1596 430 3.
1614 384 1705 430 Reg.
1728 384 1780 418 18.

208 441 306 487 quod
328 441 516 475 incidebant
541 452 571 474 sa
595 442 696 485 juxta
719 441 821 473 ritum
842 451 937 473 sliam
968 439 1094 481 cultris,
1124 445 1153 474 et
1179 439 1342 481 lanceolis,
1376 439 1474 473 donec
1502 438 1784 485 pmfanderentar

208 495 375 539 sanguine,
400 501 545 540 propter
568 493 664 538 quod
687 493 868 526 Dominus
892 492 1078 526 mandavit
1099 493 1247 527 Deuter.
1277 503 1345 536 14.;
1370 493 1447 527 Noa
1468 504 1525 526 vos
1547 491 1707 534 incidetis,
1725 503 1782 526 nec

202 549 336 595 faciatis
363 548 536 582 calvitium
565 552 660 592 super
688 551 844 586 mortim),-
872 548 1030 591 quoniam
1061 547 1206 592 popalus
1233 551 1361 581 sanctas
1382 558 1412 580 es
1437 547 1587 580 Domino
1614 546 1686 580 Deo
1714 549 1781 587 tuo,

213 607 242 636 et
264 606 290 636 te
315 601 418 647 elegit,
446 606 479 634 lli
504 602 545 634 sis
565 601 594 634 ei
623 601 655 633 ia
675 600 837 645 popilium
856 600 1059 645 peculiarem
1086 600 1121 634 de
1148 601 1272 634 canetis
1295 601 1444 645 gentibus
1464 611 1546 645 qaae
1579 604 1665 641 sant,
1698 606 1784 633 etc.:

211 655 509 690 inconvenienter
530 653 639 698 igitur
661 653 891 687 circumcisio
915 661 989 687 erat
1012 653 1173 687 instituta
1195 655 1230 687 in
1252 652 1344 700 lege.

285 719 316 742 2.
339 708 575 742 PRAETEREA.
599 706 650 740 Ea
672 718 763 752 quae
787 707 821 740 in
845 706 982 740 cultum
1002 707 1164 740 divinum
1186 707 1286 748 fiunt,
1314 707 1444 741 debent
1476 706 1719 747 honestatem,
1753 714 1787 740 et

214 762 428 808 gravitatem
450 761 595 802 habere,
618 760 819 794 secundum
840 760 927 794 illud
950 761 1008 794 Ps.
1035 771 1103 806 345
1134 761 1175 795 Ia
1196 761 1321 808 populo
1354 762 1454 805 gravi
1484 760 1625 795 laudabo
1654 765 1702 794 te:
1725 759 1787 793 sed

215 816 259 850 ad
283 815 466 849 levitatem
489 814 687 860 quamdam
709 814 888 860 pertinere
910 814 1062 856 videtur,
1086 822 1123 848 ut
1143 815 1314 849 homines
1337 815 1549 849 festinanter
1580 813 1787 854 comedant,

214 869 514 903 inconvenienter
535 868 644 913 igitur
665 876 899 914 praeceptum
922 876 976 902 est
1002 868 1115 902 Exod.
1155 878 1206 902 12.
1241 876 1279 902 ut
1313 868 1549 902 comederent
1580 867 1790 901 festinanter

217 934 353 968 agnum
375 921 601 968 paschalem:
625 929 660 955 et
682 921 751 955 alia
779 922 888 955 etiam
912 923 1007 955 circa
1026 922 1102 967 ejus
1121 922 1388 956 comestionem
1407 929 1490 956 sunt
1507 921 1679 963 instituta,
1698 932 1790 966 quae

215 977 381 1011 videntur
403 976 555 1010 omnino
578 974 838 1009 irrationabilia
860 986 948 1009 esse.

290 1042 318 1076 3.
340 1030 577 1064 PRAETEREA.
603 1029 840 1063 Sacramenta
861 1029 991 1063 veteris
1013 1029 1103 1075 legis
1126 1029 1261 1074 figurae
1294 1028 1439 1063 fuerunt
1472 1035 1787 1063 sacramentorum

215 1095 332 1119 novae
355 1083 463 1130 legis:
486 1084 548 1117 sed
571 1095 634 1129 per
656 1094 791 1129 agnum
823 1082 1035 1129 paschalem
1068 1083 1291 1129 significatur
1325 1090 1597 1117 sacramentum
1619 1081 1791 1116 Euchari-

216 1139 316 1180 stiae,
339 1138 540 1172 secundum
562 1137 650 1171 illud
674 1149 700 1171 1.
722 1137 764 1171 ad
785 1137 953 1171 Corinth.
978 1149 1023 1182 5.:
1047 1138 1175 1172 Pascha
1189 1143 1337 1172 nostram
1357 1138 1546 1172 immolatus
1563 1141 1605 1171 est
1621 1136 1790 1176 Christas;

217 1204 303 1239 ergo
332 1192 441 1226 etiam
469 1192 669 1225 debuerunt
707 1202 784 1225 esse
823 1191 942 1237 aliqui
964 1200 1192 1225 sacramenta
1218 1192 1254 1225 in
1276 1191 1371 1237 lege,
1391 1203 1482 1238 quae
1509 1190 1794 1237 praefigurarent

217 1246 287 1280 alia
308 1253 537 1280 sacramenta
551 1256 669 1278 novae
688 1244 797 1290 legis,
813 1245 905 1278 sicut
921 1244 1264 1287 Confirmationem,
1277 1253 1311 1279 et
1326 1245 1536 1280 Extremam
1555 1244 1792 1285 Unctionem,

219 1308 254 1334 et
273 1300 562 1341 Matrimonium
585 1307 619 1333 et
640 1298 709 1332 alia
733 1298 981 1333 Sacramenta.

290 1363 322 1396 4.
345 1353 581 1388 PRxETEREA.
605 1352 813 1386 Purificatio
836 1364 910 1386 non
933 1361 1052 1398 potest
1082 1352 1340 1387 convenienter
1362 1352 1439 1386 fieri
1460 1351 1530 1386 nisi
1549 1351 1591 1385 ab
1615 1350 1794 1397 aliquibus

218 1407 476 1442 immunditiis:
512 1406 574 1441 sed
603 1414 779 1452 quantum
815 1406 858 1440 ad
893 1406 1015 1440 Deum
1049 1406 1191 1440 nullum
1219 1405 1409 1452 corporale
1436 1413 1621 1451 reputatur
1642 1405 1796 1438 immun-

221 1461 327 1503 dum;
361 1461 444 1506 quia
479 1471 588 1494 omne
616 1471 746 1505 corpus
781 1467 943 1494 creatura
974 1460 1045 1494 Dei
1079 1468 1150 1503 est3
1189 1467 1224 1494 et
1250 1461 1354 1494 ovinis
1383 1464 1537 1494 creatura
1559 1459 1626 1493 Dei
1648 1459 1745 1500 bona,
1767 1463 1796 1492 ct

223 1515 306 1549 nihil
324 1514 552 1560 rejiciendam,
565 1513 738 1559 quodcum
753 1515 943 1559 gratiaram
962 1515 1090 1549 actione
1105 1515 1306 1561 percipitur,
1323 1521 1360 1547 ut
1375 1513 1515 1547 dicitur.
1529 1523 1556 1546 1.
1575 1511 1617 1546 ad
1630 1510 1728 1545 Tim.
1750 1521 1796 1554 4.;

222 1568 522 1602 inconvenienter
543 1567 651 1613 igitur
677 1567 959 1613 purificabantur
988 1575 1134 1614 propter
1157 1575 1367 1602 contactum
1389 1566 1548 1601 hominis
1570 1565 1717 1608 mortui,
1738 1564 1797 1599 vel

227 1622 377 1668 alicujus
399 1621 611 1667 hujusmodi
639 1621 838 1667 corporalis
865 1620 1082 1655 infectionis.

300 1687 327 1721 ς.
350 1676 588 1710 PRAETEREA.
612 1674 722 1708 Eccli.
750 1684 802 1720 34.
825 1674 972 1708 dicitur:
989 1676 1042 1709 Ab
1067 1674 1238 1709 immansio
1254 1674 1333 1720 qaid
1353 1673 1596 1708 mandabitur?
1618 1672 1690 1707 Sed
1710 1672 1798 1707 cinis

224 1741 358 1764 vaccae
381 1728 493 1771 rufae,
516 1740 620 1774 quae,
644 1728 936 1770 comburebatur,
956 1728 1166 1762 immundus
1189 1735 1287 1770 erat;
1315 1728 1398 1774 quia
1425 1726 1657 1762 immundum
1679 1726 1800 1760 redde-

226 1786 304 1819 bat:
328 1784 458 1817 dicitur
481 1783 578 1817 enim
600 1782 710 1816 Num.
738 1793 789 1829 19.
813 1783 910 1828 quod
933 1782 1101 1825 Sacerdos,
1129 1784 1185 1828 qui
1212 1782 1406 1816 iimnoiabat
1432 1793 1518 1824 eam,
1541 1780 1801 1816 commaculatus

224 1843 295 1873 erat
321 1849 418 1883 usqae
440 1837 482 1871 ad
502 1843 673 1883 vesperam
688 1850 697 1871 .·
727 1836 892 1870 similiter
914 1844 949 1870 et
969 1835 1042 1878 ille,
1065 1837 1126 1882 qui
1157 1848 1239 1870 eam
1262 1836 1511 1877 comburebat,
1533 1842 1568 1869 et
1589 1835 1699 1869 etiam
1728 1833 1800 1877 ille,

226 1892 287 1938 qui
310 1892 385 1937 ejus
408 1891 546 1925 cineres
574 1890 788 1936 colligebat,
811 1901 898 1935 ergo
926 1890 1225 1925 inconvenienter
1251 1899 1486 1936 praeceptum
1508 1889 1557 1923 ibi
1581 1888 1659 1931 fuit,
1681 1896 1719 1922 ut
1738 1899 1802 1935 per

226 1945 438 1991 hujusmodi
460 1945 621 1978 cinerem
642 1945 691 1978 ibi
713 1955 900 1990 aspersum
922 1944 1103 1978 immundi
1122 1943 1407 1990 purificarentur.

299 1997 330 2033 6.
354 1999 591 2033 PRAETEREA.
615 1998 771 2032 Peccata
793 2009 867 2031 non
890 2005 972 2032 sunt
994 1997 1127 2044 aliquid
1148 1997 1350 2044 corporale,
1367 1998 1463 2044 quod
1480 1997 1594 2043 possit
1615 1995 1745 2031 deferri
1759 1995 1802 2030 de

227 2053 311 2087 loco
335 2052 378 2086 ad
401 2052 542 2086 locum:
565 2063 682 2098 neque
705 2053 813 2086 etiam
836 2063 899 2097 per
921 2051 1054 2097 aliquid
1078 2051 1309 2085 immundum
1331 2059 1450 2097 potest
1471 2051 1586 2085 homo
1610 2062 1629 2084 a
1650 2057 1803 2097 peccato

228 2106 415 2142 mundari:
438 2106 737 2140 inconvenienter
759 2105 867 2151 igitur
890 2106 933 2139 ad
957 2106 1201 2152 expiationem
1223 2113 1460 2152 peccatorum
1474 2105 1601 2152 populi
1624 2104 1804 2139 Sacerdos

229 2172 335 2206 super
356 2171 470 2193 unum
492 2160 679 2193 hircorum
703 2158 941 2193 confitebatur
962 2167 1113 2205 peccata
1135 2159 1295 2193 filiorum
1316 2159 1439 2201 Israel,
1461 2167 1500 2193 ut
1521 2166 1680 2206 portaret
1699 2169 1741 2192 ea
1767 2158 1803 2192 in

229 2215 430 2248 desertum:
454 2225 517 2259 per
539 2212 650 2246 alium
671 2221 804 2254 autem,
820 2224 892 2258 quo
908 2213 1099 2247 utebantur
1114 2213 1157 2246 ad
1174 2212 1443 2259 purificationes
1465 2212 1575 2247 simul
1594 2224 1678 2247 cum
1689 2211 1803 2246 vitulo

229 2268 483 2303 comburentes
506 2274 603 2300 extra
631 2274 757 2308 castra,
789 2266 969 2300 immundi
996 2267 1247 2308 reddebantur,
1270 2266 1318 2300 ita
1341 2266 1439 2313 quod
1462 2266 1654 2313 oportebat
1675 2277 1739 2300 eos
1758 2264 1807 2299 la-

229 2333 315 2356 vare
340 2321 569 2362 vestimenta,
592 2328 627 2354 et
650 2331 796 2354 carnem
819 2331 923 2366 aqua.

305 2386 336 2421 7.
358 2375 596 2409 PRAETEREA.
620 2373 723 2415 Illud,
746 2374 842 2419 quod
866 2375 939 2419 jam
962 2381 1015 2408 est
1036 2373 1264 2416 mundatum,
1285 2384 1360 2408 non
1388 2381 1533 2420 oportet
1554 2373 1685 2407 iterum
1707 2383 1807 2406 mun-

232 2430 324 2465 dari:
353 2429 652 2463 inconvenienter
680 2427 787 2473 igitur
814 2428 987 2461 mundata
1021 2427 1120 2473 lepra
1150 2427 1322 2469 hominis,
1344 2427 1402 2462 vel
1429 2427 1538 2461 etiam
1561 2427 1637 2473 ejus
1664 2426 1807 2468 domus,

234 2483 302 2518 alia
324 2483 527 2529 purificatio
550 2481 797 2523 adhibebatur,
820 2490 857 2515 ut
884 2481 1036 2515 habetur
1058 2481 1188 2526 Levit„
1204 2491 1254 2524 14.

306 2538 337 2572 8.
361 2537 598 2572 PRAss'rfflEA.
623 2534 829 2581 Spiritualia
846 2535 1076 2568 immunditia
1097 2546 1171 2568 non
1191 2543 1309 2580 potest
1331 2546 1394 2581 per
1409 2533 1639 2580 corporalem
1663 2545 1808 2580 aquam,

234 2591 292 2626 vel
323 2591 480 2637 pilorum
515 2600 679 2623 rasuram
703 2588 907 2623 emundari:
927 2588 1173 2622 irrationabile
1201 2589 1309 2634 igitur
1330 2588 1483 2630 videtur,
1505 2587 1602 2634 quod
1624 2587 1807 2622 Dominus

237 2645 419 2691 praecepit
440 2643 554 2677 Exod.
581 2653 652 2689 3o.:
682 2643 726 2677 Ut
743 2643 837 2688 ficret
865 2642 990 2676 labium
1019 2654 1155 2676 aunuum
1180 2654 1254 2676 cum
1281 2643 1351 2676 basi
1374 2653 1435 2676 saa
1455 2641 1498 2676 ad
1519 2640 1703 2675 lavandam
1730 2652 1808 2675 ma-

237 2711 307 2739 mis,
335 2703 362 2732 cl
386 2697 479 2744 petius
505 2696 731 2737 Samrdotam,
767 2697 824 2742 qai
860 2697 1037 2740 ingressuri
1064 2701 1157 2730 crant
1184 2695 1463 2730 taimrnacuium:
1492 2703 1527 2729 et
1553 2695 1650 2741 quod
1677 2694 1810 2741 praeci-

238 2753 331 2798 pitur
352 2751 462 2785 Num.
486 2751 517 2785 8.
541 2750 638 2796 quod
666 2750 802 2784 Levitae
824 2750 1084 2795 abstergentetiir
1107 2761 1193 2795 aqua
1221 2749 1425 2784 lustrationis
1459 2754 1489 2784 ct
1521 2748 1677 2783 midai-ant
1703 2759 1811 2782 omncs

235 2805 322 2852 pilos
348 2801 458 2839 cariiis
483 2815 568 2838 sicae.

311 2870 343 2904 9.
367 2858 603 2892 PRAETEREA.
641 2856 752 2897 Quod
776 2857 892 2901 majus
919 2864 983 2897 est,
1019 2867 1092 2890 non
1120 2864 1238 2902 potest
1265 2855 1482 2891 sanctificari
1507 2866 1570 2902 per
1591 2855 1690 2897 illud,
1712 2855 1811 2902 quod

242 2912 359 2948 minus
389 2920 458 2946 est:
491 2911 789 2945 inconvenienter
823 2910 930 2955 igitur
965 2922 1026 2955 per
1053 2910 1250 2955 quamdam
1279 2911 1490 2944 unctionem
1513 2908 1754 2956 corporalem,
1776 2916 1811 2943 et
