1907 3198
517 159 739 196 QUAESTIO
773 157 924 188 XCVIII.
958 156 1206 189 ARTICULUS
1240 155 1299 186 ΠΙ.
1612 145 1695 199 699

199 243 275 280 Sel>
294 252 451 279 CONTRA
469 250 535 284 est,
556 241 654 289 quod
681 241 768 276 dicit
788 239 990 287 Apostolus
1012 239 1055 274 ad
1080 238 1200 274 Galat.
1227 249 1273 284 3.:
1298 237 1366 272 Lex
1387 236 1465 271 data
1492 242 1536 271 est
1556 242 1618 283 per
1640 249 1698 271 an-

121 297 208 345 gelos
232 298 268 332 in
288 308 391 332 manu
415 295 632 331 Mediatoris:
662 303 696 330 et
724 294 806 329 Act.
829 305 860 339 7.
892 293 979 328 dicit
1001 292 1227 340 Stephanus:
1257 291 1437 338 Accepistis
1458 290 1558 336 legem
1585 292 1619 325 in
1646 291 1696 325 di-

122 351 298 399 spositione
317 350 522 396 angelorum.

194 403 426 440 RESPONDEO
448 402 656 444 dicendum,
679 402 775 449 quod
798 402 850 437 lex
870 400 949 436 data
971 406 1016 436 est
1037 412 1058 435 a
1080 401 1153 435 Deo
1169 406 1231 446 per
1251 399 1402 445 angelon
1426 406 1462 433 et
1483 406 1624 445 praeter
1645 410 1698 432 ra-

120 457 261 495 tionem
279 456 501 504 generalem,
523 468 635 503 quam
655 456 809 502 Dionys.
825 455 986 501 assignat
999 454 1034 488 in
1049 464 1082 497 4.
1098 465 1175 500 cap.
1195 452 1300 488 Coel.
1322 452 1460 486 Hierar.
1476 452 1568 493 (ante
1582 452 1665 487 med.
1665 453 1698 497 ),

123 512 222 560 quod
248 510 366 547 divina
390 510 503 546 debent
524 510 647 554 deferri
673 509 716 544 ad
741 509 887 544 homines
912 508 1131 543 mediantibus
1156 507 1292 553 angelis,
1321 505 1488 552 specialis
1514 506 1606 540 ratio
1635 515 1698 547 est,

122 575 235 612 quare
245 563 365 612 legem
380 572 540 599 veterem
557 575 619 610 per
630 562 781 609 angelos
796 562 873 597 dari
887 562 1059 608 oportuit.
1074 561 1226 596 Dictum
1237 568 1291 595 est
1304 559 1402 608 enim
1415 560 1496 603 (art.
1513 572 1540 595 ι,
1556 560 1624 605 huj.
1636 562 1698 605 q.),

121 618 221 666 quod
241 617 301 654 lex
320 626 423 653 vetus
444 616 658 664 imperfecta
679 624 767 659 erat,
789 616 851 651 sed
875 614 1091 662 disponebat
1105 614 1150 649 ad
1168 613 1323 649 salutem
1338 611 1536 660 perfectam
1556 613 1699 658 generis

123 671 288 715 humani,
309 682 402 719 quae
423 669 543 706 futura
563 678 640 705 erat
661 681 724 717 per
746 669 952 704 Christum:
975 669 1026 703 sic
1050 676 1171 703 autem
1194 667 1336 702 videtur
1357 667 1393 701 in
1413 666 1584 701 omnibus
1603 675 1701 713 pote-

122 725 285 768 statibus,
305 733 342 760 et
362 724 496 759 artibus
517 724 705 766 ordinatis,
726 723 824 770 quod
842 722 903 757 ille
926 722 987 769 qui
1008 730 1061 757 est
1083 723 1261 768 superior,
1282 719 1536 768 principalem,
1563 728 1598 755 et
1624 731 1700 766 per-

122 777 261 815 fectum
274 786 397 813 actum
411 785 580 825 operatur
594 789 657 824 per
671 778 850 823 seipsum;
870 787 911 811 ea
930 787 1030 818 vero,
1049 786 1141 822 quae
1158 775 1355 822 disponunt
1374 775 1417 808 ad
1437 773 1698 821 perfectionem

121 831 303 875 ultimam,
323 839 494 880 operatur
519 842 583 878 per
607 842 694 866 suos
723 830 928 865 ministros:
958 831 1050 864 sicut
1075 827 1278 864 navifactor
1305 828 1541 874 compaginat
1566 839 1697 862 navem

122 896 187 934 per
205 885 378 933 seipsum,
403 885 466 921 sed
492 892 683 932 praeparat
709 884 901 919 materiam
928 894 991 930 per
1017 882 1172 917 artifices
1200 881 1532 917 subministrantes:
1559 889 1593 916 et
1614 881 1698 916 ideo

120 939 344 975 conveniens
362 937 441 982 fuit,
456 946 495 974 ut
514 937 572 974 lex
590 937 748 985 perfecta
767 937 855 972 novi
873 938 1081 972 testamenti
1101 937 1246 971 daretur
1265 935 1478 971 immediate
1500 946 1563 982 per
1578 935 1698 982 ipsum

121 992 246 1029 Deum
265 992 457 1028 hominem
478 991 634 1027 factum:
657 991 715 1027 lex
737 999 860 1027 autem
884 998 986 1026 vetus
1009 1001 1071 1037 per
1093 990 1278 1025 ministros
1299 989 1382 1032 Dei,
1404 989 1544 1024 scilicet
1558 1000 1621 1036 per
1642 1000 1702 1023 an-

18 1049 33 1075 1
121 1045 237 1094 gelos,
257 1046 403 1082 daretur
423 1045 655 1081 hominibus:
678 1054 715 1080 et
735 1056 798 1092 per
819 1045 917 1080 hunc
940 1044 1093 1079 modum
1114 1043 1318 1091 Apostolus
1333 1043 1377 1078 ad
1397 1043 1506 1078 Hebr.
1527 1053 1554 1077 1.
1570 1043 1700 1089 probat

16 1085 32 1115 ¹
122 1099 361 1136 eminentiam
381 1110 502 1135 novae
523 1098 613 1146 legis
638 1099 682 1134 ad
703 1107 885 1134 veterem:
909 1098 992 1145 quia
1007 1098 1043 1132 in
1058 1108 1158 1132 novo
1171 1105 1392 1132 testamento
1407 1097 1531 1132 locutus
1551 1101 1596 1132 est
1608 1097 1701 1132 nobis

10 1112 41 1220 ξ
122 1153 216 1190 Deus
235 1154 270 1189 in
291 1153 381 1190 Filio
397 1165 476 1189 suo:
499 1153 536 1188 in
557 1153 670 1188 veteri
693 1161 814 1187 autem
837 1159 1058 1187 testamento
1079 1156 1123 1186 est
1144 1163 1250 1187 sermo
1264 1151 1377 1197 factus
1397 1157 1460 1198 per
1486 1151 1626 1196 angelos.

4 1230 27 1244 a
194 1208 256 1244 AD
277 1217 428 1244 Panu
449 1218 538 1254 ergo
560 1206 768 1249 dicendum,
786 1206 897 1253 quod,
912 1206 1005 1240 sicut
1024 1205 1135 1251 Greg.
1151 1205 1239 1239 dicit
1252 1205 1287 1239 in
1304 1204 1482 1251 principio
1496 1203 1694 1239 Moralium

3 1254 24 1324 ff
124 1261 181 1307 (in
201 1261 351 1307 Praestat.
373 1267 446 1308 cap.
466 1273 495 1297 ι.
517 1272 538 1296 a
557 1260 684 1306 med.):
706 1260 863 1306 Angelus,
879 1261 936 1306 qui
951 1259 1061 1306 Moysi
1075 1260 1268 1306 apparuisse
1286 1258 1494 1300 describitur,
1514 1258 1610 1293 modo
1628 1259 1702 1294 An-

121 1315 222 1362 gelus,
242 1314 339 1351 modo
360 1315 529 1351 Dominus
548 1319 757 1350 memoratur
771 1327 782 1349 .·
805 1313 949 1360 Angelus
974 1313 1126 1348 videlicet
1141 1317 1285 1360 propter
1302 1312 1374 1354 hoc,
1397 1311 1484 1358 quod
1501 1313 1643 1348 exterius
1656 1312 1701 1346 lo-

123 1367 250 1415 quaudo
268 1369 452 1404 serviebat.-
474 1368 644 1404 Dominus
668 1373 777 1403 autem
799 1367 934 1410 dicitur,
957 1368 1036 1413 quia
1058 1367 1196 1401 interius
1210 1366 1401 1413 praesidens
1420 1365 1573 1412 loquendi
1593 1366 1696 1412 effica-

123 1422 213 1458 ciam
231 1422 467 1458 ministrabat:
489 1430 525 1457 et
544 1421 629 1456 inde
650 1430 705 1456 est
725 1421 849 1463 etiam,
871 1420 969 1468 quod
991 1420 1095 1467 quasi
1122 1431 1164 1455 ex
1191 1431 1347 1467 persona
1373 1419 1526 1454 Domini
1547 1419 1698 1466 angelus

121 1474 348 1523 loquebatur.

192 1529 254 1565 At>
274 1539 483 1566 SECUNDUM
497 1528 706 1572 dicendum,
720 1529 831 1576 quod,
846 1528 938 1563 sicut
957 1529 1056 1575 Aug.
1073 1528 1161 1562 dicit
1187 1538 1238 1562 12.
1258 1539 1366 1575 super
1382 1527 1474 1563 Gen.
1491 1527 1535 1562 ad
1551 1527 1692 1562 literam

119 1583 213 1631 (cap.
234 1593 288 1630 27.
303 1582 408 1631 paulo
429 1588 502 1630 post
516 1584 661 1630 princ),
684 1583 720 1617 in
743 1582 856 1617 Exod.
879 1582 1026 1617 dicitur:
1050 1582 1195 1617 Locutus
1220 1587 1263 1617 est
1284 1582 1454 1616 Dominus
1480 1582 1590 1628 Moysi
1602 1582 1695 1628 facie

117 1636 163 1673 ad
175 1637 323 1684 jamenu
349 1644 386 1672 et
410 1636 521 1684 paulo
547 1645 631 1684 post
651 1636 832 1672 subditur:
858 1635 996 1672 Ostende
1018 1636 1102 1670 mihi
1124 1635 1270 1682 gloriam
1293 1640 1396 1670 tuam.
1423 1635 1590 1671 Sentiebat
1616 1647 1694 1681 ergo

118 1689 206 1739 quod
221 1689 367 1734 videbat,
389 1695 421 1726 et
440 1690 528 1737 quod
548 1702 615 1726 non
635 1689 780 1734 videbat,
802 1689 1008 1724 desiderabat
1015 1702 1027 1730 ;
1051 1700 1126 1724 non
1145 1700 1234 1735 ergo
1256 1689 1404 1724 videbat
1426 1689 1542 1736 ipsam
1560 1689 1631 1724 Dei
1645 1700 1698 1724 es-

117 1744 286 1787 sentiam,
307 1752 343 1780 et
362 1743 413 1779 ita
433 1755 508 1780 non
530 1744 742 1779 immediate
769 1743 813 1778 ab
835 1754 880 1778 eo
906 1743 1166 1785 instruebatur3
1194 1742 1291 1789 quod
1319 1753 1407 1789 ergo
1435 1742 1576 1784 dicitur,
1599 1743 1696 1789 quod

116 1797 315 1845 loquebatur
334 1799 365 1833 ci
378 1798 471 1845 facie
489 1797 532 1833 ad
544 1798 685 1845 faciem,
707 1797 908 1832 secundum
932 1797 1145 1843 opinionem
1169 1796 1293 1843 populi
1315 1795 1476 1842 loquitur
1498 1796 1696 1843 Scriptura,

116 1851 180 1899 qui
199 1851 348 1899 putabat
366 1851 537 1898 Moysem
554 1863 610 1887 ore
630 1851 674 1886 ad
695 1863 727 1886 os
745 1851 837 1897 loqui
856 1861 940 1885 cum
959 1850 1055 1893 Deo,
1074 1861 1159 1885 cum
1178 1861 1242 1896 per
1257 1850 1458 1896 subjectam
1478 1858 1696 1892 creaturam,

115 1904 209 1941 idest
228 1916 292 1953 per
317 1904 502 1952 angelum,
529 1913 564 1940 et
592 1905 740 1947 nubem,
762 1905 795 1939 ei
816 1903 1037 1951 loqueretur,
1060 1912 1096 1938 et
1117 1912 1326 1950 appareret:
1349 1903 1407 1938 vel
1429 1915 1493 1950 per
1515 1903 1695 1938 visionem

115 1957 224 1995 faciei
236 1958 450 2006 intelligitur
463 1959 645 2007 quaedam
664 1958 830 1994 eminens
849 1957 1126 2005 contemplatio,
1142 1966 1177 1992 et
1195 1956 1385 1992 familiaris
1404 1956 1496 1992 infra
1515 1957 1692 1992 essentiae

117 2013 262 2048 divinae
283 2012 475 2048 visionem.

188 2066 251 2103 An
272 2076 445 2102 τεκτιυκ
468 2066 676 2108 dicendum,
698 2065 796 2113 quod
823 2065 936 2101 solius
966 2064 1138 2112 principis
1169 2073 1223 2100 est
1248 2076 1312 2100 sua
1335 2064 1549 2100 auctoritate
1571 2063 1692 2109 legem

118 2119 324 2164 instituere3
344 2119 408 2156 sed
429 2120 650 2167 quandoque
668 2119 788 2166 legem
803 2119 1005 2154 institutam
1028 2130 1091 2165 per
1113 2118 1204 2154 alios
1227 2118 1452 2165 promulgat:
1473 2127 1507 2153 et
1529 2119 1576 2153 ita
1595 2118 1696 2153 Deus

116 2184 184 2210 sua
204 2173 420 2210 auctoritate
440 2173 594 2209 instituit
614 2173 747 2220 legem,
770 2173 832 2208 sed
859 2184 922 2220 per
949 2172 1101 2219 angelos
1127 2172 1384 2220 promulgavit.

681 2346 1028 2392 ARTICULUS
1064 2347 1138 2390 [V.
1628 2368 1687 2404 521

164 2453 319 2486 UTRUM
350 2454 435 2485 LEx
466 2454 608 2486 VETUS
643 2455 746 2486 DARI
781 2455 999 2486 DEBUERIT
1033 2455 1132 2485 SOLI
1167 2455 1345 2485 POPULO
1378 2455 1658 2498 JUDAEORUM.

391 2553 497 2600 (Insr.
518 2559 585 2591 art.
604 2566 633 2601 5.
655 2560 747 2602 corp.
765 2560 796 2590 et
814 2566 843 2602 3.
866 2555 954 2590 Dist.
977 2567 1025 2601 ²5·
1044 2567 1074 2602 q.
1097 2567 1128 2591 2.
1151 2560 1215 2590 art.
1238 2566 1269 2590 2.
1293 2555 1336 2589 ad
1355 2556 1412 2601 3.).

190 2654 252 2691 AD
272 2664 464 2695 αυΑΙιτυκ
485 2655 537 2690 sic
556 2655 774 2702 proceditur.
790 2654 953 2698 Videtur,
971 2657 1068 2703 quod
1089 2655 1143 2691 lex
1163 2664 1265 2691 vetus
1288 2667 1361 2691 non
1384 2656 1506 2690 debuit
1528 2656 1604 2690 dari
1626 2654 1694 2690 soli

116 2707 256 2757 populo
271 2707 513 2755 judaeorum:
540 2708 596 2744 lex
619 2710 717 2744 enim
739 2719 841 2745 vetus
861 2710 1076 2757 disponebat
1099 2710 1142 2744 ad
1166 2709 1333 2751 salutem,
1352 2721 1444 2756 quae
1472 2709 1589 2743 sutura
1617 2717 1693 2744 erat

119 2772 182 2810 per
195 2760 398 2807 Christum,
411 2771 450 2798 ut
469 2762 608 2798 dictum
629 2771 683 2798 est
699 2765 933 2810 (art.pr·aec.).·
952 2763 1013 2798 scd
1033 2763 1129 2798 salus
1149 2763 1209 2798 illa
1231 2775 1305 2798 uon
1328 2772 1404 2798 crat
1431 2762 1547 2797 sutura
1570 2762 1691 2797 solum

117 2814 331 2863 inJudaeis,
349 2815 415 2852 sea
434 2816 471 2852 in
491 2817 662 2852 omnibus
688 2817 869 2863 gentibus,
891 2818 1091 2853 secundum
1118 2817 1206 2852 illud
1231 2818 1296 2852 isa.
1324 2828 1400 2863 49³
1430 2817 1557 2852 Parum
1579 2823 1633 2858 ese,
1661 2822 1696 2851 ut

117 2869 161 2906 εἰς
179 2869 265 2906 mibi
281 2881 395 2906 servus
414 2869 458 2906 ad
476 2870 677 2906 suscitandas
696 2872 801 2907 tribus
817 2872 936 2916 jacob,
956 2877 987 2908 et
1000 2871 1114 2918 jactes
1142 2871 1245 2907 Israel
1265 2871 1529 2907 convertendas.-
1558 2871 1646 2906 Dedi
1667 2876 1694 2906 lc
