1907 3198
531 193 757 229 QUAESTIO
791 197 848 228 LI.
882 199 1129 231 ARTICULUS
1163 201 1192 233 1.
1567 210 1588 252 3
1598 210 1651 253 59

67 269 138 305 lius
157 269 230 306 Dei
256 280 328 306 est:
351 272 387 307 id
415 274 526 318 enim,
548 287 622 323 quo
649 278 786 326 aliquid
808 283 1058 328 cognoscitur,
1081 293 1227 331 oportet
1248 297 1327 322 esse
1351 289 1536 324 actualem
1557 292 1653 327 simi-

64 323 256 360 litudinem
283 327 372 372 ejus,
398 328 498 375 quod
525 333 781 376 cognoscitur:
809 335 905 370 unde
930 346 1156 383 sequeretur,
1183 340 1213 374 si
1235 340 1409 387 'potentia
1439 344 1560 390 angeli
1588 358 1652 393 per

65 376 225 424 seipsam
247 390 492 426 cognosceret
513 385 652 427 omnia,
674 387 772 433 quod
795 397 891 424 esset
912 390 1127 434 similitudo,
1151 401 1186 427 et
1208 402 1310 429 actus
1333 397 1524 432 omnium:
1553 400 1650 435 unde

64 439 222 477 oportet,
243 434 342 480 quod
363 436 654 482 superaddantur
673 442 860 486 potentiae
881 443 1127 480 intellectivae
1145 446 1259 493 ipsius
1279 448 1423 496 aliquae
1442 452 1582 498 species
1601 454 1652 489 in-

62 483 284 532 telligibiles,
305 498 399 534 quae
421 498 505 524 sunt
525 491 783 530 similitudines
810 508 933 531 rerum
955 497 1246 544 intellectarum
1268 503 1353 548 quia
1375 515 1439 550 per
1460 507 1651 554 participa-

61 537 203 574 tionem
228 540 374 576 divinae
395 544 608 590 sapientiae,
625 555 660 582 et
681 559 757 583 non
774 561 839 596 per
857 552 1053 587 essentiam
1069 555 1256 601 propriam
1271 567 1425 603 possunt
1438 559 1648 597 intellectus

61 601 192 628 eorum
214 605 293 629 esse
316 603 398 630 actu
422 608 465 631 ea
486 609 579 645 quae
598 601 822 649 intelligunt:
846 612 882 639 et
903 605 954 640 sic
976 614 1086 653 patet,
1109 610 1208 654 quod
1234 621 1309 645 non
1339 622 1450 647 omne
1472 613 1521 657 id,
1549 616 1648 661 quod

60 645 216 692 pertinet
237 647 282 682 ad
303 648 471 685 habitum
488 653 706 698 naturalem,
726 664 847 702 potest
869 659 912 693 ad
935 661 1140 706 potentiam
1162 664 1353 709 pertinere.

129 700 192 736 AD
210 705 385 738 TERTIUM
403 704 613 750 dicendum,
632 710 731 755 quod
745 718 874 746 natura
889 724 964 747 non
980 714 1182 760 aequaliter
1195 728 1234 751 se
1253 718 1364 753 habet
1382 720 1426 754 ad
1442 723 1645 759 causandas

58 762 189 789 omnes
209 754 438 792 diversitates
459 758 668 796 habituum:
692 763 776 810 quia
795 765 945 811 quidam
963 777 1117 814 possunt
1136 771 1278 805 causari
1297 783 1318 806 a
1336 781 1479 817 natura,
1495 776 1644 822 quidam

56 817 144 850 non,
165 815 205 842 ut
224 819 332 856 supra
354 810 494 847 dictum
516 822 570 849 est
591 815 644 860 (in
661 817 757 853 solut.
772 820 908 865 praec.)
925 833 935 855 .·
958 829 994 856 et
1007 821 1092 857 ideo
1107 834 1182 859 non
1197 826 1372 873 sequitur,
1390 828 1420 862 si
1443 829 1555 877 aliqui
1573 832 1645 868 sint

55 859 200 897 habitus
219 863 417 908 naturales,
439 867 537 913 quod
560 879 692 906 omnes
713 871 785 906 sint
804 874 1001 910 naturales.

628 1011 978 1060 ARTICULUS
1008 1017 1064 1062 II.
1570 1039 1640 1085 278

271 1114 429 1146 UTRUM
451 1117 630 1156 ALIQUIS
654 1120 844 1154 ΗΑΒῑτυε
874 1125 1108 1158 CAUSETUR
1134 1129 1190 1158 Ex
1218 1130 1422 1163 Aermus.

70 1198 175 1247 (Insr.
189 1212 221 1248 q.
235 1201 285 1249 63.
300 1208 365 1238 art.
381 1215 413 1239 2.
427 1210 456 1240 et
469 1205 555 1241 Mal.
569 1219 600 1254 q.
615 1219 646 1244 2.
662 1214 728 1244 art.
743 1221 774 1245 2.
789 1211 833 1246 ad
845 1223 878 1256 4.
887 1218 923 1301 Ξῖ
936 1213 1017 1312 6.)et
1037 1215 1125 1252 Veri.
1139 1228 1169 1263 q.
1185 1229 1212 1252 1.
1228 1223 1293 1253 art.
1309 1219 1342 1254 6.
1359 1227 1449 1267 corp.
1465 1227 1494 1257 et
1506 1222 1550 1257 ad
1565 1236 1618 1260 ιο.

672 1268 702 1298 et
723 1269 788 1299 art.
810 1276 842 1300 2.
865 1278 884 1300 a
929 1279 972 1314 13.
997 1295 1004 1302 .

119 1342 182 1379 An
203 1350 415 1382 SECUNDUM
436 1347 488 1383 sic
509 1350 730 1396 proceditur.
750 1351 915 1398 Videtur,
935 1357 1033 1403 quod
1053 1358 1175 1394 nullus
1193 1359 1338 1397 habitus
1357 1365 1472 1410 possit
1490 1377 1533 1401 ex
1553 1376 1635 1402 actu

48 1397 208 1432 causari:
229 1397 375 1435 habitus
390 1401 488 1436 enim
505 1411 559 1438 est
572 1404 727 1450 qualitas
742 1407 937 1457 quaedam,
952 1418 990 1445 ut
1004 1422 1112 1458 supra
1131 1413 1270 1449 dictum
1286 1425 1339 1451 est
1353 1418 1401 1464 (q.
1416 1430 1474 1465 49.
1491 1426 1556 1456 art.
1572 1434 1599 1457 1.
1599 1422 1634 1467 ).·

46 1450 167 1486 omnis
195 1460 320 1488 autem
346 1454 502 1502 qualitas
529 1466 700 1506 causatur
724 1459 763 1508 in
790 1460 913 1509 aliquo
943 1464 1120 1511 subjecto,
1155 1468 1374 1515 inquantum
1402 1482 1455 1507 est
1482 1474 1634 1521 alicujus

46 1505 292 1551 receptivum3
319 1518 406 1543 cum
431 1509 542 1556 igitur
568 1522 680 1558 agens
708 1525 752 1549 ex
777 1514 851 1550 hoc
879 1518 977 1563 quod
1005 1519 1091 1566 agit,
1117 1532 1193 1556 non
1219 1524 1373 1570 recipiat
1399 1526 1547 1573 aliquid,
1571 1530 1634 1564 sed

45 1558 163 1605 magis
183 1570 228 1594 ex
246 1571 286 1596 se
307 1562 461 1606 emittat,
482 1564 627 1600 videtur
655 1567 755 1614 quod
784 1580 860 1604 non
888 1571 1004 1617 possit
1033 1573 1164 1621 aliquis
1193 1575 1338 1612 habitus
1365 1579 1403 1614 in
1434 1590 1567 1627 agente
1589 1594 1633 1618 ex

42 1612 198 1660 propriis
219 1614 360 1651 actibus
381 1618 560 1663 generari.

113 1675 147 1701 2.
167 1666 408 1705 PRAETEREA.
429 1670 537 1715 Illud,
558 1673 595 1708 in
617 1685 691 1721 quo
714 1685 885 1713 causatur
912 1679 1034 1727 aliqua
1060 1682 1229 1728 qualitas,
1251 1695 1421 1722 movetur
1448 1689 1492 1723 ad
1520 1690 1633 1736 quali-

40 1726 154 1755 tatem
174 1720 298 1766 illam3
320 1723 414 1759 sicut
434 1734 533 1772 patet
554 1727 590 1762 in
610 1739 648 1763 re
670 1729 858 1775 calefacta,
873 1733 931 1768 vel
946 1734 1174 1782 infrigidata:
1197 1740 1295 1785 quod
1315 1749 1438 1776 autem
1461 1744 1632 1790 producit

41 1781 164 1809 actum
186 1785 401 1813 causantem
428 1780 654 1826 qualitatem,
684 1793 827 1828 movet;
855 1794 895 1821 ut
923 1796 1023 1834 patet
1052 1789 1096 1824 de
1125 1791 1374 1837 calefaciente,
1406 1797 1464 1831 vel
1495 1797 1632 1845 infrigi-

40 1826 168 1872 dante;
189 1829 220 1864 si
238 1829 352 1877 igitur
370 1831 407 1866 in
430 1832 554 1881 aliquo
573 1845 785 1872 causaretur
802 1839 948 1876 habitus
967 1853 1031 1888 per
1051 1852 1174 1879 actum
1193 1846 1249 1880 sui
1266 1847 1390 1894 ipsius,
1405 1860 1629 1897 sequeretur,

39 1881 138 1928 quod
158 1882 257 1918 idem
278 1894 374 1920 esset
394 1898 562 1931 movens,
583 1898 620 1924 et
641 1899 798 1935 motum,
821 1905 945 1940 agens,
968 1904 1004 1930 et
1025 1898 1166 1943 patiens
1196 1899 1257 1945 [al.
1279 1902 1333 1936 vel
1355 1903 1440 1938 idem
1466 1916 1576 1951 agens,
1599 1912 1630 1942 et

33 1936 201 1983 patiensJ:
224 1939 323 1985 quod
346 1948 400 1975 est
421 1941 661 1989 impossibile,
684 1954 722 1980 ut
744 1946 876 1982 dicitur
896 1949 932 1983 in
960 1961 988 1996 3.
1012 1951 1147 1998 Physic
1172 1952 1252 1998 (tex.
1275 1956 1337 2001 8.).

111 2001 141 2037 3.
159 1989 400 2029 PRAETEREA.
419 1993 581 2031 Effectus
602 2009 678 2032 non
700 2008 822 2046 potest
848 2012 926 2037 esse
953 2004 1115 2040 nobilior
1139 2017 1205 2041 sua
1233 2020 1363 2046 causa:
1391 2013 1454 2046 sed
1482 2012 1626 2050 habitus

37 2050 94 2078 est
108 2043 281 2089 nobilior,
302 2058 414 2094 quam
437 2057 538 2085 actus
559 2053 784 2097 praecedens
806 2054 993 2093 habiturn:
1017 2059 1115 2105 quod
1138 2069 1237 2107 patet
1263 2074 1307 2097 ex
1333 2063 1418 2108 hoc,
1441 2067 1539 2113 quod
1562 2079 1628 2103 no-

0 2090 4 2094 *
34 2095 182 2134 biliores
204 2107 306 2135 actus
328 2101 466 2146 reddit;
494 2114 583 2151 ergo
610 2105 755 2142 habitus
782 2119 856 2143 non
884 2119 1005 2157 potest
1031 2114 1174 2148 causari
1201 2115 1244 2150 ab
1273 2126 1356 2152 actu
1382 2122 1626 2165 praecedente

35 2149 213 2188 habitum.

56 2215 66 2232 1
106 2204 183 2242 SED
204 2217 362 2244 coum
383 2218 449 2254 est,
470 2212 569 2258 quod
591 2212 840 2262 Philosophus
867 2217 903 2252 in
932 2228 964 2253 2.
986 2219 1105 2256 Ethic.
1129 2222 1218 2270 (cap.
1240 2236 1268 2261 1.
1291 2231 1322 2261 et
1342 2228 1391 2271 2.)
1409 2227 1535 2265 docet:
1563 2230 1625 2265 ha-

33 2256 129 2295 bitus
146 2260 336 2306 virtutum,
358 2271 395 2299 et
413 2264 588 2301 vitiorum
611 2278 653 2302 ex
675 2269 815 2304 actibus
838 2273 992 2307 causari.

103 2311 337 2352 RESPONDI-:o
359 2316 569 2363 dicendum,
591 2321 690 2368 quod
705 2322 742 2356 in
758 2335 888 2370 agente
907 2327 1128 2376 quandoque
1143 2339 1197 2365 est
1211 2331 1333 2367 solum
1349 2335 1509 2371 activum
1529 2337 1624 2384 prin-

34 2364 173 2414 cipium
190 2368 248 2404 sui
267 2378 390 2415 actus;
415 2372 512 2408 sicut
530 2374 567 2408 in
589 2375 674 2422 igne
701 2384 757 2411 est
780 2377 903 2414 solum
925 2381 1145 2429 principium
1173 2386 1335 2421 activum
1364 2389 1620 2426 calefaciendi:

33 2425 72 2455 et
88 2419 126 2455 in
146 2421 213 2457 tali
232 2432 364 2470 agente
385 2436 463 2461 non
490 2435 612 2474 potest
637 2430 692 2464 sui
719 2430 848 2478 aliquis
875 2433 1021 2470 habitus
1047 2439 1190 2473 causari
1217 2451 1260 2474 ex
1287 2443 1437 2488 proprio
1461 2453 1563 2487 actu3
1586 2454 1622 2481 et

32 2469 116 2510 inde
133 2476 198 2518 est,
216 2477 315 2524 quod
333 2489 390 2514 res
408 2481 594 2516 naturales
610 2494 687 2517 non
705 2494 860 2530 possunt
877 2487 1014 2534 aliquid
1033 2501 1286 2536 consuescere,
1306 2495 1364 2530 vel
1384 2497 1619 2542 dissuescere,

10 2525 223 2564 ''tit-dicitur
242 2531 280 2566 in
301 2541 335 2567 2.
357 2532 476 2568 Ethic.
500 2535 551 2579 (in
567 2538 682 2583 princ.
703 2538 791 2584 lr‘ln).
814 2539 1002 2577 Invenitur
1024 2551 1146 2580 autem
1169 2546 1318 2594 aliquod
1341 2561 1466 2596 agens,
1488 2552 1525 2586 in
1545 2564 1618 2599 quo

0 2579 91 2643 ³fssoet
107 2582 328 2631 principium
346 2587 520 2631 activum,
535 2597 571 2624 et
584 2591 771 2636 passivum
785 2593 840 2627 sui
855 2603 976 2638 actus;
999 2597 1094 2632 sicut
1106 2608 1205 2645 patet
1219 2600 1255 2635 in
1272 2602 1410 2638 actibus
1426 2604 1618 2642 humanis:

8 2643 118 2679 gnam
137 2645 239 2673 actus
260 2639 479 2687 appetitivae
496 2642 638 2678 virtutis
663 2646 868 2691 procedunt
888 2659 909 2682 a
928 2650 963 2683 vi
987 2653 1195 2697 appetitiva,
1210 2656 1411 2690 secundum
1428 2659 1525 2704 quod
1542 2671 1619 2695 rno-

3 2683 135 2747 §vetur
153 2701 176 2725 a
192 2690 233 2726 vi
253 2693 520 2740 apprehensiva
541 2707 836 2743 repraesentante
859 2702 1063 2748 objectum:
1085 2714 1122 2741 et
1138 2707 1289 2743 ulterius
1307 2710 1361 2744 vis
1380 2711 1616 2757 intellectiva,

12 2752 15 2757 ·
70 2743 232 2780 cundum
253 2746 352 2793 quod
374 2749 616 2785 ratiocinatur
635 2751 681 2786 de
702 2753 1015 2800 conclusionibus,
1037 2758 1149 2794 habet
1169 2761 1263 2796 sicut
1288 2763 1509 2811 principium
1533 2767 1618 2802 acti-

3 2750 130 2840 ἕως
146 2800 443 2846 propositionem
463 2813 528 2849 per
547 2815 586 2839 se
608 2813 756 2849 notam3
778 2808 873 2843 unde
896 2821 938 2844 ex
960 2810 1092 2847 talibus
1115 2814 1255 2850 actibus
1274 2827 1427 2862 possunt
1448 2819 1484 2853 in
1508 2831 1616 2867 agen-

142 2850 255 2900 aliqui
276 2853 421 2890 habitus
442 2857 596 2900 causari,
619 2869 694 2893 non
716 2860 864 2907 quidem
887 2873 1065 2910 quantum
1087 2867 1133 2902 ad
1152 2869 1314 2914 primum
1337 2872 1499 2907 activum
1519 2875 1614 2920 prin-

99 2915 176 2948 um,
194 2907 258 2942 sed
279 2915 459 2955 quantum
481 2911 525 2945 ad
547 2911 768 2960 principium
791 2924 905 2958 actus,
929 2919 1026 2964 quod
1048 2930 1175 2956 movet
1196 2932 1358 2959 motum:
1386 2937 1472 2960 nam
1501 2938 1612 2964 omne
