1875 3198
219 194 301 235 862
638 203 859 239 QUAESTIO
894 202 1014 232 CXIII.
1049 200 1293 231 ARTICULUS
1325 201 1353 230 Ι.

217 286 272 320 sui
297 286 436 320 ratione
463 285 636 332 importet
661 284 859 331 quamdam
886 283 1140 318 rectitudinem
1167 281 1276 324 ordis,
1310 281 1485 328 dupliciter
1510 280 1627 327 accipi
1651 287 1780 327 potest.

223 340 295 374 Uno
320 339 416 373 modo
438 340 641 373 secundum
663 339 759 384 quod
782 339 953 383 importat
979 337 1145 371 ordinem
1169 343 1310 369 rectum
1332 335 1369 368 in
1389 334 1468 381 ipso
1497 342 1578 368 actu
1603 334 1781 368 hominis:

217 401 251 427 et
268 393 468 427 secundum
489 393 561 426 hoc
583 392 715 438 justitia
730 392 875 438 ponitur
888 391 1000 424 virtus
1018 390 1215 436 quaedam3
1237 389 1312 422 sive
1335 388 1380 422 sit
1400 387 1623 434 particularis
1638 387 1782 433 justitia,

217 458 308 492 quae
341 447 483 480 ordinat
517 454 635 480 actum
663 445 823 479 hominis
855 444 1055 478 secundum
1088 443 1343 477 rectitudinem
1368 442 1404 475 in
1432 441 1705 488 comparatione
1739 440 1783 474 ad

217 500 329 533 aliurn
351 499 572 545 singularem
595 499 804 540 hominem,
827 499 900 532 sive
923 497 967 531 sit
987 497 1121 542 justitia
1143 495 1281 542 legalis,
1304 507 1395 541 quae
1418 495 1560 529 ordinat
1581 494 1781 529 secundum

216 554 470 587 rectitudinem
495 561 595 586 actus
616 552 777 586 hominis
804 552 840 584 in
870 550 1145 596 comparatione
1175 550 1218 583 ad
1243 550 1382 583 bonum
1409 559 1607 582 commune
1628 547 1786 581 multitu-

216 607 320 648 dinis,
342 615 380 641 ut
401 614 498 653 patet
519 606 554 639 in
582 617 608 650 5.
633 605 713 639 Eth.
740 605 826 651 (sap.
854 605 912 649 1.).
936 605 1014 638 Alio
1036 603 1131 637 modo
1154 603 1284 637 dicitur
1309 602 1454 648 justitia,
1481 609 1588 648 prout
1612 601 1786 647 importat

216 661 469 695 rectitudinem
492 659 689 705 quamdam
712 658 847 692 ordinis
869 658 904 691 in
927 658 1003 704 ipsa
1025 657 1187 691 interiori
1210 656 1446 702 dispositione
1473 654 1655 697 hominis;
1677 662 1784 701 prout

217 714 355 748 scilicet
369 724 581 760 supremum
595 713 755 746 hominis
774 712 937 746 subditur
958 712 1052 752 Deo,
1068 719 1102 745 et
1116 710 1303 745 inferiores
1317 710 1410 744 vires
1427 709 1571 744 animae
1585 709 1786 743 subduntur

217 779 419 814 supremae,
446 767 585 801 scilicet
611 766 764 800 rationi:
802 773 836 800 et
869 765 963 798 hanc
991 765 1101 799 etiam
1128 764 1404 810 dispositionem
1436 770 1546 797 vocat
1577 761 1715 796 Philos.
1749 761 1784 795 in

222 832 249 866 5.
270 821 385 856 Ethic.
401 821 490 867 (cap.
511 820 584 864 ult.)
600 821 767 865 justiliam
782 819 1004 866 metaphorice
1018 818 1150 852 dictam.
1167 818 1267 852 Haec
1284 825 1404 851 autem
1426 817 1560 862 justitia
1580 816 1618 850 in
1631 815 1784 850 homine

218 883 337 921 potest
362 874 438 908 fieri
464 874 650 920 dupliciter.
680 874 751 907 Uno
775 873 921 918 quidem
944 871 1038 906 modo
1061 883 1124 918 per
1150 871 1303 905 modum
1330 870 1505 917 simplicis
1528 868 1785 915 generationis,

219 928 279 974 qui
301 936 354 962 est
375 939 417 961 ex
435 927 637 973 privatione
660 927 703 960 ad
724 925 900 960 formam:
926 933 960 960 et
979 925 1051 959 hoc
1074 925 1186 959 modo
1204 924 1412 971 justificatio
1433 931 1557 970 posset
1579 930 1786 969 competere

219 982 329 1016 etiam
360 981 403 1023 ei,
433 981 494 1027 qui
522 992 598 1014 non
628 988 722 1014 esset
746 980 782 1013 in
810 986 974 1025 peccato,
1003 979 1089 1012 dum
1115 978 1328 1024 hujusmodi
1349 977 1524 1024 justitiam
1547 988 1567 1010 a
1586 977 1670 1011 Deo
1697 975 1788 1009 acci-

219 1044 334 1082 peret:
357 1036 449 1069 sicut
471 1035 593 1069 Adam
616 1034 745 1068 dicitur
773 1034 956 1079 accepisse
984 1032 1201 1079 originalem
1227 1032 1413 1078 justitiam.
1440 1031 1520 1066 Alio
1547 1030 1642 1065 modo
1669 1037 1788 1075 potest

218 1089 293 1123 fieri
315 1088 672 1134 hujusmodijustitia
695 1087 731 1121 in
752 1088 904 1121 homine
919 1087 1120 1121 secundum
1142 1085 1323 1120 rationem
1336 1093 1471 1127 motus,
1493 1086 1554 1131 qui
1573 1092 1626 1119 est
1639 1085 1683 1118 de
1705 1095 1789 1118 con-

217 1144 327 1178 trario
342 1143 378 1176 in
394 1142 635 1184 contrarium3
658 1150 693 1176 et
714 1141 916 1176 secundum
934 1141 1006 1174 hoc
1021 1139 1228 1186 justificatio
1247 1140 1419 1186 importat
1431 1137 1787 1173 tramsmutationem

219 1197 417 1243 quamdam
435 1196 478 1230 de
492 1204 586 1230 statu
607 1195 801 1241 injustitiae
824 1195 868 1229 ad
890 1202 1023 1229 statum
1037 1194 1193 1239 justitiae
1215 1193 1438 1239 praedictae:
1462 1200 1497 1226 et
1517 1192 1589 1226 hoc
1611 1191 1724 1225 modo
1739 1190 1789 1224 lo-

218 1251 363 1297 quimur
379 1250 439 1284 hic
454 1250 497 1284 de
512 1249 766 1295 justificatione
788 1248 901 1294 impii,
925 1247 1125 1282 secundum
1147 1246 1235 1281 illud
1257 1247 1386 1292 Apost.
1402 1245 1446 1280 ad
1461 1245 1568 1280 Rom.
1582 1254 1636 1288 4.:
1657 1245 1712 1286 Ei,
1732 1245 1789 1290 qui

220 1317 284 1339 non
303 1309 469 1351 operatur,
489 1304 633 1339 credenti
654 1308 762 1337 autam
784 1304 819 1336 vin
840 1315 925 1344 eum,
949 1302 1179 1348 quijzcstificat
1205 1302 1358 1347 impium,
1382 1308 1466 1334 etc.:
1495 1307 1531 1334 et
1557 1299 1640 1345 quia
1667 1305 1789 1332 motus

219 1359 474 1393 denominatur
495 1358 612 1404 magis
634 1369 653 1391 a
674 1357 831 1391 termino
854 1356 896 1391 ad
918 1368 1024 1402 qnam,
1048 1367 1158 1401 quam
1181 1366 1199 1388 a
1225 1354 1382 1389 termino
1410 1365 1430 1388 α
1457 1365 1532 1399 quo,
1559 1352 1642 1386 ideo
1670 1351 1790 1397 hujus-

220 1413 320 1447 modi
338 1413 605 1453 transmutatio,
625 1423 695 1457 qua
715 1410 842 1457 aliquis
860 1417 1121 1444 transmutatur
1136 1421 1155 1443 a
1169 1416 1263 1443 statu
1281 1408 1476 1454 injustitiae
1491 1407 1536 1441 ad
1547 1413 1681 1441 statum
1694 1405 1791 1452 justi-

219 1467 289 1501 tiae
312 1478 375 1512 per
396 1465 650 1500 remissionem
672 1465 823 1511 peccati,
845 1464 992 1498 sortitur
1013 1474 1150 1497 nomen
1170 1475 1189 1497 a
1207 1463 1364 1497 termino
1387 1461 1429 1496 ad
1449 1473 1565 1508 quanm
1583 1468 1618 1496 et
1638 1467 1790 1494 vocatur

215 1521 409 1566 justificatio
433 1521 538 1565 impii.

291 1574 351 1608 AD
363 1583 511 1608 PRIMUM
521 1583 608 1617 ergo
623 1571 828 1613 dicendum,
840 1572 936 1617 quod
953 1582 1062 1605 omne
1075 1578 1278 1616 peccatum,
1290 1568 1491 1604 secundum
1506 1568 1603 1615 quod
1617 1568 1791 1614 importat

221 1628 419 1674 quamdam
433 1625 742 1660 inordinationem
758 1625 889 1659 mentis
903 1636 977 1658 non
993 1625 1156 1659 subditae
1171 1625 1265 1666 Deo,
1280 1624 1446 1670 injustitia
1460 1629 1580 1669 potest
1601 1621 1672 1655 dici
1693 1632 1792 1668 prae-

221 1684 337 1717 dictae
359 1681 514 1727 justitiae
538 1681 730 1722 contraria,
750 1679 949 1714 secundum
972 1678 1060 1713 illud
1088 1689 1114 1712 1.
1133 1678 1237 1723 Joan.
1263 1689 1312 1724 3.:
1339 1678 1468 1719 Omnis,
1492 1676 1651 1723 quisacit
1669 1682 1789 1722 pecca-

221 1742 304 1779 tum,
327 1742 357 1771 at
379 1737 587 1782 iniquitatem
614 1735 707 1777 facit,
736 1740 765 1769 ct
784 1739 960 1780 pcccatmn
982 1738 1026 1768 est
1046 1734 1218 1779 iniqnitas:
1247 1740 1281 1766 et
1307 1731 1508 1766 secundum
1533 1730 1606 1765 hoc
1633 1729 1790 1764 remotio

221 1789 410 1836 cujuslibet
430 1789 572 1834 peccati
592 1788 721 1822 dicitur
737 1788 940 1834 justificatio.

292 1844 350 1877 AD
381 1853 589 1878 SECUNDUM
619 1841 826 1883 dicendum,
855 1841 951 1887 quod
985 1840 1086 1882 fides,
1113 1848 1148 1874 et
1175 1839 1332 1874 charitas
1359 1839 1484 1873 dicunt
1517 1837 1682 1872 ordinem
1716 1848 1793 1884 spe-

221 1898 351 1934 cialem
373 1898 504 1932 mentis
525 1897 709 1931 humanae
733 1896 776 1930 ad
798 1896 920 1929 Deum
942 1895 1142 1929 secundum
1166 1893 1405 1935 intellectum,
1426 1892 1486 1927 vel
1513 1891 1700 1926 affectum:
1729 1890 1791 1925 sed

219 1952 354 1998 justitia
375 1953 548 1996 importat
568 1949 785 1997 generaliter
802 1957 918 1984 totam
940 1948 1196 1984 rectitudinem
1211 1947 1365 1981 ordinis:
1389 1954 1424 1981 et
1444 1946 1529 1980 ideo
1546 1945 1664 1991 magis
1685 1944 1792 1978 deno-

220 2006 378 2040 minatur
398 2005 609 2050 hujusmodi
630 2003 884 2038 transmutatio
908 2014 926 2036 a
948 2002 1094 2048 justitia,
1116 2013 1227 2048 quam
1249 2012 1269 2035 a
1292 2001 1479 2042 charitate,
1500 1999 1559 2034 vel
1580 1999 1661 2033 fide.

293 2060 353 2093 AD
381 2069 553 2093 TERTmM
580 2058 775 2092 dicendum
803 2056 900 2103 quod
927 2055 1073 2090 vocatio
1101 2054 1253 2089 refertur
1279 2055 1323 2088 ad
1351 2053 1525 2088 auxilium
1550 2053 1622 2088 Dei
1642 2052 1790 2087 interius

223 2113 416 2154 moventis,
440 2121 474 2146 et
489 2111 676 2146 excitantis
695 2118 856 2145 mentem
872 2110 915 2144 ad
932 2109 1174 2144 deserendum
1187 2116 1392 2155 peccatum,
1408 2118 1499 2154 quae
1515 2106 1659 2154 quidem
1675 2105 1792 2140 motio

223 2167 293 2201 Dei
318 2177 393 2200 non
415 2174 469 2200 est
489 2166 566 2211 ipsa
587 2164 753 2199 remissio
776 2164 927 2210 peccati,
950 2163 1011 2198 sed
1039 2174 1148 2197 causa
1171 2163 1258 2209 ejus.

788 2294 1134 2340 ARTICULUS
1170 2294 1226 2337 Π.
1724 2301 1788 2338 601

256 2407 408 2436 UTRUM
434 2406 492 2434 AD
521 2404 816 2435 REMISSIONEM
844 2403 1026 2442 CULPAE,
1056 2403 1176 2439 QUAE
1202 2402 1283 2431 EST
1309 2400 1614 2444 JUSTIFICATIO
1641 2399 1782 2441 IMPII,¹

648 2469 929 2505 REQUIRATUR
957 2468 1148 2498 GRATIAE
1175 2467 1365 2498 INFUSIO.

550 2558 597 2603 (4.
620 2558 708 2592 Dist.
731 2569 779 2603 17.
803 2569 832 2603 q.
852 2569 879 2591 I.
902 2561 964 2591 art.
984 2569 1012 2603 3.
1035 2561 1066 2591 et
1090 2556 1176 2590 Veri.
1199 2567 1228 2602 q.
1251 2556 1300 2591 18.
1323 2559 1387 2589 art.
1409 2554 1469 2599 8.).

296 2650 356 2684 AD
379 2659 586 2684 SECUNDUM
602 2648 651 2682 sic
667 2647 882 2694 proceditur.
899 2647 1061 2688 Videtur,
1084 2646 1181 2692 quod
1204 2646 1247 2680 ad
1269 2645 1523 2680 remissionem
1547 2643 1686 2690 culpae,
1702 2654 1794 2690 quae

224 2712 277 2738 est
298 2703 503 2749 justificatio
525 2702 638 2748 impii,
665 2713 739 2735 non
760 2702 961 2747 requiratur
987 2701 1123 2745 gratiae
1146 2699 1297 2735 infusio:
1320 2706 1440 2746 potest
1465 2698 1564 2733 enirn
1587 2697 1716 2744 aliquis
1744 2709 1796 2732 re-

225 2758 364 2792 moveri
386 2757 427 2790 ab
451 2768 523 2790 uno
547 2755 729 2790 contrario
749 2755 824 2789 sine
846 2755 917 2789 hoc
941 2755 1036 2800 quod
1059 2754 1275 2800 perducatur
1298 2753 1342 2787 ad
1365 2752 1530 2794 alterum,
1553 2751 1582 2786 si
1610 2751 1794 2786 contraria

225 2811 295 2845 sint
316 2811 486 2844 mediata:
516 2809 577 2844 sed
600 2817 711 2843 status
735 2808 874 2855 culpae,
890 2816 923 2842 ct
938 2815 1049 2842 status
1069 2807 1205 2852 gratiae
1228 2814 1310 2841 sunt
1332 2805 1513 2840 contraria
1539 2805 1713 2840 mediata:
1742 2812 1796 2840 est

227 2865 325 2900 enim
348 2865 488 2899 medius
502 2871 614 2898 status
632 2863 862 2897 innocentiae
878 2862 913 2896 in
929 2873 1001 2907 quo
1016 2861 1131 2896 homo
1147 2872 1212 2895 nec
1229 2860 1382 2906 gratiam
1397 2859 1517 2901 habet,
1538 2869 1606 2894 nec
1628 2857 1794 2905 culpam3

227 2929 314 2964 ergo
337 2925 455 2964 potest
477 2917 582 2955 alicui
602 2917 732 2951 remitti
757 2917 860 2962 culpa
883 2915 959 2950 sinc
981 2915 1051 2949 hoc
1076 2914 1171 2960 quod
1195 2913 1411 2960 perducatur
1433 2912 1475 2947 ad
1498 2912 1664 2958 gratiam.
