1907 3198
0 376 11 450 ὲ

0 453 16 529 3

0 548 18 593 i·

515 208 743 245 Quasi-10
777 208 899 239 xcm.
932 206 1179 238 Alimentus
1213 207 1274 236 111.
1602 195 1682 250 663

175 301 207 327 2.
229 291 468 327 PRAETEREA.
494 290 527 325 A
549 289 631 336 lege
651 298 797 325 aeterna
815 289 906 324 nihil
927 289 1091 336 iniquum
1111 289 1310 335 procedere
1324 296 1460 334 potest3
1483 288 1578 334 quia,
1595 288 1689 322 sicut

104 345 243 381 dictum
265 353 320 380 est
339 346 422 390 (art.
440 351 554 392 praec.
577 356 649 390 arg.
672 345 733 390 2.),
758 344 814 378 lex
843 352 990 378 aeterna
1019 352 1084 385 est,
1106 343 1307 377 secundum
1330 354 1440 389 quam
1462 343 1597 388 justum
1620 350 1686 382 est,

102 406 143 435 ut
174 399 300 434 omnia
333 398 404 433 sint
441 398 729 432 ordinatissima:
765 397 827 432 sed
860 397 1039 444 quaedam
1071 396 1169 442 leges
1201 405 1284 431 sunt
1305 397 1462 442 iniquae,
1484 396 1687 430 secundum

102 451 192 488 illud
217 452 287 488 Isa.
313 462 382 487 10.:
411 452 489 495 Vae,
513 453 570 498 qui
599 451 744 486 condunt
765 452 844 498 leges
866 453 1019 498 iniquas;
1048 461 1136 496 ergo
1163 462 1238 484 non
1261 451 1382 485 omnis
1403 449 1459 484 lex
1482 449 1648 496 procedit
1669 460 1688 482 a

104 505 187 553 lege
207 512 365 542 aeterna.

181 571 211 606 3.
229 559 470 596 Pramum.
493 559 589 606 Aug.
612 559 699 594 dicit
724 570 751 594 1.
771 559 815 594 de
835 559 912 594 Lib.
933 559 1021 594 Arb.
1043 559 1137 607 (cap.
1151 571 1180 605 5.
1201 559 1260 594 sub
1279 559 1369 604 fin),
1388 557 1486 604 quod
1505 557 1574 600 lex,
1596 568 1688 604 quae

105 612 243 662 populo
264 613 427 660 regendo
449 613 627 655 scribitur,
650 621 746 648 recte
770 612 885 648 multa
908 613 1095 660 permittit,
1117 623 1209 659 quae
1232 623 1295 659 per
1316 612 1476 646 divinam
1499 611 1689 658 providen-

102 667 192 703 tiam
221 667 470 702 vindicantur:
498 668 560 702 sed
589 669 680 702 ratio
708 667 852 701 divinae
879 666 1129 713 providentiae
1156 674 1209 701 est
1231 665 1287 701 lex
1309 674 1468 707 aeterna,
1491 673 1529 699 ut
1550 665 1688 699 dictum

105 729 161 757 est
175 721 260 767 (art.
281 733 309 758 ι.
332 721 401 767 huj.
425 722 489 768 q.),·
515 732 602 768 ergo
624 732 691 756 nec
714 721 823 756 etiam
846 721 967 755 omnis
994 720 1051 755 lex
1073 728 1170 754 recta
1198 720 1362 767 procedit
1383 731 1403 753 a
1425 719 1506 765 lege
1529 727 1686 753 aeterna.

174 774 251 810 SED
274 785 431 810 CONTRA
455 783 521 818 est,
542 775 640 822 quod
662 774 834 809 Proverb.
857 774 889 808 8.
912 774 1046 808 Divina
1077 774 1262 820 Sapientia
1292 773 1397 809 dicit:
1427 774 1492 808 Per
1523 785 1573 807 me:
1602 783 1690 819 reges

103 833 256 876 regnant,
278 833 307 864 et
327 829 434 875 legum
454 828 638 864 conditores
654 831 747 874 justa
768 828 968 863 decernunt.-
992 829 1083 862 ratio
1107 836 1228 862 autem
1250 827 1393 862 divinae
1415 826 1613 873 sapientiae
1635 834 1690 861 est

103 881 163 918 lex
179 890 338 925 aeterna,
355 890 394 917 ut
407 893 515 929 supra
530 882 668 917 dictum
690 890 744 917 est
765 883 848 927 (art.
869 894 896 917 ι.
919 882 989 928 huj.
1011 882 1058 928 q.)
1066 894 1079 923 ,·
1104 893 1192 927 ergo
1215 892 1345 916 omnes
1367 881 1466 928 leges
1490 892 1509 915 a
1531 880 1612 927 lege
1635 891 1689 915 ae-

103 943 207 972 terna
227 936 442 983 procedunt.

175 989 408 1025 Respoum-:o
440 989 648 1032 dicendum,
669 989 779 1036 quod,
801 989 895 1024 sicut
915 1000 1022 1036 supra
1045 989 1184 1023 dictum
1207 996 1259 1024 est
1282 989 1328 1036 (q.
1352 1001 1408 1033 90.
1432 994 1498 1024 art.
1521 1001 1548 1024 ι.
1570 993 1599 1023 εἰ
1620 989 1682 1034 2.),

103 1042 161 1079 lex
181 1043 356 1090 importat
377 1043 559 1078 rationem
582 1043 782 1090 quamdam
810 1042 1025 1078 directivam
1055 1051 1204 1078 actuum
1235 1043 1279 1077 ad
1301 1042 1432 1078 finem:
1460 1043 1495 1077 in
1518 1042 1688 1077 omnibus

104 1104 227 1132 autem
249 1096 481 1132 moventibus
512 1096 688 1132 ordinatis
709 1104 853 1143 oportet
874 1096 973 1143 quod
994 1096 1106 1131 virtus
1128 1097 1278 1131 secundi
1300 1096 1482 1131 moventis
1505 1096 1687 1130 derivetur

105 1161 125 1186 a
146 1150 278 1186 virtute
300 1150 482 1186 moventis
501 1150 628 1198 primi:
644 1151 728 1196 quia
747 1161 901 1185 movens
919 1149 1121 1184 secundum
1141 1161 1216 1185 non
1235 1159 1371 1192 movet,
1390 1150 1459 1184 nisi
1474 1150 1688 1196 inquantum

103 1212 274 1239 movetur
295 1215 315 1239 a
337 1204 476 1252 primo;
497 1204 593 1239 unde
614 1203 651 1238 in
674 1203 844 1238 omnibus
866 1203 1150 1250 gubernantibus
1168 1204 1266 1238 idern
1281 1204 1461 1246 videmus,
1479 1204 1576 1250 quod
1596 1203 1688 1238 ratio

103 1257 377 1305 gubernationis
398 1269 420 1292 a
447 1257 568 1304 primo
590 1257 814 1304 gubernante
837 1258 881 1292 ad
903 1258 1086 1292 secundos
1107 1258 1307 1293 derivatur:
1331 1258 1424 1292 sicut
1444 1258 1537 1292 ratio
1560 1269 1686 1292 eorum

104 1322 198 1359 quae
218 1318 304 1347 sunt
324 1311 465 1358 agenda
486 1310 524 1345 in
551 1310 710 1354 civitate,
731 1311 915 1346 derivatur
941 1323 960 1345 a
990 1322 1076 1358 rege
1098 1323 1161 1358 per
1181 1320 1417 1358 praeceptum
1440 1312 1476 1345 in
1499 1310 1688 1346 inferiores

104 1364 438 1400 administratores:
461 1372 497 1399 et
519 1364 556 1399 in
578 1364 825 1399 artificialibus
839 1365 951 1400 etiam
966 1365 1058 1399 ratio
1077 1365 1321 1399 artificialium
1341 1373 1490 1399 actuum
1505 1365 1690 1400 derivatur

106 1417 151 1453 ab
177 1417 418 1453 architectore
441 1417 485 1452 ad
506 1417 696 1454 inferiores
719 1418 886 1461 artifices,
920 1419 982 1465 qui
1003 1430 1115 1453 manu
1143 1427 1357 1466 operantur;
1391 1430 1477 1453 cum
1510 1429 1598 1465 ergo
1631 1417 1688 1453 lex

104 1478 252 1507 aeterna
282 1471 329 1507 sit
360 1472 453 1507 ratio
487 1472 762 1519 gubernationis
796 1473 831 1507 in
866 1484 1038 1519 supremo
1068 1473 1304 1519 gubernante,
1333 1484 1481 1508 necesse
1511 1482 1566 1507 est
1590 1473 1688 1520 quod

103 1535 234 1561 omnes
254 1525 416 1560 rationes
430 1525 717 1572 gubernationis,
732 1537 824 1573 quae
847 1535 930 1561 sunt
946 1527 982 1560 in
1005 1526 1234 1561 inferioribus
1256 1527 1551 1573 gubernantibus,
1570 1538 1589 1561 a
1607 1527 1688 1573 lege

104 1585 249 1614 aeterna
269 1578 488 1614 deriventur.
507 1579 731 1625 Huiusmodi
752 1588 874 1614 autem
893 1580 1053 1625 rationes
1071 1579 1284 1614 inferiorum
1303 1581 1585 1627 gubernantium
1607 1588 1690 1615 sunt

102 1643 355 1680 quaecumque
374 1632 466 1668 aliae
485 1633 585 1680 leges
600 1641 743 1680 praeter
765 1641 966 1676 aeternam;
990 1633 1085 1668 unde
1104 1645 1234 1669 omnes
1248 1633 1360 1680 leges,
1378 1634 1595 1681 inquantum
1613 1646 1689 1681 par-

102 1686 254 1733 ticipant
273 1686 320 1721 de
340 1686 481 1722 ratione
499 1695 611 1729 recta,
629 1687 809 1722 intantum
832 1687 1040 1722 derivantur
1062 1699 1082 1721 a
1104 1687 1184 1734 lege
1207 1696 1363 1722 aeterna.
1387 1687 1431 1722 Et
1448 1696 1594 1734 propter
1614 1688 1686 1722 hoc

103 1739 331 1787 Augustinus
357 1740 444 1775 dicit
465 1741 502 1775 in
528 1751 556 1775 1.
584 1740 628 1776 de
656 1739 735 1775 Lib.
757 1741 844 1776 Arb.
868 1741 958 1788 (cap.
983 1742 1016 1776 6.
1038 1741 1188 1787 adsim),
1212 1742 1309 1788 quod
1333 1742 1367 1775 in
1390 1742 1585 1787 temporali
1606 1741 1686 1788 lege

103 1792 195 1828 nihil
215 1800 270 1828 est
289 1794 439 1839 justum,
458 1804 501 1828 ac
524 1793 745 1839 legitimum,
768 1794 865 1840 quod
887 1806 962 1828 non
984 1806 1026 1828 ex
1048 1794 1129 1841 lege
1152 1803 1298 1830 aeterna
1320 1795 1490 1830 homines
1512 1795 1578 1830 sibi
1599 1796 1687 1830 deri·

102 1846 278 1882 vaverint.

174 1899 235 1935 AD
260 1910 414 1936 PRIMUM
436 1911 526 1947 ergo
548 1900 758 1943 dicendum,
781 1901 879 1947 quod
902 1900 1021 1936 fomes
1040 1901 1149 1936 habet
1163 1901 1343 1937 rationem
1358 1901 1449 1948 legis
1463 1902 1499 1936 in
1521 1902 1686 1944 homine,

103 1953 320 2001 inquantum
342 1962 396 1990 est
417 1965 538 2002 poena
559 1966 789 2002 consequens
811 1955 971 1989 divinam
994 1955 1189 2000 justitiam;
1208 1964 1243 1990 et
1264 1956 1466 1990 secundum
1485 1956 1556 1990 hoc
1577 1956 1689 1991 mani-

103 2007 237 2044 festum
258 2015 324 2051 est,
346 2008 444 2055 quod
467 2008 650 2043 derivatur
671 2020 691 2043 a
713 2008 794 2054 lege
818 2017 983 2043 aeterna:
1018 2009 1233 2055 inquantum
1260 2020 1347 2044 vero
1370 2009 1519 2044 inclinat
1541 2009 1586 2043 ad
1609 2021 1689 2056 pec-

103 2068 240 2104 catum,
272 2061 325 2096 sic
353 2062 597 2097 contrariatur
624 2062 696 2109 legi
723 2062 805 2104 Dei,
828 2070 863 2097 et
884 2073 958 2096 non
980 2062 1090 2097 habet
1117 2063 1296 2098 rationem
1318 2063 1421 2109 legis,
1445 2071 1482 2098 ut
1503 2075 1545 2098 ex
1568 2075 1689 2110 supra-

104 2115 211 2151 dictis
231 2123 330 2162 patet
347 2115 395 2162 (q.
419 2128 471 2162 91.
494 2121 560 2152 art.
583 2117 644 2160 6.).

177 2169 238 2205 AD
264 2180 474 2205 SECUNDUM
509 2170 717 2212 dicendum,
744 2170 841 2216 quod
875 2169 931 2205 lex
968 2170 1130 2205 humana
1159 2171 1338 2206 intantum
1368 2171 1477 2206 habet
1508 2171 1686 2206 rationem

104 2221 209 2269 legis,
229 2222 447 2270 inquantum
468 2231 522 2258 est
543 2224 746 2258 secundum
770 2225 948 2258 rationem
975 2233 1134 2266 rectam;
1165 2233 1200 2259 et
1221 2225 1422 2259 secundum
1445 2225 1516 2259 hoc
1540 2224 1688 2259 manife-

105 2283 203 2312 stum
223 2284 290 2319 est,
315 2277 415 2324 quod
437 2288 457 2312 a
478 2276 560 2323 lege
583 2286 729 2312 aeterna
751 2277 956 2312 derivatur:
987 2278 1203 2325 inquantum
1225 2289 1312 2313 vero
1336 2290 1354 2312 a
1378 2279 1517 2313 ratione
1540 2278 1686 2320 recedit,

105 2329 157 2366 sic
178 2328 310 2365 dicitur
329 2328 388 2365 lex
408 2329 550 2378 iniqua:
573 2339 609 2366 et
629 2331 680 2365 sic
703 2341 777 2365 non
799 2331 909 2366 habet
930 2331 1110 2366 rationem
1137 2331 1239 2377 legis,
1262 2332 1323 2366 sed
1347 2333 1463 2378 magis
1489 2332 1686 2367 violentiae

106 2383 307 2430 cujusdam.
333 2383 379 2419 Et
398 2391 524 2419 tamen
547 2384 582 2419 in
604 2384 680 2431 ipsa
703 2384 783 2430 lege
806 2385 1021 2431 inquantum
1044 2394 1207 2420 servatur
1233 2385 1368 2432 aliquid
1388 2386 1431 2420 de
1452 2386 1686 2420 similitudine

106 2435 210 2484 legis,
231 2445 378 2484 propter
398 2437 568 2473 ordinem
591 2438 779 2484 potestatis
801 2439 890 2483 ejus,
908 2438 969 2485 qui
996 2438 1115 2484 legem
1138 2438 1234 2481 fecit,
1256 2440 1458 2473 secundum
1481 2439 1552 2473 hoc
1576 2439 1684 2474 etiam

106 2489 320 2526 derivatura
334 2490 415 2538 lege
427 2499 585 2527 aeterna:
598 2492 716 2528 Omnis
727 2494 992 2539 enimpotestasa
1004 2493 1153 2527 Domino
1166 2493 1237 2527 Duo
1249 2498 1305 2536 cst,
1317 2501 1354 2527 ut
1369 2493 1500 2527 dicitur
1510 2493 1618 2527 Rom.
1635 2504 1685 2539 ¹3·

177 2543 240 2580 AD
258 2554 431 2581 TERTIUM
455 2544 666 2588 dicendum,
689 2545 785 2592 quod
809 2544 864 2580 lex
886 2545 1047 2580 humana
1069 2546 1200 2580 dicitur
1222 2546 1342 2593 aliqua
1365 2547 1584 2593 permittere,
1612 2558 1686 2581 non

106 2597 213 2645 quasi
241 2598 458 2646 approbans,
480 2598 542 2634 sed
566 2599 669 2646 quasi
692 2611 734 2634 ea
757 2599 912 2645 dirigere
933 2611 1006 2634 non
1030 2608 1177 2647 potens:
1202 2600 1315 2635 multa
1339 2610 1460 2636 autem
1485 2601 1687 2647 diriguntur

107 2648 190 2698 lege
211 2651 346 2695 divina,
373 2663 467 2699 quae
497 2652 603 2699 dirigi
633 2664 707 2687 non
738 2662 892 2699 possunt
919 2653 998 2700 lege
1022 2654 1202 2688 humana:
1226 2654 1328 2701 plura
1356 2655 1454 2690 enim
1486 2655 1688 2689 subduntur

108 2714 240 2740 causae
254 2706 445 2753 superiori,
467 2717 578 2753 quam
600 2705 780 2748 inferiori;
799 2706 893 2742 unde
921 2707 992 2742 hoc
1012 2707 1144 2754 ipsum,
1173 2708 1269 2754 quod
1290 2708 1346 2742 lex
1364 2708 1525 2742 humana
1552 2719 1626 2743 non
1648 2719 1686 2743 se

109 2757 317 2794 intromittit
329 2759 374 2795 de
388 2759 457 2802 his,
478 2771 571 2807 quae
586 2759 742 2804 dirigere
757 2771 830 2794 non
847 2768 975 2807 potest,
1003 2773 1046 2795 ex
1061 2761 1189 2796 ordine
1212 2761 1302 2807 legis
1318 2770 1486 2796 aeternae
1502 2762 1686 2808 provenit:

109 2821 214 2847 secus
232 2820 357 2848 autem
372 2821 479 2856 exet,
500 2806 530 2848 si
551 2813 768 2860 approbaret
790 2825 844 2856 ea,
866 2826 958 2860 quae
981 2813 1037 2849 lex
1061 2823 1206 2849 aeterna
1229 2815 1415 2860 reprobam
1439 2815 1533 2849 unde
1552 2827 1594 2850 ex
1614 2815 1684 2850 hoc

108 2874 184 2900 non
207 2865 375 2910 habetur,
393 2867 491 2913 quod
510 2866 567 2902 lex
590 2867 750 2901 humana
773 2878 846 2901 non
870 2868 1051 2908 demetur
1078 2879 1097 2902 a
1125 2867 1208 2914 lege
1225 2877 1383 2910 aeterna,
1410 2868 1472 2903 sed
1491 2869 1588 2915 quod
1612 2880 1684 2904 non

52 2943 56 2945 μ
108 2917 268 2966 perfecte
285 2930 369 2956 eam
391 2920 534 2968 assequi
557 2920 681 2967 possit.
