1907 3182
249 175 332 218 208
647 188 870 224 QUAESTIO
903 189 1020 218 XXVI.
1054 189 1300 220 ARTICULUS
1333 189 1394 218 111.

800 356 1147 400 ARTICULUS
1183 356 1263 398 ΙΙΙ.
1746 379 1809 413 152

552 463 707 492 UTRUM
734 463 856 493 AiioR
882 463 949 492 εῖτ
977 463 1100 502 IDEM,
1129 463 1255 498 QUOD
1284 463 1512 493 DILEcrto.

340 550 387 593 (2.
408 549 495 583 Dist.
518 561 569 584 10.
591 550 625 582 in
647 550 734 595 Exp.
757 550 813 583 lili.
836 554 864 583 et
880 561 908 595 3.
932 550 1020 584 Dist.
1043 561 1095 595 27.
1118 561 1148 595 q.
1170 555 1304 584 nsart.
1322 562 1350 585 1.
1373 555 1402 585 et
1422 551 1512 585 Dist.
1534 561 1567 595 4.
1590 551 1659 586 lect.
1682 562 1715 597 9.

737 607 765 636 ct
785 602 836 636 Ps.
858 613 907 647 17.
930 607 958 636 et
974 602 1072 646 Joan.
1094 614 1144 637 21.
1167 603 1238 637 lect.
1257 604 1315 649 3.).

316 691 376 724 AD
399 701 571 725 TERTIUM
592 691 642 725 sic
664 691 882 736 proceditur.
900 690 1063 733 Videtur,
1086 691 1184 736 quod
1206 702 1311 725 amor
1328 691 1372 725 sit
1390 691 1499 733 idem,
1520 691 1616 738 quod
1644 691 1809 726 dilectio:

244 743 397 789 Dionys.
414 744 511 777 enim
525 753 558 786 4.
575 755 650 789 cap.
679 744 722 777 de
748 743 830 777 Div.
854 743 963 777 Nom.
986 744 1073 788 (lect.
1097 745 1144 789 9.)
1163 743 1260 785 dicit,
1282 744 1379 790 quod
1400 744 1472 778 hoc
1486 744 1599 778 modo
1621 755 1659 779 se
1676 744 1812 778 habent

245 807 358 838 amor,
374 804 408 831 et
422 796 579 838 dilectio,
594 796 687 830 sicut
700 805 866 842 quatuor,
881 804 916 830 et
928 797 983 830 bis
997 796 1082 837 duo,
1097 797 1335 839 rectilineum,
1350 806 1386 831 et
1401 805 1516 832 rectas
1526 797 1662 832 habens
1676 797 1810 839 lineas;

243 850 307 884 sed
328 851 395 884 ista
416 849 621 895 significant
641 849 758 891 idem;
781 861 867 896 ergo
884 861 998 891 amor,
1021 858 1055 884 et
1070 849 1215 884 dilectio
1238 850 1443 896 significant
1462 851 1571 885 idem.

314 913 345 936 2.
367 903 604 937 PRAETEREA.
627 902 825 948 Appetitivi
840 911 960 937 motus
974 903 1176 937 secundum
1198 904 1340 948 objecta
1355 903 1541 938 differunt:
1560 903 1624 938 sed
1644 903 1743 938 idem
1758 911 1811 939 est

244 955 428 1001 objectum
451 955 665 997 dilectionis,
689 964 723 990 et
744 956 898 999 amoris;
918 967 1005 1002 ergo
1027 964 1110 990 sunt
1130 957 1239 990 idem.

316 1021 344 1055 3.
367 1009 603 1044 PRAETEREA.
624 1009 663 1043 Si
685 1009 842 1053 dilectio,
857 1018 892 1044 et
906 1021 1009 1043 amor
1023 1009 1060 1043 in
1075 1009 1197 1055 aliquo
1219 1009 1399 1052 differunt,
1421 1009 1580 1044 maxime
1601 1009 1638 1043 in
1658 1009 1731 1044 hoc
1745 1009 1812 1044 dif-

242 1061 332 1096 ferre
354 1062 533 1104 videntur,
555 1062 652 1108 quod
674 1062 820 1097 dilectio
841 1063 887 1097 sit
908 1064 944 1097 in
965 1063 1063 1097 bono
1086 1063 1307 1109 accipienda,
1330 1074 1435 1097 amor
1455 1071 1578 1097 autem
1597 1063 1636 1096 in
1652 1062 1750 1098 malo
1772 1071 1812 1098 ut

242 1115 375 1160 quidam
397 1115 572 1157 dixerunt,
595 1116 796 1150 secundum
814 1116 912 1162 quod
930 1117 1084 1161 August.
1107 1124 1228 1150 narrat
1244 1116 1282 1150 in
1304 1125 1356 1159 14.
1372 1116 1416 1150 de
1439 1115 1519 1151 Civ.
1538 1116 1609 1150 Dei
1626 1116 1718 1163 (cap.
1737 1118 1808 1162 7.).·

242 1168 304 1202 sed
319 1169 389 1202 hoc
405 1169 518 1203 modo
532 1180 608 1202 non
623 1168 809 1211 differunt;
832 1170 926 1215 quia,
941 1177 979 1203 ut
996 1170 1130 1204 ibidem
1146 1170 1297 1215 August.
1313 1169 1410 1212 dicit,
1423 1169 1461 1203 in
1477 1169 1596 1204 Sacris
1615 1169 1809 1216 Scripturis

244 1230 436 1268 utrumque
459 1223 633 1268 accipitur
653 1223 689 1256 in
710 1223 820 1264 bono,
839 1231 874 1257 et
894 1224 930 1257 in
945 1223 1064 1265 ma103
1087 1234 1173 1269 ergo
1189 1234 1303 1265 amor,
1319 1231 1353 1257 et
1367 1223 1514 1257 dilectio
1529 1234 1605 1257 non
1623 1222 1808 1265 differunt3

244 1275 336 1309 sicut
356 1275 432 1321 ipse
455 1276 680 1321 Augustinus
702 1276 836 1310 ibidem
858 1276 1052 1318 concludit,
1075 1277 1172 1322 quod
1193 1287 1268 1310 non
1291 1284 1344 1311 est
1365 1275 1462 1311 aliud
1489 1287 1655 1311 amorem
1676 1276 1808 1318 dicere,

241 1337 275 1363 et
295 1328 392 1362 aliud
413 1328 646 1363 dilectionem
668 1329 797 1363 dicere.

312 1382 387 1416 SED
410 1392 565 1417 CONTRA
580 1391 643 1424 est,
663 1383 759 1428 quod
772 1383 881 1417 Dion.
897 1383 982 1417 dicit
1002 1393 1035 1425 4.
1059 1395 1136 1429 cap.
1159 1383 1202 1418 de
1221 1383 1303 1417 Div.
1324 1382 1424 1417 Nom
1437 1383 1524 1427 (lect.
1539 1384 1602 1429 9.),
1620 1382 1718 1429 quod
1736 1383 1810 1429 qui-

241 1435 395 1469 busdam
416 1443 626 1469 sanctorum
649 1436 768 1470 visum
791 1444 854 1478 est,
877 1436 1031 1470 divinius
1051 1447 1129 1470 esse
1144 1447 1282 1471 nomen
1304 1436 1451 1478 amoris,
1473 1447 1584 1482 quam
1604 1447 1741 1470 nomen
1762 1436 1811 1470 di-

242 1487 420 1523 lectionis.

312 1541 542 1577 RESPONDEO
565 1542 761 1576 dicendum
776 1543 872 1588 quod
895 1548 1038 1588 quatuor
1053 1543 1203 1577 nomina
1218 1543 1449 1577 inveniuntur
1463 1543 1508 1578 ad
1521 1543 1618 1577 idem
1635 1542 1810 1589 quodam-

241 1595 352 1629 modo
374 1596 599 1641 pertinentia,
614 1595 770 1630 scilicet:
793 1607 902 1638 amor,
918 1596 1059 1638 dilectio,
1077 1597 1234 1639 charitas,
1251 1604 1286 1630 et
1299 1598 1462 1631 amicitia.
1483 1595 1666 1630 Differunt
1684 1603 1809 1631 tamen

242 1648 278 1681 in
299 1648 384 1690 hoc,
406 1649 503 1694 quod
527 1649 686 1682 amicitia
712 1649 914 1683 secundum
940 1649 1210 1695 Philosophum
1230 1649 1268 1683 in
1290 1649 1322 1683 8.
1345 1649 1462 1684 Ethic.
1481 1651 1571 1696 (cap.
1588 1661 1618 1696 5.
1634 1655 1762 1696 parum
1787 1661 1808 1684 α

239 1701 351 1746 med),
369 1710 422 1736 est
434 1702 535 1748 quasi
549 1702 712 1737 habitus:
729 1713 834 1736 amor
849 1710 982 1744 autem,
999 1711 1033 1736 et
1047 1702 1193 1737 dilectio
1208 1702 1432 1748 significatur
1446 1715 1508 1750 per
1525 1703 1679 1738 modum
1694 1711 1807 1745 actus,

239 1754 297 1788 vel
317 1756 512 1801 passionis:
536 1755 691 1790 charitas
715 1764 837 1789 autem
859 1763 1012 1801 utroque
1039 1756 1151 1790 modo
1179 1757 1295 1802 accipi
1321 1765 1451 1803 potest.
1478 1757 1680 1802 Differenter
1699 1761 1808 1792 tamen

237 1809 443 1854 significatur
463 1814 552 1843 actus
567 1814 629 1855 per
646 1811 707 1844 ista
729 1811 814 1844 tria:
838 1820 924 1842 nam
939 1821 1036 1843 amor
1050 1809 1283 1844 communius
1304 1810 1398 1844 inter
1415 1821 1459 1845 ea
1476 1818 1548 1844 est:
1567 1811 1686 1844 omnis
1709 1810 1807 1844 enim

238 1860 395 1904 dilectio,
417 1861 475 1896 vel
495 1862 650 1896 charitas
670 1870 723 1896 est
744 1873 858 1904 amor,
880 1863 943 1896 sed
964 1874 1039 1896 non
1061 1873 1079 1896 e
1103 1874 1293 1906 converso,
1313 1863 1411 1898 addit
1432 1864 1530 1898 enirn
1551 1863 1679 1898 dilectio
1700 1874 1807 1909 supra

238 1925 403 1949 amorem
422 1915 641 1949 electionem
656 1916 947 1961 praecedentem,
969 1924 1007 1949 ut
1022 1916 1140 1962 ipsum
1154 1927 1292 1950 nomen
1306 1925 1410 1952 sonat
1424 1928 1431 1951 :
1453 1917 1548 1951 unde
1563 1916 1711 1951 dilectio
1731 1927 1807 1952 non

239 1975 290 2002 est
310 1969 346 2002 in
366 1969 649 2014 concupiscibili,
671 1969 734 2003 sed
748 1969 784 2002 in
806 1968 993 2003 voluntate
1007 1977 1162 2011 tanturn,
1181 1978 1216 2004 et
1237 1978 1291 2004 est
1310 1970 1347 2004 in
1369 1969 1448 2004 sola
1468 1969 1639 2004 rationali
1659 1978 1804 2004 natura:

237 2022 381 2056 [Ιπιῑῐιας
403 2031 523 2056 autern
551 2022 650 2056 addit
670 2034 776 2069 supra
800 2033 964 2056 amorem
987 2021 1250 2069 perfectionem
1272 2023 1470 2069 quamdam
1489 2023 1638 2065 amoris,
1659 2023 1807 2069 inquan-

236 2083 315 2108 tum
336 2075 382 2116 id,
407 2075 503 2121 quod
527 2084 678 2117 amatur,
706 2076 830 2118 manni
852 2076 956 2122 pretii
979 2077 1198 2118 aestimatur,
1221 2085 1259 2110 ut
1279 2077 1399 2122 ipsum
1424 2087 1561 2111 nomen
1582 2076 1757 2126 designat.

308 2128 368 2162 AD
389 2138 538 2163 PRrxusM
561 2140 649 2174 ergo
677 2113 883 2170 dicendum,
910 2129 1007 2175 quod
1030 2129 1153 2176 Diony
1157 2130 1228 2164 sius
1251 2129 1411 2176 loquitur
1437 2131 1481 2164 de
1507 2141 1645 2171 amore,
1666 2137 1702 2164 et
1721 2129 1806 2164 dile-

237 2182 368 2223 ctione,
387 2183 588 2216 secundum
611 2182 707 2228 quod
722 2190 806 2216 sunt
820 2183 856 2216 in
876 2183 1034 2229 appetitu
1048 2183 1291 2218 intellectixo:
1313 2184 1365 2218 sic
1385 2183 1484 2218 enim
1502 2194 1606 2218 amor
1623 2183 1719 2218 idem
1740 2190 1804 2225 est,

236 2235 333 2281 quod
356 2234 512 2269 dilectio.

307 2289 367 2322 AD
390 2299 596 2323 snccxomt
625 2289 831 2330 dicendum,
854 2289 951 2335 quod
983 2289 1167 2334 objectum
1194 2290 1328 2325 amoris
1352 2298 1405 2325 est
1427 2290 1672 2332 communius,
1694 2301 1804 2336 quam

237 2342 418 2387 objectum
446 2341 668 2383 dilectionis3
696 2343 778 2388 quia
806 2342 848 2376 ad
871 2342 972 2388 plura
1000 2354 1036 2377 se
1065 2343 1223 2378 extendit
1249 2354 1365 2386 amor,
1391 2354 1501 2390 quam
1528 2343 1686 2385 dilectio,
1713 2344 1805 2379 sicut

236 2396 372 2430 dictum
395 2402 448 2429 est
471 2395 520 2438 (in
540 2402 628 2442 corp.
653 2397 746 2437 art).

307 2449 368 2483 AD
390 2458 563 2483 TERTwM
585 2449 791 2490 dicendum,
814 2450 911 2495 quod
938 2461 1011 2484 non
1045 2449 1214 2485 differunt
1238 2462 1354 2493 amor,
1376 2459 1411 2485 et
1431 2451 1577 2486 dilectio
1603 2451 1803 2486 secundum

236 2501 475 2536 differentiam
499 2503 586 2543 boni,
609 2510 642 2536 et
666 2503 759 2544 mali,
782 2503 844 2536 sed
867 2503 959 2536 sicut
977 2503 1112 2537 dictum
1129 2512 1181 2538 est
1196 2504 1245 2547 (in
1268 2511 1357 2550 corp.
1375 2505 1479 2550 art.):
1502 2504 1538 2538 in
1560 2512 1659 2551 parte
1679 2512 1803 2539 tamen

235 2555 455 2589 intellectiva
482 2555 578 2589 idem
615 2564 667 2590 est
697 2566 811 2598 amor,
842 2564 877 2590 et
910 2556 1077 2592 dilectio:
1113 2565 1147 2591 et
1179 2558 1229 2592 sic
1257 2557 1415 2604 loquitur
1439 2558 1488 2592 ibi
1513 2558 1736 2604 Augustinus
1759 2558 1803 2592 de
1842 2583 1844 2585 »

236 2620 378 2651 amore;
412 2609 506 2643 unde
529 2620 656 2654 parum
680 2617 760 2655 post
781 2609 901 2643 subdit
927 2610 1006 2653 (loc.
1039 2612 1090 2645 cit.
1115 2612 1147 2644 in
1179 2611 1280 2656 arg),
1309 2611 1406 2657 quod
1433 2619 1530 2646 recta
1555 2611 1722 2646 voluntas
1751 2620 1804 2646 est

236 2674 340 2697 amor
360 2663 494 2696 bonus:
519 2670 552 2696 et
574 2663 670 2708 quod
693 2674 859 2708 perversa
882 2663 1048 2697 voluntas
1074 2672 1127 2697 est
1153 2663 1268 2698 malus
1293 2675 1416 2700 amor:
1438 2665 1521 2711 quia
1542 2673 1664 2700 tamen
1687 2676 1802 2706 amor,

236 2716 295 2761 qui
318 2724 371 2750 est
390 2715 509 2762 passio
533 2715 837 2760 concupiscibilis,
863 2716 1038 2762 plurimos
1070 2717 1220 2751 inclinat
1253 2717 1296 2752 ad
1323 2718 1473 2759 malum,
1495 2718 1578 2752 inde
1600 2718 1803 2753 habuerunt

235 2770 481 2810 occasionem,
503 2769 564 2815 qui
586 2769 807 2815 praedictam
830 2769 1069 2804 differentiam
1089 2773 1374 2816 assignaverunt.

307 2824 366 2857 An
389 2833 576 2861 QUARTL'M
600 2823 805 2863 dicendum,
829 2823 923 2869 quod
948 2823 1029 2857 idco
1050 2823 1156 2870 aliqui
1178 2833 1373 2870 posuerunt
1395 2825 1504 2859 etiam
1522 2825 1559 2859 in
1580 2825 1656 2871 ipsa
1677 2825 1802 2860 volun·

235 2885 304 2910 tate
338 2888 472 2911 nomen
508 2877 642 2911 amoris
669 2889 746 2911 csse
781 2877 934 2911 divinius
963 2879 1111 2912 nomine
1146 2878 1362 2920 dilectionis,
1389 2878 1472 2925 quia
1500 2889 1604 2913 amor
1630 2878 1802 2925 importat
