1907 3198
22 215 25 217 ,
3 157 26 196 κ·
8 92 29 151 μιν
1 0 31 75 2523

486 217 710 254 QUAESTIO
744 217 862 248 XCIV.
895 216 1143 248 ARTICULUS
1178 216 1235 246 IV.
1561 208 1643 262 673

67 301 263 350 principiis,
284 312 377 348 quae
403 300 571 335 dicuntur
596 311 814 336 communes
841 300 1111 346 conceptiones.
1136 299 1174 334 In
1197 299 1394 346 operativis
1421 307 1544 334 autem
1570 311 1645 335 non

66 362 121 392 est
140 354 269 391 eadem
290 354 434 397 veritas,
456 353 514 388 vel
536 354 714 388 rectitudo
745 354 903 400 practica
933 353 1027 400 apud
1050 364 1180 388 omnes
1201 361 1379 399 quantum
1411 353 1455 387 ad
1488 353 1647 400 propria,

66 408 131 444 sed
150 407 273 444 solum
294 416 470 455 quantum
493 407 537 441 ad
559 408 790 450 communia3
812 416 847 442 et
869 407 962 454 apud
985 406 1079 449 illos,
1095 406 1189 453 apud
1205 417 1298 453 quos
1317 415 1371 441 est
1391 407 1521 441 eadem
1545 407 1647 441 recti-

65 461 156 498 tudo
168 461 205 497 in
222 461 388 509 propriis,
401 472 476 495 non
491 470 544 495 est
559 460 757 507 aequaliter
778 461 949 495 omnibus
970 468 1068 495 nota.
1084 459 1144 495 Sic
1159 460 1270 506 igitur
1288 468 1397 506 patet,
1420 461 1517 506 quod
1537 471 1647 507 quan-

65 522 146 551 tum
166 514 211 550 ad
237 514 450 550 communia
479 514 654 561 principia
681 514 831 549 rationis
861 514 936 549 sive
967 513 1225 560 speculativae,
1256 514 1331 548 sive
1367 515 1561 560 practicae,
1593 523 1647 550 est

66 568 197 604 eadem
215 568 361 611 veritas,
382 579 445 603 seu
467 568 646 603 rectitudo
669 568 762 614 apud
786 579 926 609 omnes,
949 576 984 602 et
1005 567 1203 614 aequaliter
1221 575 1320 602 nota.
1345 567 1535 609 Quantum
1556 579 1646 604 vero

66 621 112 657 ad
133 622 297 670 proprias
317 621 574 657 conclusiones
596 622 746 656 rationis
767 621 1011 668 speculativae
1026 630 1079 656 est
1093 621 1222 656 eadem
1237 622 1369 656 veritas
1388 622 1482 668 apud
1503 633 1646 664 omnes,

65 686 142 711 non
168 683 294 711 tamen
320 675 519 723 aequaliter
549 676 719 710 omnibus
751 683 855 710 nota:
886 675 980 722 apud
1008 686 1137 710 omnes
1166 675 1264 710 enim
1292 687 1420 709 verum
1451 684 1516 718 est,
1546 677 1643 723 quod

33 726 35 731 ’
64 728 268 776 triangulus
292 729 403 764 habet
426 737 499 764 tres
522 728 676 775 angulos
699 728 868 776 aequales
894 729 1036 763 duobus
1064 729 1183 771 rectis,
1205 729 1373 776 quamvis
1403 729 1475 764 hoc
1499 741 1573 764 non
1601 730 1646 764 sit

66 783 237 819 omnibus
256 790 403 819 notum:
427 784 489 818 sed
512 792 689 830 quantum
716 784 759 817 ad
787 782 950 830 proprias
980 781 1237 817 conclusiones
1267 783 1417 818 rationis
1450 784 1645 830 practicae,

65 847 134 873 nec
155 845 210 872 est
230 837 358 872 eadem
380 837 524 879 veritas,
546 848 608 872 seu
635 836 814 871 rectitudo
841 836 934 883 apud
956 846 1099 878 omnes,
1125 847 1191 870 nec
1220 836 1330 871 etiam
1354 837 1449 884 apud
1471 849 1563 884 quos
1591 846 1647 872 est

66 890 210 934 eadem,
230 899 286 926 est
306 891 505 938 aequaliter
524 899 631 926 nota:
653 890 747 938 apud
769 900 899 925 omnes
921 890 1018 924 enim
1040 889 1112 924 hoc
1136 898 1277 925 rectum
1300 898 1364 933 est,
1383 899 1419 925 et
1439 902 1580 933 verum,
1607 898 1646 925 ut

65 945 267 981 secundum
287 945 468 980 rationem
491 952 627 992 agatur.
643 944 694 979 Ex
712 944 784 979 hoc
803 952 926 979 autem
947 943 1126 990 principio
1149 944 1310 990 sequitur
1331 945 1433 991 quasi
1453 945 1645 980 conclusio

63 998 222 1048 propria,
243 998 341 1046 quod
363 999 527 1046 deposita
553 999 623 1033 sint
645 997 844 1040 reddenda3
866 1005 901 1033 et
922 997 994 1031 hoc
1017 997 1164 1044 quidem
1197 1006 1234 1032 ut
1264 999 1299 1032 in
1331 998 1494 1045 pluribus
1515 1011 1643 1034 verum

65 1060 137 1088 est:
155 1052 218 1088 sed
239 1060 359 1100 potest
379 1052 415 1087 in
437 1052 560 1100 aliquo
582 1063 667 1086 casu
689 1051 914 1097 contingere,
935 1051 1032 1097 quod
1055 1051 1100 1085 sit
1121 1051 1355 1094 damnosum,
1379 1061 1413 1087 et
1433 1064 1496 1098 per
1518 1064 1645 1088 conse·

65 1117 180 1154 quens
200 1105 460 1149 irrationabile,
481 1107 510 1141 si
532 1105 695 1152 deposita
710 1105 922 1147 reddantur;
945 1112 1030 1152 puta
1051 1106 1079 1139 si
1103 1104 1233 1152 aliquis
1253 1114 1351 1152 petat
1367 1106 1410 1140 ad
1429 1107 1646 1154 impugnan-

65 1159 150 1195 dam
171 1159 344 1207 patriam;
365 1168 401 1195 et
420 1159 492 1194 hoc
515 1167 617 1194 tanto
639 1158 757 1205 magis
778 1158 959 1193 invenitur
980 1157 1146 1200 deficere,
1170 1168 1306 1205 quanto
1331 1160 1448 1205 magis
1472 1161 1515 1194 ad
1539 1161 1646 1207 parti-

65 1213 202 1249 cularia
228 1213 477 1249 descenditur:
497 1221 583 1260 puta
609 1213 638 1247 si
668 1212 820 1254 dicatur,
847 1212 945 1258 quod
967 1212 1131 1259 deposita
1163 1221 1245 1247 sunt
1267 1213 1451 1248 reddenda
1473 1226 1558 1248 cum
1579 1213 1642 1249 tali

65 1266 247 1310 cautione,
266 1265 326 1302 vel
345 1266 410 1302 tali
434 1266 564 1302 modo:
587 1274 724 1313 quanto
746 1265 844 1300 enim
878 1265 998 1313 plures
1021 1266 1252 1301 conditiones
1275 1267 1511 1312 particulares
1535 1279 1645 1314 appo-

64 1327 209 1363 numur,
229 1327 332 1356 tanto
358 1319 518 1368 pluribus
538 1319 659 1355 modis
680 1320 813 1366 poterit
831 1319 1005 1362 deficere;
1028 1327 1066 1354 ut
1086 1331 1160 1354 non
1183 1320 1228 1354 sit
1249 1329 1403 1364 rectum,
1426 1321 1484 1355 vel
1511 1322 1545 1355 in
1568 1322 1644 1356 red-

12 1390 14 1402 =
66 1373 200 1416 dendo,
219 1373 279 1408 vel
297 1384 373 1408 non
395 1373 592 1408 reddendo.

136 1425 198 1462 Sic
218 1426 328 1474 igitur
347 1427 543 1462 dicendum
565 1435 630 1469 est,
656 1427 752 1474 quod
780 1426 838 1462 lex
859 1436 1021 1469 naturae,
1049 1435 1226 1474 quantum
1254 1428 1297 1462 ad
1321 1429 1438 1475 prima
1462 1429 1639 1475 principia

65 1480 291 1524 communia,
311 1488 367 1516 est
387 1481 516 1516 eadem
538 1481 631 1528 apud
655 1492 796 1523 omnes,
818 1489 853 1516 et
874 1481 1072 1515 secundum
1092 1481 1360 1523 rectitudinem,
1383 1491 1417 1516 et
1439 1482 1642 1517 secundum

26 1535 27 1538 ’
63 1534 252 1570 notitiam:
273 1534 336 1570 sed
362 1543 539 1582 quantum
566 1535 610 1569 ad
632 1534 812 1582 quaedam
840 1535 996 1581 propria,
1028 1546 1121 1581 quae
1148 1543 1231 1569 sunt
1252 1535 1355 1582 quasi
1383 1535 1643 1570 conclusiones

63 1587 326 1636 principiorum
345 1588 612 1631 communium,
627 1597 680 1623 est
693 1588 822 1623 eadem
839 1589 932 1635 apud
947 1599 1077 1623 omnes
1092 1599 1130 1622 ut
1145 1588 1180 1622 in
1196 1589 1368 1636 pluribus,
1389 1598 1424 1624 et
1439 1590 1640 1624 secundum

64 1641 331 1685 rectitudinem,
352 1649 388 1677 et
404 1641 605 1677 secundum
620 1642 808 1676 notitiam:
831 1641 892 1676 sed
915 1650 953 1676 ut
975 1641 1010 1675 in
1026 1642 1258 1688 paucioribus
1281 1651 1399 1690 potest
1421 1643 1588 1685 deficere,
1607 1652 1643 1678 et

63 1702 240 1743 quantum
255 1694 300 1730 ad
315 1695 582 1738 rectitudinem,
596 1704 742 1743 propter
753 1695 871 1742 aliqua
886 1695 1116 1742 particularia
1133 1696 1392 1742 impedimenta
1406 1697 1516 1741 (sicut
1530 1698 1640 1732 etiam

8 1789 11 1803 Ι
61 1755 213 1784 namrae
233 1749 472 1797 generabiles,
493 1757 529 1784 et
549 1748 800 1796 corruptibiles
827 1748 998 1783 deficiunt
1025 1758 1063 1784 ut
1084 1750 1118 1784 in
1142 1750 1376 1796 paucioribus
1404 1760 1551 1797 propter
1578 1752 1643 1785 im-

8 1806 11 1829 ·'
62 1802 290 1850 pedimenta)
311 1810 347 1838 et
367 1803 478 1838 etiam
500 1810 676 1850 quantum
699 1803 742 1837 ad
765 1803 953 1837 notitiam:
977 1811 1012 1837 et
1032 1803 1103 1837 hoc
1128 1812 1275 1850 propter
1300 1804 1385 1846 hoc,
1409 1805 1505 1851 quod
1529 1805 1642 1852 aliqui

62 1854 200 1892 habent
219 1857 455 1904 depravatam
473 1857 654 1891 rationem
673 1868 715 1891 ex
736 1858 917 1904 passione,
939 1867 1001 1891 seu
1030 1868 1072 1891 ex
1095 1856 1192 1891 mala
1215 1858 1491 1900 consuetudine,
1515 1870 1578 1893 seu
1598 1871 1639 1894 ex

62 1909 162 1945 mala
181 1909 392 1946 habitudine
412 1918 584 1952 naturae3
605 1910 698 1945 sicut
720 1910 813 1957 apud
841 1909 1050 1945 Germanos
1072 1910 1162 1944 olim
1184 1910 1418 1946 latrocinium
1442 1923 1516 1946 non
1541 1924 1643 1959 repu-

60 1963 205 2000 tabatur
230 1964 408 2012 iniquum,
438 1975 523 1999 cum
549 1972 672 1999 tamen
706 1964 750 1999 sit
778 1975 946 2011 expresse
974 1973 1100 1998 contra
1131 1964 1252 2011 legem
1280 1975 1441 2007 naturae,
1469 1975 1507 2000 ut
1533 1965 1641 2001 refert

10 2022 11 2027 ’
55 2015 175 2065 Julius
194 2016 335 2054 Caesar
354 2017 390 2053 in
411 2017 470 2053 lib.
493 2016 525 2053 6.
548 2017 591 2052 de
613 2017 715 2053 Bello
734 2017 880 2053 Gallico
903 2017 980 2062 (cir.
1003 2017 1114 2063 mad).

135 2071 197 2107 AD
210 2081 360 2108 PRIMUM
381 2083 470 2119 ergo
492 2072 700 2114 dicendum,
719 2071 816 2119 quod
830 2071 981 2106 verbum
1004 2071 1092 2106 illud
1115 2083 1188 2106 non
1204 2081 1257 2107 est
1272 2073 1323 2108 sic
1348 2073 1640 2119 intelligendum,

62 2124 167 2174 quasi
181 2125 318 2169 omnia,
333 2137 425 2173 quae
447 2126 483 2160 in
505 2125 596 2172 lege,
614 2134 649 2160 et
671 2126 705 2160 in
728 2125 929 2172 Evangelio
951 2126 1195 2168 continentur,
1218 2127 1288 2161 sint
1303 2127 1348 2162 de
1370 2127 1452 2172 lege
1471 2137 1640 2164 naturae:

11 2198 14 2232 ζ
63 2189 150 2216 cum
171 2178 285 2215 multa
304 2179 493 2215 tradantur
520 2179 569 2214 ibi
590 2191 697 2227 supra
719 2188 903 2214 naturam:
926 2180 988 2214 sed
1011 2191 1064 2222 ea,
1087 2192 1180 2227 quae
1202 2189 1284 2216 sunt
1306 2181 1349 2216 de
1368 2181 1449 2228 lege
1477 2191 1641 2224 naturae,

55 2232 224 2270 .·-lenarie
244 2233 294 2268 ibi
321 2233 526 2277 traduntur3
549 2234 644 2268 unde
666 2245 749 2268 cum
772 2234 918 2269 dixisset
945 2233 1152 2276 Gratianus,
1176 2235 1273 2281 quod
1309 2236 1364 2281 jus
1387 2235 1551 2270 naturale
1574 2245 1638 2278 est,

55 2286 162 2324 *uod
195 2286 232 2322 in
257 2285 370 2334 Lege,
395 2294 431 2322 et
456 2286 658 2334 Evangelio
688 2287 905 2329 continetur,
935 2287 1057 2322 statim
1088 2287 1306 2334 explicando
1338 2289 1531 2334 subjunxit,
1566 2302 1640 2336 quo

151 2351 215 2376 ue
227 2340 370 2388 jubetur
389 2340 451 2377 alii
463 2340 595 2384 facere,
609 2342 706 2388 quod
729 2341 794 2376 sibi
816 2341 893 2376 vult
914 2340 1001 2384 fieri,
1023 2349 1058 2376 et
1076 2342 1289 2388 prohibetur
1310 2343 1371 2377 alii
1394 2342 1525 2386 facere,
1540 2345 1638 2390 quod

105 2394 131 2423 ·'
150 2393 245 2430 nolit
264 2393 353 2430 fieri.

136 2447 198 2484 AD
219 2456 428 2484 stamnum
458 2448 666 2491 dicendum,
688 2448 785 2495 quod
807 2448 958 2483 verbum
980 2448 1198 2495 Philosophi
1220 2458 1274 2484 est
1296 2449 1572 2496 intelligendum
1595 2451 1640 2486 dc

157 2512 251 2550 quae
284 2509 368 2537 sunt
403 2502 615 2538 naturaliter
647 2503 751 2548 justa,
777 2513 851 2537 non
878 2503 970 2538 sicut
996 2503 1170 2550 principia
1199 2505 1426 2546 communia,
1455 2505 1516 2539 sed
1547 2501 1663 2540 sicut'

62 2593 77 2598 Α,
99 2572 104 2583 »
123 2573 125 2575 ·
166 2565 245 2590 ·arn
265 2554 522 2591 conclusiones
543 2566 586 2591 ex
607 2555 663 2590 his
685 2556 889 2599 derivatae;
911 2567 1004 2604 quae
1030 2565 1068 2592 ut
1089 2557 1124 2591 in
1153 2557 1313 2604 pluribus
1340 2558 1476 2593 habent
1498 2559 1641 2594 rectitu-

88 2613 116 2636 ῑι-
160 2625 201 2650 ··‚
221 2614 258 2644 et
277 2608 369 2643 utin
389 2608 621 2655 paucioribus
643 2608 827 2644 deficiunt.

77 2669 79 2671 ’
135 2659 198 2696 AD
215 2670 388 2698 τεκτῐυκ
402 2660 610 2704 dicendum,
632 2662 728 2709 quod
749 2663 838 2697 sicut
859 2664 951 2698 ratio
973 2663 1008 2697 in
1022 2663 1174 2698 homine
1194 2664 1414 2705 dominatur,
1431 2673 1465 2699 et
1484 2664 1640 2711 imperat

99 2720 137 2743 ώ-
165 2713 356 2762 potentiis3
376 2714 425 2750 ita
445 2723 590 2763 oportet
611 2716 708 2763 quod
727 2726 857 2751 omnes
871 2716 1125 2752 inclinationes
1139 2718 1321 2753 naturales
1344 2718 1387 2752 ad
1411 2718 1499 2753 alias
1515 2725 1638 2764 poten-

124 2768 128 2770 ’
151 2767 372 2816 pertinentes
397 2769 609 2804 ordinentur
630 2770 830 2805 secundum
857 2770 1056 2813 rationem3
1078 2771 1172 2806 unde
1203 2771 1274 2806 hoc
1305 2779 1357 2806 est
1379 2772 1472 2819 apud
1508 2783 1639 2807 omnes

67 2842 103 2859 .·
124 2821 309 2857 ·muniter
326 2828 512 2869 receptum
536 2822 597 2869 [al.
621 2823 777 2869 rectum],
796 2830 834 2858 ut
854 2824 1054 2859 secundum
1082 2824 1260 2860 rationem
1284 2825 1485 2872 dirigantur
1507 2836 1636 2861 omnes

79 2893 81 2896 ·
105 2895 108 2900 2
142 2883 261 2912 nunu
280 2873 546 2911 inclinationes.
987 2884 1002 2898 ‘-
