1907 3182
230 243 318 286 216
631 244 851 282 QUAESTIO
885 239 1036 270 XXVIII.
1070 233 1314 267 ARTICULUS
1346 233 1374 262 Ι.

231 336 309 383 quis
329 341 425 368 amat
447 331 526 373 alia,
550 337 603 364 est
623 328 709 362 unio
731 322 985 363 similitudinis,
999 328 1038 354 ut
1056 318 1192 352 dictum
1211 322 1264 349 est
1281 314 1328 359 (q.
1342 318 1453 359 praec.
1473 314 1536 344 art.
1552 308 1614 356 3.).·
1630 305 1790 354 quaedam

230 400 317 424 vero
339 387 424 421 unio
447 393 500 419 est
521 380 757 418 essentialiter
778 379 853 424 ipse
876 385 993 409 amor:
1018 380 1053 406 et
1072 371 1164 405 haec
1187 376 1240 402 est
1261 366 1346 401 unio
1369 363 1568 399 secundum
1596 359 1792 407 coaptatio-

231 454 316 477 nem
339 440 506 480 affectus,
529 447 619 483 quae
642 433 789 480 quidem
809 427 1026 464 assimilatur
1044 422 1170 458 unioni
1188 417 1423 459 substantiali,
1439 417 1652 462 inquantum
1667 423 1792 447 amans

233 508 271 531 se
293 495 402 529 habet
425 492 467 526 ad
491 498 663 530 amatum,
690 487 726 520 in
758 494 881 518 amore
908 480 1054 527 quidem
1081 476 1261 515 amicitiae,
1285 480 1323 506 ut
1349 472 1392 506 ad
1418 470 1588 516 seipsum,
1610 468 1646 501 in
1668 476 1794 500 amore

235 557 355 584 autem
370 544 661 591 concupiscentiae,
676 548 713 574 ut
728 538 770 572 ad
787 535 919 582 aliquid
937 533 1009 567 sui:
1026 529 1185 577 quaedam
1199 537 1286 561 vero
1305 525 1390 559 unio
1407 531 1459 558 est
1473 521 1622 557 effectus
1641 519 1793 554 amoris:

235 611 270 637 et
289 602 379 636 haec
402 607 455 633 est
475 597 560 631 unio
583 594 699 634 realis,
722 601 831 638 quam
859 597 984 621 amans
1007 583 1145 630 quaerit
1171 581 1214 615 de
1242 590 1278 613 re
1306 585 1444 618 amata;
1471 584 1506 609 et
1530 575 1629 608 haec
1649 572 1796 618 quidem

237 655 322 689 unio
345 661 397 687 est
419 650 618 686 secundum
641 642 933 680 convenientiam
961 637 1110 672 amoris:
1139 642 1178 668 ut
1204 634 1300 667 enim
1327 629 1463 665 Philos.
1491 627 1577 662 dicit
1600 637 1630 661 2.
1652 624 1794 659 Politic.

237 712 324 754 (cap.
344 719 374 742 2.
390 710 461 752 post
480 702 592 746 med),
616 697 879 743 Aristophanes
898 692 994 733 dixit,
1009 689 1106 736 quod
1126 694 1289 721 amantes
1308 683 1552 718 desiderarent
1565 691 1607 714 ex
1622 678 1797 712 ambobus

238 761 315 796 fieri
337 769 467 793 unum:
500 755 561 790 sed
592 753 674 799 quia
704 762 746 784 ex
773 750 843 783 hoc
868 745 1055 784 accideret,
1089 749 1149 775 aut
1178 739 1316 779 ambos,
1339 744 1399 770 aut
1425 735 1578 769 alterum
1604 730 1798 776 corrumpi,

240 820 416 861 quaerunt
442 810 626 847 unionem,
650 815 740 851 quae
769 799 949 840 convenit,
972 805 1006 831 et
1028 797 1149 836 decet;
1178 801 1215 827 ut
1241 790 1378 826 scilicet
1399 787 1507 823 simul
1529 791 1800 824 conversentur,

241 876 275 902 et
296 864 404 901 simul
426 863 690 907 colloquantur,
714 865 748 891 et
768 856 804 889 in
827 853 904 888 aliis
927 848 1138 896 hujusmodi
1160 846 1436 891 conjungantur.

313 920 372 953 AD
395 925 565 951 TERTmM
585 911 791 950 dicendum,
815 906 909 953 quod
934 902 1095 949 cognitio
1118 899 1299 947 perficitur
1317 907 1380 943 per
1396 895 1481 936 hoc,
1496 892 1593 939 quod
1615 890 1802 936 cognitum

243 974 360 1008 unitur
383 966 619 1016 cognoscenti
638 962 838 999 secundum
860 969 962 993 suam
982 953 1272 990 similitudinem:
1295 949 1356 984 sed
1380 958 1482 982 amor
1499 945 1597 987 facit,
1611 943 1708 991 quod
1726 943 1803 989 ipsa

243 1039 310 1068 res,
332 1036 422 1071 quae
446 1029 596 1062 amatur,
620 1017 755 1052 amanti
777 1015 898 1060 aliquo
927 1010 1038 1045 modo
1065 1008 1218 1047 uniatur,
1248 1012 1287 1038 ut
1314 1003 1449 1037 dictum
1472 1008 1526 1035 est
1547 999 1626 1044 (art.
1649 997 1780 1044 praec.)
1790 1008 1802 1036 ,-

245 1080 338 1115 unde
362 1088 465 1112 amor
485 1083 538 1110 est
559 1072 674 1118 magis
696 1069 864 1109 unitivus,
887 1076 996 1112 quam
1014 1060 1186 1108 cognitio.

808 1204 1151 1253 ARTICULUS
1187 1202 1242 1245 H.
1742 1214 1806 1250 159

494 1322 648 1353 UTRUM
666 1318 821 1349 MUTUA
838 1314 1045 1346 INHAESIO
1066 1312 1132 1341 SIT
1150 1307 1371 1339 EFFECTUS
1387 1303 1562 1334 AMORIS.

400 1414 501 1460 (Insr.
531 1424 561 1458 q.
592 1411 648 1446 66.
679 1413 742 1443 art.
773 1407 805 1442 6.
836 1411 926 1451 corp.
956 1407 984 1437 et
1010 1414 1037 1448 3.
1068 1401 1156 1435 Dist.
1187 1409 1241 1443 27.
1271 1408 1301 1442 q.
1329 1407 1357 1430 1.
1387 1398 1451 1428 art.
1482 1404 1510 1427 1.
1539 1389 1582 1425 ad
1607 1389 1670 1434 4.).

325 1505 383 1539 AD
411 1510 616 1538 SECUNDUM
639 1499 688 1533 sic
711 1494 926 1543 proceditur.
953 1490 1115 1529 Videtur,
1143 1485 1239 1533 quod
1267 1494 1370 1518 amor
1396 1492 1470 1515 non
1498 1485 1622 1513 causet
1646 1483 1812 1510 mutuam

255 1557 518 1596 inhaesionem,
540 1553 677 1588 scilicet
698 1558 735 1584 ut
758 1559 882 1583 amans
910 1546 954 1580 sit
974 1545 1010 1578 in
1033 1549 1166 1582 amato,
1195 1547 1229 1573 et
1255 1549 1274 1572 e
1302 1545 1499 1570 converso:
1521 1530 1618 1578 quod
1641 1529 1738 1564 enim
1761 1535 1814 1562 est

256 1614 292 1647 in
315 1611 440 1652 altero,
463 1608 665 1643 continetur
679 1605 715 1639 in
735 1614 794 1638 eo:
816 1601 877 1636 sed
895 1610 968 1633 non
984 1603 1102 1644 potest
1115 1594 1212 1627 idem
1228 1602 1304 1625 esse
1321 1588 1521 1627 continens,
1536 1593 1570 1619 et
1586 1589 1816 1622 contentum;

257 1677 343 1712 ergo
363 1676 425 1711 per
442 1672 606 1697 amorem
620 1670 693 1694 non
708 1663 826 1704 potest
841 1652 980 1688 causari
991 1657 1116 1684 mutua
1130 1644 1307 1686 inhaesio,
1323 1650 1361 1677 ut
1375 1649 1537 1675 amatum
1551 1638 1595 1673 sit
1608 1637 1644 1671 in
1660 1642 1816 1676 amante,

259 1727 294 1754 et
316 1731 333 1753 e
356 1727 543 1752 converso.

331 1782 361 1806 2.
384 1771 619 1804 PRAETEREA.
637 1764 739 1800 Nihil
757 1769 874 1810 potest
896 1765 1082 1806 penetrare
1100 1755 1136 1788 in
1154 1751 1326 1787 interiora
1345 1748 1495 1793 alicujus
1514 1744 1654 1790 integri,
1672 1742 1740 1776 nisi
1757 1752 1820 1787 per

261 1826 419 1872 aliquam
441 1822 677 1857 divisionem:
701 1818 764 1852 sed
787 1814 959 1854 dividere,
981 1821 1073 1857 quae
1095 1814 1177 1843 sunt
1199 1803 1398 1840 secundum
1421 1811 1497 1835 rem
1520 1799 1726 1843 conjuncta,
1746 1805 1820 1828 non

261 1879 413 1927 pertinet
430 1877 473 1911 ad
493 1875 701 1922 appetitum,
720 1872 757 1905 in
775 1880 846 1916 quo
862 1875 915 1902 est
929 1876 1042 1906 amor,
1058 1862 1119 1897 sed
1134 1861 1177 1895 ad
1192 1859 1392 1899 rationem3
1415 1865 1502 1901 ergo
1518 1860 1643 1887 mutua
1657 1848 1821 1885 inhaesio

261 1945 335 1968 non
357 1940 410 1966 est
431 1930 578 1965 effectus
602 1926 747 1962 amoris.

337 1998 366 2032 3.
388 1986 623 2020 PRAETEREA.
648 1981 686 2014 Si
708 1990 769 2026 per
792 1985 957 2011 amorem
979 1981 1105 2006 amans
1136 1975 1189 2002 est
1215 1966 1251 2000 in
1280 1971 1415 2004 amato,
1446 1968 1480 1996 et
1509 1971 1529 1994 e
1559 1967 1749 1998 converso,
1775 1966 1826 1990 se-

266 2048 403 2087 quetur,
425 2037 522 2084 quod
543 2037 615 2070 hoc
638 2033 749 2068 modo
779 2037 941 2065 amatum
971 2025 1114 2060 uniatur
1143 2019 1290 2061 amanti,
1313 2018 1406 2052 sicut
1435 2024 1561 2049 amans
1591 2018 1732 2046 amato:
1763 2008 1825 2044 sed

266 2095 342 2141 ipsa
365 2093 450 2127 unio
473 2099 526 2126 est
548 2100 661 2130 amor,
684 2095 721 2121 ut
742 2086 879 2119 dictum
902 2089 954 2116 est
976 2079 1055 2124 (art.
1072 2075 1223 2124 praec.);
1254 2083 1341 2118 ergo
1368 2068 1539 2115 sequitur,
1561 2064 1658 2112 quod
1684 2072 1826 2108 semper

269 2158 394 2182 amans
417 2153 556 2179 ametur
578 2143 619 2177 ab
643 2148 782 2181 arnat03
804 2136 900 2184 quod
922 2141 1019 2181 patet
1040 2141 1117 2165 esse
1139 2128 1288 2168 falsum3
1309 2135 1384 2159 non
1407 2132 1494 2169 ergo
1516 2127 1641 2154 mutua
1662 2116 1826 2151 inhaesio

271 2209 323 2235 est
345 2199 492 2234 effectus
515 2196 659 2231 amoris.

343 2253 417 2287 SED
440 2261 594 2287 CONTRA
617 2256 680 2290 est,
702 2245 798 2293 quod
822 2243 949 2278 dicitur
976 2251 1002 2274 1.
1021 2239 1124 2284 Joan.
1147 2245 1199 2278 4:
1225 2233 1295 2278 Qui
1315 2234 1424 2266 manet
1449 2229 1485 2263 in
1511 2227 1681 2266 charitate,
1703 2224 1738 2257 in
1756 2222 1828 2257 Deo

274 2311 393 2349 manet,
415 2311 442 2340 et
464 2307 554 2340 Deus
576 2305 609 2337 in
630 2314 687 2336 eo:
712 2299 867 2334 charitas
891 2303 1012 2330 autem
1035 2299 1088 2326 est
1110 2299 1214 2324 amor
1233 2286 1322 2328 Dei3
1345 2294 1432 2330 ergo
1455 2281 1583 2316 eadem
1601 2277 1740 2312 ratione
1758 2275 1832 2322 qui·

273 2361 359 2395 libet
381 2371 483 2394 amor
505 2357 589 2392 facit
612 2362 772 2390 amatum
792 2362 868 2386 esse
892 2350 926 2383 in
950 2353 1104 2381 amante.

351 2417 580 2450 Respoienno
603 2408 806 2448 dicendum,
829 2403 925 2451 quod
953 2402 1017 2436 iste
1045 2397 1194 2433 effectus
1221 2402 1368 2429 mutuae
1394 2388 1615 2426 inhaesionis
1642 2392 1760 2432 potest
1784 2383 1834 2417 in-

275 2471 400 2518 telligi,
423 2476 457 2503 et
477 2472 651 2513 quantum
675 2462 716 2495 ad
738 2460 812 2493 vim
836 2454 1147 2504 apprehensivam‚
1169 2458 1204 2484 et
1225 2455 1400 2494 quantum
1419 2444 1462 2478 ad
1484 2442 1559 2476 vim
1581 2438 1832 2487 appetitivam:

277 2538 374 2568 nam,
396 2529 569 2570 quantum
592 2517 634 2552 ad
655 2516 729 2549 vim
757 2509 1067 2559 apprehensivam,
1091 2511 1251 2539 amatum
1278 2500 1406 2535 dicitur
1432 2507 1510 2532 esse
1537 2495 1572 2529 in
1599 2499 1756 2532 amante,
1782 2489 1835 2523 in-

278 2587 452 2628 quantum
486 2580 646 2608 amatum
680 2569 894 2602 immoratur
927 2563 962 2597 in
997 2558 1282 2607 apprehensione
1317 2551 1482 2592 amantis,
1516 2545 1715 2583 secundum
1748 2541 1836 2578 illud

283 2633 438 2679 Philipp.
465 2640 511 2663 1.:
535 2627 583 2662 Eo
606 2623 689 2670 quod
711 2622 845 2655 hala-am
868 2629 925 2652 vos
953 2618 985 2649 in
1012 2613 1128 2653 corda
1152 2619 1278 2645 amans
1298 2617 1386 2642 vero
1408 2603 1536 2639 dicitur
1557 2611 1634 2636 esse
1656 2599 1692 2633 in
1715 2604 1836 2632 amato

281 2686 479 2723 secundum
502 2675 838 2727 apprehensionem,
861 2672 1074 2716 inquantum
1097 2675 1221 2700 amans
1243 2672 1315 2696 non
1338 2667 1391 2694 est
1412 2663 1602 2692 contentus
1623 2648 1838 2699 superficiali

285 2735 570 2787 apprehensione
594 2730 714 2771 amati,
736 2727 796 2762 sed
819 2725 941 2759 nititur
963 2719 1115 2766 singula,
1138 2728 1228 2764 quae
1251 2715 1294 2749 ad
1317 2720 1478 2748 amatum
1505 2707 1694 2756 pertinent,
1720 2703 1839 2738 intrin-

284 2804 387 2829 secus
409 2788 622 2836 disquirere;
645 2791 679 2818 et
700 2782 749 2817 sic
774 2780 815 2815 ad
839 2778 1006 2813 interiora
1029 2775 1104 2819 ejus
1126 2769 1340 2816 ingreditur;
1361 2766 1454 2800 sicut
1472 2763 1515 2797 de
1537 2759 1671 2808 Spiritu
1691 2757 1839 2797 Sancto,

285 2847 346 2894 qui
368 2852 421 2880 est
444 2853 546 2877 amor
568 2838 648 2880 Dei,
671 2835 798 2871 dicitur
818 2844 843 2867 1.
861 2832 902 2866 ad
919 2829 1005 2863 Cor.
1023 2837 1052 2861 2.
1068 2825 1164 2872 quod
1185 2826 1351 2858 scrutatur
1371 2819 1470 2854 ctiam
1480 2812 1650 2863 profunda
1664 2811 1742 2846 Dei.
1757 2808 1840 2850 Sed,

287 2908 460 2947 quantum
483 2896 526 2930 ad
548 2893 622 2927 vim
644 2888 887 2937 appetitivam,
911 2890 1070 2918 amatum
1093 2878 1221 2912 dicitur
1243 2885 1319 2909 esse
1341 2873 1376 2907 in
1399 2877 1554 2910 amante,
1580 2872 1686 2913 prout
1706 2871 1759 2898 est
1779 2871 1842 2908 per

289 2951 483 3002 quamdam
503 2942 806 2993 complacentiam
821 2940 856 2974 in
871 2939 946 2983 ejus
966 2934 1115 2974 afl‘ectu3
1135 2939 1171 2965 ut
1189 2928 1247 2963 vel
1267 2926 1463 2962 delectetur
1480 2922 1517 2957 in
1535 2931 1591 2962 eo,
1606 2925 1667 2953 aut
1684 2918 1719 2952 in
1737 2914 1841 2950 bonis
