1907 3182
266 173 349 228 482
692 187 908 222 QUAESTIO
942 189 1056 218 LXIX.
1090 189 1333 219 ARTICULUS
1366 189 1394 220 Ι.

754 423 1107 483 QUAESTIO
1147 424 1329 472 LXIX.

354 552 416 582 DE
455 551 866 590 BEATITUDINIBUS,
908 551 958 582 IN
997 551 1224 591 QUATUOR
1262 553 1522 587 ARTICULOS
1559 555 1733 587 DIVISA.

333 690 473 724 Deinde
497 690 800 725 considerandum
822 699 874 726 est
895 691 938 726 de
958 692 1247 728 beatitudinibus.

715 780 758 814 Et
784 781 873 814 circa
899 781 957 815 hoc
984 786 1190 826 quaeruntur
1215 786 1370 827 quatuor.

334 850 468 884 Primo.
492 850 623 884 Utrum
644 850 881 885 beatitudines
904 863 923 884 a
945 851 1059 893 donis,
1083 860 1117 886 et
1137 852 1323 887 virtutibus
1342 852 1614 899 distinguantur.

335 903 514 937 Secundo.
536 904 592 937 De
614 904 783 950 praemiis
803 904 1077 948 beatitudinum,
1099 913 1219 939 utrum
1240 906 1440 952 pertineant
1461 906 1504 940 ad
1525 907 1618 941 hanc
1636 907 1759 942 vitam.

335 955 471 990 Tertio.
493 957 548 990 De
570 968 722 991 numero
744 957 1016 992 beatitudinum.

336 1009 488 1051 Quarto.
511 1011 566 1044 De
586 1011 837 1045 convenientia
858 1012 1115 1057 praemiorum,
1138 1024 1229 1058 quae
1251 1013 1300 1048 eis
1323 1013 1569 1048 attribuuntur.

823 1155 1167 1199 ARTICULUS
1203 1156 1237 1198 Ι.
1753 1167 1820 1214 364

291 1261 443 1292 UTRUM
469 1262 790 1292 BEATITUDINES
818 1263 1178 1294 DISTINGUANTUR
1204 1264 1231 1293 A
1258 1264 1532 1304 VIRTUTIBUS‚
1560 1265 1616 1294 ET
1642 1265 1789 1295 DONIS.

798 1351 898 1397 (Insr.
921 1364 950 1397 q.
974 1363 1026 1397 70.
1049 1357 1113 1386 art.
1136 1363 1166 1386 2.
1190 1357 1280 1398 corp.

488 1409 517 1439 et
534 1416 560 1450 3.
583 1405 669 1438 Dist.
688 1415 740 1450 34.
762 1416 792 1450 q.
814 1417 841 1439 Ι.
863 1410 927 1439 art.
950 1416 982 1449 4.
1005 1410 1035 1439 et
1055 1406 1118 1439 Isa.
1140 1417 1186 1440 II.
1209 1405 1276 1440 lect.
1295 1417 1322 1440 I.
1341 1410 1369 1439 et
1390 1405 1510 1440 Matth.
1528 1406 1586 1451 5.).

332 1492 391 1526 AD
413 1502 561 1527 PR1MUM
580 1493 630 1526 sic
650 1492 864 1538 proceditur.
880 1492 1042 1535 Videtur,
1058 1492 1154 1538 quod
1168 1492 1405 1526 beatitudines
1422 1503 1440 1526 a
1455 1492 1654 1534 virtutibus,
1669 1500 1703 1526 et
1717 1493 1820 1527 donis

261 1556 335 1580 non
357 1545 637 1591 distinguantur:
661 1546 813 1591 August.
837 1546 933 1580 enim
954 1546 990 1579 in
1012 1546 1070 1580 lib.
1091 1557 1118 1580 1.
1141 1546 1183 1580 de
1207 1546 1322 1580 Serm.
1341 1545 1451 1579 Dom.
1474 1546 1510 1579 in
1531 1553 1655 1580 monte
1677 1546 1765 1592 (cap.
1786 1557 1820 1590 4.

261 1611 281 1633 a
299 1601 439 1646 priua),
460 1600 617 1633 attribuit
634 1599 872 1634 beatitudines
891 1600 925 1633 in
945 1600 1071 1634 Matth.
1095 1610 1122 1644 5.
1143 1607 1371 1634 enumeratas
1385 1599 1489 1633 donis
1509 1599 1660 1644 Spiritus
1679 1599 1820 1633 Sancti:

262 1653 432 1687 Ambros.
456 1662 577 1687 autem
596 1664 701 1699 super
721 1653 859 1687 Lucam
880 1653 968 1700 (cap.
992 1654 1024 1688 6.
1046 1660 1114 1699 sup.
1138 1653 1240 1687 illud:
1263 1653 1544 1700 Beatipauperes)
1567 1652 1723 1686 attribuit
1743 1653 1823 1686 bea-

260 1706 429 1740 titudines
456 1707 503 1740 ibi
530 1715 757 1740 enumeratas
785 1715 938 1752 quatuor
963 1706 1151 1741 virtutibus
1179 1705 1438 1748 cardinalibu83
1465 1717 1553 1752 ergo
1584 1705 1821 1740 beatitudines

261 1771 335 1794 non
357 1760 624 1805 distinguuntur
647 1771 665 1793 a
686 1760 886 1802 virtutibus,
909 1768 943 1794 et
965 1760 1079 1794 donis.

332 1823 362 1847 2.
390 1813 625 1848 PRAETEREA.
654 1813 844 1847 Humanae
866 1813 1062 1847 voluntatis
1088 1824 1162 1847 non
1186 1820 1238 1847 est
1263 1812 1331 1847 nisi
1364 1812 1482 1859 duplex
1515 1811 1651 1858 regula,
1684 1812 1822 1847 scilicet

260 1868 360 1909 ratio,
383 1875 417 1900 et
438 1867 488 1900 lex
509 1872 652 1909 aeterna,
675 1875 712 1900 ut
733 1878 839 1913 supra
858 1867 993 1900 dictum
1017 1875 1069 1901 est
1090 1866 1132 1912 (q.
1156 1879 1206 1912 19.
1228 1872 1293 1901 art.
1309 1878 1336 1912 3.
1359 1872 1387 1901 et
1408 1865 1484 1912 4.):
1504 1866 1565 1900 sed
1583 1866 1729 1900 virtutes
1748 1877 1823 1912 per-

260 1920 384 1954 ficiunt
403 1920 593 1953 hominem
616 1920 651 1953 in
674 1920 798 1954 ordine
819 1920 861 1953 ad
887 1920 1085 1962 rationem3
1108 1920 1203 1954 dona
1222 1927 1343 1954 autem
1362 1919 1397 1953 in
1417 1919 1542 1954 ordine
1563 1919 1606 1953 ad
1627 1918 1746 1965 legem
1769 1930 1824 1953 ae-

259 1981 396 2007 ternam
427 1973 578 2019 Spiritus
607 1973 742 2015 Sancti,
769 1981 807 2008 ut
833 1985 874 2008 ex
901 1973 1003 2008 dietis
1031 1981 1128 2019 patet
1154 1974 1200 2019 (q,
1228 1973 1283 2008 68.
1311 1978 1372 2007 art.
1396 1974 1462 2018 1.);
1491 1983 1578 2018 ergo
1604 1983 1678 2007 non
1705 1980 1822 2019 potest

261 2038 337 2061 esse
360 2026 492 2072 aliquid
516 2026 609 2060 aliud
632 2027 813 2073 pertinens
837 2027 879 2060 ad
901 2027 1152 2061 rectitudinem
1174 2026 1369 2060 voluntatis
1390 2026 1572 2060 humanae
1594 2033 1735 2072 praeter
1754 2026 1822 2060 vir-

259 2088 363 2122 tutes,
387 2088 420 2114 et
441 2080 555 2122 dona3
577 2092 650 2127 non
673 2091 760 2126 ergo
781 2080 1018 2114 beatitudines
1042 2080 1082 2114 ab
1106 2080 1156 2114 eis
1178 2080 1454 2125 distinguuntur.

336 2145 363 2179 3.
386 2133 620 2168 PRAETEREA.
644 2134 683 2167 In
704 2134 974 2168 enumeratione
996 2133 1257 2167 beatitudinum
1279 2133 1424 2179 ponitur
1442 2132 1586 2174 mimas,
1617 2140 1652 2167 et
1677 2133 1821 2178 justitia,

261 2195 295 2221 et
317 2187 573 2229 misericordia,
597 2199 687 2232 quae
710 2187 876 2221 dicuntur
899 2198 975 2222 esse
994 2187 1173 2233 quaedam
1191 2188 1361 2229 virtutes;
1384 2197 1470 2232 ergo
1489 2186 1725 2221 beatitudines
1747 2197 1820 2221 non

261 2240 526 2283 distinguuntur
545 2251 564 2274 a
587 2240 701 2282 donis,
725 2248 758 2275 et
779 2241 978 2275 virtutibus.

275 2331 277 2334 ,
333 2293 407 2328 SED
430 2303 583 2328 CONTRA
607 2301 669 2335 est,
689 2294 785 2339 quod
804 2294 982 2340 quaedam
1001 2301 1256 2328 enumerantur
1274 2293 1366 2328 inter
1382 2293 1631 2336 beatitudines,
1649 2305 1740 2340 quae
1753 2305 1819 2329 nec

261 2355 342 2381 sunt
374 2347 534 2387 virtutes,
567 2358 632 2381 nec
663 2347 775 2389 dona;
805 2349 896 2382 sicut
925 2355 1126 2394 paupertas,
1157 2355 1192 2382 et
1218 2346 1346 2389 luctus,
1377 2354 1412 2381 et
1437 2358 1524 2394 pax;
1546 2345 1713 2382 differunt
1733 2358 1820 2394 ergo

263 2401 500 2435 beatitudines
524 2411 542 2434 a
564 2401 763 2443 virtutibus,
786 2408 820 2434 et
841 2401 955 2435 donis.

332 2454 561 2488 Rfispoxnno
590 2454 795 2494 dicendum,
823 2454 931 2500 quod,
959 2454 1049 2488 sicut
1076 2465 1181 2500 supra
1210 2454 1345 2488 dictum
1373 2461 1426 2488 est
1447 2454 1513 2499 (qq.
1535 2465 1567 2488 2.
1588 2458 1617 2488 ct
1635 2454 1693 2499 3.),
1715 2453 1823 2488 beati-

260 2508 347 2541 tudo
370 2515 422 2541 est
443 2507 589 2541 ultimus
612 2507 690 2541 finis
711 2507 892 2541 humanae
915 2507 1025 2542 vitae:
1049 2507 1177 2541 dicitur
1199 2507 1294 2541 enini
1318 2506 1446 2553 aliquis
1468 2508 1539 2552 jam
1559 2506 1667 2541 finem
1689 2507 1821 2542 habere

261 2569 405 2607 propter
426 2572 527 2605 spem
556 2560 634 2594 finis
657 2560 859 2594 obtinendi:
888 2561 980 2602 unde
1004 2569 1037 2594 et
1059 2560 1194 2594 Philos.
1218 2561 1303 2594 dicit
1326 2560 1359 2593 in
1388 2571 1413 2594 1.
1437 2559 1596 2594 Ethicor.
1618 2561 1704 2607 (cap.
1727 2572 1758 2606 9.
1780 2560 1822 2595 ad

252 2615 333 2660 jin.)
357 2613 453 2660 quod
471 2615 568 2659 pueri
590 2613 743 2647 dicuntur
766 2614 849 2647 ſtrati
866 2618 1002 2659 propter
1023 2621 1130 2660 speum
1155 2621 1188 2647 et
1211 2614 1337 2659 Apost.
1357 2613 1443 2647 dicit
1460 2612 1566 2647 Rom.
1587 2613 1635 2647 8.:
1657 2613 1717 2660 Spe
1737 2613 1822 2648 sal-vi

262 2668 490 2707 sacli5nn1us;
514 2678 593 2712 spes
617 2674 736 2700 autem
764 2666 807 2700 de
835 2666 904 2700 tine
932 2667 1188 2712 consequendo
1217 2667 1366 2712 insurgit
1392 2678 1432 2700 ex
1459 2666 1543 2708 hoc,
1569 2666 1665 2712 quod
1688 2666 1819 2713 aliquid

262 2720 518 2754 convenienter
551 2727 716 2754 movetur
747 2719 788 2752 ad
820 2719 940 2760 finem,
968 2728 1001 2753 et
1028 2720 1289 2766 appropinquat
1316 2719 1359 2753 ad
1386 2719 1527 2766 ipsum;
1553 2719 1649 2766 quod
1676 2719 1819 2766 quidem

263 2773 298 2807 lit
325 2785 386 2819 per
413 2773 569 2819 aliquam
599 2773 799 2814 actionem3
827 2773 868 2806 ad
898 2772 1004 2806 finem
1034 2782 1154 2807 autem
1181 2773 1409 2807 beatitudinis
1435 2780 1602 2807 movetur
1627 2772 1765 2819 aliquiS‚
1787 2780 1820 2807 et

263 2827 524 2873 appropinquat
554 2838 615 2872 per
643 2826 871 2872 operationes
901 2826 1082 2865 virtutum,
1111 2834 1143 2860 et
1167 2826 1357 2872 praecipue
1380 2837 1442 2873 per
1463 2826 1689 2872 operationes
1710 2825 1821 2860 dono-

265 2892 356 2923 rum,
379 2880 406 2915 si
429 2879 621 2927 loquamur
639 2881 681 2914 de
704 2879 921 2914 beatitudine
945 2888 1099 2921 aeterna,
1122 2880 1163 2914 ad
1187 2891 1295 2926 quam
1318 2879 1409 2914 ratio
1431 2891 1502 2914 non
1526 2878 1666 2921 sufficit,
1692 2879 1753 2914 sed
1784 2879 1818 2914 in
