1907 3198
512 215 735 253 QuAsssrto
769 214 890 246 extu.
924 214 1171 246 Ani-tentus
1206 214 1232 244 1.
1571 203 1651 246 861

588 457 946 521 QUAESTIO
988 457 1164 506 CXIII.

164 582 228 616 DE
254 581 539 616 EFFECTIBUS
578 581 802 620 GRATIAE,
835 581 886 612 IN
926 580 1086 612 DECEM
1114 580 1376 612 ARTICULOS
1410 580 1583 612 DIVISA.

163 724 307 761 Deinde
327 723 634 760 considerandum
655 731 710 758 est
730 723 774 758 de
795 722 982 758 effectibus
1004 722 1151 769 gratiae.
1167 722 1212 757 Et
1219 723 1332 769 primo
1347 722 1390 756 de
1406 721 1658 767 justificatione

92 777 209 826 impii,
226 788 319 825 quae
341 785 395 814 est
415 776 565 813 effectus
582 777 719 824 gratiae
741 777 942 824 operantis:
963 776 1101 812 saturnio
1116 777 1159 811 de
1175 776 1317 819 merito,
1332 777 1428 823 quod
1444 784 1498 811 est
1511 775 1659 811 effectus

92 831 231 880 gratiae
251 831 495 880 cooperantis.

553 921 657 958 Circa
671 921 825 969 primum
850 925 1058 968 quaeruntur
1083 919 1202 956 decem.

161 991 300 1029 Primo.
322 991 423 1035 Quid
443 993 490 1028 sit
509 992 716 1039 justificatio
738 992 850 1040 impii.

163 1045 347 1083 Secundo.
370 1045 503 1082 Utrum
524 1046 569 1082 ad
591 1058 672 1082 eam
695 1046 896 1094 requiratur
917 1046 1054 1092 gratiae
1075 1045 1220 1080 infusio.

0 1108 4 1156 j
163 1099 305 1136 Tertio.
326 1099 460 1136 Utrum
482 1100 526 1136 ad
548 1111 630 1136 eam
652 1101 853 1147 requiratur
879 1099 1008 1147 aliquis
1030 1108 1152 1135 motus
1173 1099 1275 1134 liberi
1298 1099 1444 1134 arbitrii.

0 1180 4 1209 ,
164 1152 321 1196 Quarto.
343 1153 476 1190 Utrum
499 1154 544 1189 ad
566 1153 861 1201 justificationem
884 1154 986 1201 impii
1008 1153 1210 1201 requiratur
1231 1161 1353 1188 motus
1375 1152 1468 1187 fidei.

164 1204 319 1249 Quinto.
341 1206 473 1243 Utrum
496 1207 541 1243 ad
563 1218 644 1243 eam
666 1208 868 1255 requiratur
889 1215 1011 1243 motus
1033 1207 1135 1243 liberi
1158 1207 1292 1242 arbitrii
1311 1215 1438 1242 contra
1457 1215 1659 1253 peccatum.

164 1259 289 1297 Sexto.
311 1261 444 1297 Utrum
466 1261 674 1309 praemissis
695 1261 741 1296 sit
761 1261 1061 1297 connumeranda
1082 1261 1248 1296 remissio
1271 1269 1518 1307 pcccatorum.

164 1313 343 1362 Septimo.
366 1315 499 1350 Utrum
521 1315 557 1350 in
578 1315 835 1362 justificatione
857 1315 959 1362 impii
980 1315 1025 1350 sit
1045 1315 1136 1350 ordo
1158 1315 1346 1361 temporis,
1368 1323 1428 1350 aut
1449 1315 1494 1349 sit
1511 1314 1640 1349 subito.

164 1366 324 1403 Octavo.
344 1367 402 1403 De
423 1368 581 1403 naturali
601 1367 729 1403 ordine
752 1379 892 1410 eorum,
914 1379 1006 1415 quae
1029 1368 1073 1403 ad
1094 1367 1389 1414 justificationem
1409 1376 1640 1403 concurrunt.

163 1419 287 1456 Nono.
310 1419 442 1456 Utrum
463 1421 670 1467 justificatio
693 1422 795 1468 impii
817 1422 862 1456 sit
876 1422 1078 1456 maximum
1098 1433 1190 1469 opus
1210 1422 1291 1457 Dei.

162 1472 333 1510 Decimo.
355 1473 488 1510 Utrum
508 1474 715 1522 justificatio
738 1475 840 1522 impii
861 1475 906 1510 sit
928 1475 1161 1511 miraculosa.

666 1617 1013 1664 ARTICULUS
1046 1618 1080 1663 I.
1591 1630 1661 1667 600

235 1724 389 1756 υτιωΜ
409 1724 715 1769 JusnrmArro
744 1726 851 1757 IMPH
878 1727 946 1757 ειτ
974 1727 1174 1757 Rssmtssto
1202 1727 1515 1758 peccmoaun.

202 1812 305 1861 (Insr.
323 1818 389 1850 art.
411 1814 445 1850 6.
467 1813 510 1850 ad
530 1826 558 1850 1.
579 1819 610 1850 ct
629 1826 662 1859 4.
686 1815 774 1850 Dist.
797 1827 846 1862 17.
869 1827 899 1862 q.
921 1827 948 1851 1.
971 1820 1036 1851 art.
1059 1827 1086 1851 1.
1109 1821 1138 1851 et
1165 1816 1252 1850 Veri.
1274 1828 1304 1863 q.
1327 1817 1380 1852 28.
1403 1821 1468 1851 art.
1492 1816 1549 1861 1.).

163 1902 226 1939 An
246 1912 397 1939 numm
416 1903 467 1938 sic
489 1904 706 1951 proceditur.
729 1904 892 1948 Videtur,
915 1905 1011 1952 quod
1034 1905 1241 1951 iustificatio
1260 1905 1360 1953 impii
1380 1917 1453 1941 non
1476 1907 1522 1941 sit
1539 1906 1661 1942 remis-

91 1955 148 1993 sio
164 1965 421 2004 peccatorum:
443 1966 635 2005 peccatum
657 1959 754 1994 enim
777 1970 851 1994 non
874 1959 994 1994 solum
1014 1960 1169 2005 justitiae
1187 1960 1394 2007 opponitur,
1413 1960 1475 1995 sed
1490 1961 1660 1995 omnibus

92 2009 294 2055 virtutibus,
316 2018 354 2046 ut
381 2022 424 2046 ex
446 2011 659 2058 supradictis
681 2021 779 2059 patet
801 2012 846 2059 (q.
879 2024 927 2059 7¹·
958 2018 1023 2048 art.
1062 2013 1135 2058 t.).·
1169 2014 1230 2048 sed
1253 2013 1460 2058 justificatio
1482 2013 1661 2059 significat

93 2071 237 2100 motum
257 2064 456 2112 quemdam
478 2065 521 2100 ad
543 2065 739 2112 justitiam;
761 2077 835 2101 non
862 2078 950 2112 ergo
977 2067 1098 2101 omnis
1112 2067 1252 2114 peccati
1274 2068 1439 2102 remissio
1461 2076 1514 2102 est
1540 2067 1661 2114 justisi-

92 2117 203 2162 catio‚
223 2128 310 2154 cum
329 2118 452 2155 omnis
473 2127 595 2154 motus
617 2119 662 2154 sit
682 2119 726 2154 de
750 2120 932 2155 contrario
955 2121 989 2154 in
1012 2121 1246 2156 contrarium.

164 2180 197 2207 2.
217 2170 456 2208 Ρωτεκεᾼ.
478 2172 776 2219 Unumquodque
798 2173 903 2208 debet
924 2174 1106 2208 nominari
1122 2174 1164 2209 ab
1179 2185 1236 2216 co,
1251 2175 1347 2221 quod
1364 2182 1417 2209 cst
1430 2175 1658 2222 potissimum

92 2223 130 2260 in
150 2224 244 2273 ipso,
263 2233 303 2261 ut
321 2225 452 2260 dicitur
473 2225 509 2260 in
529 2236 560 2260 2.
582 2226 626 2261 de
649 2226 783 2261 Anima
808 2227 885 2271 (tex.
907 2229 1002 2273 49.):
1024 2227 1086 2262 sed
1110 2227 1276 2262 remissio
1307 2237 1540 2275 pcccatorum
1563 2239 1661 2275 prac-

93 2277 199 2327 cipue
221 2277 261 2314 fit
280 2289 344 2326 per
365 2278 486 2321 fidem,
507 2279 706 2314 secundum
731 2279 817 2314 illud
834 2280 915 2315 Act.
942 2291 1016 2325 15.:
1039 2281 1118 2316 Fide
1141 2282 1326 2328 purificans
1348 2281 1443 2317 corde
1464 2294 1603 2322 corum,-
1626 2291 1661 2316 ct

92 2342 157 2380 per
183 2331 412 2375 charitatem,
441 2332 641 2368 secundum
670 2333 757 2368 illud
785 2333 891 2368 Prov.
930 2344 1000 2369 1o.:
1038 2335 1202 2370 Universa
1232 2335 1351 2370 delfi-ta
1369 2336 1659 2382 0p‹·r·itch.1ritas,·

93 2384 211 2433 magis
229 2396 319 2434 ergo
340 2386 506 2422 remissio
536 2394 771 2434 peccatorum
793 2387 919 2422 debuit
937 2388 1166 2423 denominari
1191 2400 1210 2423 a
1241 2388 1320 2430 tide,
1343 2388 1400 2424 vel
1428 2401 1447 2423 a
1469 2389 1656 2432 charitate,

92 2449 205 2487 quam
224 2450 246 2475 a
266 2439 411 2486 justitia.

143 2503 173 2540 3.
194 2491 431 2529 ΡιΑετΕιιΕΛ.
454 2493 635 2529 Remissio
657 2501 890 2540 peccatorum
907 2494 1003 2530 idem
1026 2507 1103 2530 esse
1128 2495 1397 2542 videtur,·qumi
1420 2497 1582 2531 vocatio:
1601 2508 1661 2532 vo-

93 2553 197 2582 catur
215 2546 314 2582 enim
334 2546 395 2594 qui
416 2546 541 2582 distat:
564 2547 671 2582 distat
692 2556 812 2583 autem
831 2547 960 2595 aliquis
981 2560 999 2582 a
1021 2549 1102 2583 Deo
1122 2560 1183 2594 per
1202 2558 1410 2596 peccatum:
1431 2550 1492 2584 sed
1516 2551 1660 2585 vocatio

91 2598 386 2647 justificationem
408 2600 602 2648 praecedit,
625 2601 825 2636 secundum
848 2601 933 2637 illud
958 2602 1064 2636 Rom.
1089 2604 1140 2636 3.:
1163 2605 1252 2647 Quos
1278 2604 1421 2645 vocavit,
1445 2603 1499 2638 1:05
1516 2609 1545 2639 ct
1563 2605 1661 2650 justi-

83 2652 231 2701 ficavit:
252 2663 341 2701 ergo
361 2652 569 2701 justificatio
591 2664 663 2688 non
686 2662 739 2689 est
760 2655 927 2690 remissio
949 2664 1195 2702 peccatorum.

164 2705 243 2745 SED
267 2716 423 2743 coum
449 2714 514 2749 est,
540 2707 637 2754 quod
660 2706 766 2742 Rom.
793 2708 826 2742 8.
854 2719 961 2756 super
982 2709 1088 2743 illud:
1119 2711 1208 2754 Quo.»-
1237 2711 1382 2749 vocavit,
1405 2710 1460 2744 hos
1481 2715 1509 2744 ct
1526 2711 1654 2757 justifi-

93 2760 196 2803 cavit,
216 2759 305 2796 dicit
325 2759 429 2798 Gloe.
451 2759 607 2807 (interl),
629 2760 842 2797 remissione
865 2770 1119 2809 peccatorum;
1134 2774 1222 2809 ergo
1238 2763 1402 2798 remissio
1425 2772 1659 2810 peccatorum

94 2820 150 2849 est
168 2812 387 2860 justificatio.

164 2864 396 2904 Rmmmno
408 2866 617 2910 dicendum,
637 2868 734 2915 quod
757 2868 963 2914 iustificatio
984 2871 1125 2917 passive
1149 2878 1296 2917 accepta
1320 2870 1491 2917 importat
1514 2879 1656 2906 motum

95 2918 141 2955 ad
160 2919 347 2967 justitiam,
371 2919 465 2957 sicut
484 2928 521 2957 et
541 2920 732 2957 calefactio
754 2930 897 2958 motum
919 2923 962 2958 ad
985 2923 1165 2959 calorem:
1195 2934 1277 2959 cum
1307 2933 1429 2959 autem
1456 2925 1588 2970 justitia
1615 2925 1660 2960 de
