1907 3198
0 0 30 148 ...a

470 195 691 233 Quas-no
723 195 883 227 Lxxxv.
918 195 1164 226 anrrcutus
1197 195 1254 226 iv.
1564 186 1643 227 611

80 279 307 317 clinationisz
327 286 364 315 et
384 278 456 314 hoc
479 278 591 314 etiarn
605 278 715 313 habet
735 289 841 313 suum
856 277 1021 319 modum,
1042 277 1216 324 speciem,
1242 284 1278 312 et
1302 276 1489 312 ordinem:
1517 285 1553 312 et
1578 277 1649 313 hoc

79 333 293 370 diminuitur
322 343 386 380 per
410 340 614 379 peccatum,
641 339 679 366 ut
704 332 841 366 dictum
869 340 923 366 est
950 332 1035 376 (art.
1059 342 1091 366 2.
1118 330 1188 376 ij.
1214 331 1277 376 q.),
1304 330 1365 365 sed
1393 341 1467 364 non
1493 330 1653 366 totaliter

78 385 237 423 tollitur:
263 394 319 422 est
352 385 462 421 etiam
490 385 674 432 quoddam
702 385 840 420 bonum
867 385 1019 427 virtutis,
1049 392 1084 419 et
1109 383 1258 430 gratiae,
1285 384 1381 430 quod
1408 383 1518 418 etiam
1545 384 1655 418 habet

79 451 186 476 suum
207 439 373 482 modum,
399 439 571 485 speciem,
597 446 633 473 et
653 438 841 481 ordinem
863 447 897 473 et
924 438 993 472 hoc
1021 437 1181 473 totaliter
1206 436 1345 471 tollitur
1372 448 1434 483 per
1461 445 1651 483 peccatum

78 492 255 530 mortale:
289 500 344 529 est
369 492 479 528 etiam
507 492 692 539 quoddam
720 492 871 533 bonum,
897 492 994 538 quod
1021 499 1076 527 est
1100 491 1176 537 ipse
1204 499 1304 525 actus
1331 490 1528 532 ordinatus,
1555 491 1653 537 quod

79 546 192 583 etiam
211 546 323 582 habet
341 557 449 581 suum
471 545 637 587 modum,
659 545 832 592 speciem,
850 553 884 580 et
905 545 1092 580 ordinem:
1115 553 1151 580 et
1168 545 1275 591 hujus
1293 545 1447 591 privatio
1467 553 1520 580 est
1537 556 1656 580 essen-

77 599 212 636 tialioer
232 599 353 647 ipsum
373 607 576 647 peccatum.
603 598 647 633 Et
669 599 720 633 sic
748 606 858 644 patet,
883 598 1037 645 qualiter
1062 606 1254 645 peccatum
1281 606 1334 633 est
1360 598 1513 644 privatio
1541 598 1654 641 modi,

79 661 116 689 et
135 653 282 700 speciei,
303 660 337 688 et
365 652 523 695 ordinis;
546 660 580 687 et
601 652 729 698 privat,
751 651 809 686 vel
830 651 998 687 diminuit
1024 652 1188 694 modum,
1215 651 1388 698 speciem,
1414 660 1449 687 et
1474 652 1653 687 ordinem.

151 706 258 742 Unde
279 714 377 753 patet
397 706 587 753 responsio
607 716 661 741 AD
686 716 767 741 nuo
789 716 917 741 palm.

150 760 213 796 An
230 770 403 796 ’rennuit
429 759 639 802 dicendum,
664 759 762 806 quod
784 759 929 801 modus,
950 759 1098 806 species,
1126 767 1161 794 et
1187 760 1278 794 ordo
1305 771 1343 794 sc
1371 768 1653 806 consequuntur,

80 813 175 851 sicut
192 825 237 850 ex
255 813 363 849 dictis
381 821 480 861 patet
500 814 556 860 (in
576 819 668 861 corp.
691 814 798 859 art.):
822 813 917 848 unde
939 812 1048 848 simul
1069 813 1264 860 privantur,
1287 822 1323 849 et
1342 813 1604 849 diminuuntur.

585 983 595 1002 ι
650 954 996 1000 ARTICULUS
1025 955 1080 999 V.
1584 968 1655 1015 456

79 1062 235 1095 tri-itum
245 1061 378 1104 Mons,
389 1063 446 1094 ΕΤ
457 1062 546 1093 AL11
561 1062 843 1094 CORPORALES
862 1063 1089 1094 neree-rus
1103 1064 1202 1094 smr
1215 1064 1437 1095 ermerus
1451 1065 1653 1096 peccam.

126 1151 216 1198 (2·2.
229 1163 262 1198 q.
275 1151 353 1197 164.
367 1156 398 1187 et
411 1162 442 1187 2.
457 1151 546 1187 Dist.
557 1163 611 1198 30·
625 1163 655 1198 q.
670 1164 698 1187 1.
713 1157 778 1187 art.
793 1164 820 1187 r.
835 1156 866 1187 et
875 1163 903 1198 3.
921 1152 1007 1187 Dist.
1025 1153 1075 1188 16.
1091 1164 1120 1198 q.
1137 1165 1164 1188 1.
1180 1158 1244 1188 art.
1260 1166 1286 1188 r.
1301 1159 1331 1188 et
1344 1165 1377 1198 4.
1394 1154 1484 1189 Prol.
1495 1155 1609 1201 princ.

343 1209 373 1240 et
393 1205 481 1240 Dist.
502 1215 536 1250 4.
558 1216 588 1251 q.
607 1217 636 1252 3.
655 1210 719 1240 art.
738 1217 765 1240 r.
787 1217 818 1251 q.
837 1217 865 1251 5.
884 1211 915 1241 ct
935 1206 992 1240 lib.
1006 1217 1039 1250 4.
1061 1206 1177 1241 Contr.
1191 1218 1222 1251 g.
1244 1213 1318 1254 cap.
1337 1218 1388 1253 52.

233 1262 265 1294 ot
289 1258 375 1294 Mal.
399 1269 431 1305 q.
457 1269 486 1304 5.
513 1263 579 1293 art.
605 1269 639 1303 4.
666 1262 696 1294 et
720 1265 829 1306 opusc.
854 1270 881 1305 3.
909 1265 981 1306 cap.
1007 1271 1081 1305 197.
1108 1260 1183 1305 198.
1210 1272 1286 1307 199.
1313 1271 1387 1304 241.
1414 1272 1492 1305 242.

531 1316 562 1346 et
580 1312 674 1348 Rom.
694 1323 722 1358 3.
741 1311 812 1347 lect.
831 1323 860 1358 3.
882 1317 910 1347 ct
930 1312 1036 1347 Hebr.
1059 1324 1091 1358 9.
1105 1313 1201 1359 fin).

151 1401 214 1437 An
231 1409 414 1442 Qumwu
439 1399 491 1435 sic
517 1399 737 1447 proceditur.
759 1399 923 1442 Videtur,
953 1401 1051 1448 quod
1073 1412 1186 1444 mors,
1216 1410 1252 1436 et
1277 1401 1339 1436 alii
1365 1402 1573 1449 corporales
1599 1404 1657 1438 de-

83 1453 200 1492 seems
221 1464 297 1490 non
317 1453 389 1489 sint
409 1452 559 1489 effectus
577 1454 735 1501 peccati:
759 1454 901 1489 sienim
923 1466 1032 1489 causa
1053 1454 1160 1490 fuerit
1181 1455 1354 1502 aequalis,
1372 1463 1407 1490 et
1425 1455 1574 1492 effectus
1590 1457 1657 1492 crit

82 1507 266 1557 aequalis:
286 1507 351 1544 sed
371 1507 583 1554 hujusmodi
604 1507 764 1543 desectus
778 1519 853 1542 non
875 1517 959 1543 sunt
980 1508 1149 1555 aequales
1171 1509 1207 1543 in
1229 1509 1419 1545 omnibus:
1440 1509 1501 1545 sed
1523 1510 1559 1544 'm
1578 1510 1655 1557 qui-

78 1562 236 1600 busdam
255 1560 468 1608 hujusmodi
487 1560 650 1596 desectus
671 1561 788 1608 magis
810 1561 1004 1604 abundant,
1017 1573 1101 1597 curn
1120 1571 1244 1597 tamen
1263 1571 1455 1609 peccatum
1477 1563 1654 1609 originale

82 1616 131 1653 sit
147 1615 184 1652 in
206 1614 378 1651 omnibus
397 1613 562 1662 aequale,
583 1614 676 1650 sicut
690 1614 827 1650 dictum
841 1623 896 1650 est
916 1616 964 1662 (q.
986 1617 1040 1652 82.
1063 1622 1128 1652 art.
1147 1616 1212 1661 4.),
1236 1618 1337 1662 cujus
1355 1617 1524 1652 videntur
1537 1617 1657 1664 hujus-

81 1669 184 1706 modi
203 1667 366 1704 defectus
385 1667 545 1704 maxime
566 1679 647 1704 esse
668 1667 838 1711 effectus;
861 1680 949 1715 ergo
970 1680 1080 1712 mom,
1108 1678 1143 1704 et
1164 1669 1375 1716 hujusmodi
1396 1669 1557 1706 defectus
1578 1682 1654 1706 non

81 1730 167 1760 sunt
186 1720 336 1758 effectus
356 1721 509 1768 peccati.

152 1775 435 1812 ammaum.
450 1774 608 1810 Remota
624 1786 746 1818 causa,
761 1784 970 1811 removetur
983 1775 1143 1811 effectus:
1159 1777 1222 1812 sed
1238 1785 1381 1812 remoto
1392 1778 1493 1812 omni
1505 1787 1656 1824 peccato

81 1841 148 1878 pet
166 1829 402 1877 baptismum,
418 1828 478 1864 vel
495 1828 772 1876 poenitentiam,
792 1840 866 1865 non
889 1839 1125 1866 removentur
1142 1831 1353 1877 hujusmodi
1371 1831 1552 1875 defectus3
1567 1843 1656 1879 ergo

81 1893 161 1920 non
177 1890 263 1919 sunt
280 1880 432 1918 effectus
453 1882 606 1929 peccati.

158 1947 190 1985 3.
214 1935 453 1973 ΡιΑετειιεΑ.
487 1935 687 1970 Peccatum
718 1935 858 1971 actuale
885 1936 994 1971 habet
1026 1936 1106 1983 plus
1136 1937 1180 1972 de
1210 1938 1349 1973 ratione
1380 1938 1520 1984 culpae,
1546 1951 1657 1986 quam

83 1989 281 2038 originale:
293 1989 360 2026 sed
376 1996 571 2036 peccatum
586 1988 727 2024 actuale
746 2000 819 2024 non
841 1997 1059 2025 transmutat
1072 1999 1239 2026 naturam
1261 1992 1424 2038 corporis
1438 1993 1482 2027 ad
1498 1992 1656 2040 aliquem

83 2042 286 2086 desectum
307 2053 397 2090 ergo
418 2041 535 2078 multo
554 2042 673 2078 minus
695 2051 888 2089 peccatum
909 2043 1108 2091 originale;
1126 2055 1200 2079 non
1223 2056 1312 2091 ergo
1335 2056 1446 2088 mors,
1468 2054 1504 2081 et
1525 2046 1585 2081 alii
1600 2046 1658 2082 dc-

83 2095 198 2134 sectus
219 2095 429 2144 corporales
448 2104 534 2132 sunt
554 2095 704 2131 effectus
726 2097 877 2143 peccati.

156 2150 233 2188 SED
259 2160 416 2187 coum
438 2157 504 2193 est,
525 2149 623 2197 quod
646 2150 848 2196 Apostolus
870 2150 957 2186 dicit
978 2150 1087 2186 Rom.
1113 2163 1158 2197 5.:
1183 2152 1247 2188 Per
1267 2165 1369 2187 unum
1392 2153 1556 2189 hominem
1579 2160 1658 2202 pcc-

84 2208 197 2254 o‘hm
217 2205 253 2239 in
272 2203 360 2239 bunc
379 2202 541 2239 mundum
565 2204 719 2245 intravit,
742 2209 771 2239 ct
785 2210 848 2251 per
863 2209 1038 2251 peccatum
1065 2217 1163 2240 mors.

156 2257 389 2294 stronneo
410 2255 618 2299 dicendum,
634 2257 731 2304 quod
752 2257 887 2304 aliquid
903 2266 956 2293 est
970 2269 1079 2293 causa
1101 2258 1247 2294 alterius
1266 2259 1444 2307 dupliciter
1453 2273 1466 2302 ,·
1482 2273 1547 2295 uno
1562 2261 1656 2295 niodo

84 2310 234 2361 quiden
252 2319 387 2359 perse:
406 2309 475 2346 alio
487 2308 587 2345 modo
600 2320 664 2356 per
684 2309 865 2346 accidens.
881 2310 952 2346 Per
972 2322 1009 2346 se
1020 2311 1166 2358 quidem
1183 2320 1237 2347 est
1258 2323 1366 2347 causa
1387 2312 1544 2355 alterius,
1559 2314 1656 2360 quod

75 2365 288 2404 secundum
300 2364 472 2401 virtutem
487 2375 575 2400 suae
589 2371 752 2407 naturae,
765 2364 824 2400 vel
837 2363 976 2400 formae
990 2366 1158 2412 producit
1172 2366 1358 2402 effectum:
1378 2368 1472 2402 unde
1487 2368 1658 2415 sequitur,

204 2417 354 2455 effectus
373 2418 420 2454 sit
441 2428 504 2465 per
524 2428 562 2454 se
583 2418 742 2453 intentus
762 2429 781 2452 a
803 2429 931 2455 causa:
955 2420 1061 2462 unde,
1084 2431 1169 2455 cum
1184 2431 1296 2462 mors,
1318 2429 1352 2455 ct
1374 2421 1586 2468 hujusmodi
1601 2422 1659 2457 de-

213 2471 285 2509 sint
296 2478 438 2520 praeter
451 2471 691 2507 intentionem
710 2471 906 2517 peccantis,
925 2472 1156 2508 manifestum
1176 2482 1240 2516 est,
1260 2474 1357 2520 quod
1373 2483 1564 2520 peccatum
1583 2487 1656 2510 non

149 2536 218 2574 per
229 2536 271 2562 se
286 2535 398 2561 causa
410 2524 565 2561 istorum
580 2523 802 2560 defectuum.
823 2524 893 2560 Per
907 2526 1075 2561 accidens
1096 2535 1217 2561 autem
1233 2527 1367 2574 aliquid
1382 2536 1436 2563 est
1453 2539 1562 2563 causa
1577 2528 1661 2564 altc-

86 2589 176 2628 nus,
193 2579 226 2616 si
242 2578 291 2616 sit
303 2589 414 2615 causa
426 2588 622 2614 removens
644 2577 861 2624 prohibens;
875 2578 968 2614 sicut
981 2579 1134 2615 dicitur
1126 2592 1162 2614 m
1180 2580 1212 2615 8.
1228 2580 1337 2628 phy-,⁵
1357 2582 1435 2626 (tex
1459 2593 1494 2627 32
1498 2582 1538 2627 .‚)
1561 2582 1658 2629 quod

88 2672 93 2678 ¹
117 2675 125 2680 .
148 2668 149 2672 ,
171 2675 175 2678 ,
199 2642 265 2669 ens
278 2631 492 2668 columnam
510 2642 574 2678 per
592 2631 762 2666 accidens
783 2640 909 2668 movet
928 2631 1086 2679 lapidem
1106 2633 1301 2669 columnae
1319 2635 1598 2681 superpositum
1618 2635 1660 2670 Et

147 2724 150 2726 ,
173 2684 290 2722 modo
303 2693 496 2732 peccatum
512 2684 617 2732 primi
634 2684 792 2744 parentis
805 2693 860 2720 est
872 2696 982 2721 causa
996 2686 1136 2728 mortis,
1155 2695 1189 2722 et
1199 2688 1366 2722 omnium
1379 2688 1588 2734 hujusmodi
1603 2689 1661 2724 dc·

188 2749 251 2774 um
265 2738 303 2774 in
322 2745 451 2774 natura
471 2737 654 2780 humanam
677 2737 890 2784 inquantum
910 2750 973 2785 per
994 2748 1184 2786 peccatum
1210 2741 1316 2800 primi
1344 2743 1501 2787 parentis
1521 2741 1659 2777 sublata

88 2791 347 2854 *origine-liz
362 2790 510 2839 inme,
531 2802 595 2838 per
608 2802 720 2838 quam
734 2801 808 2826 non
822 2791 941 2827 solum
958 2791 1146 2828 inferiores
1160 2794 1303 2829 animae
1319 2794 1411 2829 vires
1429 2795 1662 2830 contineban-

91 2884 94 2886 ,
115 2887 129 2895 ,η
151 2844 226 2893 sub
240 2845 385 2894 rgione
398 2844 534 2905 absque
551 2843 654 2879 omni
666 2843 955 2888 deordinatione,
967 2845 1032 2885 sed
1047 2853 1165 2881 totum
1180 2858 1311 2894 corpus
1329 2848 1582 2883 continebatur
1594 2849 1659 2884 sub

93 2897 217 2942 §nima
234 2896 370 2946 absque
390 2896 493 2934 omni
513 2895 669 2940 defectu,
683 2905 721 2933 ut
742 2897 778 2933 in
796 2898 914 2945 primo
935 2886 1099 2935 habitum
1121 2908 1176 2936 cst
1197 2900 1244 2947 (q.
1262 2912 1318 2947 97.
1338 2906 1403 2937 cm.
1422 2913 1437 2938 1
1441 2903 1489 2948 .).·
1507 2910 1544 2938 et
1563 2902 1659 2944 ideo,
