1907 3182
208 211 293 264 346
617 219 838 254 QUAESTIO
872 219 988 248 XLIX.
1022 218 1266 248 ARTICULUS
1299 218 1360 247 111.

207 310 261 336 est
276 302 431 335 habitus.
449 301 657 335 Secundum
677 300 823 346 quidem
838 300 1018 334 rationem
1031 299 1175 333 habitus
1191 299 1361 332 convenit
1375 300 1473 332 omni
1492 299 1631 332 habitui
1650 298 1771 345 aliquo

208 356 318 390 modo
337 355 470 389 habere
497 355 661 388 ordinem
690 354 733 387 ad
762 362 898 387 actum:
923 361 977 387 est
1003 353 1099 386 enim
1121 352 1164 386 de
1191 352 1330 386 ratione
1357 352 1511 394 habitus,
1537 360 1576 386 ut
1601 353 1773 399 importet

206 408 456 442 habitudinem
478 407 675 454 quamdam
696 407 731 440 in
755 407 880 441 ordine
904 406 946 439 ad
969 414 1136 439 naturam
1163 406 1225 447 rei,
1251 406 1451 439 secundum
1474 406 1571 451 quod
1590 406 1772 448 convenit,

206 462 265 496 vel
285 473 360 496 non
380 462 566 495 convenit:
590 460 652 494 sed
675 468 801 494 natura
824 460 884 500 rei,
913 470 1004 504 quae
1025 467 1077 492 est
1098 458 1178 492 finis
1206 459 1462 504 generationis,
1485 458 1634 493 ulterius
1662 459 1773 493 etiam

208 515 393 550 ordinatur
415 515 458 548 ad
479 514 590 547 alium
605 513 726 555 finem,
743 513 802 558 qui
817 512 875 546 vel
895 520 948 546 est
966 512 1143 558 operatio,
1161 511 1220 545 vel
1238 511 1383 557 aliquod
1399 520 1602 558 operatum,
1617 512 1661 546 ad
1675 511 1773 558 quod

207 569 286 615 quis
307 568 471 614 pervenit
492 579 554 613 per
582 567 852 612 operationem:
880 565 975 599 unde
1002 565 1146 599 habitus
1166 576 1242 599 non
1268 565 1388 599 solum
1415 566 1588 612 importat
1608 566 1774 600 ordinem

209 622 253 655 ad
275 622 390 668 ipsam
413 628 581 654 naturam
603 619 666 661 rei,
688 619 749 653 sed
773 619 883 652 etiam
906 626 1172 664 consequenter
1193 618 1237 652 ad
1260 619 1532 664 operationem3
1558 619 1775 665 inquantum

208 683 261 709 est
281 675 361 708 finis
388 682 549 714 naturae,
575 672 633 706 vel
659 673 860 718 perducens
888 671 931 705 ad
959 671 1089 713 finem3
1117 671 1212 705 unde
1235 680 1270 706 et
1295 671 1332 705 in
1357 682 1384 716 5.
1411 671 1571 718 Metaph.
1601 672 1679 716 (tex.
1706 672 1773 718 25.)

207 728 335 762 dicitur
356 728 392 761 in
415 726 625 761 definitione
646 726 801 767 habitus,
824 726 920 770 quod
943 733 997 759 est
1018 725 1219 771 dispositio,
1241 725 1442 759 secundum
1461 736 1570 771 quam
1590 725 1695 768 bene,
1715 724 1775 759 vel

208 781 303 816 male
323 781 524 826 disponitur
546 779 773 825 dispositum,
795 784 854 813 aut
873 778 1048 813 secundum
1069 790 1111 820 se,
1134 778 1226 812 idest
1247 777 1449 812 secundum
1469 789 1574 812 suam
1594 786 1775 820 naturam,

208 840 267 868 aut
285 834 325 868 ad
347 833 450 874 aliud,
474 833 565 867 idest
586 833 621 866 in
644 832 770 866 ordine
793 832 837 866 ad
860 831 981 866 finem.
999 831 1071 866 Sed
1093 841 1176 866 sunt
1197 831 1344 877 quidam
1357 831 1512 873 habitus,
1527 833 1587 877 qui
1605 832 1716 865 etiam
1733 842 1776 865 ex

209 895 308 934 parte
339 887 501 931 subjecti,
536 886 571 919 in
599 896 670 931 quo
698 893 791 927 sunt,
818 885 948 931 primo,
976 893 1010 919 et
1036 885 1281 931 principaliter
1309 885 1509 931 important
1537 885 1704 919 ordinem
1731 884 1775 918 ad

209 949 348 974 actum:
372 941 465 983 quia,
493 948 532 973 ut
559 939 696 973 dictum
718 947 771 972 est
802 939 880 982 (art.
901 938 1048 985 praec),
1076 939 1218 972 habitus
1240 938 1371 984 primo,
1399 945 1433 972 et
1453 949 1516 984 per
1541 949 1579 972 se
1604 938 1778 984 importat

210 993 461 1027 habitudinem
477 992 520 1026 ad
535 1000 702 1026 naturam
724 994 793 1026 rei:
817 992 847 1026 si
865 992 973 1037 igitur
990 1000 1117 1026 natura
1136 992 1199 1033 rei,
1218 991 1254 1025 in
1277 1003 1347 1037 qua
1365 999 1418 1026 est
1430 991 1586 1034 habitus,
1605 991 1779 1026 consistat

209 1048 244 1081 in
259 1047 338 1092 ipso
354 1046 479 1080 ordine
496 1046 539 1079 ad
561 1053 694 1087 actum,
711 1046 872 1091 sequitur
889 1046 986 1091 quod
1001 1045 1145 1079 habitus
1162 1045 1408 1091 principaliter
1421 1046 1595 1092 importet
1611 1045 1778 1080 ordinem

214 1100 257 1133 ad
281 1108 412 1133 actum.
435 1098 670 1133 Manifestum
693 1107 745 1132 est
768 1107 900 1141 autem,
925 1099 1021 1144 quod
1043 1107 1183 1141 natura,
1206 1107 1241 1133 et
1261 1100 1353 1133 ratio
1380 1099 1564 1145 potentiae
1586 1107 1650 1141 est,
1671 1107 1711 1133 ut
1735 1099 1780 1134 sit

210 1152 427 1199 principium
450 1160 550 1186 actus
567 1165 573 1187 :
593 1152 687 1186 unde
707 1152 826 1186 omnis
846 1152 999 1194 habitus,
1016 1152 1077 1198 qui
1098 1161 1152 1186 est
1173 1151 1323 1198 alicujus
1341 1152 1538 1199 potentiae,
1557 1159 1596 1186 ut
1616 1152 1778 1198 subjecti,

210 1205 455 1252 principaliter
475 1207 646 1252 importat
669 1206 834 1239 ordinem
857 1206 900 1239 ad
924 1214 1056 1240 actum.

280 1260 340 1294 AD
361 1270 511 1294 PRIMUM
533 1271 620 1306 ergo
651 1259 858 1301 dicendum,
884 1259 981 1305 quod
1010 1259 1154 1293 habitus
1178 1267 1231 1293 est
1253 1267 1353 1293 actus
1374 1259 1534 1305 quidam,
1561 1260 1775 1305 inquantum

210 1322 263 1347 est
283 1313 454 1359 qualitas:
479 1321 513 1347 et
535 1313 734 1346 secundum
753 1313 824 1346 hoc
848 1321 966 1359 potest
988 1324 1065 1347 esse
1083 1313 1301 1359 principium
1321 1313 1564 1359 operationis:
1588 1313 1650 1347 sed
1672 1319 1726 1347 est
1742 1313 1778 1346 in

211 1366 371 1412 potentia
393 1378 456 1412 per
476 1373 682 1411 respectum
705 1366 748 1399 ad
771 1366 1042 1412 operationem:
1066 1366 1161 1400 unde
1173 1366 1317 1400 habitus
1332 1366 1462 1400 dicitur
1483 1367 1726 1412 actusprimus,
1744 1373 1780 1400 et

213 1420 375 1466 operatio
395 1425 484 1454 actus
504 1419 670 1461 secundus,
694 1427 732 1453 ut
752 1427 850 1465 patet
868 1420 903 1453 in
927 1429 957 1453 2.
981 1420 1024 1453 de
1047 1419 1182 1453 Anima
1205 1420 1285 1464 (tex.
1304 1419 1362 1465 5.).

281 1474 340 1507 AD
356 1483 562 1507 SECUNDUM
586 1473 792 1514 dicendum,
811 1473 908 1519 quod
933 1484 1007 1506 non
1029 1480 1081 1507 est
1100 1473 1143 1506 de
1166 1473 1304 1506 ratione
1322 1473 1477 1514 habitus,
1496 1473 1594 1519 quod
1612 1472 1780 1519 respiciat

212 1528 422 1572 potentiam,
446 1526 507 1560 sed
530 1526 626 1572 quod
654 1526 820 1572 respiciat
846 1534 1031 1560 naturam:
1055 1534 1089 1560 et
1111 1526 1193 1572 quia
1219 1534 1346 1560 natura
1374 1526 1558 1572 praecedit
1584 1526 1780 1567 actionem,

211 1591 319 1626 quam
342 1580 486 1626 respicit
512 1580 686 1626 potentia,
712 1580 794 1614 ideo
822 1579 919 1624 prior
945 1579 1084 1625 species
1111 1579 1291 1625 qualitatis
1318 1581 1464 1626 ponitur
1489 1579 1644 1621 habitus,
1670 1590 1781 1625 quam

210 1634 382 1680 potentia.

282 1687 342 1721 AD
367 1697 537 1721 TERTIUM
561 1686 768 1727 dicendum,
788 1686 884 1732 quod
904 1687 1037 1720 sanitas
1065 1686 1194 1720 dicitur
1220 1686 1363 1728 habitus,
1390 1685 1449 1720 vel
1473 1685 1651 1720 habitualis
1675 1685 1781 1732 dispo-

211 1742 284 1775 sitio
307 1740 342 1774 in
366 1740 491 1774 ordine
515 1740 557 1773 ad
577 1748 756 1781 naturam,
778 1740 870 1773 sicut
885 1739 1021 1773 dictum
1045 1747 1097 1773 est
1115 1741 1165 1783 (in
1188 1745 1276 1785 corp.
1299 1739 1383 1784 art.)
1394 1752 1404 1773 :
1423 1739 1637 1785 inquantum
1657 1746 1781 1772 tamen

211 1802 336 1827 natura
352 1802 404 1827 est
418 1793 634 1839 principium
652 1801 764 1834 actus,
781 1804 823 1826 ex
839 1792 1076 1838 consequenti
1095 1794 1269 1838 importat
1283 1792 1449 1826 ordinem
1469 1792 1510 1826 ad
1532 1800 1671 1826 actum:
1688 1791 1781 1826 unde

212 1846 348 1880 Philos.
371 1847 454 1880 dicit
472 1847 507 1879 in
534 1857 584 1881 10.
609 1847 651 1880 de
679 1846 839 1880 Historia
863 1845 1076 1879 animalium
1103 1847 1190 1892 (cap.
1218 1858 1244 1881 I.
1268 1847 1358 1880 circa
1377 1846 1520 1892 princ),
1543 1845 1639 1892 quod
1666 1845 1780 1879 horno

213 1900 341 1934 dicitur
361 1911 438 1934 esse
461 1911 580 1941 sanus,
601 1899 661 1933 vel
679 1899 884 1933 membrum
908 1899 1066 1945 aliquod,
1089 1899 1234 1946 quando
1252 1907 1372 1946 potest
1391 1898 1510 1933 facere
1531 1900 1781 1946 operationem

213 1955 308 1988 sani:
329 1962 363 1988 et
385 1962 437 1988 cst
456 1953 572 1988 simile
593 1953 629 1987 in
653 1953 742 1987 aliis.

771 2114 1117 2160 ARTICULUS
1152 2115 1229 2157 IV.
1714 2135 1783 2171 270

527 2235 679 2266 UTRUM
707 2236 774 2265 SIT
801 2235 1103 2266 NECESSARIUM
1129 2234 1230 2264 ESSE
1257 2233 1470 2263 HABITUM.

359 2337 469 2382 (Vari.
493 2349 522 2382 q.
546 2348 599 2372 20.
622 2341 684 2370 art.
708 2347 739 2371 2.
762 2342 850 2382 corp.
873 2341 903 2370 ct
930 2336 1017 2370 Veri.
1040 2347 1069 2381 t]-
1092 2347 1118 2370 ι.
1142 2339 1205 2369 art.
1227 2347 1254 2370 r.
1275 2340 1364 2380 corp.
1385 2338 1416 2369 et
1433 2333 1476 2368 ad
1488 2344 1519 2368 2.
1538 2337 1567 2368 et
1583 2344 1627 2379 13.

787 2395 815 2424 et
833 2401 862 2435 q.
886 2401 916 2424 2.
940 2394 1002 2423 art.
1026 2400 1056 2424 2.
1080 2389 1198 2435 corp).

289 2491 348 2525 AD
376 2500 563 2530 Qum-rm
592 2490 641 2524 sic
670 2490 886 2536 proceditur.
921 2490 1085 2531 Videtur,
1120 2489 1216 2536 quod
1250 2500 1324 2523 non
1356 2489 1401 2523 sit
1429 2487 1675 2523 necessarium
1705 2497 1784 2521 esse

217 2544 399 2578 habitum:
422 2544 564 2577 habitus
585 2545 681 2578 enim
701 2551 793 2584 sunt,
816 2544 943 2589 quibus
963 2543 1096 2590 aliquid
1120 2543 1322 2589 disponitur
1342 2542 1448 2583 bene,
1469 2541 1527 2576 vel
1546 2540 1641 2574 male
1664 2540 1707 2574 ad
1726 2539 1787 2574 ali-

217 2597 312 2643 quid,
336 2597 427 2631 sicut
449 2597 585 2630 dictum
608 2605 659 2630 cst
687 2597 765 2639 (art.
791 2608 819 2631 2.
848 2598 915 2641 lmj.
940 2599 1010 2642 q.):
1034 2597 1094 2631 sed
1121 2608 1186 2642 per
1212 2607 1315 2630 suam
1341 2594 1498 2629 formam
1527 2593 1659 2640 aliquid
1681 2593 1785 2634 bene,

217 2650 273 2684 vel
298 2650 392 2685 male
413 2651 628 2696 disponitur:
648 2661 733 2683 nam
753 2651 952 2683 secundum
973 2649 1129 2684 formam
1151 2649 1285 2696 aliquid
1304 2656 1356 2684 est
1371 2649 1521 2690 bonum,
1539 2647 1630 2682 sicut
1649 2654 1685 2682 et
1702 2656 1784 2688 ens;

218 2715 304 2749 crgo
327 2703 424 2737 nulla
447 2705 641 2738 necessitas
664 2712 716 2737 est
738 2703 937 2737 habituum.

291 2767 321 2791 2.
345 2757 581 2791 P1{.-x1-;'1·};'1³E.›x.
605 2756 756 2790 Habitus
771 2757 942 2802 importat
958 2756 1122 2790 ordinem
1140 2757 1183 2790 ad
1202 2764 1341 2790 actum:
1358 2755 1420 2790 sed
1439 2754 1600 2802 potentia
1616 2755 1787 2800 importat

219 2811 432 2857 principium
462 2819 561 2845 actus
589 2809 825 2850 sufficientem
853 2822 936 2844 nam
966 2819 999 2844 ct
1027 2811 1209 2855 potentiae
1237 2809 1419 2844 naturales
1447 2809 1580 2855 absque
1606 2807 1785 2842 habitibus

220 2872 301 2898 sunt
323 2864 496 2910 principia
519 2872 684 2905 actuum3
708 2875 794 2907 ergo
817 2875 889 2897 non
915 2863 978 2897 suit
1006 2864 1249 2898 necessarium
1273 2862 1416 2897 habitus
1439 2873 1528 2897 esse.

294 2928 321 2962 3.
346 2917 581 2951 Pristi-ruri.
605 2917 706 2951 Sicut
733 2917 892 2963 potentia
921 2929 957 2950 se
984 2917 1092 2951 babet
1120 2917 1162 2951 ad
1190 2917 1340 2958 bonum,
1367 2923 1402 2950 et
1428 2915 1471 2950 ad
1498 2914 1649 2956 malum,
1676 2913 1724 2948 ita
1751 2921 1786 2948 et
