1907 3182
271 171 353 213 272
660 171 880 207 QUAESTIO
915 171 1045 200 XXXV.
1080 171 1322 201 ARTICULUS
1355 172 1429 201 VII.

270 252 384 286 aliud:
407 251 501 286 unde
520 263 562 286 ex
583 260 683 298 parte
704 253 772 286 ista
793 252 899 286 dolor
920 252 1070 286 interior
1089 252 1313 297 praeeminet
1333 252 1452 286 dolori
1469 252 1647 286 exteriori.
1670 252 1830 287 Similiter

269 307 368 339 etiam
383 311 526 351 exparte
544 307 830 352 apprehensionis:
853 317 939 338 nam
955 306 1193 351 apprehensio
1209 306 1369 347 rationis,
1385 314 1419 340 et
1432 306 1703 351 imaginationis
1725 305 1830 340 altior

270 366 333 400 est,
356 370 464 404 quam
488 359 726 405 apprehensio
749 370 874 393 sensus
889 367 1025 400 tactus;
1048 359 1142 393 unde
1156 359 1360 405 simpliciter,
1388 365 1417 394 et
1432 366 1538 406 perse
1554 359 1722 405 loquendo,
1738 359 1831 393 dolor

268 413 408 446 interior
424 414 536 458 potior
550 418 606 455 est,
629 425 727 458 quam
751 412 844 446 dolor
868 413 1032 446 exterior:
1057 413 1157 457 cujus
1179 412 1320 457 signum
1345 420 1408 454 est,
1431 413 1527 458 quod
1550 413 1659 447 etiam
1685 412 1830 446 dolores

270 466 463 500 exteriores
487 465 613 511 aliquis
634 465 836 499 voluntarie
859 465 1018 511 suscipit,
1041 473 1079 498 ut
1097 465 1206 499 evitet
1226 465 1452 500 interiorem:
1475 474 1509 499 et
1529 466 1743 511 inquantum
1756 476 1831 499 non

269 527 446 564 repugnat
466 519 571 553 dolor
593 519 747 552 exterior
767 518 930 552 interiori
959 518 1141 564 appetitui,
1163 518 1202 553 fit
1231 519 1506 564 quodammodo
1534 518 1769 561 delectabilis,
1796 526 1832 553 et

267 572 445 616 jucundus
466 572 629 606 interiori
650 571 794 617 gaudio.

343 625 573 671 Quandoque
591 633 712 659 tamen
735 624 840 658 dolor
861 625 1016 659 exterior
1038 633 1091 659 est
1112 636 1196 658 curn
1217 625 1379 659 interiori
1400 625 1548 660 dolore:
1568 633 1604 660 et
1619 633 1705 660 tunc
1727 624 1834 659 dolor

268 687 436 724 augetur:
458 690 531 713 non
553 678 673 712 solum
695 678 791 712 enirn
814 678 962 712 interior
988 686 1041 713 est
1066 679 1194 723 major,
1221 690 1330 724 quarn
1353 679 1520 721 exterior,
1542 679 1604 713 sed
1627 679 1737 713 etiam
1758 678 1834 712 uni-

267 731 459 766 versalior:
482 732 653 777 quidquid
676 732 773 765 enim
796 739 849 766 est
880 743 1085 778 repugnans
1113 732 1268 778 corpori,
1286 740 1405 778 potest
1425 743 1503 767 esse
1521 744 1725 779 repugnans
1747 732 1833 766 inte-

268 785 353 818 riori
376 785 560 831 appetitui:
585 793 619 819 et
640 785 811 830 quidquid
834 786 1113 831 apprehenditur
1134 797 1254 827 senSU,
1275 794 1394 831 potest
1416 786 1637 832 apprehendi
1657 786 1833 831 imagina—

267 838 377 879 tione,
393 847 427 872 et
440 839 596 872 ratione:
621 838 682 872 sed
697 850 771 871 non
791 839 1028 880 convertitur,
1051 846 1085 873 et
1102 839 1184 872 ideo
1199 839 1384 884 signanter
1401 840 1436 873 in
1452 840 1665 874 auctoritate
1680 839 1833 873 adducta

269 892 319 936 (in
341 904 413 937 arg.
430 892 482 926 scd
496 891 627 936 contra)
650 891 796 925 dicitur:
816 892 934 926 Omnis
954 893 1058 938 plaga
1086 894 1220 926 tristitia
1247 892 1354 927 cordis
1372 897 1426 934 est,
1449 893 1533 938 quia
1554 893 1666 927 etiam
1687 891 1832 926 dolores

269 945 486 978 exteriorum
508 945 697 991 plagarum
719 945 782 979 sub
806 945 967 979 interiori
989 946 1108 979 cordis
1128 946 1270 979 tristitia
1293 946 1660 992 comprehenduntur.

338 1000 397 1033 AD
416 1010 565 1033 PRIMUM
588 1010 674 1045 ergo
697 1000 903 1041 dicendum,
926 1000 1022 1045 quod
1045 999 1150 1033 dolor
1171 1000 1319 1033 interior
1337 1007 1456 1045 potest
1470 1000 1580 1033 etiarn
1599 1010 1676 1034 esse
1698 999 1742 1033 de
1762 999 1831 1042 his,

267 1064 357 1098 quae
380 1053 644 1086 contrariantur
664 1053 777 1087 vitae:
801 1061 836 1086 et
857 1053 906 1086 sic
930 1053 1155 1098 comparatio
1179 1052 1314 1086 doloris
1336 1053 1517 1087 interioris
1544 1053 1588 1087 ad
1616 1053 1831 1087 exteriorem

266 1117 340 1140 non
363 1114 416 1140 est
437 1106 646 1152 accipienda
668 1106 868 1140 secundum
890 1106 1031 1140 diversa
1053 1106 1161 1148 mala,
1183 1117 1275 1152 quae
1296 1114 1379 1140 sunt
1400 1107 1508 1141 cau‘sa
1531 1106 1679 1148 doloris,
1697 1107 1759 1140 sed
1781 1117 1832 1140 se-

267 1160 425 1193 cundum
448 1160 627 1193 diversam
651 1160 963 1205 comparationem
986 1160 1092 1204 hujus
1116 1171 1245 1194 causae
1268 1160 1404 1194 doloris
1427 1160 1470 1193 ad
1493 1160 1702 1206 appetitum.

337 1214 397 1248 AD
425 1224 631 1248 SECUNDUM
650 1214 856 1255 dicendum,
878 1213 974 1259 quod
995 1213 1137 1247 tristitia
1154 1213 1303 1247 interior
1324 1225 1399 1247 non
1419 1213 1584 1260 procedit
1604 1224 1647 1247 ex
1672 1212 1835 1247 similitu-

268 1267 348 1301 dine
371 1267 421 1301 rei
444 1267 679 1313 apprehensa,
694 1267 786 1301 sicut
805 1278 848 1301 ex
870 1278 996 1301 causa:
1016 1278 1091 1301 non
1110 1267 1207 1300 enirn
1221 1267 1336 1301 homo
1355 1267 1514 1301 tristatur
1530 1267 1678 1301 interius
1696 1267 1739 1301 de
1757 1267 1832 1312 ipsa

267 1320 500 1354 similitudine
520 1320 756 1366 apprehensa,
771 1321 833 1354 sed
848 1320 891 1354 de
906 1332 954 1362 re,
970 1321 1070 1365 cujus
1085 1329 1138 1354 est
1151 1320 1369 1362 similitudo;
1392 1331 1483 1366 quae
1502 1320 1649 1367 quidem
1662 1331 1717 1355 res
1731 1328 1832 1354 tanto

268 1373 460 1419 perfectius
492 1374 769 1420 apprehenditur
798 1385 861 1419 per
891 1373 1050 1419 aliquam
1077 1373 1362 1416 similitudinem,
1389 1382 1525 1420 quanto
1553 1373 1751 1408 similitudo
1781 1381 1835 1408 est

267 1428 384 1473 magis
406 1427 666 1469 immaterialis,
689 1436 723 1461 et
745 1428 942 1469 abstracta3
965 1435 1000 1461 et
1020 1427 1102 1461 ideo
1125 1427 1230 1461 dolor
1250 1427 1410 1469 interior,
1425 1438 1488 1474 per
1508 1439 1546 1462 se
1567 1427 1763 1473 loquendo,
1782 1435 1835 1461 est

267 1483 394 1527 major,
421 1490 608 1527 tamquam
636 1482 679 1515 de
705 1481 836 1526 majori
870 1480 967 1515 malo
995 1481 1161 1523 existens,
1189 1489 1334 1527 propter
1358 1481 1432 1527 hoc
1459 1481 1556 1527 quod
1590 1481 1752 1515 interiori
1778 1492 1834 1526 ap-

268 1535 508 1581 prehensione
527 1535 644 1580 magis
667 1535 901 1579 cognoscitur
922 1534 1072 1568 malum.

339 1589 399 1623 AD
423 1599 594 1623 TERTIUM
616 1588 821 1630 dicendum,
843 1589 939 1634 quod
962 1588 1236 1622 immutationes
1263 1587 1472 1634 corporales
1498 1588 1615 1634 magis
1642 1595 1835 1622 causantur

268 1654 310 1676 ex
331 1641 456 1676 dolore
479 1642 662 1676 exteriori:
681 1650 759 1676 tum
780 1642 862 1688 quia
882 1653 990 1676 causa
1008 1641 1145 1676 doloris
1164 1642 1349 1676 exterioris
1364 1650 1418 1676 est
1432 1652 1668 1688 corrumpens
1687 1642 1833 1687 conjun-

267 1704 367 1730 ctum
389 1695 635 1742 corporaliter,
657 1695 754 1741 quod
781 1695 890 1741 exigit
924 1695 1163 1741 apprehensio
1193 1703 1327 1738 tactus;
1349 1703 1428 1729 tum
1461 1695 1571 1730 etiam
1598 1695 1682 1741 quia
1708 1706 1834 1730 sensus

267 1749 421 1783 exterior
443 1757 495 1783 est
516 1749 631 1795 magis
655 1748 865 1795 corporalis,
887 1760 996 1795 quarn
1018 1760 1143 1783 sensus
1165 1749 1335 1791 interi0r;
1357 1749 1449 1784 sicut
1470 1757 1505 1784 et
1526 1749 1704 1795 appetitus
1725 1750 1833 1783 sensi-

266 1804 371 1845 tivus‚
393 1814 503 1849 quam
524 1802 776 1844 intellectivus,
799 1811 834 1837 et
855 1811 1001 1849 propter
1021 1802 1106 1844 hoc,
1128 1811 1167 1836 ut
1187 1814 1293 1848 supra
1312 1802 1449 1837 dictum
1471 1811 1525 1837 est
1548 1803 1593 1848 (q.
1612 1815 1659 1849 31.
1681 1808 1746 1838 art.
1768 1803 1833 1848 4.),

267 1868 309 1891 ex
330 1865 432 1891 motu
455 1857 631 1902 appetitus
653 1857 814 1890 sensitivi
840 1856 956 1902 magis
985 1867 1116 1902 corpus
1142 1856 1366 1899 immutatur,
1389 1864 1424 1891 et
1449 1855 1614 1891 similiter
1640 1868 1682 1891 ex
1708 1855 1835 1891 dolore

267 1911 435 1945 exteriori
456 1910 584 1956 magis,
606 1921 716 1956 quam
736 1921 778 1944 ex
801 1910 928 1945 dolore
949 1910 1122 1944 interiori.

793 2028 1139 2074 ARTICULUS
1172 2029 1295 2072 VIII.
1768 2050 1832 2086 205

423 2125 578 2155 UTRUM
611 2125 708 2155 SINT
741 2125 928 2154 TANTUM
960 2125 1176 2160 QUATUOR
1208 2124 1379 2154 siu-:ems
1413 2123 1675 2154 TRISTITIAE.

524 2202 625 2249 (Infr.
648 2215 676 2248 q.
699 2214 750 2247 41.
773 2208 837 2238 art.
859 2215 886 2238 Ι.
909 2208 938 2238 ct
952 2214 981 2249 7.
1001 2202 1043 2237 acl
1068 2215 1094 2238 r.
1117 2208 1146 2237 ct
1163 2214 1228 2238 2-2.
1251 2214 1280 2248 q.
1296 2214 1340 2249 35.
1355 2206 1418 2236 art.
1441 2213 1473 2246 4.
1492 2201 1534 2236 ad
1551 2213 1580 2248 3.

424 2262 452 2291 ct
472 2268 501 2303 3.
517 2257 603 2291 Dist.
619 2257 674 2291 26.
697 2269 726 2302 q.
749 2268 780 2291 2.
802 2262 867 2291 art.
886 2269 913 2303 3.
936 2262 1024 2303 corp.
1037 2257 1102 2303 fin.
1124 2261 1154 2291 ct
1181 2257 1267 2291 Veri.
1289 2268 1319 2302 q.
1340 2256 1396 2291 26.
1418 2261 1483 2290 art.
1504 2266 1538 2300 4.
1559 2254 1602 2289 ad
1623 2254 1685 2301 6.).

341 2339 400 2374 AD
420 2350 608 2374 OCTAVUM
622 2340 672 2373 sic
689 2340 904 2385 proceditur.
918 2339 1080 2382 Videtur,
1097 2339 1194 2385 quod
1208 2339 1316 2373 Dam.
1334 2339 1408 2383 (lib.
1427 2350 1457 2374 2.
1472 2338 1568 2373 Orth.
1582 2337 1657 2373 Fid.
1672 2343 1745 2385 cap.
1759 2337 1834 2383 13),

269 2394 564 2428 inconvenienter
579 2398 720 2439 quatuor
734 2394 896 2427 tristitiae
911 2393 1049 2439 species
1064 2393 1232 2438 assignet:
1248 2403 1340 2438 quae
1354 2400 1437 2426 sunt
1449 2391 1589 2433 accidia,
1604 2390 1663 2425 vel
1676 2390 1835 2425 anxietas

269 2447 468 2481 secundum
491 2446 643 2492 Gregor.
666 2446 771 2492 Nyss.
796 2447 861 2489 (scu
885 2447 1012 2481 Nemas.
1035 2447 1090 2481 lib.
1113 2446 1148 2480 dc
1175 2446 1254 2480 Nat.
1276 2446 1379 2480 Hom.
1402 2451 1475 2492 cap.
1490 2445 1573 2491 19),
1594 2444 1834 2485 misericordia,

269 2509 304 2535 et
325 2501 477 2535 invidia.-
499 2501 640 2534 tristitia
669 2501 765 2534 enim
792 2500 1023 2534 delectationi
1046 2500 1259 2546 opponitur:
1283 2499 1344 2534 sed
1371 2498 1622 2533 delectationis
1648 2508 1722 2532 non
1750 2498 1836 2532 assi-

270 2563 424 2600 gnantur
447 2554 586 2600 aliquae
613 2554 771 2600 specics;
794 2565 882 2599 ergo
904 2565 970 2588 nec
993 2554 1155 2588 tristitiae
1178 2553 1315 2600 species
1338 2549 1469 2587 debent
1491 2551 1676 2597 assignari.

342 2619 372 2643 2.
396 2609 631 2643 PRAETEREA.
655 2609 858 2642 I’ocniltntia
881 2616 933 2642 cst
960 2608 1138 2653 quaedam
1165 2607 1304 2653 species
1330 2607 1514 2649 tristitiae3
1536 2605 1700 2640 similiter
1726 2605 1835 2640 etiam

269 2664 413 2704 nemesis,
437 2670 471 2696 et
492 2662 596 2707 mus,-
620 2670 658 2696 ut
679 2661 765 2695 dicit
786 2661 877 2695 Phil.
902 2672 931 2695 2.
955 2662 1060 2695 Rhet.
1083 2662 1172 2707 (cap.
1196 2673 1228 2706 9.
1255 2666 1283 2695 ct
1309 2660 1374 2705 Π.)
1395 2671 1487 2706 quae
1516 2659 1663 2706 quidem
1689 2659 1753 2693 sub
1779 2659 1835 2693 his

271 2716 457 2762 speciebus
478 2727 551 2749 non
574 2715 948 2761 comprehemhintur;
969 2726 1056 2758 ergo
1079 2713 1298 2749 insufficiens
1320 2722 1374 2748 est
1394 2715 1470 2759 ejus
1491 2713 1673 2760 praedicta
1694 2713 1834 2747 divisio.

345 2780 374 2813 3.
396 2770 631 2804 PRAETEREA.
649 2768 781 2804 Omnis
803 2768 930 2802 divisio
953 2768 1057 2802 debet
1079 2779 1156 2802 csse
1179 2779 1241 2814 per
1263 2767 1452 2814 opposita:
1474 2767 1536 2802 sed
1559 2766 1740 2813 praedicta
1761 2777 1835 2800 non

271 2823 405 2858 habent
427 2823 694 2869 oppositionem
718 2822 761 2856 ad
783 2822 958 2856 invicem:
981 2833 1066 2855 nam
1090 2822 1288 2855 secundum
1313 2820 1422 2866 Grcg.
1443 2820 1550 2867 Nyss.
1568 2820 1646 2865 (loc.
1663 2825 1734 2866 sup.
1748 2820 1835 2864 cit.).·

273 2877 413 2912 Accidia
435 2883 477 2912 cst
499 2878 633 2912 tristitia
654 2888 766 2911 vocem
786 2881 985 2922 amputans.-
1009 2877 1156 2910 anxietas
1170 2887 1248 2910 vcro
1263 2879 1305 2910 est
1325 2875 1457 2909 tristitia
1477 2885 1686 2920 aggravans:
1705 2872 1834 2908 invidia
