1955 3182
248 182 304 234 64
693 189 913 225 QUAESTIO
947 190 988 218 V.
1022 188 1267 218 ARTICULUS
1300 187 1360 216 III.

247 271 483 305 beatitudinis.
506 271 585 305 Alio
608 270 703 304 modo
725 278 844 315 potest
865 281 941 303 esse
969 269 1180 315 imperfecta
1211 280 1252 302 ex
1280 276 1379 314 parte
1406 267 1516 313 ipsius
1546 266 1808 313 participanti53

245 324 305 370 qui
326 324 472 370 quidem
494 324 537 357 ad
559 324 677 369 ipsum
700 323 883 368 objectum
905 322 1134 356 beatitudinis
1156 322 1356 356 secundum
1378 321 1536 366 seipsum
1564 320 1716 366 attingit,
1747 320 1811 354 sci-

244 377 329 411 licet
353 377 486 418 Deum,
513 377 575 410 sed
602 375 810 422 imperfecte
841 387 903 421 per
935 383 1141 421 respectum
1176 375 1219 408 ad
1253 374 1417 415 modum,
1451 384 1523 419 quo
1557 373 1656 407 Deus
1690 373 1809 418 seipso

243 429 387 463 fruitur:
408 438 442 463 et
459 429 539 464 talis
558 428 783 475 imperfectio
802 440 876 462 non
895 428 990 462 tollit
1007 440 1132 462 veram
1150 428 1329 461 rationem
1347 426 1595 460 beatitudinis:
1612 426 1706 472 quia,
1727 436 1810 459 cum

244 483 426 516 beatitudo
450 483 495 516 sit
517 482 678 528 operatio
702 481 892 527 quaedam,
915 489 952 514 ut
974 492 1079 526 supra
1102 481 1239 514 dictum
1262 488 1314 514 est
1335 480 1382 525 (q.
1401 492 1428 525 3.
1452 485 1516 514 art.
1535 481 1596 525 2.),
1616 491 1701 513 vera
1718 479 1810 512 ratio

244 536 472 570 beatitudinis
495 535 742 569 consideratur
764 546 805 568 ex
828 535 983 580 objecto,
1006 535 1103 580 quod
1125 535 1185 568 dat
1206 534 1366 580 speciem
1388 533 1495 575 actui,
1521 543 1596 566 non
1623 540 1744 566 autem
1771 543 1812 566 ex

246 589 419 634 subjecto.

316 643 375 676 AD
399 651 569 676 TERTIUM
591 640 797 681 dicendum,
820 640 916 685 quod
937 640 1107 674 homines
1129 648 1295 686 reputant
1316 640 1351 672 in
1374 639 1442 673 hac
1461 639 1534 673 vita
1556 649 1633 673 esse
1653 638 1812 684 aliquam

244 695 514 736 beatitudinem,
536 702 682 740 propter
705 692 864 738 aliquam
886 693 1159 727 similitudinem
1187 704 1294 727 verae
1321 692 1570 727 beatitudinis:
1598 699 1633 726 et
1661 691 1711 726 sic
1737 703 1812 726 non

246 759 287 783 ex
308 758 385 784 toto
408 750 443 783 in
465 761 529 784 sua
552 750 802 784 aestimatione
823 749 1003 784 deficiunt.

799 889 1145 934 ARTICULUS
1181 890 1256 932 IV.

515 998 669 1027 UTRUM
701 997 958 1026 BEATITUDO
994 997 1160 1027 HABITA
1190 997 1343 1026 POSSIT
1370 997 1540 1026 ΑΜΙΤΤΙ.
1773 992 1815 1039 36

366 1080 476 1124 (Part.
504 1091 531 1113 Ι.
559 1090 588 1124 q.
618 1078 674 1122 64.
703 1083 765 1112 art.
794 1090 824 1112 2.
853 1084 943 1124 corp.
971 1083 1001 1112 et
1027 1090 1054 1112 Ι.
1082 1078 1172 1112 Dist.
1200 1078 1231 1112 S.
1260 1089 1289 1122 q.
1314 1089 1341 1123 3.
1370 1082 1433 1111 art.
1460 1088 1491 1112 2.
1519 1083 1611 1124 corp.
1629 1077 1692 1123 fin.

707 1136 736 1166 et
757 1131 813 1166 lib.
832 1143 860 1177 3.
885 1131 1000 1166 Contr.
1021 1143 1052 1177 g.
1076 1137 1149 1178 cap.
1173 1131 1224 1166 61.
1246 1136 1276 1166 et
1298 1132 1352 1166 62.

584 1189 612 1219 et
633 1191 741 1231 opum
765 1196 795 1219 2.
818 1191 909 1231 corp.
932 1185 1007 1230 169.
1030 1189 1060 1219 et
1080 1186 1114 1218 -ῐιι
1131 1185 1230 1228 ]οαιι.
1254 1197 1305 1219 IO.
1330 1185 1401 1219 lect.
1420 1184 1480 1230 5.).

317 1273 376 1307 AD
400 1283 587 1312 QUARTUM
615 1272 665 1306 sic
688 1272 904 1318 proceditur.
924 1271 1087 1313 Videtur,
1111 1272 1207 1317 quod
1229 1271 1414 1305 beatitudo
1433 1271 1546 1317 possit
1561 1271 1694 1304 amitti:
1709 1270 1819 1304 beati-

243 1326 332 1360 tudo
355 1326 453 1360 enirn
472 1334 524 1359 est
546 1325 718 1372 perfectio
738 1325 936 1371 quaedam:
967 1325 1030 1359 sed
1058 1325 1177 1359 omnis
1205 1324 1378 1371 perfectio
1409 1325 1502 1359 inest
1531 1323 1744 1370 perfectibili
1765 1334 1816 1358 se-

247 1379 406 1413 cundum
428 1379 581 1413 modum
602 1379 731 1424 ipsius:
760 1389 844 1411 curn
866 1378 974 1423 igitur
994 1378 1109 1411 homo
1133 1378 1333 1412 secundum
1360 1386 1527 1412 naturam
1549 1388 1652 1411 suam
1675 1377 1719 1411 sit
1741 1388 1816 1410 mu-

245 1432 374 1474 tabilis,
406 1433 557 1473 videtur,
580 1432 677 1478 quod
707 1431 891 1466 beatitudo
926 1432 967 1465 ab
1002 1431 1153 1465 homine
1187 1431 1407 1465 mutabiliter
1427 1431 1680 1477 participetur:
1708 1438 1743 1464 et
1767 1430 1816 1464 ita

247 1486 396 1527 videtur,
419 1485 516 1531 quod
538 1485 652 1518 homo
671 1484 931 1518 beatitudinem
952 1485 1064 1531 possit
1087 1484 1261 1518 amittere.

318 1550 349 1573 2.
372 1539 608 1573 PRAETEREA.
632 1538 823 1572 Beatitudo
847 1538 1010 1571 consistit
1031 1538 1066 1571 in
1089 1538 1232 1572 actione
1255 1536 1471 1578 intellectus,
1494 1537 1555 1583 qui
1572 1537 1734 1582 subjacet
1754 1547 1815 1571 vo-

248 1592 392 1626 luntati:
416 1592 479 1626 sed
497 1591 664 1625 voluntas
684 1602 721 1625 se
737 1591 846 1625 habet
860 1591 902 1624 ad
918 1591 1100 1637 opposita3
1117 1602 1204 1636 ergo
1224 1590 1376 1632 videtur,
1395 1590 1492 1636 quod
1511 1590 1626 1636 possit
1642 1590 1814 1625 desistere

248 1646 290 1679 ab
313 1645 536 1691 operatione,
559 1656 628 1691 qua
652 1645 766 1678 homo
789 1644 1031 1678 beatificatur:
1054 1652 1088 1678 et
1106 1644 1154 1678 ita
1175 1644 1291 1677 homo
1311 1643 1450 1678 desinet
1468 1654 1546 1677 esse
1564 1643 1700 1678 beatus.

321 1710 349 1744 3.
372 1699 608 1733 PRAETEREA.
634 1698 817 1743 Principio
849 1697 1043 1743 respondet
1067 1697 1165 1731 finis:
1201 1697 1262 1731 sed
1295 1696 1480 1731 beatitudo
1500 1697 1673 1731 hominis
1703 1697 1813 1731 habet

247 1753 484 1798 principium;
507 1753 589 1798 quia
611 1752 726 1785 homo
748 1763 821 1785 non
844 1762 987 1797 semper
1008 1750 1073 1785 fuit
1094 1751 1239 1793 beatus;
1267 1761 1354 1796 ergo
1384 1750 1536 1792 videtur,
1559 1750 1655 1796 quod
1684 1750 1818 1784 habeat

250 1806 372 1840 finem.

320 1859 394 1893 SED
410 1869 565 1893 CONTRA
581 1867 644 1900 est,
660 1858 755 1904 quod
772 1859 900 1892 dicitur
914 1859 1042 1892 Matth.
1059 1868 1113 1903 25.
1130 1858 1173 1892 de
1187 1858 1307 1903 Justis,
1323 1857 1420 1903 quod
1435 1858 1530 1892 ibunt
1543 1858 1578 1892 in
1591 1858 1699 1892 vitam
1718 1863 1819 1892 aeter-

247 1924 337 1954 nam,
354 1923 457 1958 quae,
473 1920 510 1946 ut
524 1911 660 1946 dictum
677 1920 729 1946 est
745 1915 825 1955 (art.
844 1924 874 1947 2.
897 1912 966 1957 huj.
990 1911 1049 1957 q),
1071 1919 1123 1946 est
1137 1911 1321 1945 beatitudo
1341 1918 1562 1945 sanctorum:
1585 1911 1682 1957 quod
1697 1918 1818 1944 autem

249 1973 300 2000 est
323 1974 520 2007 aeternum,
543 1976 617 1999 non
639 1965 778 2007 deficit3
806 1976 892 2010 ergo
915 1964 1099 1999 beatitudo
1122 1975 1195 1998 non
1217 1972 1336 2009 potest
1358 1963 1483 1997 amitti.

318 2019 548 2053 RESPONDEO
567 2018 773 2059 dicendum,
796 2018 892 2064 quod
912 2018 941 2052 si
961 2018 1155 2064 loquamur
1173 2017 1216 2051 de
1231 2017 1450 2051 beatitudine
1464 2016 1687 2063 imperfecta,
1703 2016 1818 2063 qualis

249 2073 284 2105 in
305 2072 373 2105 hac
395 2072 468 2105 vita
490 2079 608 2117 potest
629 2072 764 2113 haberi,
787 2072 837 2106 sic
861 2079 978 2118 potest
997 2071 1132 2106 amitti:
1153 2078 1187 2104 et
1207 2071 1279 2104 hoc
1298 2078 1394 2116 patet
1413 2071 1448 2104 in
1466 2069 1638 2104 felicitate
1659 2078 1821 2104 contem-

250 2125 394 2171 plativa,
414 2136 504 2171 quae
525 2125 710 2166 amittitur,
731 2124 789 2158 vel
808 2136 870 2171 per
889 2125 1124 2166 oblivionem,
1143 2132 1227 2170 puta
1248 2136 1331 2158 cum
1349 2124 1591 2170 corrumpitur
1608 2124 1758 2158 scientia
1777 2135 1818 2158 ex

250 2178 369 2224 aliqua
392 2178 627 2224 aegritudine,
649 2178 708 2212 vel
730 2190 792 2224 per
814 2178 952 2224 aliquas
975 2178 1246 2224 occupationes,
1274 2177 1401 2223 quibus
1422 2176 1582 2211 totaliter
1603 2177 1820 2212 abstrahitur

250 2231 376 2277 aliquis
399 2243 418 2265 a
440 2231 760 2277 contemplatione.
776 2232 879 2265 Patet
894 2232 1002 2266 etiarn
1018 2232 1114 2265 idem
1129 2231 1164 2264 in
1179 2230 1349 2264 felicitate
1365 2230 1500 2264 activa:
1522 2230 1690 2265 voluntas
1721 2231 1818 2265 enim

250 2285 408 2318 hominis
429 2285 662 2318 transmutari
688 2293 817 2330 potest,
841 2293 878 2319 ut
907 2285 1075 2319 videlicet
1098 2285 1291 2329 degeneret
1322 2295 1341 2318 a
1368 2284 1510 2326 virtute,
1545 2284 1581 2318 in
1609 2285 1710 2329 cujus
1737 2292 1818 2318 actu

250 2337 493 2384 principaliter
515 2338 678 2372 consistit
703 2337 872 2372 felicitas:
904 2338 933 2371 si
961 2346 1081 2371 autem
1114 2338 1225 2371 virtus
1255 2345 1420 2371 remanet
1445 2337 1596 2383 integra,
1625 2337 1819 2372 exteriores

250 2391 567 2425 transmutationes
589 2399 739 2437 possunt
761 2391 907 2437 quidem
934 2391 1194 2425 beatitudinem
1221 2390 1332 2424 talem
1358 2391 1578 2436 perturbare,
1603 2390 1818 2437 inquantum

250 2445 449 2490 impediunt
471 2444 602 2479 multas
625 2445 853 2491 operationes
875 2445 1065 2486 virtutum3
1089 2456 1162 2478 non
1181 2453 1303 2478 tamen
1323 2453 1473 2490 possunt
1488 2455 1569 2479 eam
1583 2445 1741 2480 totaliter
1763 2457 1821 2479 au-

250 2498 359 2540 serre3
380 2498 462 2544 quia
478 2498 595 2532 adhuc
611 2506 774 2532 remanet
792 2499 957 2544 operatio
977 2498 1128 2539 virtutis,
1144 2498 1232 2531 dum
1252 2498 1347 2544 ipsas
1364 2498 1598 2532 adversitates
1616 2499 1734 2532 homo
1750 2498 1822 2532 lau-

252 2551 414 2586 dabiliter
436 2552 596 2585 sustinet.
619 2551 663 2586 Et
684 2552 766 2598 quia
789 2552 974 2586 beatitudo
998 2552 1103 2596 hujus
1125 2551 1219 2584 vitae
1255 2551 1371 2585 amitti
1405 2559 1534 2597 potest,
1563 2552 1660 2598 quod
1681 2551 1822 2586 videtur

252 2616 328 2640 esse
351 2613 476 2639 contra
499 2605 678 2640 rationem
700 2605 940 2646 beatitudinis,
964 2605 1045 2638 ideo
1069 2604 1205 2638 Philos.
1229 2604 1314 2638 dicit
1336 2604 1371 2638 in
1398 2615 1425 2638 1.
1450 2604 1566 2639 Ethic.
1594 2606 1685 2652 (cap.
1708 2617 1759 2640 10.
1787 2607 1819 2639 in

243 2659 325 2704 fin.)
342 2658 480 2705 aliquos
503 2670 579 2693 csse
602 2659 637 2692 in
656 2659 723 2692 hac
747 2659 818 2692 vita
840 2659 977 2699 beatos,
997 2669 1069 2691 non
1094 2657 1316 2703 simpliciter,
1341 2658 1402 2692 scd
1422 2658 1514 2692 sicut
1532 2658 1713 2699 homines,
1736 2669 1822 2704 quo-

252 2724 330 2746 rum
354 2720 480 2746 natura
503 2712 694 2746 mutationi
714 2712 873 2757 subjecta
893 2721 956 2745 cst.
978 2711 1016 2745 Si
1034 2722 1121 2744 vero
1136 2710 1330 2756 loquamur
1349 2711 1392 2745 de
1412 2711 1632 2746 beatitudine
1650 2711 1820 2758 perfecta,

253 2777 343 2811 quae
366 2773 572 2811 expectatur
594 2774 674 2812 post
695 2765 787 2798 hanc
808 2765 931 2805 vitam,
951 2764 1138 2798 sciendum
1155 2772 1218 2805 est,
1235 2764 1330 2809 quod
1356 2764 1535 2810 Origenes
1555 2765 1674 2811 posuit
1697 2764 1770 2808 (lib.
1795 2777 1821 2799 ι.

254 2819 421 2853 Periursh.
445 2825 517 2865 cap.
537 2819 584 2864 5.)
608 2819 848 2865 quorumdam
873 2818 1148 2852 Platonicorum
1176 2828 1336 2851 errorem
1364 2829 1529 2863 sequens,
1552 2818 1647 2864 quod
1671 2826 1751 2863 post
1773 2817 1822 2851 ul-

253 2872 379 2906 timam
402 2872 661 2906 beatitudinem
681 2873 794 2906 homo
814 2879 932 2917 potest
953 2871 1028 2905 ficri
1052 2871 1178 2904 miser:
1199 2871 1259 2904 sed
1279 2871 1349 2904 hoc
1370 2870 1559 2905 manifeste
1578 2878 1725 2917 apparet
1743 2881 1820 2905 esse
