1907 3182
253 155 338 197 374
689 151 909 186 QUAESTIO
944 151 1026 179 LIV.
1060 149 1304 179 ARTICULUS
1336 148 1364 177 Ι.

250 234 368 281 plures
390 234 511 268 unius:
540 241 575 267 et
600 233 692 267 sicut
709 241 792 266 sunt
813 243 944 277 genera
963 242 1148 276 generum,
1172 238 1206 263 et
1226 229 1363 275 species
1384 229 1607 274 specierum3
1627 229 1678 263 ita
1699 229 1809 264 etiam

250 288 427 333 contingit
445 298 522 321 esse
541 287 697 320 diversas
720 285 857 332 species
878 284 1079 325 habituum,
1101 291 1136 317 et
1156 283 1410 329 potentiarum.

319 342 378 375 AD
394 351 600 375 SECUNDUM
615 340 820 379 dicendum,
835 338 931 383 quod
946 337 1118 383 potentia,
1133 336 1199 370 etsi
1217 336 1262 370 sit
1282 336 1427 382 quidem
1443 335 1595 381 simplex
1609 335 1810 370 secundum

249 395 453 436 essentiam,
469 402 522 428 est
534 401 657 427 tamen
672 391 859 437 multiplex
872 392 1020 432 virtute;
1035 389 1235 424 secundum
1249 389 1346 435 quod
1361 389 1405 422 ad
1420 388 1556 423 multos
1575 396 1675 423 actus
1688 389 1808 435 specie

248 447 452 482 differentes
473 459 510 481 se
538 446 711 487 extendit3
739 452 772 478 et
798 444 881 478 ideo
907 443 998 477 nihil
1022 443 1199 489 prohibet,
1225 442 1261 476 in
1287 453 1359 476 una
1384 442 1544 488 potentia
1571 453 1648 477 esse
1673 441 1809 476 multos

247 501 388 535 habitus
410 502 528 546 specie
550 499 764 533 differentes.

317 555 376 588 AD
399 564 570 588 TERTmM
585 551 789 592 dicendum,
808 550 904 596 quod
927 560 1057 595 corpus
1079 548 1256 582 formatur
1269 559 1331 594 per
1345 548 1510 594 figuram,
1532 549 1625 583 sicut
1645 560 1710 595 per
1729 560 1809 595 pro-

248 608 364 653 priam
390 606 703 641 terminationem:
730 605 872 638 habitus
899 611 1020 637 autern
1046 613 1121 636 non
1148 610 1203 636 est
1227 602 1433 636 terminatio
1455 603 1650 648 potentiae,
1671 603 1735 636 sed
1755 611 1811 637 est

246 661 432 706 dispositio
455 660 498 693 ad
521 667 652 700 actum,
675 658 766 692 sicut
781 657 824 691 ad
837 657 1003 690 ultimum
1026 655 1240 690 terminum:
1264 663 1298 689 et
1318 655 1399 689 ideo
1413 666 1488 689 non
1502 663 1654 701 possunt
1666 655 1728 700 [al.
1738 662 1810 703 pos-

245 715 325 758 sent]
345 725 422 748 esse
436 713 540 746 unius
562 712 743 758 potentiae
765 710 874 744 simul
895 709 1012 756 plures
1034 717 1146 750 actus,
1167 709 1236 742 nisi
1255 708 1347 742 forte
1374 709 1573 742 secundum
1594 709 1691 754 quod
1716 720 1808 743 unus

247 767 564 813 comprehenditur
577 766 640 799 sub
657 764 727 798 alio
740 777 747 806 3
763 764 853 798 sicut
866 774 933 796 nec
946 763 1050 796 unius
1066 762 1228 808 corporis
1239 761 1357 807 plures
1372 761 1519 807 figurae,
1529 762 1599 796 nisi
1607 762 1807 796 secundum

246 821 342 866 quod
369 831 439 853 una
461 827 513 853 est
532 819 569 852 in
591 818 676 852 alia:
700 818 790 851 sicut
812 818 978 862 trigonum
999 816 1036 849 in
1055 820 1236 860 tetragono:
1255 826 1329 849 non
1349 815 1446 849 enim
1466 823 1585 861 potest
1605 814 1807 849 intellectus

246 873 353 908 simul
375 872 487 907 multa
511 880 591 906 actu
613 870 830 917 intelligere:
853 877 972 916 potest
992 877 1116 903 tamen
1137 867 1246 914 simul
1265 868 1389 902 habitu
1411 867 1525 902 multa
1545 868 1649 902 scire.

805 1029 1148 1075 ARTICULUS
1184 1029 1240 1072 ΙΙ.
1737 1039 1807 1075 288

404 1153 558 1183 UTRUM
580 1152 764 1182 HABiTUs
794 1150 1158 1181 DISTINGUANTUR
1180 1149 1420 1180 SECUNDUM
1447 1149 1650 1192 OBJECTA.

249 1257 350 1302 (Infr.
373 1260 436 1290 art.
451 1267 480 1301 3.
503 1260 594 1300 corp.
617 1258 645 1288 et
665 1265 694 1299 q.
718 1253 773 1288 60.
798 1258 862 1287 art.
877 1265 904 1287 1.
924 1258 1015 1299 corp.
1030 1257 1058 1287 et
1072 1264 1101 1298 q.
1121 1252 1170 1299 63.
1189 1257 1253 1286 art.
1275 1263 1308 1296 4.
1331 1257 1421 1298 corp.
1442 1256 1473 1286 et
1488 1262 1517 1298 5.
1534 1233 1610 1286 Eth.
1625 1251 1693 1287 lect.
1710 1252 1809 1297 Lfin.

740 1311 768 1341 et
789 1318 820 1342 2.
846 1306 882 1340 de
909 1307 1024 1341 Anim.
1052 1306 1123 1341 lect.
1150 1306 1201 1341 16.
1226 1306 1313 1351 fin).

314 1410 374 1444 An
402 1419 609 1444 SECUNDUM
638 1408 687 1442 sic
715 1408 931 1454 proceditur.
958 1407 1120 1450 Videtur,
1149 1407 1245 1454 quod
1271 1407 1414 1441 habitus
1440 1417 1515 1441 non
1541 1406 1805 1453 distinguantur

243 1463 443 1498 secundum
466 1463 625 1507 objecta:
650 1462 829 1495 contraria
852 1461 948 1495 enim
976 1469 1058 1495 sunt
1079 1461 1198 1506 specie
1222 1460 1439 1495 differentia:
1463 1459 1642 1494 sedidem
1662 1460 1805 1495 habitus

243 1517 415 1551 scientiae
438 1524 491 1550 est
512 1515 794 1556 contrariorum,
816 1515 908 1548 sicut
929 1515 1108 1549 medicina
1129 1516 1201 1549 sani
1223 1522 1258 1548 et
1279 1515 1382 1560 aegri}
1405 1525 1480 1547 non
1499 1524 1586 1559 ergo
1608 1514 1807 1548 secundum

243 1571 384 1616 obJecta
406 1570 525 1615 specie
544 1568 744 1603 differentia
765 1568 908 1602 habitus
931 1568 1207 1613 distinguuntur.

313 1634 344 1658 2.
367 1624 602 1658 PRAETEREA.
625 1622 800 1656 Diversae
828 1621 998 1655 scientiae
1026 1630 1107 1655 sunt
1133 1621 1264 1655 diversi
1290 1620 1448 1656 habitus:
1471 1621 1533 1655 sed
1558 1620 1656 1654 idem
1682 1620 1807 1655 scibile

242 1678 394 1724 pertinet
416 1677 460 1711 ad
482 1677 641 1710 diversas
663 1675 849 1709 scientias:
872 1675 964 1709 sicut
988 1683 1123 1708 terram
1145 1685 1223 1708 esse
1245 1674 1439 1708 rotundam
1458 1674 1682 1708 demonstrat
1698 1673 1808 1708 Natu-

242 1731 337 1773 ralis,
365 1739 400 1765 et
421 1729 651 1775 Astrologus,
674 1737 712 1763 ut
733 1729 862 1762 dicitur
882 1728 919 1762 in
941 1738 972 1762 2.
995 1728 1139 1775 Physic.
1168 1728 1247 1772 (tex.
1275 1729 1356 1774 17.)‚·
1384 1738 1470 1774 ergo
1496 1727 1640 1763 habitus
1660 1739 1735 1762 non
1760 1728 1809 1762 di-

241 1785 470 1831 stinguuntur
492 1783 692 1818 secundum
715 1783 867 1828 objecta.

315 1851 343 1885 3.
370 1839 606 1873 PRAETEREA.
635 1836 807 1881 Ejusdem
829 1844 928 1870 actus
951 1843 1004 1870 est
1022 1835 1118 1869 idem
1141 1836 1343 1881 objectum:
1363 1835 1425 1870 sed
1443 1835 1541 1870 idem
1563 1843 1663 1870 actus
1689 1843 1808 1882 potest

240 1893 417 1939 pertinere
445 1891 487 1925 ad
515 1891 675 1924 diversos
701 1890 841 1924 habitus
867 1890 1052 1932 virtutum,
1074 1890 1103 1924 si
1125 1890 1169 1923 ad
1191 1890 1353 1924 diversos
1379 1889 1467 1924 fines
1494 1888 1688 1932 referatur,
1715 1889 1808 1924 sicut

240 1947 323 1980 dare
342 1945 533 1992 pecuniam
556 1944 674 1986 alicui,
697 1944 725 1977 si
743 1944 787 1978 sit
808 1951 954 1990 propter
974 1943 1107 1985 Deum,
1122 1943 1275 1989 pertinet
1293 1943 1337 1977 ad
1356 1943 1588 1986 charitatem
1611 1944 1639 1977 si
1656 1953 1743 1977 vero
1763 1943 1807 1978 sit

239 2008 384 2046 propter
403 1999 563 2033 debitum
577 1997 803 2039 solvendum,
819 1997 971 2043 pertinet
993 1996 1036 2030 ad
1055 1997 1245 2042 justitiam;
1267 2008 1355 2043 ergo
1372 1997 1481 2031 etiarn
1502 1996 1600 2031 idem
1622 1996 1806 2042 objectum

239 2061 358 2100 potest
384 2052 426 2086 ad
454 2052 614 2086 diversos
641 2051 783 2085 habitus
810 2051 1004 2097 pertinere3
1030 2061 1104 2084 non
1131 2060 1218 2096 ergo
1247 2058 1299 2084 est
1325 2050 1511 2084 diversitas
1540 2050 1729 2084 habituum
1755 2061 1806 2084 se·

241 2106 400 2140 cundum
422 2105 665 2139 diversitatem
688 2105 926 2149 objectorum.

314 2159 387 2194 SED
411 2169 578 2193 CONTRA.
601 2158 715 2192 Actus
737 2156 906 2191 differunt
932 2157 1050 2203 specie
1073 2157 1272 2191 secundum
1295 2156 1540 2191 diversitatem
1566 2157 1805 2203 objectorum,

240 2220 278 2247 ut
298 2223 404 2258 supra
426 2212 563 2245 dictum
586 2219 637 2245 est
657 2211 701 2256 (q.
721 2223 747 2245 r.
767 2216 830 2245 art.
848 2223 874 2256 3.
890 2215 917 2245 et
935 2222 964 2256 q.
980 2211 1029 2245 18.
1049 2216 1114 2244 art.
1133 2211 1196 2255 2.).·
1215 2210 1276 2244 sed
1295 2210 1437 2244 habitus
1451 2219 1533 2244 sunt
1551 2210 1805 2257 dispositiones

240 2267 417 2313 quaedam
429 2265 472 2298 ad
484 2273 603 2306 actus;
619 2275 705 2309 crgo
721 2264 829 2298 etiam
843 2264 985 2298 habitus
1001 2264 1268 2309 distinguuntur
1282 2264 1481 2298 secundum
1496 2264 1636 2298 diversa
1651 2264 1803 2309 objecta.

311 2319 540 2353 Rfispoxmzo
559 2317 764 2358 dicendum,
784 2317 880 2363 quod
899 2317 1040 2351 habitus
1055 2325 1089 2351 et
1103 2325 1156 2351 est
1176 2316 1294 2351 forma
1316 2317 1506 2363 quaedam,
1522 2325 1557 2352 et
1575 2325 1629 2351 est
1641 2317 1802 2351 habitus:

241 2380 361 2420 potest
388 2383 474 2417 ergo
502 2371 682 2405 distinctio
711 2371 898 2404 habituum
926 2371 1125 2405 secundum
1155 2372 1312 2416 speciem
1343 2371 1490 2413 attendi,
1519 2376 1576 2405 aut
1605 2371 1805 2405 secundum

240 2437 474 2461 communem
498 2425 660 2465 modum,
689 2435 760 2470 quo
788 2424 925 2458 formae
952 2425 1071 2470 specie
1099 2424 1377 2469 distinguuntur,
1408 2429 1467 2459 aut
1497 2424 1697 2459 secundum
1725 2435 1803 2471 pro-

239 2480 356 2527 prium
379 2479 530 2513 modum
552 2478 790 2512 distinctionis
809 2478 1009 2512 habituum.
1033 2478 1312 2523 Distinguuntur
1330 2479 1507 2524 siquidem
1529 2478 1668 2513 formae
1691 2479 1733 2513 ab
1756 2479 1805 2513 in-

239 2535 357 2568 vicem
379 2533 578 2568 secundum
601 2532 741 2565 diversa
763 2532 937 2578 principia
961 2532 1099 2566 activa:
1123 2543 1166 2565 co
1189 2532 1285 2578 quod
1309 2544 1400 2566 omne
1426 2544 1521 2576 agens
1533 2533 1622 2579 jacit
1639 2532 1742 2567 simile
1762 2544 1805 2567 sc-

239 2588 380 2622 cundum
407 2587 553 2632 spesirsm.
578 2585 727 2619 Habitus
751 2593 870 2618 autem
899 2585 1069 2631 importat
1092 2585 1256 2619 ordinem
1280 2585 1323 2619 ad
1346 2585 1500 2632 aliquid:
1523 2585 1647 2620 omnia
1670 2593 1803 2627 autem,

241 2652 332 2687 quae
359 2641 525 2674 dicuntur
559 2639 757 2673 secundum
785 2639 949 2672 ordinem
978 2639 1020 2672 ad
1053 2639 1198 2684 aliquid,
1230 2639 1496 2683 distinguuntur
1529 2638 1728 2673 secundum
1756 2639 1804 2673 di-

241 2694 472 2728 stinctionem
487 2704 626 2733 eorum,
649 2691 690 2725 ad
714 2703 804 2737 quae
828 2691 1010 2726 dicuntur:
1035 2700 1087 2726 cst
1109 2700 1230 2726 autem
1252 2692 1394 2726 habitus
1415 2692 1603 2739 dispositio
1623 2692 1802 2739 quaedam

242 2748 283 2781 ad
307 2747 369 2781 duo
393 2746 567 2786 ordinata,
596 2744 731 2779 scilicet
754 2745 796 2778 ad
820 2750 985 2785 naturam,
1015 2754 1048 2779 ct
1075 2747 1297 2791 operationem
1319 2754 1602 2792 consequentem
1624 2753 1801 2780 naturam.

242 2801 301 2834 Sic
325 2800 430 2844 igitur
449 2799 647 2833 secundum
669 2798 734 2832 tria
754 2798 895 2831 habitus
918 2798 1036 2843 specie
1059 2798 1342 2844 distinguuntur:
1366 2810 1431 2833 uno
1450 2799 1594 2845 quidem
1613 2799 1726 2833 modo
1752 2810 1803 2833 se·

242 2853 399 2888 cundum
427 2852 598 2899 principia
627 2852 741 2886 activa
769 2850 894 2885 talium
922 2851 1219 2897 dispositionum:
1250 2852 1317 2886 alio
1348 2862 1434 2888 vcro
1463 2851 1574 2888 modo
1600 2851 1800 2889 secundum
