1907 3182
267 189 352 232 324
698 187 920 223 QUAESTIO
955 187 1071 216 XLVI.
1106 186 1351 216 ARTICULUS
1388 186 1416 216 Ι.

263 282 330 305 nec
350 269 486 305 secundo
508 269 625 304 modo:
647 280 721 304 non
749 277 801 303 est
828 269 925 303 enim
944 279 1053 302 causa
1072 267 1225 301 aliarum
1251 267 1474 313 passionum,
1502 274 1540 301 ut
1566 277 1674 312 supra
1692 266 1829 301 dictum

265 332 318 358 est
339 326 382 370 (q.
410 336 456 370 25.
481 328 543 358 art.
566 324 626 368 I.).·
649 323 710 357 sed
733 334 795 369 per
817 323 914 356 hunc
942 322 1094 356 modum
1121 328 1240 367 potest
1267 321 1337 354 dici
1363 320 1541 365 generalis
1567 319 1687 366 passio
1715 330 1829 362 amor,

265 385 303 411 ut
324 385 421 424 patet
442 388 504 423 per
525 377 678 422 August.
701 376 737 409 in
764 385 814 418 14.
838 375 881 409 de
905 375 984 408 Civ.
1008 375 1078 408 Dei
1098 374 1186 421 (cap.
1214 385 1243 420 7.
1266 379 1296 409 et
1317 375 1380 420 9·)‡·
1403 385 1506 407 amor
1524 373 1622 407 enim
1641 380 1694 407 est
1714 373 1831 419 prima

264 431 363 464 radix
385 431 551 464 omnium
573 430 795 475 passionum,
818 436 856 462 ut
877 439 983 473 supra
1006 428 1143 462 dictum
1162 435 1215 461 est
1233 428 1281 473 (q.
1300 439 1346 473 25.
1367 432 1430 461 art.
1452 427 1513 472 2.).
1534 426 1605 460 Sed
1624 428 1717 461 tertio
1735 426 1830 461 modo

264 492 383 531 potest
402 485 454 517 ira
476 484 545 517 dici
564 483 683 529 passio
703 481 893 527 generalis,
909 481 1125 527 inquantum
1143 492 1185 515 ex
1205 492 1383 514 concursu
1402 480 1600 514 multarum
1618 480 1830 526 passionum

265 545 449 572 causatur:
465 548 539 570 non
555 537 651 570 enim
667 535 818 581 insurgit
833 543 953 568 motus
969 535 1054 576 irae,
1066 535 1134 568 nisi
1152 542 1298 580 propter
1313 533 1471 579 aliquam
1484 533 1667 568 tristitiam
1680 532 1831 574 illatam,

265 599 300 625 et
320 591 388 624 nisi
411 590 502 624 adsit
523 589 753 630 desiderium,
777 596 811 622 et
833 599 913 634 spes
936 587 1146 630 ulciscendi,
1163 588 1257 633 quia,
1273 595 1311 621 ut
1324 587 1461 621 Philos.
1478 587 1563 620 dicit
1576 587 1612 620 in
1632 597 1662 620 2.
1682 586 1831 620 Rhetor.

267 645 354 690 (cap.
377 656 407 679 2.
432 645 509 678 circ.
532 643 659 690 princ.)
682 642 792 675 iratus
816 641 924 675 habet
946 652 1049 687 spem
1071 641 1266 687 puniendi3
1289 641 1423 686 appetit
1444 641 1542 674 enim
1563 640 1773 681 vindictam,
1795 647 1834 673 ut

265 698 331 731 sibi
353 696 582 743 possibilem3
605 695 711 737 unde,
730 695 759 729 si
776 694 882 728 fuerit
901 694 1057 728 multum
1076 694 1255 728 excellens
1274 705 1439 740 persona,
1459 705 1550 740 quae
1568 701 1833 727 nocumentum

265 751 395 792 intulit,
416 762 490 784 non
513 749 672 795 sequitur
693 749 756 790 ira,
779 748 841 782 sed
869 747 990 782 solum
1016 747 1169 789 tristitia,
1191 755 1229 781 ut
1250 747 1354 780 Avic.
1377 747 1463 780 dicit
1482 747 1519 780 in
1537 746 1596 780 lib.
1619 746 1663 781 de
1685 746 1832 780 Anima.

339 806 396 838 AD
418 813 567 838 PRIMUM
590 814 676 848 ergo
700 802 906 843 dicendum,
929 802 1025 847 quod
1052 801 1105 835 vis
1126 800 1314 834 irascibilis
1336 800 1592 834 denominatur
1610 800 1652 833 ab
1671 800 1740 842 ira;
1758 811 1833 833 non

266 858 349 904 quia
369 857 487 891 omnis
507 863 627 889 motus
642 856 748 900 hujus
763 855 945 901 potentiae
961 855 1004 888 sit
1019 855 1090 896 ira3
1112 855 1173 888 sed
1189 854 1272 900 quia
1288 855 1330 888 ad
1346 854 1437 888 iram
1452 854 1690 888 terminantur
1706 865 1833 888 omnes

269 920 389 945 motus
410 911 516 955 liujus
540 910 741 955 potentia03
765 917 799 942 et
820 910 912 942 inter
935 908 1025 942 alios
1049 910 1124 954 ejus
1144 916 1264 942 motus
1286 908 1352 942 iste
1375 916 1427 942 est
1448 907 1685 941 manifestior.

338 965 396 998 AD
424 974 632 998 SECUNDUM
663 963 869 1004 dicendum,
896 962 993 1008 quod
1016 973 1057 995 ex
1080 962 1151 996 hoc
1181 962 1260 1008 ipso
1291 961 1388 1007 quod
1418 962 1470 995 ira
1498 969 1666 995 causatur
1687 972 1730 995 ex
1752 972 1835 994 con-

264 1018 380 1053 trariis
402 1017 640 1063 passionibus,
663 1016 801 1050 scilicet
824 1027 843 1049 a
866 1027 939 1061 spe,
962 1026 1053 1062 quae
1077 1023 1130 1049 est
1150 1015 1247 1057 boni,
1272 1023 1306 1048 et
1328 1027 1347 1049 a
1368 1015 1523 1057 tristitia,
1546 1025 1637 1061 quae
1661 1023 1714 1049 est
1735 1014 1833 1055 mali,

265 1072 415 1106 includit
442 1071 478 1104 in
509 1071 625 1116 seipsa
649 1070 961 1111 contrarietatem3
995 1077 1029 1103 et
1058 1069 1139 1103 ideo
1168 1080 1243 1102 non
1273 1069 1382 1102 habet
1411 1069 1634 1102 contrarium
1657 1076 1755 1102 extra
1777 1079 1833 1103 se:

265 1126 357 1160 sicut
380 1125 488 1159 etiam
510 1124 546 1158 in
569 1124 696 1157 mediis
720 1123 902 1157 coloribus
924 1134 998 1156 non
1021 1123 1201 1156 invenitur
1221 1123 1468 1165 contrarietas,
1486 1122 1555 1156 nisi
1573 1133 1665 1168 quae
1684 1129 1737 1155 est
1753 1121 1836 1155 sim-

265 1179 415 1225 plicium
438 1178 620 1219 colorum,
644 1189 685 1211 ex
708 1177 835 1223 quibus
859 1184 1062 1210 causantur.

336 1233 394 1266 AD
424 1242 594 1266 TERTIUM
621 1231 827 1272 dicendum,
850 1230 948 1276 quod
970 1231 1020 1263 ira
1042 1229 1194 1263 includit
1216 1229 1348 1263 multas
1370 1229 1568 1275 passiones,
1590 1240 1664 1263 non
1687 1228 1833 1274 quidem

265 1287 357 1320 sicut
379 1297 491 1331 genus
512 1285 663 1331 species,
686 1284 747 1318 sed
770 1284 885 1330 magis
908 1283 1109 1317 secundum
1133 1283 1395 1317 continentiam
1415 1294 1557 1324 causae,
1580 1290 1614 1316 et
1636 1281 1796 1317 effectus.

839 1424 1185 1469 ARTICULUS
1215 1424 1271 1466 Π.

490 1534 643 1563 UTRUM
671 1533 896 1575 OBJECTUM
920 1533 1018 1563 IRAE
1043 1533 1109 1562 SIT
1138 1532 1304 1571 BONUM,
1332 1531 1415 1561 VEL
1442 1531 1610 1560 MALUM.

1769 1444 1786 1467 Μ

1795 1445 1807 1478 v·

1817 1443 1833 1467 ι.)

815 1622 915 1668 (Insr.
939 1628 1001 1656 nrt.
1021 1635 1048 1668 3.
1068 1627 1098 1657 et
1120 1622 1151 1657 6.
1175 1622 1292 1667 corp).

338 1713 398 1746 AD
421 1723 627 1747 SECUNDUM
655 1714 703 1746 sic
732 1712 949 1758 proceditur.
978 1712 1141 1754 Videtur,
1169 1712 1266 1758 quod
1294 1712 1480 1756 objectum
1506 1710 1579 1745 irae
1607 1711 1652 1745 sit
1677 1710 1835 1746 malurn:

266 1767 353 1801 dicit
374 1766 470 1800 enirn
495 1766 648 1811 Gregor.
671 1767 776 1812 Nyss.
800 1767 867 1810 (ml
889 1767 1016 1800 Nemas.
1039 1767 1095 1800 lib.
1118 1766 1154 1800 de
1177 1767 1256 1800 Nat.
1279 1765 1383 1799 Hom..
1406 1771 1476 1811 cap.
1497 1766 1576 1810 21),
1601 1765 1698 1811 quod
1720 1767 1773 1799 ira
1795 1771 1839 1800 est

266 1821 359 1867 qnasi
380 1821 548 1865 armigera
569 1821 870 1866 consupiscentiam
889 1819 1104 1865 inquantum
1133 1819 1271 1853 scilicet
1296 1819 1489 1864 impugnat
1514 1818 1561 1860 id,
1584 1818 1681 1864 quod
1704 1830 1839 1853 concu-

266 1873 480 1920 piscentiam
502 1873 668 1919 impedit:
691 1873 753 1907 sed
776 1885 886 1907 omne
901 1873 1205 1919 impedimentum
1226 1872 1336 1906 habet
1358 1872 1537 1906 rationem
1554 1871 1660 1914 mali3
1683 1883 1770 1918 ergo
1786 1873 1837 1906 ira
1867 1895 1869 1898 ι

265 1927 410 1973 respicit
432 1926 570 1960 malum
592 1935 781 1973 tamquam
805 1927 1000 1971 objectum.

339 1991 370 2014 2.
393 1981 629 2015 PRAETEREA.
656 1981 724 2022 Ira,
748 1988 782 2014 et
809 1980 934 2014 odium
962 1980 1184 2014 conveniunt
1209 1980 1245 2013 in
1273 1978 1420 2013 effectu:
1449 1978 1634 2025 utriusque
1662 1979 1759 2013 enirn
1786 1988 1839 2014 est

266 2033 395 2069 inferre
416 2042 679 2068 nocumentum
703 2034 820 2068 alteri:
844 2035 906 2068 sed
929 2035 1055 2067 odium
1082 2034 1227 2080 respicit
1255 2032 1395 2067 malum
1422 2040 1613 2079 tamquam
1640 2033 1838 2078 obJectum,

266 2096 304 2122 ut
325 2099 431 2133 supra
453 2088 589 2121 dictum
612 2096 665 2121 est
686 2088 732 2133 (q.
753 2099 807 2134 29.
830 2093 895 2122 art.
918 2087 984 2132 1.);
1009 2098 1096 2132 ergo
1120 2088 1229 2121 etiam
1253 2095 1286 2121 et
1307 2087 1371 2120 ira.

343 2153 371 2187 3.
400 2141 637 2175 PRAETEREA.
665 2141 721 2175 lra
752 2149 919 2175 causatur
950 2152 991 2174 ex
1018 2141 1171 2183 tristitia,
1200 2140 1294 2174 unde
1323 2139 1460 2174 Philos.
1491 2139 1578 2174 dicit
1603 2139 1640 2173 in
1667 2150 1698 2185 7.
1721 2140 1837 2174 Ethic.

266 2196 358 2242 (cap.
387 2196 418 2230 6.
446 2207 466 2229 ιι
491 2196 588 2240 mad.)
618 2196 715 2241 quod
746 2197 799 2230 ira
825 2200 981 2242 operatur
1007 2208 1081 2230 cnm
1106 2196 1264 2230 tristitia:
1296 2195 1357 2229 sed
1384 2194 1548 2228 tristitiae
1575 2194 1759 2240 objectum
1787 2203 1839 2229 cst

268 2248 427 2290 malum3
450 2260 536 2291 crgo
560 2257 594 2282 et
615 2249 699 2283 irae.

340 2303 414 2336 SED
438 2313 592 2336 CONTRA
616 2311 678 2343 est,
701 2302 797 2348 quod
821 2302 974 2348 August.
999 2302 1084 2336 dicit
1102 2303 1138 2336 in
1162 2313 1192 2336 2.
1218 2301 1384 2336 Confess.
1408 2302 1496 2348 (cap.
1520 2301 1553 2337 6.
1576 2313 1596 2336 a
1617 2301 1716 2348 med.)
1740 2301 1838 2348 quod

267 2358 321 2391 *ira
342 2357 462 2402 appetit
483 2356 690 2390 vindictam:
709 2356 770 2390 sed
792 2356 968 2402 appetitus
986 2356 1167 2390 vindictae
1187 2364 1241 2390 est
1263 2355 1438 2402 appetitus
1460 2355 1558 2398 boni,
1577 2367 1662 2390 cum
1680 2355 1839 2390 vindicta

268 2410 311 2443 ad
334 2409 506 2455 justitiam
529 2409 723 2454 pertineat3
747 2421 834 2455 ergo
857 2410 1041 2454 objectum
1064 2409 1137 2444 irae
1161 2417 1214 2444 est
1232 2409 1381 2443 bonum.

338 2464 540 2497 Praeterea.
563 2463 618 2497 Ira
638 2474 781 2509 semper
800 2471 852 2497 est
871 2475 955 2497 cum
974 2474 1055 2509 spe:
1078 2464 1172 2497 unde
1192 2472 1225 2497 et
1244 2463 1526 2498 delectationem
1545 2470 1679 2505 causat,
1698 2471 1737 2497 ut
1754 2462 1840 2497 dicit

267 2516 403 2551 Philos.
427 2517 461 2550 in
485 2526 514 2550 2.
539 2516 687 2550 Rlietor.
713 2517 799 2562 (sap.
823 2529 852 2551 2.
870 2518 1013 2563 princ.):
1037 2517 1099 2550 scd
1121 2517 1209 2563 spei,
1239 2525 1273 2552 et
1299 2516 1552 2551 delectationis
1579 2516 1765 2562 objectum
1786 2524 1839 2550 est

267 2570 425 2612 bonum3
448 2581 535 2615 ergo
558 2577 592 2603 et
614 2570 698 2603 irae.

340 2623 569 2658 RssspoNnEo
602 2623 808 2664 dicendum,
837 2623 932 2669 quod
961 2632 1081 2658 motus
1109 2624 1327 2671 appetitivae
1353 2623 1494 2658 virtutis
1522 2624 1683 2670 sequitur
1717 2631 1838 2657 actum

268 2677 407 2711 virtutis
431 2677 724 2723 apprehensivac.
747 2676 810 2710 Vis
827 2686 947 2711 autem
963 2678 1226 2724 apprehensiva
1241 2678 1414 2724 duplicitat-
1433 2677 1566 2724 aliquid
1583 2677 1836 2724 apprehendit:

269 2744 333 2765 nno
357 2731 450 2765 modo
478 2742 540 2777 per
567 2731 719 2765 modum
745 2731 989 2777 incomplexi;
1017 2732 1109 2766 sicut
1135 2743 1218 2765 cum
1247 2731 1496 2777 intelligimus,
1524 2731 1607 2777 quid
1631 2739 1683 2765 est
1705 2731 1835 2765 homo:

270 2786 334 2819 ‹tlio
359 2785 451 2819 modo
467 2797 528 2831 per
544 2785 694 2818 modum
711 2785 891 2830 complexi
908 2798 915 2825 ;
939 2786 1030 2819 sicut
1045 2797 1128 2819 cum
1145 2785 1380 2831 intelligimus
1395 2785 1517 2819 album
1532 2785 1568 2819 in
1584 2796 1660 2820 esse
1676 2784 1836 2826 homini3

271 2840 364 2873 unde
387 2847 538 2885 utroque
563 2839 674 2873 modo
697 2839 749 2872 vis
773 2839 965 2885 appetitiva
989 2848 1106 2885 potest
1132 2840 1279 2874 tendere
1303 2840 1336 2873 in
1364 2840 1514 2880 bonum,
1537 2846 1571 2873 et
1593 2838 1742 2873 malum.
1770 2838 1838 2872 Per

272 2893 422 2929 modum
445 2892 591 2940 quidem
614 2892 799 2939 simplicis,
823 2901 856 2927 ct
875 2893 1107 2939 incomplexi,
1131 2905 1214 2927 cum
1235 2893 1412 2939 appetitus
1434 2892 1646 2939 simpliciter
1667 2892 1836 2939 sequitur,
