1875 3198
242 199 324 254 632
607 208 828 244 QUAESTIO
862 207 1071 237 LXXXVIII.
1107 206 1349 237 ARTICULUS
1376 204 1441 237 IV.

794 394 1139 440 ARTICULUS
1175 395 1250 437 IV.
1737 414 1802 451 471

425 505 580 535 UTRUM
606 503 846 533 PECCATUM
871 502 1060 531 VENIALE
1086 501 1239 531 POSSIT
1266 501 1377 530 FIERI
1404 500 1626 530 MORTALE.

270 605 387 652 (Supr.
409 609 472 638 art.
495 615 526 638 2.
550 609 638 649 corp.
662 607 689 636 at
705 614 736 637 2.
756 603 843 636 Dist.
866 612 921 646 24.
945 613 974 646 q.
995 613 1021 647 3.
1044 606 1110 636 art.
1133 611 1163 646 7.
1185 605 1214 634 et
1235 600 1319 634 Mal.
1334 611 1363 645 q.
1379 610 1409 646 7.
1433 604 1496 634 art.
1515 611 1544 646 3.
1566 604 1594 634 et
1616 600 1668 634 Ps.
1690 600 1772 645 10.).

310 711 370 745 AD
393 720 580 749 QUARTUM
603 709 652 743 sic
675 709 892 754 proceditur.
915 707 1077 749 Videtur,
1100 707 1197 752 quod
1217 715 1409 752 peccatum
1431 706 1573 742 veniale
1594 707 1708 753 possit
1728 706 1806 741 fieri

238 764 412 798 mortale:
440 764 526 797 dicit
548 763 645 797 enim
664 763 817 808 August.
841 772 1024 807 exponens
1047 760 1135 794 illud
1153 761 1256 805 Joan.
1279 772 1328 806 3.:
1353 761 1423 804 Qui
1436 760 1623 795 incredulus
1640 765 1682 795 est
1700 761 1804 803 Filio,

237 830 302 852 non
328 818 451 852 >videbit
471 819 575 851 vitam
600 817 718 859 (tract.
746 825 797 849 12.
821 815 882 849 cir.
906 815 1002 859 fin.):
1029 815 1167 849 Peccata
1192 815 1347 856 minima,
1374 814 1453 848 idest
1477 814 1638 856 venialia,
1660 816 1688 849 si
1707 815 1806 860 negli-

235 877 371 917 gantur,
394 870 566 905 occidunt:
591 870 652 904 sed
675 880 716 903 ex
737 869 809 902 hoc
833 869 962 902 dicitur
988 876 1180 914 peccatum
1202 867 1370 909 mortale,
1392 869 1475 914 quia
1496 867 1726 914 spiritualiter
1747 880 1806 903 oc-

237 925 322 959 cidit
344 926 523 965 animam3
547 934 634 968 ergo
656 930 847 968 peccatum
868 921 1011 956 veniale
1033 929 1153 967 potest
1172 921 1249 955 fieri
1268 920 1432 956 mortale.

308 988 339 1012 2.
362 978 599 1012 PRAETEREA.
622 977 744 1010 Motus
770 975 1011 1010 sensualitatis
1034 983 1116 1009 ante
1135 985 1355 1009 consensum
1369 975 1519 1009 rationis
1541 982 1594 1009 est
1612 983 1804 1021 peccatum

235 1031 389 1073 veniale,
419 1038 501 1077 post
531 1041 751 1064 consensum
777 1040 864 1063 vero
896 1037 949 1063 est
975 1036 1168 1075 peccatum
1197 1027 1364 1071 mortale,
1391 1037 1430 1063 ut
1455 1040 1563 1075 supra
1589 1029 1726 1063 dictum
1752 1037 1805 1063 est

237 1085 283 1131 (q.
306 1096 359 1131 74.
375 1089 439 1118 art.
454 1085 485 1119 8.
508 1084 549 1118 ad
564 1085 634 1128 2.);
658 1095 745 1129 ergo
768 1090 959 1129 peccatum
980 1081 1122 1116 veniale
1143 1090 1263 1127 potest
1282 1081 1361 1116 fieri
1382 1081 1546 1116 mortale.

310 1150 339 1184 3.
361 1139 598 1172 PRAETEREA.
622 1137 819 1170 Peccatum
839 1136 993 1178 veniale,
1013 1143 1047 1170 et
1060 1135 1215 1170 mortale
1231 1135 1410 1178 differunt,
1424 1136 1517 1170 sicut
1537 1136 1685 1170 morbus
1707 1147 1806 1170 cura-

234 1191 327 1234 bilis,
349 1200 384 1226 et
404 1191 624 1232 incurabilis,
643 1198 681 1224 ut
700 1190 837 1224 dictum
856 1198 909 1224 est
932 1190 1010 1233 (art.
1026 1202 1052 1224 r.
1069 1190 1139 1235 lmj.
1162 1191 1207 1235 q.)
1221 1202 1231 1224 .·
1253 1189 1315 1223 sed
1332 1189 1478 1224 morbus
1494 1189 1672 1232 curabilis,
1686 1198 1806 1236 potest

236 1245 313 1279 fieri
332 1245 562 1286 incurabilis;
585 1255 673 1289 ergo
696 1251 888 1290 peccatum
909 1243 1050 1277 veniale
1072 1251 1192 1289 potest
1212 1242 1289 1277 fieri
1310 1242 1476 1277 mortale.

305 1309 338 1341 4.
360 1299 597 1333 PRAETEREA.
620 1297 822 1343 Dispositio
849 1304 968 1342 potest
993 1296 1071 1330 fieri
1096 1296 1258 1330 habitus:
1286 1296 1347 1330 sed
1374 1304 1567 1342 peccatum
1587 1296 1730 1331 veniale
1752 1305 1805 1332 est

237 1352 425 1397 dispositio
450 1352 493 1386 ad
516 1351 682 1393 mortale,
701 1359 740 1385 ut
761 1351 899 1384 dictum
922 1358 975 1384 est
998 1350 1077 1394 (art.
1092 1350 1241 1397 praec.);
1262 1361 1349 1396 ergo
1367 1349 1510 1384 veniale
1531 1358 1723 1396 peccatum
1744 1362 1805 1397 po-

235 1414 305 1440 test
321 1405 398 1440 fieri
420 1405 586 1440 mortale.

308 1459 383 1494 SED
403 1470 570 1494 CONTRA.
590 1458 641 1492 Ea
656 1469 747 1504 quae
763 1457 933 1492 differunt
950 1457 987 1491 in
1002 1457 1194 1499 infinitum,
1208 1468 1284 1491 non
1305 1464 1565 1491 trasmutantur
1577 1457 1613 1491 in
1627 1457 1803 1492 invicem:

234 1513 298 1547 sed
313 1521 505 1559 peccatum
526 1512 693 1553 mortale,
717 1520 751 1545 et
771 1511 912 1545 veniale
931 1510 1099 1545 differunt
1113 1512 1148 1544 in
1167 1510 1359 1554 infinitum,
1377 1518 1416 1544 ut
1437 1522 1480 1545 ex
1493 1510 1685 1556 praedictis
1706 1519 1805 1557 patet

236 1567 290 1611 (ex
312 1567 464 1601 articulis
480 1565 786 1613 praecedentilzus);
811 1576 898 1610 ergo
917 1564 1059 1598 veniale
1081 1576 1155 1598 non
1176 1572 1296 1610 potest
1309 1564 1386 1598 fieri
1406 1563 1574 1598 mortale.

305 1621 535 1655 Rrspoxnfio
554 1620 760 1661 dicendum,
788 1619 884 1665 quod
907 1626 1099 1664 peccatum
1120 1617 1261 1652 veniale
1282 1617 1359 1651 fieri
1380 1617 1535 1652 mortale
1556 1626 1675 1664 potest
1701 1618 1805 1665 tripli-

233 1676 314 1709 citer
335 1674 499 1719 intelligi.
523 1675 594 1708 Uno
617 1673 712 1707 modo
731 1673 794 1714 sic,
816 1672 913 1718 quod
935 1672 1032 1706 idem
1051 1679 1151 1706 actus
1169 1682 1323 1706 numero
1337 1671 1456 1718 primo
1475 1672 1520 1706 sit
1540 1680 1732 1718 peccatum
1747 1684 1804 1706 ve-

232 1727 338 1769 niale,
362 1735 396 1762 et
417 1735 542 1773 postea
565 1727 737 1761 mortale:
766 1734 800 1760 et
827 1726 886 1760 hoc
907 1737 968 1760 esse
994 1737 1060 1759 non
1080 1730 1203 1772 potest:
1231 1724 1315 1771 quia
1340 1733 1532 1771 peccatum
1558 1725 1803 1772 principaliter

233 1781 398 1815 consistit
418 1781 454 1814 in
474 1789 555 1815 actu
577 1780 786 1821 voluntatis,
808 1779 901 1813 sicut
922 1786 957 1813 et
977 1779 1128 1824 quilibet
1149 1786 1250 1812 actus
1271 1777 1440 1820 moralis;
1462 1779 1557 1813 unde
1577 1790 1652 1812 non
1674 1779 1803 1814 dicitur

232 1846 323 1869 unus
347 1843 445 1868 actus
468 1834 666 1875 moraliter,
681 1834 711 1868 si
727 1833 897 1868 voluntas
916 1840 1086 1874 mutetur,
1105 1832 1272 1878 quamvis
1288 1832 1398 1866 etiam
1417 1832 1512 1866 actio
1528 1832 1730 1867 secundum
1743 1845 1804 1868 na-

230 1896 350 1922 turam
377 1889 421 1922 sit
448 1888 638 1922 continua:
666 1888 695 1922 si
722 1895 844 1921 autem
870 1886 1039 1920 voluntas
1065 1897 1140 1920 non
1166 1893 1337 1927 mutetur,
1363 1897 1438 1920 non
1464 1893 1584 1932 potest
1605 1897 1682 1921 esse
1704 1888 1801 1933 quod

232 1943 275 1976 de
296 1941 438 1976 veniale
460 1941 522 1976 fiat
543 1941 709 1975 mortale.
732 1941 811 1975 Alio
833 1939 929 1974 modo
951 1947 1071 1986 potest
1091 1939 1255 1985 intelligi,
1278 1947 1316 1973 ut
1337 1939 1384 1980 id,
1406 1939 1503 1985 quod
1525 1947 1579 1974 est
1598 1940 1740 1975 veniale
1759 1952 1802 1975 ex

232 2006 376 2041 genere,
398 1995 460 2029 fiat
485 1995 658 2029 mortale:
686 2002 721 2028 et
746 1995 803 2028 boc
825 1993 955 2039 qnidam
976 1993 1175 2040 impossibile
1196 1998 1250 2034 est,
1272 1992 1489 2038 inquantum
1515 1993 1744 2028 constituitur
1765 1995 1801 2028 in

232 2060 275 2083 eo
298 2049 389 2090 finis,
410 2048 469 2083 vel
494 2049 710 2094 inquantum
731 2047 883 2082 refertur
905 2047 948 2081 ad
971 2046 1125 2081 mortale
1147 2054 1350 2093 peccatum,
1373 2046 1466 2081 sicut
1488 2047 1531 2080 ad
1552 2046 1676 2089 finem,
1697 2055 1736 2082 ut
1753 2047 1803 2082 di-

232 2111 331 2137 ctum
354 2110 406 2136 est
429 2102 507 2146 (art.
531 2113 561 2136 2.
585 2103 654 2147 huj.
678 2103 738 2147 φ).

309 2156 420 2191 Tertio
439 2155 534 2189 modo
556 2163 675 2201 potest
695 2153 848 2199 intelligi
870 2154 930 2195 ita,
952 2153 1049 2199 quod
1077 2153 1191 2188 multa
1217 2152 1372 2188 venialia
1399 2161 1550 2200 peccata
1579 2154 1800 2190 constituant

231 2221 343 2243 unum
365 2217 558 2255 peccatum
585 2208 751 2249 mortale,
774 2208 871 2253 quod
901 2207 930 2241 si
959 2207 1009 2241 sic
1039 2207 1273 2253 intelligatur,
1295 2207 1393 2253 quod
1423 2219 1466 2242 ex
1495 2207 1619 2242 multis
1641 2209 1799 2255 peccatis

230 2263 430 2298 venialibus
452 2262 676 2308 integraliter
698 2262 937 2296 constituatur
959 2273 1073 2295 unum
1095 2269 1287 2308 peccatum
1303 2261 1469 2304 mortale,
1484 2261 1616 2297 falsum
1636 2273 1704 2299 est:
1723 2276 1798 2300 non

230 2317 328 2351 enirn
350 2316 475 2351 omnia
505 2324 655 2362 peccata
681 2315 837 2349 venialia
865 2315 908 2349 de
932 2315 1069 2349 mundo
1100 2323 1252 2361 possunt
1281 2315 1415 2350 habere
1444 2324 1586 2350 tantum
1616 2317 1659 2352 de
1685 2327 1798 2361 reatu,

229 2379 405 2416 quantum
426 2381 539 2403 unum
562 2377 753 2416 peccatum
775 2368 940 2410 mortale,
963 2369 1060 2414 quod
1083 2377 1179 2415 patet
1201 2380 1243 2403 ex
1262 2377 1362 2415 parte
1381 2369 1600 2405 durationis:
1617 2371 1700 2417 quia
1719 2383 1799 2419 pec-

230 2432 350 2458 catum
366 2423 519 2457 mortale
534 2424 642 2457 habet
655 2430 795 2456 reatum
815 2433 954 2467 poenae
967 2430 1349 2468 aeternae,peccatum
1368 2431 1490 2457 autem
1505 2424 1647 2459 veniale
1658 2434 1798 2460 reatum

227 2490 367 2525 poenae
380 2478 603 2524 temporaliS,
618 2485 655 2511 ut
677 2477 814 2511 dictum
830 2485 880 2510 est
896 2477 977 2521 (nrt.
1001 2488 1032 2511 2.
1055 2477 1124 2522 huj.
1147 2477 1219 2522 q.):
1242 2484 1341 2522 patet
1358 2478 1468 2511 etiam
1483 2488 1525 2511 ex
1539 2486 1639 2524 parte
1657 2490 1797 2525 poenae

228 2533 369 2566 damni:
390 2533 472 2579 quia
500 2539 691 2577 peccatum
714 2529 867 2564 mortale
892 2538 1051 2564 meretur
1074 2530 1273 2564 carentiam
1287 2530 1438 2565 visionis
1453 2530 1608 2574 divinae,
1623 2533 1680 2566 cui
1697 2532 1797 2567 nulla

227 2586 296 2620 alia
311 2597 429 2632 poena
445 2585 649 2631 comparari
663 2592 791 2631 potest,
811 2592 849 2617 ut
865 2583 1120 2630 Chrysostom.
1140 2584 1226 2618 dicit
1237 2584 1340 2628 (hom.
1355 2595 1412 2628 24.
1431 2585 1466 2618 in
1490 2585 1609 2619 Matth.
1633 2586 1796 2632 aliquant.

227 2645 302 2674 ante
319 2640 423 2686 fin.):
451 2646 547 2685 patet
574 2639 682 2673 etiam
714 2650 755 2672 ex
786 2645 884 2683 parte
915 2649 1054 2683 poenae
1084 2649 1221 2679 sensus,
1254 2645 1431 2684 quantum
1460 2638 1503 2672 ad
1534 2650 1684 2674 vermen
1715 2651 1798 2675 con-

227 2694 416 2735 scientiam
439 2693 525 2727 licet
546 2692 637 2726 forte
660 2699 836 2738 quantum
860 2691 903 2724 ad
926 2702 1084 2736 poenam
1107 2691 1200 2736 ignis
1222 2702 1296 2725 non
1318 2691 1389 2726 sint
1414 2691 1796 2738 improportionabilcs

228 2759 379 2793 poenae.
403 2747 441 2781 Si
462 2758 549 2781 vcro
571 2745 804 2791 intelligatur,
827 2745 923 2790 quod
944 2745 1057 2778 multa
1072 2753 1220 2791 peccata
1239 2745 1395 2779 venialia
1413 2744 1549 2780 faciunt
1567 2757 1680 2781 unum
1703 2758 1784 2782 mor

226 2801 298 2835 tale
320 2801 542 2847 dispositive,
564 2800 614 2834 sic
638 2810 764 2833 verum
787 2806 850 2839 est,
873 2798 965 2832 sicut
987 2810 1093 2844 supra
1121 2807 1309 2833 ostensum
1333 2806 1386 2834 est
1406 2800 1488 2843 (art.
1507 2811 1535 2846 3.
1562 2800 1632 2845 huj.
1654 2801 1716 2846 q.),
1743 2812 1796 2835 se-

227 2855 387 2888 cundum
420 2855 510 2889 duos
548 2854 678 2888 modos
712 2852 970 2899 dispositionis,
1005 2852 1133 2898 quibus
1167 2860 1359 2898 peccatum
1393 2853 1535 2888 veniale
1566 2853 1724 2900 disponit
1749 2854 1793 2888 ad

227 2907 392 2942 mortale.
