1875 3198
223 204 309 258 644
603 214 825 250 QUAESTro
860 214 1038 244 Lxxxrx.
1073 214 1318 244 ARTICULUS
1351 213 1409 244 v1.

291 295 351 330 AD
374 306 546 331 TERTIUM
565 296 771 339 dicendum,
795 296 891 342 quod
914 297 955 330 ab
980 295 1057 330 aliis
1079 295 1236 343 peccatis
1259 294 1473 330 mortalibus
1495 303 1614 342 potest
1634 307 1722 343 puer
1739 296 1791 330 in-

219 349 355 395 cipiens
377 350 510 384 habere
536 361 642 384 usum
668 351 816 383 rationis
838 362 902 395 per
924 349 1069 396 aliquod
1096 357 1238 396 tempus
1269 349 1466 391 abstinere;
1488 349 1550 384 sed
1585 361 1606 383 a
1638 358 1790 396 peccato

219 403 427 437 omissionis
464 403 669 449 praedictae
696 414 771 437 non
793 403 974 445 liberatur,
996 403 1065 437 nisi
1091 414 1201 449 quam
1229 403 1300 437 cito
1323 410 1453 449 potest,
1475 414 1514 437 se
1537 411 1726 438 convertat
1747 404 1790 437 ad

218 457 356 490 Deum:
380 457 536 503 primum
560 457 669 499 enim,
692 457 789 502 quod
809 457 967 491 occurrit
987 457 1131 491 homini
1150 457 1407 491 discretionem
1425 457 1584 499 habenti,
1607 465 1672 499 est,
1694 457 1791 503 quod

220 509 263 543 de
284 510 364 556 ipso
388 511 532 556 cogitet,
556 510 599 544 ad
619 521 727 556 quem
746 510 816 544 alia
836 510 989 552 ordinet,
1012 511 1104 544 sicut
1126 510 1169 544 ad
1191 510 1317 545 finem:
1339 510 1419 544 finis
1442 511 1540 544 enim
1562 518 1615 545 est
1635 511 1738 557 'prior
1755 511 1791 545 in

220 562 441 605 intentione,
464 572 498 597 et
523 563 605 597 ideo
628 564 699 597 hoc
723 571 757 598 et
777 572 932 610 tempus,
955 575 1020 609 pro
1044 575 1116 609 quo
1140 563 1320 609 obligatur
1337 575 1378 597 ex
1392 564 1463 597 Dei
1484 572 1677 610 praecepto
1700 564 1792 598 affir-

221 618 369 659 mativo,
385 628 455 663 quo
472 617 654 651 Dominus
670 617 755 651 dicit
772 629 778 651 :
795 618 1042 652 Con-tuzrtimini
1057 617 1099 651 ad
1116 629 1178 659 me,
1195 623 1225 652 et
1239 629 1294 663 ago
1309 623 1487 652 convertar
1505 618 1624 661 advos,
1637 618 1745 652 Zach.
1764 630 1791 653 1.

747 851 1104 911 QUAESTIO
1146 851 1257 898 XC.

437 975 500 1006 DE
528 974 742 1013 LEGIBUS,
775 975 825 1004 IN
853 973 1083 1014 QUATUOR
1109 974 1372 1006 ARTICULOS
1399 974 1575 1006 DIVISA.

296 1096 574 1142 Consequenter
596 1096 900 1130 considerandum
924 1104 977 1131 est
999 1097 1042 1131 de
1064 1096 1247 1142 principiis
1267 1096 1502 1131 exterioribus
1524 1103 1683 1131 actuum.
1698 1096 1798 1131 Prin-

224 1150 359 1197 cipium
379 1158 501 1184 autem
524 1150 678 1184 exterius
702 1150 746 1183 ad
769 1149 909 1184 malum
930 1149 1109 1184 inclinans
1133 1158 1185 1184 est
1207 1150 1384 1192 diabolus,
1407 1150 1450 1184 de
1474 1151 1575 1196 cujus
1598 1151 1797 1185 tentatione

222 1204 258 1238 in
281 1204 399 1250 primo
423 1204 560 1238 dictum
583 1212 636 1238 est
659 1204 703 1249 (q.
726 1216 790 1238 HI.
814 1209 878 1238 art.
901 1215 931 1238 2.
955 1205 1058 1248 et3.):
1082 1204 1300 1250 principium
1320 1211 1442 1238 autem
1465 1205 1621 1239 exterius
1643 1216 1797 1239 movens

224 1258 268 1292 ad
297 1259 435 1292 bonum
463 1266 516 1292 est
536 1258 648 1299 Deus,
671 1258 732 1304 qui
764 1266 798 1291 et
830 1269 897 1292 nos
924 1258 1067 1292 instruit
1093 1270 1156 1304 per
1182 1258 1314 1304 legem,
1349 1266 1384 1292 et
1412 1259 1513 1304 juvat
1545 1270 1610 1305 per
1631 1259 1797 1305 gratiam.

224 1311 330 1346 Unde
353 1313 467 1358 primo
495 1311 538 1345 de
565 1311 657 1357 lege,
689 1311 827 1346 secundo
860 1312 903 1345 de
935 1312 1050 1357 gratia
1077 1312 1271 1346 dicendum
1299 1319 1374 1346 est:
1404 1312 1498 1346 circa
1528 1311 1650 1358 legem
1677 1321 1798 1347 autem

220 1367 335 1412 primo
359 1373 502 1411 oportet
536 1366 765 1399 considerare
799 1366 841 1399 de
869 1366 946 1412 ipsa
973 1365 1053 1411 lege
1087 1366 1123 1399 in
1163 1366 1369 1400 communi:
1391 1366 1530 1401 secundo
1562 1366 1606 1401 de
1639 1367 1799 1413 partibus

225 1420 322 1465 ejus:
347 1419 443 1453 circa
478 1419 599 1465 legem
630 1428 753 1453 autem
786 1419 823 1452 in
858 1419 1048 1453 communi
1070 1421 1137 1454 tria
1159 1427 1355 1454 occurrunt
1381 1420 1663 1454 consideranda:
1681 1422 1797 1467 primo

225 1473 373 1519 quidem
406 1473 449 1506 de
479 1473 633 1507 essentia
659 1473 792 1519 ipsius:
822 1473 972 1515 secundo,
1001 1473 1043 1507 de
1071 1472 1272 1507 differentia
1299 1473 1443 1519 legum:
1468 1475 1576 1516 tertio,
1603 1473 1647 1508 de
1669 1473 1800 1508 effecti-

224 1527 290 1560 bus
312 1526 414 1572 legis.

683 1573 785 1608 Circa
806 1575 957 1621 primum
979 1579 1185 1619 quaeruntur
1206 1579 1362 1620 quatuor.

298 1635 434 1668 Primo.
463 1634 595 1668 Utrum
618 1633 674 1668 lex
697 1634 740 1667 sit
763 1633 897 1680 aliquid
920 1634 1080 1667 rationis.

300 1688 482 1722 Secundo.
510 1688 566 1722 De
594 1687 664 1721 fine
687 1687 788 1733 legis.

299 1740 439 1777 Tertio.
459 1742 514 1776 De
538 1753 646 1775 causa
669 1742 756 1786 ejus.

300 1795 454 1836 Quarto.
476 1795 532 1829 De
555 1794 849 1840 promulgatione
876 1794 998 1841 ipsius.

812 1924 1158 1969 ARTICULUS
1189 1925 1221 1968 I.
1731 1938 1801 1982 480

616 2034 769 2063 UTRUM
796 2033 879 2063 LEX
912 2033 980 2063 SIT
1007 2033 1192 2070 ALIQUID
1222 2033 1442 2064 RATIONIS.
1666 2002 1669 2005 '

339 2122 441 2168 (Infr.
463 2134 492 2168 q.
516 2134 567 2168 91.
589 2127 653 2156 art.
676 2134 703 2156 r.
726 2127 814 2168 corp.
837 2127 866 2156 et
883 2133 913 2167 q.
933 2132 988 2167 92.
1011 2125 1074 2155 art.
1097 2133 1124 2156 I.
1148 2127 1240 2168 corp.
1262 2125 1291 2155 et
1311 2132 1341 2167 q.
1357 2131 1414 2167 94.
1436 2125 1500 2156 art.
1521 2133 1550 2156 1.
1572 2121 1694 2168 corp).

302 2224 361 2257 AD
388 2233 538 2258 PRIMUM
559 2223 609 2257 sic
643 2222 861 2269 proceditur.
888 2222 1051 2264 Videtur,
1080 2221 1176 2268 quod
1203 2221 1260 2256 lex
1285 2233 1360 2257 non
1394 2223 1439 2257 sit
1472 2222 1608 2269 aliquid
1628 2222 1800 2257 rationis:

231 2278 316 2312 dicit
337 2277 435 2311 enim
457 2276 658 2323 Apostolus
686 2276 729 2310 ad
757 2276 865 2310 Rom.
894 2287 945 2322 7.:
976 2276 1073 2310 [1⁶7ch
1101 2277 1205 2310 aliam
1228 2276 1327 2322 legem
1353 2277 1388 2310 ‘in
1413 2277 1569 2311 membris
1590 2278 1680 2319 mess,
1709 2284 1800 2311 etc.:

230 2331 293 2366 sed
314 2330 416 2373 nihil,
439 2330 536 2376 quod
559 2338 611 2364 est
632 2330 793 2372 rationis,
825 2338 879 2364 est
909 2330 946 2364 in
980 2330 1173 2372 membris3
1196 2331 1280 2376 quia
1307 2330 1398 2364 ratio
1433 2340 1508 2363 non
1529 2330 1639 2364 utitur
1661 2339 1800 2376 organo

232 2384 432 2431 corporali3
455 2395 542 2430 ergo
565 2383 622 2418 lex
644 2395 718 2417 non
741 2391 795 2417 cst
817 2383 950 2429 aliquid
970 2383 1131 2418 rationis.

303 2449 333 2472 2.
356 2438 593 2473 PRAETEREA.
616 2437 656 2471 In
679 2437 818 2471 ratione
840 2448 913 2471 non
930 2445 983 2471 est
1003 2437 1072 2471 nisi
1094 2437 1267 2483 potentia,
1289 2436 1445 2479 habitus,
1467 2445 1502 2472 et
1521 2443 1638 2471 actus:
1662 2436 1725 2472 sed
1745 2435 1802 2470 lex

230 2503 305 2527 non
328 2500 382 2526 est
399 2492 476 2538 ipsa
498 2491 659 2538 potentia
687 2491 854 2525 rationis:
879 2490 1045 2525 similiter
1068 2491 1178 2525 etiam
1205 2502 1279 2525 non
1302 2498 1355 2524 est
1377 2489 1511 2536 aliquid
1532 2490 1676 2525 habitus
1697 2489 1802 2524 ratio-

230 2547 304 2588 nis3
327 2546 409 2592 quia
433 2546 574 2579 habitus
596 2544 746 2579 rationis
768 2552 850 2578 sunt
873 2545 1019 2579 virtutes
1037 2543 1311 2587 intellectuales,
1331 2544 1374 2578 de
1389 2544 1517 2590 quibus
1539 2555 1647 2590 supra
1665 2543 1802 2578 dictum
1841 2579 1844 2583 ,

231 2608 285 2634 est
310 2600 357 2645 (q.
381 2600 464 2645 57.):
499 2610 565 2633 nec
601 2599 710 2632 etiam
738 2606 838 2632 actus
861 2598 1010 2632 rationis
1034 2606 1104 2640 est3
1133 2598 1215 2644 quia
1254 2605 1418 2632 cessante
1453 2597 1602 2632 rationis
1638 2605 1719 2632 actu
1745 2595 1801 2630 lex

232 2662 399 2695 cessaret,
418 2661 503 2699 puta
525 2652 561 2686 in
584 2652 863 2693 dormientibus3
888 2663 974 2697 ergo
994 2651 1050 2686 lex
1072 2663 1147 2686 non
1170 2659 1223 2686 est
1245 2651 1378 2698 aliquid
1402 2651 1564 2686 rationis.
1825 2647 1828 2653 '

307 2719 334 2753 3.
358 2708 594 2741 PRAETEREA.
619 2706 692 2740 Lex
715 2713 841 2740 movet
863 2716 937 2747 cos,
960 2705 1020 2751 qui
1043 2705 1281 2751 subjiciuntur
1306 2704 1391 2751 legi,
1419 2705 1462 2739 ad
1485 2712 1581 2739 recte
1603 2703 1802 2750 agendum:

232 2761 294 2796 sed
317 2772 465 2795 movere
500 2760 543 2794 ad
575 2759 757 2805 agendum
779 2759 922 2805 proprie
950 2759 1104 2804 pertinet
1138 2759 1181 2793 ad
1203 2758 1443 2801 voluntatem,
1465 2766 1504 2792 ut
1524 2765 1620 2805 patet
1642 2768 1684 2792 ex
1705 2765 1803 2803 prae-

233 2815 350 2849 missis
371 2816 416 2860 (ᾳ.
440 2826 472 2860 9.
495 2814 632 2859 tll't.1),·
656 2824 742 2858 ergo
764 2812 821 2846 lex
842 2823 916 2846 non
939 2813 1091 2858 pertinet
1110 2813 1153 2847 ad
1174 2812 1366 2854 rationem,
1389 2811 1450 2846 sed
1473 2811 1590 2857 magis
1612 2810 1656 2845 ad
1678 2808 1802 2844 volun·
1842 2848 1845 2854 Ι

232 2876 361 2910 tatcm3
383 2867 584 2902 secundum
611 2867 706 2913 quod
729 2866 838 2900 ctiam
855 2866 1086 2912 Jurispcritus
1113 2866 1199 2900 dicit
1221 2866 1294 2911 (lib.
1317 2878 1344 2900 ι.
1360 2865 1398 2911 ff.
1421 2865 1457 2900 dc
1481 2864 1617 2900 Constit.
1642 2861 1799 2907 Princ.):
1842 2861 1844 2891 ἶ

236 2921 335 2967 Quod
351 2922 479 2967 placuit
496 2922 657 2967 principi,
680 2920 756 2967 Iegis
783 2920 875 2955 habet
900 2921 1061 2965 vigorem.
