1875 3198
198 198 283 253 878
619 210 841 245 QUAESTIO
878 210 995 239 CXIV.
1029 209 1275 239 ARTICULUS
1309 209 1353 238 11.

269 292 330 326 AD
346 302 554 326 SECUNDUM
570 291 776 333 dicendum,
796 291 893 337 quod
908 291 1023 325 homo
1035 290 1111 324 sine
1126 291 1240 336 gratia
1250 301 1325 324 non
1339 298 1458 336 potest
1470 290 1604 325 habere
1619 291 1770 338 aequale

199 356 289 391 opus
312 346 425 391 operi,
447 346 545 391 quod
565 356 608 379 ex
629 345 743 391 gratia
770 345 953 390 procedit:
982 344 1065 390 quia
1092 352 1228 390 quanto
1256 352 1310 378 est
1334 343 1526 404 perfectius
1552 344 1769 391 principium

197 399 362 457 actionis,
384 407 485 433 tanto
509 407 562 433 est
583 398 776 445 perfectior
799 399 914 440 acti03
935 406 1145 444 sequeretur
1167 406 1290 432 autem
1312 397 1416 440 ratio,
1435 398 1620 445 supposita
1642 409 1772 445 aequa-

197 452 297 486 litate
315 442 543 498 operationis
565 452 768 498 utrobique.

268 505 329 540 AD
357 516 529 540 TERTIUM
557 506 764 547 dicendum,
788 505 896 550 quod,
920 512 1095 550 quantum
1123 505 1166 538 ad
1187 505 1343 551 primam
1364 504 1543 539 rationem
1569 504 1770 547 inductam,

196 559 418 593 dissimiliter
440 571 478 593 se
499 559 609 592 habet
630 559 666 592 in
688 559 782 600 Deo,
806 566 839 592 et
860 558 896 591 in
918 558 1088 592 homine:
1112 569 1199 591 nam
1219 558 1336 592 homo
1359 569 1510 592 omnem
1527 558 1697 593 virtutem
1714 559 1772 593 be-

194 612 400 647 nefaciendi
420 613 531 646 habet
557 624 576 646 a
599 613 692 654 Deo,
724 623 799 645 non
825 620 948 645 autem
976 611 1017 645 ab
1045 612 1208 653 homine,
1237 619 1270 646 et
1296 611 1378 645 ideo
1402 623 1422 645 a
1443 611 1525 645 Deo
1551 623 1627 646 non
1652 621 1772 658 potest

195 666 311 701 homo
335 666 469 712 aliquid
491 666 635 707 mereri,
656 665 726 699 nisi
748 676 810 711 per
833 665 971 699 donum
994 666 1088 710 ejus;
1112 665 1209 711 quod
1234 664 1436 711 Apostolus
1457 665 1643 711 signanter
1661 666 1773 712 expri-

196 721 274 763 mit,
296 720 439 754 dicens:
464 720 550 764 Quis
565 721 666 766 prior
687 718 771 753 dedit
791 720 832 760 ei,
855 724 883 753 et
905 720 1105 753 retribuetur
1126 719 1201 754 illi?
1223 718 1295 752 Sed
1318 718 1360 752 ab
1381 712 1534 753 homine
1555 727 1675 765 potest
1692 719 1771 765 quis

197 774 339 815 mereri,
360 781 555 819 antequam
579 773 621 806 ab
645 784 688 806 eo
711 772 904 818 acceperit,
927 784 990 818 per
1010 772 1045 806 id
1068 773 1166 818 quod
1189 772 1330 818 accepit
1351 784 1371 806 a
1392 772 1491 806 Deo:
1514 772 1577 806 sed
1596 781 1771 818 quantum

198 827 241 861 ad
252 827 451 861 secundam
464 826 644 860 rationem
653 834 837 872 sumptam
850 826 1169 872 eximpedimento
1185 825 1337 872 peccati,
1352 825 1470 860 simile
1485 833 1539 860 est
1553 825 1597 860 de
1609 826 1772 867 homine,

198 888 232 915 et
254 880 297 914 de
320 881 419 915 Deo:
443 880 527 926 quia
550 880 659 914 etiam
680 880 797 914 homo
821 879 863 913 ab
887 879 959 913 alio
982 880 1114 914 mereri
1135 891 1210 913 non
1232 887 1362 926 potest,
1384 891 1494 925 quern
1516 878 1678 922 offendit,
1703 879 1773 913 nisi

195 934 292 981 prius
315 935 347 968 ei
375 933 599 968 satisfaciens
620 933 889 967 reconcilietur.

752 1062 1100 1108 ARTICULUS
1136 1063 1216 1105 III.
1705 1072 1773 1108 612

347 1172 502 1202 UTRUM
529 1172 659 1201 HOMO
688 1173 732 1202 IN
757 1172 918 1202 GRATIA
947 1171 1259 1201 CONSTITUTUS
1286 1170 1439 1200 POSSIT
1467 1170 1625 1200 MERERI

606 1238 748 1267 VITAM
773 1238 1010 1268 AETERNAM
1036 1237 1094 1266 EX
1117 1237 1367 1267 CONDIGNO.

402 1327 512 1372 (Part.
529 1338 557 1372 3.
576 1337 605 1372 q.
621 1326 680 1370 48.
697 1330 762 1360 art.
778 1338 805 1360 1.
821 1331 851 1360 et
863 1337 895 1360 2.
913 1325 1005 1360 Dist.
1024 1336 1078 1371 27.
1093 1329 1198 1371 art.3.
1217 1329 1244 1359 et
1262 1325 1358 1360 Rom.
1372 1335 1405 1369 4.
1421 1324 1490 1359 lect.
1506 1326 1565 1371 3.)-

268 1418 328 1452 AD
351 1427 525 1452 TERTIUM
547 1415 597 1450 sic
620 1415 838 1462 proceditur.
860 1414 1024 1456 Videtur,
1040 1415 1138 1460 quod
1151 1414 1268 1448 homo
1285 1414 1323 1448 in
1338 1415 1454 1460 gratia
1468 1413 1684 1448 constitutus
1698 1423 1773 1447 non

197 1472 311 1520 possit
332 1471 463 1504 mereri
485 1470 597 1503 vitam
621 1477 806 1502 aeternam
828 1480 871 1503 ex
894 1469 1099 1514 condigno:
1123 1468 1211 1502 dicit
1225 1468 1323 1501 enim
1347 1467 1513 1514 Apostol.
1534 1466 1579 1501 ad
1596 1467 1706 1501 Rom.
1721 1467 1774 1501 8.:

196 1527 273 1562 Non
295 1529 369 1560 sunt
391 1524 571 1570 condignae
585 1524 751 1570 passiones
773 1523 870 1568 hujus
891 1524 1046 1568 te171p01·is
1063 1521 1106 1556 ad
1119 1522 1278 1567 futuram
1295 1521 1453 1567 gloriam,
1471 1532 1554 1567 quae
1570 1520 1777 1555 revelabitur

198 1582 231 1614 in
257 1580 376 1614 nobis:
405 1577 466 1612 sed
496 1578 590 1611 inter
621 1576 691 1610 alia
723 1587 832 1622 opera
861 1576 1047 1610 meritoria
1077 1575 1237 1609 maxime
1263 1575 1431 1608 videntur
1459 1585 1538 1609 esse
1567 1573 1776 1608 meritoriae

197 1641 407 1669 sanctorum
422 1644 458 1678 p
448 1631 630 1673 assiones;
646 1641 733 1676 ergo
748 1629 848 1663 nulla
864 1640 974 1675 opera
988 1629 1185 1663 hominum
1200 1636 1282 1663 sunt
1296 1627 1484 1662 meritoria
1496 1628 1592 1662 vitae
1609 1636 1776 1662 aeternae

198 1699 242 1722 ex
265 1686 462 1732 condigno.

293 1741 565 1775 .PRAETEREA.
595 1737 712 1784 Super
732 1737 821 1771 illud
836 1737 944 1771 Rom.
967 1736 1019 1771 6.:
1051 1737 1176 1772 Θιιιεὶιι
1194 1737 1261 1771 Dei
1285 1737 1359 1771 vita
1383 1741 1533 1779 aeterna,
1559 1735 1647 1770 dicit
1673 1735 1776 1770 Glos.

197 1795 284 1840 (orel.
301 1796 387 1840 4zig.
407 1795 462 1828 lib.
485 1793 522 1828 de
547 1793 607 1828 Gr.
631 1798 661 1827 et
686 1793 968 1838 Lib.A1b.cap
992 1793 1060 1838 9).·
1088 1791 1196 1826 Posset
1216 1796 1302 1825 recte
1316 1790 1442 1825 dicere:
1463 1789 1670 1836 Stipendium
1683 1791 1778 1836 justi-

197 1851 262 1884 tiae
283 1851 355 1884 vitu
382 1854 540 1884 aeterna:
566 1847 618 1882 sed
645 1847 764 1880 nuzluz't
782 1846 888 1881 dicere
906 1859 915 1880 :
943 1846 1066 1881 Gratia
1088 1846 1156 1880 Dei
1176 1846 1250 1878 vita
1271 1849 1425 1885 aeterna,
1451 1848 1486 1878 ut
1504 1843 1776 1890 intelligeremus:

198 1904 309 1938 Deu'm
333 1903 375 1937 ud
403 1908 568 1937 ueteri-zum
588 1902 695 1935 vitam
708 1906 773 1947 pro
794 1912 855 1934 sua
882 1901 1091 1934 miseratione
1113 1911 1170 1934 7105
1188 1898 1380 1945 perducere,
1404 1910 1471 1932 non
1490 1898 1616 1932 meritis
1636 1897 1776 1931 nostris:

199 1957 260 1991 sed
282 1957 329 1999 id,
353 1956 449 2003 quod
470 1968 513 1990 ex
536 1954 720 1999 condigno
743 1954 822 1999 quis
850 1963 1020 1995 meretur,
1043 1964 1118 1987 non
1141 1964 1184 1986 ex
1210 1951 1458 1993 miseratione,
1485 1950 1549 1985 sed
1575 1961 1618 1984 ex
1644 1950 1775 1984 merito

200 2010 348 2056 accipit3
372 2021 459 2055 ergo
481 2008 634 2049 videtur,
657 2008 755 2054 quod
773 2007 889 2041 homo
912 2018 987 2041 non
1009 2006 1124 2053 possit
1137 2017 1200 2053 per
1215 2005 1369 2052 gratiam
1388 2004 1521 2039 mereri
1533 2004 1647 2038 vitam
1666 2011 1777 2038 aeter—

196 2075 283 2098 nam
307 2075 349 2098 ex
372 2063 569 2108 condigno.

274 2129 301 2164 3.
325 2117 563 2151 PRAETEREA.
586 2114 679 2149 Illud
695 2114 866 2148 meritum
880 2114 1022 2148 videtur
1036 2125 1115 2148 esse
1135 2113 1371 2172 condignum,
1387 2111 1484 2158 quod
1499 2119 1674 2158 aequatur
1687 2122 1779 2145 mer-

199 2171 296 2205 cedi:
321 2170 382 2205 sed
402 2169 522 2204 nullus
547 2177 646 2203 actus
668 2168 866 2215 praesentis
884 2168 980 2202 xitae
1003 2175 1122 2214 potest
1140 2166 1287 2212 aequari
1304 2165 1400 2200 vitae
1415 2173 1595 2207 aeternae,
1613 2175 1706 2211 quae
1721 2175 1780 2198 co-

201 2225 415 2272 gnitionem,
439 2232 473 2257 et
495 2222 714 2257 desiderium
735 2230 904 2256 nostrum
926 2221 1084 2255 excedit:
1109 2220 1251 2256 excedit
1271 2220 1380 2254 etiam
1404 2219 1631 2260 charitatem,
1652 2217 1712 2252 vel
1729 2217 1777 2252 di-

199 2279 396 2313 lectionem
419 2278 510 2318 viae,
533 2277 627 2310 sicut
645 2284 680 2310 et
702 2275 842 2309 excedit
859 2284 1046 2318 naturam;
1069 2285 1156 2321 ergo
1176 2275 1292 2308 homo
1310 2284 1386 2308 non
1404 2280 1525 2320 potest
1541 2283 1604 2319 per
1623 2271 1778 2318 gratiam

199 2332 330 2366 mereri
351 2332 464 2366 vitam
488 2338 673 2364 aeternam
697 2340 740 2363 ex
763 2329 960 2375 condigno.

272 2386 347 2420 SED
371 2395 538 2419 CONTRA.
569 2383 607 2417 1d
631 2383 729 2429 quod
752 2382 912 2416 redditur
941 2381 1143 2416 secundum
1164 2382 1300 2427 justum
1321 2380 1509 2426 judicium,
1529 2379 1672 2413 videtur
1698 2389 1778 2413 esse

198 2451 338 2474 merces
366 2438 568 2483 condigna:
593 2437 655 2470 sed
677 2436 749 2470 vita
773 2444 918 2469 aeterna
942 2436 1102 2470 redditur
1124 2447 1143 2469 a
1164 2435 1247 2469 Deo
1269 2434 1472 2469 secundum
1489 2432 1666 2479 judicium
1684 2431 1780 2477 justi-

196 2493 279 2535 tiae,
302 2492 503 2527 secundum
522 2490 609 2524 illud
625 2500 656 2524 2.
669 2490 712 2523 ad
727 2489 891 2523 Timoth.
904 2500 953 2531 ..‡.:
971 2489 1008 2523 In
1025 2489 1151 2535 reliquo
1172 2490 1314 2535 reposita
1331 2492 1375 2522 est
1384 2487 1468 2521 mihi
1482 2497 1607 2522 corona
1617 2486 1778 2531 justitiae,

197 2559 297 2593 quum
321 2546 426 2581 reddet
454 2546 534 2579 mihi
557 2546 724 2579 Dominus
747 2545 779 2577 in
804 2544 861 2578 illa
888 2543 937 2578 die
955 2545 1062 2589 justus
1083 2543 1212 2589 jadau
1235 2553 1323 2589 ergo
1345 2541 1462 2576 homo
1484 2548 1645 2575 meretur
1664 2539 1778 2574 vitam

198 2609 385 2634 aeternam
413 2611 454 2633 ex
477 2599 674 2644 condigno.

269 2653 498 2687 RESPONDEO
521 2652 729 2693 dicendum,
751 2651 849 2697 quod
870 2661 961 2695 opus
985 2650 1213 2684 meritorium
1235 2648 1398 2683 hominis
1419 2647 1597 2695 dupliciter
1617 2645 1779 2682 conside-

199 2707 268 2741 rari
290 2714 426 2753 potest:
450 2717 515 2740 uno
539 2705 646 2747 modo,
669 2704 870 2739 secundum
894 2704 990 2749 quod
1014 2703 1179 2749 procedit
1201 2714 1244 2737 ex
1262 2702 1378 2737 libero
1402 2701 1567 2737 arbitrio:
1586 2701 1653 2736 alio
1667 2700 1775 2743 modo,

199 2760 399 2794 secundum
419 2759 516 2805 quod
539 2758 703 2805 procedit
725 2770 767 2792 cx
787 2757 900 2803 gratia
922 2757 1074 2802 Spiritus
1096 2756 1236 2790 Sancti:
1260 2757 1289 2790 si
1312 2755 1560 2790 consideretur
1577 2753 1779 2790 secundum

197 2813 436 2847 substantiam
460 2813 590 2858 operis,
619 2820 653 2846 et
680 2811 881 2846 secundum
909 2811 1006 2856 quod
1035 2810 1200 2856 procedit
1227 2821 1269 2844 ex
1295 2809 1410 2844 libero
1439 2808 1599 2851 arbitrio,
1626 2808 1676 2843 sic
1703 2818 1778 2842 non

199 2874 317 2913 potest
339 2866 386 2899 ibi
409 2877 487 2900 esse
510 2865 741 2911 condignitas
764 2873 910 2910 propter
933 2864 1132 2897 maximam
1155 2862 1466 2909 inaequalitatem,
1488 2861 1551 2897 sed
1566 2870 1620 2897 est
1634 2861 1682 2896 ibi
1697 2872 1780 2896 con-

198 2921 333 2967 gruitas
356 2928 502 2966 propter
518 2919 717 2965 quamdam
733 2917 990 2964 acqimlitatcm
1006 2917 1263 2963 proportionis.
1279 2916 1432 2951 Videtur
1445 2915 1544 2950 enim
1560 2925 1778 2962 congruum,

1864 2278 1869 2285 .
1864 2193 1875 2258 .«-Ὗ
1871 2139 1875 2146 ..
1870 2103 1871 2106 „

1864 2337 1872 2355 ⁶
1864 2317 1866 2322 .

1834 3021 1875 3198 han·—
1861 2982 1865 2986 v
1850 2412 1875 2949 ⁴‘d‘·-»·10memwv.-
1862 2382 1866 2393 -
