1955 3182
265 253 318 282 22
730 246 951 283 QUAESTIO
985 246 1012 275 Ι.
1046 244 1290 276 ARTICULUS
1324 244 1368 274 11.

264 333 356 367 sicut
377 343 461 366 cum
483 338 602 365 rector
624 329 790 370 civitatis,
812 328 873 374 qui
894 326 1044 361 intendit
1057 326 1196 360 bonum
1218 336 1426 367 commune,
1448 331 1572 358 movet
1590 335 1656 358 suo
1675 323 1829 370 imperio

265 386 388 420 omnia
410 384 639 432 particularia
661 382 781 416 officia
812 380 982 422 civitatis,
1011 388 1045 413 et
1078 379 1159 413 ideo
1193 390 1340 413 necesse
1368 386 1431 420 est,
1458 377 1555 423 quod
1577 377 1713 419 omnia,
1739 387 1832 422 quae

266 447 388 473 carent
405 438 556 479 ratione,
578 444 793 470 moveantur
817 435 852 468 in
874 433 963 468 fines
984 431 1218 479 particulares
1240 432 1282 465 ab
1305 431 1425 477 aliqua
1445 430 1631 464 voluntate
1652 429 1832 471 rationali,

269 504 359 539 quae
382 503 419 527 se
442 491 599 526 extendit
619 490 655 523 in
677 490 815 523 bonum
837 486 1051 528 universale,
1079 485 1216 520 scilicet
1237 497 1257 519 a
1277 484 1463 520 voluntate
1486 483 1618 518 divina.

819 627 1164 672 ARTICULUS
1200 626 1279 669 ΠΙ.
1816 647 1831 682 3

446 737 600 768 UTRUM
625 736 767 766 ACTUS
800 735 971 765 HUMANI
998 734 1230 764 RECIPIANT
1258 733 1441 763 SPECIEM
1467 733 1524 762 EX
1548 733 1661 763 FINE.

267 827 368 873 (Insr.
389 831 451 861 art.
463 837 496 870 4.
511 830 578 871 etq.
600 826 650 860 18.
673 829 737 859 art.
759 836 789 859 2.
801 828 865 870 et3.
881 829 911 858 et
930 835 962 867 4.
985 802 1013 857 at
1031 835 1060 868 q.
1077 834 1128 868 72.
1151 827 1215 857 art.
1231 834 1258 856 1.
1274 827 1340 868 et3.
1352 826 1380 856 et
1392 833 1422 856 2.
1437 822 1524 855 Dist.
1539 832 1596 865 40.
1608 825 1673 855 art.
1691 831 1723 855 2.
1744 825 1835 865 corp.

797 882 826 911 et
843 877 927 911 Mal.
951 888 980 922 q.
1002 888 1033 911 2.
1056 880 1120 910 art.
1142 887 1175 919 4.
1195 875 1236 909 ad
1257 876 1318 921 9.).

340 968 400 1002 An
424 977 595 1002 TERTIUM
618 966 668 1000 sic
690 965 907 1012 proceditur.
934 963 1097 1005 Videtur,
1125 963 1222 1009 quod
1253 970 1354 996 actus
1384 961 1537 996 humani
1556 972 1632 995 non
1663 960 1840 1007 recipiant

271 1022 430 1068 speciem
465 1033 484 1054 a
511 1020 599 1054 fine:
623 1019 703 1053 finis
738 1019 836 1053 enim
870 1026 923 1052 est
960 1028 1067 1051 causa
1091 1017 1308 1050 extrinseca:
1336 1016 1398 1050 sed
1425 1015 1709 1061 unumquodque
1730 1014 1840 1049 habet

270 1075 429 1121 speciem
465 1074 506 1107 ab
538 1073 659 1119 aliquo
687 1071 864 1118 principio
887 1071 1103 1112 intrinseco3
1126 1081 1213 1116 ergo
1247 1077 1348 1104 actus
1380 1069 1535 1103 humani
1565 1080 1641 1103 non
1661 1068 1840 1115 recipiunt

268 1128 427 1174 speciem
450 1138 469 1160 a
491 1127 572 1160 fine.

339 1192 369 1214 2.
393 1181 629 1214 PRAETEREA.
669 1178 773 1220 Illud,
795 1178 892 1224 quod
915 1177 975 1211 dat
995 1176 1166 1223 speciem,
1188 1183 1333 1223 oportet
1359 1186 1436 1210 esse
1457 1175 1574 1222 prius:
1602 1175 1664 1210 sed
1685 1174 1765 1210 finis
1786 1183 1840 1210 est

267 1234 447 1281 posterior
469 1234 505 1266 in
528 1244 622 1274 esse3
646 1243 733 1278 ergo
757 1239 856 1265 actus
878 1231 1060 1264 humanus
1082 1241 1157 1264 non
1182 1230 1292 1264 habet
1313 1229 1473 1276 speciem
1495 1241 1516 1263 a
1537 1229 1619 1264 fine.

340 1299 368 1333 3.
391 1287 628 1321 PRAETEREA.
651 1286 752 1319 Idem
773 1296 847 1319 non
870 1292 989 1331 potest
1003 1295 1080 1318 esse
1106 1284 1176 1318 nisi
1195 1284 1232 1317 in
1254 1295 1325 1317 una
1347 1283 1486 1329 specie:
1509 1283 1571 1317 sed
1586 1283 1758 1317 eumdem
1777 1293 1841 1316 nu-

268 1352 370 1375 mero
393 1348 515 1375 actum
539 1339 718 1385 contingit
739 1338 897 1372 ordinari
913 1338 956 1372 ad
979 1337 1140 1371 diversos
1161 1337 1268 1378 fine33
1291 1348 1378 1382 ergo
1400 1336 1480 1370 finis
1501 1347 1576 1370 non
1598 1336 1659 1370 dat
1680 1335 1841 1382 speciem

269 1395 407 1428 actibus
427 1393 608 1427 humanis.

341 1447 414 1481 SED
451 1457 606 1481 CONTRA
641 1454 704 1487 est,
728 1445 825 1491 quod
847 1444 934 1478 dicit
967 1444 1120 1490 August.
1148 1444 1185 1477 in
1216 1443 1275 1478 lib.
1299 1444 1343 1478 de
1363 1443 1527 1478 Moribus
1553 1442 1652 1477 Eccl.
1674 1450 1710 1477 et
1728 1442 1842 1476 Mani-

279 1501 479 1535 chaeorum
502 1500 576 1545 (lib.
598 1511 629 1534 2.
649 1505 722 1545 cap.
744 1511 787 1545 13.
811 1498 1030 1544 cir.princ.):
1051 1497 1238 1532 Secundum
1251 1497 1336 1543 quod
1348 1498 1422 1540 finis
1435 1502 1479 1532 est
1492 1497 1680 1544 culpabilis,
1700 1496 1753 1532 vel
1773 1496 1841 1531 lau-

267 1555 397 1597 dabilis,
427 1553 601 1589 secundum
623 1553 681 1587 hoc
701 1557 778 1586 sunt
803 1558 901 1598 opera
919 1556 1031 1585 nostra
1051 1551 1242 1597 culpabilia,
1272 1551 1324 1585 val
1346 1550 1541 1586 laudabilia.

341 1608 571 1643 RESPONDEO
594 1606 801 1647 dicendum,
834 1605 932 1651 quod
962 1604 1248 1651 unumquodque
1277 1605 1423 1639 sortitur
1455 1604 1615 1651 speciem
1641 1603 1840 1639 secundum

271 1670 405 1703 actum,
440 1669 475 1695 et
506 1671 582 1694 non
604 1659 805 1694 secundum
827 1658 1049 1704 potentiam;
1071 1658 1165 1692 unde
1187 1669 1240 1700 ea,
1262 1670 1354 1704 quae
1376 1666 1458 1692 sunt
1480 1657 1686 1704 composita
1706 1669 1749 1692 ex
1769 1668 1843 1691 ma-

272 1715 372 1757 teria,
395 1722 430 1748 et
450 1714 581 1755 forma,
608 1712 877 1747 constituuntur
898 1712 933 1745 in
956 1712 1028 1746 suis
1057 1711 1246 1757 speciebus
1268 1723 1331 1758 per
1352 1711 1515 1758 proprias
1535 1711 1684 1746 formas.
1705 1711 1750 1746 Et
1769 1711 1842 1745 hoc

273 1770 382 1804 etiarn
410 1767 714 1802 considerandum
741 1774 794 1800 est
826 1767 862 1799 in
896 1766 1055 1800 motibus
1089 1765 1262 1811 propriis:
1291 1777 1376 1799 cum
1399 1765 1496 1799 enim
1522 1773 1644 1800 motus
1670 1765 1844 1812 quodam-

276 1823 389 1857 modo
419 1822 658 1866 distinguatur
679 1831 743 1865 per
765 1820 960 1861 actionem,
991 1827 1025 1853 et
1057 1819 1278 1865 passionem,
1312 1827 1505 1865 utrumque
1527 1819 1662 1856 horum
1690 1818 1733 1853 ab
1760 1826 1842 1853 actu

274 1877 433 1923 speciem
468 1875 631 1916 sortitur;
654 1874 749 1908 actio
777 1873 924 1919 quidem
951 1873 994 1906 ab
1022 1881 1116 1915 acm,
1143 1873 1204 1919 qui
1231 1881 1284 1907 est
1306 1873 1522 1919 principium
1549 1873 1696 1919 agendi:
1723 1873 1842 1920 passio

273 1941 360 1964 vero
384 1929 425 1963 ab
450 1936 542 1970 actu,
558 1928 618 1974 qui
633 1936 685 1961 est
699 1927 874 1961 terminus
897 1935 1017 1961 motus
1039 1927 1174 1968 nostri3
1189 1927 1283 1961 unde
1306 1926 1496 1962 calefactio
1519 1927 1614 1962 actio
1634 1926 1726 1962 nihil
1746 1926 1842 1961 aliud

277 1992 341 2026 est,
364 1994 473 2029 quam
496 1983 611 2016 motio
635 1981 813 2027 quaedam
841 1993 860 2014 a
888 1980 1010 2015 calore
1037 1980 1256 2027 procedens:
1280 1980 1470 2015 calefactio
1497 1992 1584 2016 vero
1611 1980 1731 2027 passio
1753 1979 1844 2015 nihil

272 2046 336 2079 est,
358 2048 468 2083 quam
490 2044 611 2070 motus
643 2036 686 2069 ad
717 2034 901 2069 calorem:
926 2034 1086 2068 definitio
1109 2042 1232 2068 autem
1267 2034 1474 2069 manifestat
1496 2035 1677 2069 rationem
1698 2034 1842 2081 speciei.

272 2091 316 2124 Et
337 2098 490 2136 utroque
529 2088 640 2123 modo
674 2096 775 2122 actus
804 2088 967 2129 humani,
990 2088 1064 2122 sive
1087 2088 1361 2122 considerentur
1386 2098 1449 2134 per
1470 2088 1624 2122 modum
1645 2087 1844 2129 actionum,

271 2146 344 2179 sive
368 2144 641 2178 considerentur
663 2154 726 2189 per
736 2143 886 2176 modum
911 2142 1134 2188 passionum,
1150 2141 1309 2187 speciem
1325 2153 1344 2175 a
1358 2141 1428 2176 fine
1450 2141 1669 2184 sortiuntur;
1690 2149 1843 2187 utroque

271 2199 369 2233 enim
390 2198 503 2232 modo
525 2204 677 2243 possunt
699 2196 921 2230 considerari
935 2204 1035 2230 actus
1057 2195 1220 2237 humani,
1233 2206 1276 2229 eo
1291 2196 1388 2241 quod
1402 2195 1517 2230 homo
1527 2203 1651 2230 movet
1672 2195 1843 2241 seipsum,

271 2260 306 2286 et
327 2261 495 2286 movetur
517 2263 535 2284 a
559 2250 690 2296 seipso.
714 2250 864 2284 Dictum
887 2257 940 2283 est
962 2257 1083 2283 autem
1106 2261 1213 2295 supra
1235 2250 1318 2294 (art.
1333 2261 1360 2284 1.
1388 2249 1457 2295 huj.
1473 2250 1537 2295 q.)‚
1555 2250 1653 2296 quod
1674 2257 1775 2284 actus
1798 2249 1845 2284 di-

275 2313 404 2339 cuntur
424 2304 588 2345 humani,
618 2304 833 2349 inquantum
868 2302 1068 2348 procedunt
1090 2313 1110 2336 a
1131 2302 1320 2338 voluntate
1341 2302 1555 2338 deliberata:
1583 2303 1766 2348 objectum
1787 2314 1846 2337 au-

275 2368 348 2393 tem
368 2357 566 2392 voluntatis
588 2365 641 2391 est
662 2357 812 2399 bonum,
835 2363 868 2390 et
890 2356 987 2390 sinis:
1004 2364 1039 2390 et
1060 2356 1142 2390 ideo
1165 2355 1400 2390 manifestum
1421 2364 1485 2398 est,
1506 2356 1603 2402 quod
1625 2356 1843 2403 principium

273 2413 520 2446 humanorum
543 2419 702 2452 actuum,
725 2410 940 2455 inquantum
967 2418 1050 2443 sunt
1075 2409 1239 2451 humani,
1267 2418 1320 2444 est
1341 2409 1441 2451 finis;
1464 2417 1500 2444 et
1519 2409 1684 2444 similiter
1706 2418 1759 2444 est
1779 2418 1846 2445 ter-

272 2466 391 2500 minus
412 2465 637 2499 eorumdem.
660 2463 758 2497 Nam
779 2463 826 2505 id,
849 2464 892 2496 ad
915 2463 1011 2509 quod
1034 2463 1247 2497 terminatur
1269 2471 1369 2497 actus
1391 2463 1586 2505 humanus,
1607 2471 1661 2498 est
1677 2463 1726 2506 id,
1746 2464 1844 2510 quod

272 2518 440 2553 voluntas
462 2517 612 2551 intendit
633 2525 821 2562 tamquam
855 2516 984 2558 finem3
1012 2516 1103 2550 sicut
1123 2516 1160 2550 in
1184 2516 1371 2562 agentibus
1392 2516 1626 2551 naturabilius
1647 2516 1766 2552 forma
1788 2528 1846 2563 ge-

275 2572 388 2606 nerati
411 2579 464 2606 est
487 2569 685 2605 conformis
718 2569 859 2604 formae
897 2570 1122 2614 generantis3
1145 2578 1180 2604 et
1202 2570 1297 2616 quia,
1331 2578 1370 2604 ut
1394 2570 1612 2605 Ambrosius
1633 2571 1720 2606 dicit
1738 2582 1846 2618 super

275 2627 412 2660 Lucam
436 2625 487 2670 (in
505 2624 650 2671 praefat.
678 2630 786 2670 prope:
798 2624 946 2669 finem):
970 2624 1081 2658 ,Mores
1105 2625 1246 2670 proprie
1267 2624 1423 2659 dicuntur
1452 2625 1605 2667 humani,
1640 2633 1741 2660 actus
1770 2636 1847 2660 mo-

275 2679 365 2713 rales
391 2678 534 2725 proprie
556 2677 714 2724 speciem
736 2676 935 2711 sortiuntur
957 2688 999 2712 ex
1022 2676 1109 2710 fine:
1138 2688 1224 2711 nam
1250 2677 1348 2712 idern
1380 2686 1464 2712 sunt
1497 2686 1597 2713 actus
1620 2677 1789 2720 morales,
1811 2686 1847 2713 et

276 2740 376 2766 actus
398 2731 561 2766 humani.

349 2786 406 2819 AD
430 2795 577 2820 1³R1MUM
593 2795 680 2829 ergo
697 2783 904 2825 dicendum,
919 2783 1014 2829 quod
1031 2783 1110 2818 finis
1125 2795 1199 2818 non
1215 2792 1268 2818 est
1281 2784 1433 2818 omnino
1448 2784 1582 2831 aliquid
1600 2784 1846 2821 extrinsecum

277 2839 318 2873 ab
342 2846 442 2880 actu3
465 2838 547 2884 quia
570 2845 802 2883 comparatur
817 2837 860 2870 ad
876 2845 1009 2877 actum,
1025 2845 1061 2870 ut
1076 2837 1306 2882 principium,
1321 2837 1380 2872 vel
1392 2838 1586 2873 terminus:
1605 2845 1641 2873 et
1657 2837 1729 2874 hoc
1747 2838 1845 2874 idem

276 2892 395 2938 ipsum
418 2899 469 2925 est
491 2891 533 2925 de
555 2891 694 2924 ratione
722 2898 834 2931 actus,
856 2897 894 2924 ut
916 2889 1054 2924 scilicet
1081 2890 1125 2924 sit
1152 2891 1194 2925 ab
1223 2890 1358 2938 aliquo,
1385 2899 1560 2939 quantum
1583 2891 1627 2928 ad
1649 2891 1845 2936 actionem,

279 2953 313 2981 ct
331 2952 368 2979 ut
389 2944 433 2980 sit
455 2944 498 2978 ad
522 2943 666 2990 aliquid,
689 2951 864 2991 quantum
887 2943 928 2977 ad
953 2943 1170 2990 passionem.
