1907 3198
557 201 782 238 QUAESTlo
815 201 884 233 cv.
918 200 1164 232 Ακτιευιυε
1196 200 1240 231 11.
1601 203 1683 247 793

121 281 294 326 bibendo,
319 290 359 318 ut
382 290 481 331 patet
505 282 620 319 Exod.
646 293 701 330 23.
731 291 767 319 et
791 283 900 319 Deut.
933 281 984 318 16.
1011 282 1168 318 Instituit
1193 281 1304 317 etiam
1325 293 1520 317 numerum
1541 283 1688 318 testium

121 334 293 379 duorum,
322 335 382 372 vel
407 336 530 379 trium,
559 345 597 372 ut
623 345 722 384 patet
748 337 856 372 Deut.
889 348 940 383 ¹7-
966 345 1002 372 et
1033 347 1085 383 ¹9·
1107 335 1264 371 Instituit
1284 335 1394 370 etiam
1416 344 1532 371 certas
1554 347 1692 384 poenas

120 399 188 438 pro
207 389 359 425 diversis
378 388 532 433 delictis,
555 399 592 426 ut
613 398 695 437 post
716 390 854 426 dicetur
877 391 926 434 (in
948 396 1031 437 resp.
1048 389 1092 424 ad
1112 390 1193 435 ιο.).
1216 388 1288 424 Sed
1308 389 1404 424 circa
1427 401 1483 424 res
1507 401 1691 436 possessas

120 442 303 491 optimum
323 450 390 486 est,
404 443 497 479 sicut
509 443 596 479 dicit
624 443 717 479 Phil.
740 444 775 478 in
798 442 876 479 Pol.
899 444 990 491 (cap.
1009 444 1068 490 3.),
1090 442 1188 490 quod
1210 442 1459 489 possessiones
1491 443 1562 478 sint
1582 443 1694 479 distin·

119 500 206 540 ctae,
226 503 263 532 et
282 507 369 533 mus
389 497 434 532 sit
448 499 576 544 partim
592 497 811 540 communis,
825 499 955 545 partim
971 505 1092 532 autem
1110 507 1173 544 per
1191 495 1417 532 voluntatem
1439 507 1690 544 possessorum

107 549 426 590 communicetur.

191 602 238 639 Et
256 603 348 639 haec
370 605 438 639 tria
461 603 603 639 suerunt
624 605 659 639 in
682 604 762 651 lege
785 612 934 640 statuta:
958 606 1070 652 primo
1096 604 1194 639 enim
1215 604 1315 651 ipsae
1337 603 1585 651 possessiones
1606 604 1693 639 divi-

119 667 184 694 sae
202 665 307 694 erant
324 657 362 693 in
379 657 560 704 singulos:
583 658 713 694 dicitur
733 658 830 693 enim
853 658 963 693 Num.
990 669 1062 705 33.:
1085 659 1155 704 Ego
1176 657 1249 693 dedi
1269 658 1361 693 vobis
1374 663 1502 694 terram
1526 659 1559 692 in
1573 665 1693 706 posscs-

118 712 255 756 simm,
275 722 378 759 quam
389 711 482 759 sorte
503 711 656 748 dividetis
681 713 794 753 vobin
822 720 858 747 et
883 712 967 759 quia
989 723 1052 758 per
1081 711 1356 759 possessionum
1385 711 1688 758 irregularitatem

119 762 242 812 plures
263 763 427 801 civitates
447 765 690 810 destruuntur,
710 773 747 801 ut
765 764 858 800 Phil.
881 765 967 800 dicit
984 765 1019 800 in
1042 775 1074 800 2.
1096 764 1175 800 Pol.
1199 765 1289 813 (cap.
1305 777 1334 811 5.
1354 770 1384 800 et
1405 766 1467 812 7.);
1488 765 1570 801 ideo
1593 766 1689 800 circa

119 817 372 866 possessiones
391 818 610 865 regulandas
628 819 749 867 triplex
771 819 972 854 remedium
994 818 1051 854 lex
1073 819 1253 854 adhibuit:
1275 832 1379 854 unum
1400 820 1560 866 quidem,
1582 828 1620 855 ut
1640 831 1692 855 se-

120 871 284 909 cundum
295 883 490 908 numerum
504 872 697 908 hominum
714 872 911 920 aequaliter
925 872 1187 908 dividerentur:
1202 873 1297 908 unde
1311 873 1441 908 dicitur
1455 873 1605 909 Numer.
1624 885 1688 920 33.:

118 924 278 963 Pluribus
307 925 428 962 dabitis
460 925 625 969 latiorem,
651 932 682 962 ct
707 927 927 974 paucioribus
954 928 1196 973 augustiorem:
1223 926 1317 961 aliud
1341 927 1544 962 remedium
1567 936 1632 970 est,
1653 936 1691 962 ut

118 978 370 1028 possessiones
397 990 474 1016 non
502 979 540 1015 in
563 989 778 1028 perpetuum
807 980 1021 1023 alienentur,
1046 980 1109 1016 sed
1132 988 1232 1016 certo
1253 988 1418 1028 tempore
1440 981 1484 1016 ad
1505 992 1592 1016 suos
1612 992 1693 1028 pos·

117 1043 280 1070 sessores
296 1041 533 1077 revertantur,
551 1043 590 1069 ut
602 1045 676 1070 non
691 1033 959 1070 confundantur
978 1042 1094 1070 sortes
1114 1035 1407 1082 possessionum
1427 1036 1562 1070 tertium
1580 1045 1692 1070 reme-

117 1086 222 1124 dium
240 1094 296 1123 est
315 1086 361 1123 ad
380 1087 593 1134 hujusmodi
610 1087 865 1124 confusionem
878 1087 1092 1130 tollendam,
1106 1096 1144 1123 ut
1158 1088 1314 1135 proximi
1327 1088 1524 1124 succedant
1537 1088 1693 1124 morien-

117 1139 225 1184 ὤας,
238 1141 354 1189 primo
370 1140 519 1189 quidem
533 1141 647 1189 gradu
661 1141 768 1186 filius,
779 1141 918 1178 secundo
932 1150 1053 1177 autem
1069 1141 1154 1184 filia,
1168 1143 1262 1177 tcrtio
1276 1141 1415 1185 fratres,
1428 1147 1547 1189 quarto
1562 1142 1691 1189 patrui,

117 1193 459 1243 queaoquicumque
472 1195 677 1243 propinqui.
686 1195 731 1232 Et
739 1195 785 1231 ad
795 1195 1066 1232 distinctionem
1077 1195 1231 1231 sortium
1242 1196 1532 1231 conservandam
1542 1195 1691 1231 ulterius

116 1246 176 1284 lex
194 1247 331 1292 munit,
351 1256 392 1284 ut
411 1248 594 1292 mulieres,
614 1261 708 1296 quae
726 1258 809 1285 sunt
825 1249 1012 1292 haeredes,
1029 1249 1207 1284 nuberent
1227 1259 1313 1284 suae
1334 1249 1446 1284 tribus
1468 1249 1690 1295 hominibus,

117 1307 158 1337 ut
175 1299 329 1339 habetur
344 1301 456 1338 Num.
493 1300 547 1349 36.
569 1302 717 1339 socundo
746 1314 834 1338 vero
862 1303 1016 1338 instituit
1041 1302 1109 1345 lex,
1136 1311 1175 1338 ut
1195 1311 1372 1349 quantum
1394 1303 1438 1337 ad
1461 1302 1581 1350 aliqua
1603 1315 1689 1339 usus

114 1365 239 1391 rerum
254 1362 351 1392 &set
375 1357 600 1392 communis:
626 1363 662 1392 et
683 1357 800 1404 primo
820 1365 996 1404 quantum
1020 1356 1064 1391 ad
1086 1367 1230 1391 curam:
1253 1365 1489 1403 praeceptum
1511 1365 1565 1392 est
1586 1358 1687 1393 enim

114 1407 226 1445 Deut.
254 1417 332 1446 zzz
364 1409 445 1445 Non
466 1409 592 1445 videbis
619 1410 748 1453 bovem,
773 1415 804 1446 et
829 1422 922 1445 ovem
939 1411 1067 1457 fratris
1087 1411 1137 1445 tui
1155 1415 1333 1452 errantem,
1351 1416 1381 1446 ct
1401 1412 1614 1458 praeteribis,
1635 1411 1689 1447 sed

115 1460 248 1499 reduces
258 1462 372 1510 fratri
391 1467 459 1506 tuo,
481 1469 517 1499 et
536 1462 702 1499 similiter
722 1463 767 1499 de
789 1463 887 1499 aliis:
907 1463 1044 1499 secundo
1065 1472 1242 1510 quantum
1265 1464 1308 1498 ad
1330 1463 1500 1507 fructum,
1515 1465 1690 1501 concede-

114 1514 221 1552 batur
245 1515 346 1552 enim
371 1516 618 1552 communiter
645 1525 823 1564 quantum
852 1517 896 1552 ad
923 1528 1065 1560 omnes,
1092 1526 1131 1552 ut
1151 1517 1334 1564 ingressus
1355 1518 1390 1552 in
1412 1518 1558 1553 vineam
1580 1519 1688 1554 amici

114 1567 215 1606 licite
231 1569 426 1606 comedere
446 1578 582 1618 posset,
602 1570 690 1606 dum
707 1579 831 1606 tamen
849 1579 947 1607 extra
960 1582 1035 1606 non
1054 1570 1226 1606 deferret:
1249 1579 1424 1618 quantum
1447 1572 1491 1607 ad
1513 1584 1688 1620 pauperes

114 1633 204 1658 vero
224 1622 439 1671 specialiter,
459 1631 500 1659 ut
519 1624 571 1660 eis
593 1623 858 1672 reliquerentur
879 1625 1057 1672 manipuli
1079 1625 1193 1669 obliti,
1215 1634 1251 1660 et
1268 1624 1417 1668 fructus,
1439 1635 1474 1661 et
1486 1627 1623 1661 racemi
1638 1638 1689 1662 rc-

114 1684 318 1721 manentes,
337 1685 377 1713 ut
400 1676 555 1714 habetur
587 1677 674 1714 Lev.
700 1689 752 1726 19.
775 1687 810 1714 et
830 1679 938 1714 Deut.
961 1689 1030 1722 24„
1051 1687 1088 1714 et
1107 1678 1218 1714 etiam
1241 1680 1607 1715 communicabantur
1632 1692 1687 1723 ea,

114 1739 209 1778 quae
229 1730 472 1766 nascebantur
490 1731 528 1766 in
549 1731 706 1779 septimo
728 1743 837 1775 anno,
859 1741 898 1768 ut
917 1732 1071 1768 habetur
1091 1733 1205 1768 Exod.
1239 1743 1295 1780 23.
1322 1742 1357 1768 et
1379 1733 1467 1769 Lev.
1489 1744 1545 1780 25.
1575 1735 1687 1771 Tertio

114 1794 204 1820 vero
222 1783 348 1821 statuit
367 1783 427 1820 lex
447 1785 824 1821 communicationem
854 1785 989 1821 factam
1016 1798 1079 1834 per
1104 1798 1179 1828 eos,
1198 1787 1258 1834 qui
1279 1795 1363 1822 sunt
1384 1799 1503 1822 rerum
1526 1788 1684 1823 domini:

114 1848 218 1874 mm
237 1848 328 1886 pure
348 1838 563 1886 gratuitam:
586 1839 681 1874 unde
702 1839 832 1874 dicitur
852 1840 961 1875 Deut.
988 1851 1056 1883 14.:
1084 1842 1185 1876 Anno
1212 1842 1305 1877 tertio
1326 1843 1492 1889 separabis
1513 1843 1617 1877 aliam
1637 1843 1688 1879 de·

114 1892 252 1936 ciam,
270 1893 466 1940 veniantque
484 1892 625 1936 Levites,
647 1899 678 1929 ct
698 1895 904 1941 peregrinus,
926 1899 956 1930 et
972 1895 1133 1942 pupillus,
1155 1900 1185 1930 ct
1210 1895 1327 1938 vidua,
1348 1900 1377 1931 et
1397 1895 1575 1939 comedent,
1592 1903 1622 1932 et
1638 1909 1688 1933 sa-

113 1945 340 1982 turabuntur:
356 1946 462 1982 aliam
480 1957 569 1982 vero
583 1958 668 1982 cum
683 1948 1024 1995 recompensatione
1039 1948 1221 1991 utilitatis;
1236 1949 1328 1984 sicut
1346 1960 1410 1996 per
1426 1950 1686 1994 venditionem,

113 2006 152 2037 et
170 1999 409 2048 emptionem,
434 2007 471 2037 et
496 2000 732 2044 locationem,
757 2009 792 2037 et
818 2002 1117 2046 conductionem,
1143 2011 1179 2038 et
1203 2015 1268 2050 per
1293 2012 1473 2047 mutuum,
1498 2013 1534 2040 et
1555 2007 1685 2041 iterum

114 2062 180 2101 per
197 2052 425 2102 depositum:
451 2054 497 2091 de
518 2055 648 2102 quibus
669 2055 840 2091 omnibus
860 2056 1094 2092 inveniuntur
1115 2057 1364 2093 ordinationes
1387 2067 1505 2094 certae
1526 2058 1563 2094 in
1585 2059 1685 2106 lege:

113 2105 210 2144 unde
229 2115 340 2156 patet,
359 2107 458 2156 quod
479 2109 531 2144 lex
550 2114 642 2144 vetus
660 2110 854 2156 sufficienter
875 2109 1046 2146 ordinavit
1065 2112 1256 2146 convictum
1280 2111 1369 2146 illius
1385 2113 1517 2160 populi.

184 2160 247 2198 An
266 2171 418 2199 unum
438 2173 528 2210 ergo
548 2162 757 2206 dicendum,
777 2163 888 2211 quod,
908 2164 1002 2199 sicut
1022 2165 1152 2212 Apost.
1171 2165 1258 2200 dicit
1276 2165 1433 2201 Roman.
1461 2177 1530 2212 13.:
1553 2167 1623 2212 Qui
1639 2166 1686 2201 di-

113 2213 189 2262 ugit
203 2216 419 2264 proximan,
439 2215 539 2263 legem
561 2217 735 2264 implevit:
757 2217 840 2265 quia
862 2217 1002 2253 scilicet
1021 2219 1147 2254 omnia
1168 2229 1358 2267 praccepta
1379 2220 1470 2266 legis
1492 2220 1684 2267 praecipue

113 2266 282 2306 ordinata
293 2267 339 2305 ad
351 2269 559 2318 prox1mum
573 2270 618 2305 ad
632 2270 729 2306 hunc
747 2269 857 2306 finem
875 2271 1035 2307 ordinari
1048 2272 1226 2315 videntur,
1241 2281 1280 2308 ut
1293 2274 1461 2309 homines
1474 2285 1510 2308 se
1526 2273 1683 2309 invicem

113 2317 285 2370 diligant:
307 2333 352 2360 ex
370 2322 567 2360 dilectione
585 2332 707 2360 autem
726 2325 901 2372 procedit,
919 2325 1017 2372 quod
1036 2326 1205 2361 homines
1219 2326 1287 2362 sibi
1305 2327 1460 2362 invicem
1477 2327 1573 2361 bona
1587 2338 1686 2362 com-

113 2375 320 2421 munitum
339 2377 425 2424 quia
451 2376 581 2413 dicitur
607 2377 756 2424 1.Joan.
783 2389 836 2425 3.:
861 2380 932 2425 Qui
955 2379 1077 2415 viderit
1097 2380 1238 2423 fratrem
1258 2393 1351 2415 suum
1380 2382 1598 2416 necas-:itatem
1621 2389 1683 2428 pa·

113 2429 260 2474 fimum,
277 2434 310 2467 at
327 2430 483 2467 clauserit
502 2432 633 2467 viscera
644 2443 703 2467 sua
718 2432 760 2467 ab
774 2443 823 2475 eo,
837 2431 1000 2479 quomodo
1013 2433 1160 2469 charitas
1175 2434 1242 2469 Dei
1256 2440 1366 2470 manet
1383 2436 1415 2468 in
1439 2434 1521 2470 illo?
1543 2434 1586 2469 Et
1600 2434 1684 2470 idco

112 2482 323 2520 intendebat
342 2483 399 2521 lex
420 2484 592 2521 homines
614 2485 852 2528 assuefacere,
868 2495 907 2522 ut
923 2485 1029 2527 facile
1051 2487 1117 2522 sibi
1138 2487 1297 2522 invicem
1318 2488 1413 2522 bona
1435 2499 1499 2522 sua
1521 2499 1686 2523 commu·

112 2535 296 2574 nicarent:
320 2537 415 2574 sicut
439 2546 475 2574 et
501 2539 630 2586 Apost.
660 2549 706 2580 ι..
716 2539 761 2574 ad
789 2539 888 2575 Tim.
913 2539 948 2575 6.
975 2541 1143 2576 divitibus
1169 2541 1319 2576 mandat
1347 2542 1446 2584 facilc
1477 2543 1633 2583 tribucre,
1655 2547 1684 2578 ct

112 2591 372 2628 manicare.
392 2590 478 2628 Non
500 2600 622 2628 autem
644 2591 751 2628 facilc
773 2594 1103 2630 communicatis-us
1130 2603 1194 2636 est,
1220 2595 1281 2641 qui
1308 2607 1381 2629 non
1409 2595 1560 2630 sustinet
1585 2595 1682 2642 quod

113 2643 302 2693 proximus
322 2643 457 2694 aliquid
478 2645 666 2682 modicum
688 2647 732 2682 de
758 2658 825 2682 suo
855 2648 1009 2695 accipiat
1029 2649 1163 2696 absque
1195 2660 1330 2694 magno
1359 2650 1411 2684 sui
1444 2649 1684 2691 detrimento;

112 2705 154 2735 et
168 2697 256 2735 ideo
274 2697 333 2735 lex
352 2698 546 2742 ordinavit,
567 2708 606 2735 ut
622 2699 746 2736 liceret
763 2700 958 2737 intrantem
978 2703 1012 2737 in
1031 2703 1176 2738 vincam
1198 2703 1351 2750 proximi
1376 2714 1542 2737 racemos
1560 2702 1607 2737 ibi
1627 2714 1685 2738 co-

96 2750 276 2796 ·medere,
293 2763 371 2788 non
390 2760 512 2791 autem
540 2761 639 2789 extra
659 2752 810 2798 deferre,
831 2767 877 2791 ne
902 2767 945 2791 ex
972 2756 1042 2790 hoc
1070 2756 1215 2791 daretur
1241 2756 1387 2791 occasio
1415 2756 1534 2800 gravis
1559 2756 1683 2791 damni

96 2803 303 2850 Mundi,
320 2815 366 2843 ex
385 2807 460 2854 quo
481 2817 550 2854 pax
570 2807 838 2855 pertubaretur3
863 2820 955 2856 quae
976 2809 1070 2846 inter
1091 2810 1340 2857 disciplinatos
1362 2821 1435 2844 non
1458 2809 1684 2855 perturbatur

95 2868 159 2896 τι
176 2849 411 2896 modicorum
431 2859 659 2908 acceptione,
678 2861 742 2897 sed
763 2863 881 2908 magis
901 2848 1062 2898 militia
1081 2863 1330 2905 confirmatur,
1352 2872 1387 2898 ct
1406 2862 1601 2898 assuefiunt
1622 2863 1684 2898 ho-

94 2910 299 2953 ‚naim-nd
318 2910 455 2961 aliquid
474 2911 583 2950 facile
602 2914 965 2952 communicandum.
