<?xml version="1.0" encoding="UTF-8"?>
<!DOCTYPE html PUBLIC "-//W3C//DTD XHTML 1.0 Transitional//EN"
    "http://www.w3.org/TR/xhtml1/DTD/xhtml1-transitional.dtd">
<html xmlns="http://www.w3.org/1999/xhtml" xml:lang="en" lang="en">
 <head>
  <title>
</title>
<meta http-equiv="Content-Type" content="text/html;charset=utf-8" />
  <meta name='ocr-system' content='tesseract 3.04.00' />
  <meta name='ocr-capabilities' content='ocr_page ocr_carea ocr_par ocr_line ocrx_word'/>
</head>
<body>
  <div class='ocr_page' id='page_1' title='image "./divithomaeaquina02thomuoft_0415.png"; bbox 0 0 1907 3198; ppageno 0'>
   <div class='ocr_carea' id='block_1_1' title="bbox 522 184 1680 228">
    <p class='ocr_par' dir='ltr' id='par_1_1' title="bbox 522 184 1680 228">
     <span class='ocr_line' id='line_1_1' title="bbox 522 184 1680 228; baseline -0.003 -11"><span class='ocrx_word' id='word_1_1' title='bbox 522 186 747 222; x_wconf 87' lang='lat' dir='ltr'>QUAESTIO</span> <span class='ocrx_word' id='word_1_2' title='bbox 783 185 869 216; x_wconf 90' lang='lat' dir='ltr'><strong>LIX.</strong></span> <span class='ocrx_word' id='word_1_3' title='bbox 904 184 1153 216; x_wconf 88' lang='lat' dir='ltr'>ARTICULUS</span> <span class='ocrx_word' id='word_1_4' title='bbox 1188 185 1246 216; x_wconf 86' lang='lat' dir='ltr'>IV.</span> <span class='ocrx_word' id='word_1_5' title='bbox 1597 185 1680 228; x_wconf 84' lang='lat'>411</span> 
     </span>
    </p>
   </div>
   <div class='ocr_carea' id='block_1_2' title="bbox 94 266 1691 1832">
    <p class='ocr_par' dir='ltr' id='par_1_2' title="bbox 96 266 1690 478">
     <span class='ocr_line' id='line_1_2' title="bbox 172 266 1684 317; baseline -0.002 -12"><span class='ocrx_word' id='word_1_6' title='bbox 172 282 200 317; x_wconf 82' lang='lat'>3.</span> <span class='ocrx_word' id='word_1_7' title='bbox 223 269 462 305; x_wconf 75' lang='lat' dir='ltr'>PRAETEREA.</span> <span class='ocrx_word' id='word_1_8' title='bbox 485 269 526 304; x_wconf 92' lang='lat' dir='ltr'>In</span> <span class='ocrx_word' id='word_1_9' title='bbox 549 268 652 304; x_wconf 90' lang='lat' dir='ltr'>omni</span> <span class='ocrx_word' id='word_1_10' title='bbox 674 268 804 303; x_wconf 86' lang='lat' dir='ltr'>virtute</span> <span class='ocrx_word' id='word_1_11' title='bbox 832 267 965 303; x_wconf 89' lang='lat' dir='ltr'>morali</span> <span class='ocrx_word' id='word_1_12' title='bbox 992 275 1046 303; x_wconf 91' lang='lat' dir='ltr'>est</span> <span class='ocrx_word' id='word_1_13' title='bbox 1072 267 1235 302; x_wconf 86' lang='lat' dir='ltr'>invenire</span> <span class='ocrx_word' id='word_1_14' title='bbox 1264 266 1425 313; x_wconf 81' lang='lat' dir='ltr'>aliquam</span> <span class='ocrx_word' id='word_1_15' title='bbox 1452 266 1684 314; x_wconf 87' lang='lat' dir='ltr'><strong>passionem:</strong></span> 
     </span>
     <span class='ocr_line' id='line_1_3' title="bbox 97 320 1690 371; baseline -0.003 -11"><span class='ocrx_word' id='word_1_16' title='bbox 97 332 159 360; x_wconf 90' lang='lat' dir='ltr'>aut</span> <span class='ocrx_word' id='word_1_17' title='bbox 182 335 270 371; x_wconf 87' lang='lat' dir='ltr'>ergo</span> <span class='ocrx_word' id='word_1_18' title='bbox 293 334 423 358; x_wconf 91' lang='lat' dir='ltr'>omnes</span> <span class='ocrx_word' id='word_1_19' title='bbox 445 331 529 359; x_wconf 89' lang='lat' dir='ltr'>sunt</span> <span class='ocrx_word' id='word_1_20' title='bbox 552 323 648 357; x_wconf 89' lang='lat' dir='ltr'>circa</span> <span class='ocrx_word' id='word_1_21' title='bbox 671 323 873 369; x_wconf 84' lang='lat' dir='ltr'>passiones,</span> <span class='ocrx_word' id='word_1_22' title='bbox 897 330 958 357; x_wconf 87' lang='lat' dir='ltr'>aut</span> <span class='ocrx_word' id='word_1_23' title='bbox 979 321 1098 356; x_wconf 89' lang='lat' dir='ltr'>nulla:</span> <span class='ocrx_word' id='word_1_24' title='bbox 1122 321 1185 356; x_wconf 89' lang='lat' dir='ltr'>sed</span> <span class='ocrx_word' id='word_1_25' title='bbox 1209 320 1355 368; x_wconf 84' lang='lat' dir='ltr'>aliquae</span> <span class='ocrx_word' id='word_1_26' title='bbox 1377 329 1460 356; x_wconf 88' lang='lat' dir='ltr'>sunt</span> <span class='ocrx_word' id='word_1_27' title='bbox 1488 321 1584 356; x_wconf 89' lang='lat' dir='ltr'>circa</span> <span class='ocrx_word' id='word_1_28' title='bbox 1611 332 1690 367; x_wconf 90' lang='lat' dir='ltr'>pas-</span> 
     </span>
     <span class='ocr_line' id='line_1_4' title="bbox 96 375 1687 424; baseline -0.003 -10"><span class='ocrx_word' id='word_1_29' title='bbox 96 379 236 414; x_wconf 89' lang='lat' dir='ltr'>siones:</span> <span class='ocrx_word' id='word_1_30' title='bbox 260 386 299 413; x_wconf 92' lang='lat' dir='ltr'>ut</span> <span class='ocrx_word' id='word_1_31' title='bbox 319 377 506 420; x_wconf 88' lang='lat' dir='ltr'>fortitudo,</span> <span class='ocrx_word' id='word_1_32' title='bbox 530 385 565 412; x_wconf 89' lang='lat' dir='ltr'>et</span> <span class='ocrx_word' id='word_1_33' title='bbox 585 377 839 424; x_wconf 82' lang='lat' dir='ltr'>temperantia,</span> <span class='ocrx_word' id='word_1_34' title='bbox 862 385 901 411; x_wconf 91' lang='lat' dir='ltr'>ut</span> <span class='ocrx_word' id='word_1_35' title='bbox 922 376 1052 411; x_wconf 87' lang='lat' dir='ltr'>dicitur</span> <span class='ocrx_word' id='word_1_36' title='bbox 1073 376 1110 410; x_wconf 89' lang='lat' dir='ltr'>in</span> <span class='ocrx_word' id='word_1_37' title='bbox 1137 387 1164 422; x_wconf 84' lang='lat'>3.</span> <span class='ocrx_word' id='word_1_38' title='bbox 1188 375 1269 410; x_wconf 90' lang='lat' dir='ltr'>Eth.</span> <span class='ocrx_word' id='word_1_39' title='bbox 1288 375 1375 423; x_wconf 76' lang='lat' dir='ltr'>(cap.</span> <span class='ocrx_word' id='word_1_40' title='bbox 1393 376 1425 411; x_wconf 82' lang='lat'>6.</span> <span class='ocrx_word' id='word_1_41' title='bbox 1441 381 1469 410; x_wconf 72' lang='lat' dir='ltr'>et</span> <span class='ocrx_word' id='word_1_42' title='bbox 1483 375 1576 420; x_wconf 85' lang='lat'>10.)‚·</span> <span class='ocrx_word' id='word_1_43' title='bbox 1598 386 1687 422; x_wconf 87' lang='lat' dir='ltr'>ergo</span> 
     </span>
     <span class='ocr_line' id='line_1_5' title="bbox 97 430 1022 478; baseline -0.004 -10"><span class='ocrx_word' id='word_1_44' title='bbox 97 443 226 468; x_wconf 90' lang='lat' dir='ltr'>omnes</span> <span class='ocrx_word' id='word_1_45' title='bbox 247 432 397 467; x_wconf 88' lang='lat' dir='ltr'>virtutes</span> <span class='ocrx_word' id='word_1_46' title='bbox 419 431 579 466; x_wconf 87' lang='lat' dir='ltr'>morales</span> <span class='ocrx_word' id='word_1_47' title='bbox 603 439 685 466; x_wconf 90' lang='lat' dir='ltr'>sunt</span> <span class='ocrx_word' id='word_1_48' title='bbox 708 431 804 465; x_wconf 86' lang='lat' dir='ltr'>circa</span> <span class='ocrx_word' id='word_1_49' title='bbox 822 430 1022 478; x_wconf 83' lang='lat' dir='ltr'>passiones.</span> 
     </span>
    </p>

    <p class='ocr_par' dir='ltr' id='par_1_3' title="bbox 96 483 1688 586">
     <span class='ocr_line' id='line_1_6' title="bbox 169 483 1688 532; baseline -0.001 -10"><span class='ocrx_word' id='word_1_50' title='bbox 169 486 245 522; x_wconf 82' lang='lat' dir='ltr'>SED</span> <span class='ocrx_word' id='word_1_51' title='bbox 265 496 422 522; x_wconf 82' lang='lat' dir='ltr'>CONTRA</span> <span class='ocrx_word' id='word_1_52' title='bbox 445 493 509 528; x_wconf 90' lang='lat' dir='ltr'>est,</span> <span class='ocrx_word' id='word_1_53' title='bbox 531 485 629 532; x_wconf 91' lang='lat' dir='ltr'>quod</span> <span class='ocrx_word' id='word_1_54' title='bbox 648 485 794 531; x_wconf 83' lang='lat' dir='ltr'>justitia,</span> <span class='ocrx_word' id='word_1_55' title='bbox 817 495 910 531; x_wconf 87' lang='lat' dir='ltr'>quae</span> <span class='ocrx_word' id='word_1_56' title='bbox 929 492 983 520; x_wconf 91' lang='lat' dir='ltr'>est</span> <span class='ocrx_word' id='word_1_57' title='bbox 1003 484 1117 519; x_wconf 85' lang='lat' dir='ltr'>virtus</span> <span class='ocrx_word' id='word_1_58' title='bbox 1139 483 1290 519; x_wconf 88' lang='lat' dir='ltr'>moralis</span> <span class='ocrx_word' id='word_1_59' title='bbox 1313 495 1388 519; x_wconf 90' lang='lat' dir='ltr'>non</span> <span class='ocrx_word' id='word_1_60' title='bbox 1411 492 1465 519; x_wconf 90' lang='lat' dir='ltr'>est</span> <span class='ocrx_word' id='word_1_61' title='bbox 1485 484 1581 519; x_wconf 90' lang='lat' dir='ltr'>circa</span> <span class='ocrx_word' id='word_1_62' title='bbox 1609 495 1688 530; x_wconf 86' lang='lat' dir='ltr'>pas-</span> 
     </span>
     <span class='ocr_line' id='line_1_7' title="bbox 96 539 1056 586; baseline -0.002 -10"><span class='ocrx_word' id='word_1_63' title='bbox 96 540 230 583; x_wconf 91' lang='lat' dir='ltr'>siones,</span> <span class='ocrx_word' id='word_1_64' title='bbox 252 548 292 575; x_wconf 90' lang='lat' dir='ltr'>ut</span> <span class='ocrx_word' id='word_1_65' title='bbox 312 539 442 575; x_wconf 87' lang='lat' dir='ltr'>dicitur</span> <span class='ocrx_word' id='word_1_66' title='bbox 463 539 500 573; x_wconf 93' lang='lat' dir='ltr'>in</span> <span class='ocrx_word' id='word_1_67' title='bbox 527 550 554 584; x_wconf 71' lang='grc' dir='ltr'>ς.</span> <span class='ocrx_word' id='word_1_68' title='bbox 578 539 659 574; x_wconf 89' lang='lat' dir='ltr'>Eth.</span> <span class='ocrx_word' id='word_1_69' title='bbox 680 541 769 586; x_wconf 73' lang='lat' dir='ltr'>(cap.</span> <span class='ocrx_word' id='word_1_70' title='bbox 791 551 818 574; x_wconf 76' lang='grc' dir='ltr'>Ι.</span> <span class='ocrx_word' id='word_1_71' title='bbox 841 551 872 574; x_wconf 91' lang='lat'>2.</span> <span class='ocrx_word' id='word_1_72' title='bbox 893 551 919 585; x_wconf 78' lang='lat'>3.</span> <span class='ocrx_word' id='word_1_73' title='bbox 943 543 971 574; x_wconf 77' lang='lat' dir='ltr'>et</span> <span class='ocrx_word' id='word_1_74' title='bbox 993 539 1056 584; x_wconf 89' lang='lat'>4.).</span> 
     </span>
    </p>

    <p class='ocr_par' dir='ltr' id='par_1_4' title="bbox 94 591 1691 1076">
     <span class='ocr_line' id='line_1_8' title="bbox 167 591 1687 640; baseline -0.003 -10"><span class='ocrx_word' id='word_1_75' title='bbox 167 594 400 630; x_wconf 75' lang='lat' dir='ltr'>RESPONDEO</span> <span class='ocrx_word' id='word_1_76' title='bbox 431 593 639 636; x_wconf 90' lang='lat' dir='ltr'>dicendum,</span> <span class='ocrx_word' id='word_1_77' title='bbox 670 593 767 640; x_wconf 92' lang='lat' dir='ltr'>quod</span> <span class='ocrx_word' id='word_1_78' title='bbox 789 593 902 628; x_wconf 89' lang='lat' dir='ltr'>virtus</span> <span class='ocrx_word' id='word_1_79' title='bbox 930 591 1081 627; x_wconf 90' lang='lat' dir='ltr'>moralis</span> <span class='ocrx_word' id='word_1_80' title='bbox 1107 591 1248 639; x_wconf 87' lang='lat' dir='ltr'>perficit</span> <span class='ocrx_word' id='word_1_81' title='bbox 1279 592 1515 639; x_wconf 77' lang='lat' dir='ltr'>appetitivam</span> <span class='ocrx_word' id='word_1_82' title='bbox 1545 600 1687 638; x_wconf 89' lang='lat' dir='ltr'>partem</span> 
     </span>
     <span class='ocr_line' id='line_1_9' title="bbox 99 646 1686 695; baseline -0.003 -11"><span class='ocrx_word' id='word_1_83' title='bbox 99 648 256 691; x_wconf 88' lang='lat' dir='ltr'>animae,</span> <span class='ocrx_word' id='word_1_84' title='bbox 278 647 482 683; x_wconf 87' lang='lat' dir='ltr'>ordinando</span> <span class='ocrx_word' id='word_1_85' title='bbox 505 647 623 695; x_wconf 85' lang='lat' dir='ltr'>ipsam</span> <span class='ocrx_word' id='word_1_86' title='bbox 641 647 678 682; x_wconf 88' lang='lat' dir='ltr'>in</span> <span class='ocrx_word' id='word_1_87' title='bbox 700 648 839 682; x_wconf 89' lang='lat' dir='ltr'>bonum</span> <span class='ocrx_word' id='word_1_88' title='bbox 862 647 1029 682; x_wconf 89' lang='lat' dir='ltr'>rationis:</span> <span class='ocrx_word' id='word_1_89' title='bbox 1058 654 1113 682; x_wconf 89' lang='lat' dir='ltr'>est</span> <span class='ocrx_word' id='word_1_90' title='bbox 1140 655 1263 681; x_wconf 89' lang='lat' dir='ltr'>autem</span> <span class='ocrx_word' id='word_1_91' title='bbox 1291 647 1442 682; x_wconf 87' lang='lat' dir='ltr'>rationis</span> <span class='ocrx_word' id='word_1_92' title='bbox 1469 646 1609 681; x_wconf 91' lang='lat' dir='ltr'>bonum</span> <span class='ocrx_word' id='word_1_93' title='bbox 1638 646 1686 688; x_wconf 87' lang='lat' dir='ltr'>id,</span> 
     </span>
     <span class='ocr_line' id='line_1_10' title="bbox 95 701 1687 750; baseline -0.001 -12"><span class='ocrx_word' id='word_1_94' title='bbox 95 701 195 750; x_wconf 89' lang='lat' dir='ltr'>quod</span> <span class='ocrx_word' id='word_1_95' title='bbox 217 710 271 738; x_wconf 92' lang='lat' dir='ltr'>est</span> <span class='ocrx_word' id='word_1_96' title='bbox 291 702 494 738; x_wconf 90' lang='lat' dir='ltr'>secundum</span> <span class='ocrx_word' id='word_1_97' title='bbox 517 702 698 736; x_wconf 89' lang='lat' dir='ltr'>rationem</span> <span class='ocrx_word' id='word_1_98' title='bbox 721 701 965 744; x_wconf 90' lang='lat' dir='ltr'>moderatum,</span> <span class='ocrx_word' id='word_1_99' title='bbox 988 712 1051 736; x_wconf 88' lang='lat' dir='ltr'>seu</span> <span class='ocrx_word' id='word_1_100' title='bbox 1073 701 1300 744; x_wconf 81' lang='lat' dir='ltr'>ordinatum3</span> <span class='ocrx_word' id='word_1_101' title='bbox 1328 701 1423 735; x_wconf 91' lang='lat' dir='ltr'>unde</span> <span class='ocrx_word' id='word_1_102' title='bbox 1452 701 1549 735; x_wconf 89' lang='lat' dir='ltr'>circa</span> <span class='ocrx_word' id='word_1_103' title='bbox 1576 711 1687 736; x_wconf 90' lang='lat' dir='ltr'>omne</span> 
     </span>
     <span class='ocr_line' id='line_1_11' title="bbox 94 755 1691 804; baseline -0.002 -13"><span class='ocrx_word' id='word_1_104' title='bbox 94 756 144 800; x_wconf 88' lang='lat' dir='ltr'>id,</span> <span class='ocrx_word' id='word_1_105' title='bbox 165 756 263 804; x_wconf 92' lang='lat' dir='ltr'>quod</span> <span class='ocrx_word' id='word_1_106' title='bbox 287 756 467 803; x_wconf 86' lang='lat' dir='ltr'>contingit</span> <span class='ocrx_word' id='word_1_107' title='bbox 489 756 630 791; x_wconf 88' lang='lat' dir='ltr'>ratione</span> <span class='ocrx_word' id='word_1_108' title='bbox 649 755 821 798; x_wconf 90' lang='lat' dir='ltr'>ordinari,</span> <span class='ocrx_word' id='word_1_109' title='bbox 844 763 880 790; x_wconf 91' lang='lat' dir='ltr'>et</span> <span class='ocrx_word' id='word_1_110' title='bbox 900 755 1096 798; x_wconf 89' lang='lat' dir='ltr'>moderari,</span> <span class='ocrx_word' id='word_1_111' title='bbox 1120 755 1300 802; x_wconf 87' lang='lat' dir='ltr'>contingit</span> <span class='ocrx_word' id='word_1_112' title='bbox 1319 767 1397 790; x_wconf 86' lang='lat' dir='ltr'>esse</span> <span class='ocrx_word' id='word_1_113' title='bbox 1419 755 1593 790; x_wconf 89' lang='lat' dir='ltr'>virtutem</span> <span class='ocrx_word' id='word_1_114' title='bbox 1612 765 1691 788; x_wconf 84' lang='lat' dir='ltr'>mo·</span> 
     </span>
     <span class='ocr_line' id='line_1_12' title="bbox 96 808 1686 857; baseline 0 -11"><span class='ocrx_word' id='word_1_115' title='bbox 96 810 231 847; x_wconf 83' lang='lat' dir='ltr'>talem:</span> <span class='ocrx_word' id='word_1_116' title='bbox 255 811 349 846; x_wconf 90' lang='lat' dir='ltr'>ratio</span> <span class='ocrx_word' id='word_1_117' title='bbox 372 819 495 846; x_wconf 89' lang='lat' dir='ltr'>autem</span> <span class='ocrx_word' id='word_1_118' title='bbox 518 810 662 845; x_wconf 90' lang='lat' dir='ltr'>ordinat</span> <span class='ocrx_word' id='word_1_119' title='bbox 677 821 752 844; x_wconf 90' lang='lat' dir='ltr'>non</span> <span class='ocrx_word' id='word_1_120' title='bbox 767 809 889 845; x_wconf 89' lang='lat' dir='ltr'>solum</span> <span class='ocrx_word' id='word_1_121' title='bbox 904 810 1093 857; x_wconf 81' lang='lat' dir='ltr'>passiones</span> <span class='ocrx_word' id='word_1_122' title='bbox 1109 810 1290 856; x_wconf 86' lang='lat' dir='ltr'>appetitus</span> <span class='ocrx_word' id='word_1_123' title='bbox 1306 809 1480 851; x_wconf 81' lang='lat' dir='ltr'>sensitivi,</span> <span class='ocrx_word' id='word_1_124' title='bbox 1496 808 1558 844; x_wconf 90' lang='lat' dir='ltr'>sed</span> <span class='ocrx_word' id='word_1_125' title='bbox 1575 808 1686 846; x_wconf 84' lang='lat' dir='ltr'>etiam</span> 
     </span>
     <span class='ocr_line' id='line_1_13' title="bbox 97 863 1688 912; baseline -0.002 -11"><span class='ocrx_word' id='word_1_126' title='bbox 97 865 242 901; x_wconf 87' lang='lat' dir='ltr'>ordinat</span> <span class='ocrx_word' id='word_1_127' title='bbox 262 865 494 912; x_wconf 83' lang='lat' dir='ltr'>operationes</span> <span class='ocrx_word' id='word_1_128' title='bbox 518 864 698 911; x_wconf 87' lang='lat' dir='ltr'>appetitus</span> <span class='ocrx_word' id='word_1_129' title='bbox 718 863 942 907; x_wconf 88' lang='lat' dir='ltr'>intellectivi,</span> <span class='ocrx_word' id='word_1_130' title='bbox 956 866 1017 911; x_wconf 89' lang='lat' dir='ltr'>qui</span> <span class='ocrx_word' id='word_1_131' title='bbox 1032 872 1086 898; x_wconf 90' lang='lat' dir='ltr'>est</span> <span class='ocrx_word' id='word_1_132' title='bbox 1100 863 1282 907; x_wconf 87' lang='lat' dir='ltr'>voluntas,</span> <span class='ocrx_word' id='word_1_133' title='bbox 1302 875 1395 911; x_wconf 89' lang='lat' dir='ltr'>quae</span> <span class='ocrx_word' id='word_1_134' title='bbox 1410 875 1485 899; x_wconf 92' lang='lat' dir='ltr'>non</span> <span class='ocrx_word' id='word_1_135' title='bbox 1501 871 1555 898; x_wconf 91' lang='lat' dir='ltr'>est</span> <span class='ocrx_word' id='word_1_136' title='bbox 1572 863 1688 908; x_wconf 85' lang='lat' dir='ltr'>subje-</span> 
     </span>
     <span class='ocr_line' id='line_1_14' title="bbox 97 917 1686 967; baseline -0.003 -12"><span class='ocrx_word' id='word_1_137' title='bbox 97 927 198 955; x_wconf 91' lang='lat' dir='ltr'>ctum</span> <span class='ocrx_word' id='word_1_138' title='bbox 216 919 408 967; x_wconf 87' lang='lat' dir='ltr'>passionis,</span> <span class='ocrx_word' id='word_1_139' title='bbox 430 927 469 954; x_wconf 90' lang='lat' dir='ltr'>ut</span> <span class='ocrx_word' id='word_1_140' title='bbox 490 930 598 965; x_wconf 87' lang='lat' dir='ltr'>supra</span> <span class='ocrx_word' id='word_1_141' title='bbox 621 918 760 953; x_wconf 89' lang='lat' dir='ltr'>dictum</span> <span class='ocrx_word' id='word_1_142' title='bbox 780 926 833 953; x_wconf 88' lang='lat' dir='ltr'>est</span> <span class='ocrx_word' id='word_1_143' title='bbox 857 918 903 965; x_wconf 85' lang='lat' dir='ltr'>(q.</span> <span class='ocrx_word' id='word_1_144' title='bbox 926 930 979 954; x_wconf 86' lang='lat'>22.</span> <span class='ocrx_word' id='word_1_145' title='bbox 1003 924 1068 954; x_wconf 77' lang='lat' dir='ltr'>art.</span> <span class='ocrx_word' id='word_1_146' title='bbox 1088 920 1155 965; x_wconf 73' lang='lat'>3.)‚·</span> <span class='ocrx_word' id='word_1_147' title='bbox 1180 926 1214 953; x_wconf 93' lang='lat' dir='ltr'>et</span> <span class='ocrx_word' id='word_1_148' title='bbox 1235 918 1319 953; x_wconf 90' lang='lat' dir='ltr'>ideo</span> <span class='ocrx_word' id='word_1_149' title='bbox 1338 930 1413 953; x_wconf 91' lang='lat' dir='ltr'>non</span> <span class='ocrx_word' id='word_1_150' title='bbox 1437 918 1559 952; x_wconf 88' lang='lat' dir='ltr'>omnis</span> <span class='ocrx_word' id='word_1_151' title='bbox 1572 917 1686 952; x_wconf 87' lang='lat' dir='ltr'>virtus</span> 
     </span>
     <span class='ocr_line' id='line_1_15' title="bbox 96 972 1689 1020; baseline -0.001 -11"><span class='ocrx_word' id='word_1_152' title='bbox 96 973 248 1009; x_wconf 89' lang='lat' dir='ltr'>moralis</span> <span class='ocrx_word' id='word_1_153' title='bbox 270 982 324 1009; x_wconf 92' lang='lat' dir='ltr'>est</span> <span class='ocrx_word' id='word_1_154' title='bbox 353 973 450 1009; x_wconf 88' lang='lat' dir='ltr'>circa</span> <span class='ocrx_word' id='word_1_155' title='bbox 480 973 681 1020; x_wconf 88' lang='lat' dir='ltr'>passiones,</span> <span class='ocrx_word' id='word_1_156' title='bbox 711 972 775 1007; x_wconf 91' lang='lat' dir='ltr'>sed</span> <span class='ocrx_word' id='word_1_157' title='bbox 805 972 986 1019; x_wconf 89' lang='lat' dir='ltr'>quaedam</span> <span class='ocrx_word' id='word_1_158' title='bbox 1022 975 1118 1008; x_wconf 88' lang='lat' dir='ltr'>circa</span> <span class='ocrx_word' id='word_1_159' title='bbox 1148 973 1350 1020; x_wconf 84' lang='lat' dir='ltr'>passiones,</span> <span class='ocrx_word' id='word_1_160' title='bbox 1381 972 1564 1020; x_wconf 88' lang='lat' dir='ltr'>quaedam</span> <span class='ocrx_word' id='word_1_161' title='bbox 1591 972 1689 1008; x_wconf 88' lang='lat' dir='ltr'>circa</span> 
     </span>
     <span class='ocr_line' id='line_1_16' title="bbox 96 1028 341 1076; baseline -0.008 -12"><span class='ocrx_word' id='word_1_162' title='bbox 96 1028 341 1076; x_wconf 85' lang='lat' dir='ltr'>operationes.</span> 
     </span>
    </p>

    <p class='ocr_par' dir='ltr' id='par_1_5' title="bbox 95 1080 1691 1508">
     <span class='ocr_line' id='line_1_17' title="bbox 136 1080 1690 1128; baseline -0.001 -9"><span class='ocrx_word' id='word_1_163' title='bbox 136 1085 139 1088; x_wconf 84' lang='lat'>&#39;</span> <span class='ocrx_word' id='word_1_164' title='bbox 169 1083 230 1118; x_wconf 93' lang='lat' dir='ltr'>AD</span> <span class='ocrx_word' id='word_1_165' title='bbox 253 1092 404 1119; x_wconf 83' lang='lat' dir='ltr'>PRIMUM</span> <span class='ocrx_word' id='word_1_166' title='bbox 424 1093 513 1128; x_wconf 90' lang='lat' dir='ltr'>ergo</span> <span class='ocrx_word' id='word_1_167' title='bbox 536 1081 744 1123; x_wconf 90' lang='lat' dir='ltr'>dicendum,</span> <span class='ocrx_word' id='word_1_168' title='bbox 767 1081 865 1127; x_wconf 92' lang='lat' dir='ltr'>quod</span> <span class='ocrx_word' id='word_1_169' title='bbox 887 1092 963 1115; x_wconf 92' lang='lat' dir='ltr'>non</span> <span class='ocrx_word' id='word_1_170' title='bbox 985 1081 1106 1116; x_wconf 91' lang='lat' dir='ltr'>omnis</span> <span class='ocrx_word' id='word_1_171' title='bbox 1126 1081 1240 1116; x_wconf 88' lang='lat' dir='ltr'>virtus</span> <span class='ocrx_word' id='word_1_172' title='bbox 1261 1081 1428 1116; x_wconf 87' lang='lat' dir='ltr'>mortalis</span> <span class='ocrx_word' id='word_1_173' title='bbox 1448 1089 1502 1117; x_wconf 89' lang='lat' dir='ltr'>est</span> <span class='ocrx_word' id='word_1_174' title='bbox 1520 1081 1617 1116; x_wconf 90' lang='lat' dir='ltr'>circa</span> <span class='ocrx_word' id='word_1_175' title='bbox 1632 1080 1690 1117; x_wconf 84' lang='lat' dir='ltr'>de-</span> 
     </span>
     <span class='ocr_line' id='line_1_18' title="bbox 96 1134 1690 1182; baseline -0.003 -9"><span class='ocrx_word' id='word_1_176' title='bbox 96 1136 326 1179; x_wconf 89' lang='lat' dir='ltr'>lectationes,</span> <span class='ocrx_word' id='word_1_177' title='bbox 349 1144 384 1171; x_wconf 91' lang='lat' dir='ltr'>et</span> <span class='ocrx_word' id='word_1_178' title='bbox 401 1136 574 1178; x_wconf 85' lang='lat' dir='ltr'>tristitias,</span> <span class='ocrx_word' id='word_1_179' title='bbox 597 1136 691 1170; x_wconf 87' lang='lat' dir='ltr'>sicut</span> <span class='ocrx_word' id='word_1_180' title='bbox 713 1135 809 1169; x_wconf 85' lang='lat' dir='ltr'>circa</span> <span class='ocrx_word' id='word_1_181' title='bbox 831 1135 1018 1182; x_wconf 83' lang='lat' dir='ltr'>propriam</span> <span class='ocrx_word' id='word_1_182' title='bbox 1046 1136 1261 1171; x_wconf 87' lang='lat' dir='ltr'>materiam:</span> <span class='ocrx_word' id='word_1_183' title='bbox 1291 1136 1354 1171; x_wconf 86' lang='lat' dir='ltr'>sed</span> <span class='ocrx_word' id='word_1_184' title='bbox 1381 1136 1475 1170; x_wconf 89' lang='lat' dir='ltr'>sicut</span> <span class='ocrx_word' id='word_1_185' title='bbox 1502 1135 1599 1170; x_wconf 89' lang='lat' dir='ltr'>circa</span> <span class='ocrx_word' id='word_1_186' title='bbox 1628 1134 1690 1170; x_wconf 85' lang='lat' dir='ltr'>ali-</span> 
     </span>
     <span class='ocr_line' id='line_1_19' title="bbox 96 1189 1688 1238; baseline -0.002 -12"><span class='ocrx_word' id='word_1_187' title='bbox 96 1191 183 1238; x_wconf 88' lang='lat' dir='ltr'>quid</span> <span class='ocrx_word' id='word_1_188' title='bbox 206 1201 435 1237; x_wconf 87' lang='lat' dir='ltr'>consequens</span> <span class='ocrx_word' id='word_1_189' title='bbox 457 1189 646 1236; x_wconf 87' lang='lat' dir='ltr'>proprium</span> <span class='ocrx_word' id='word_1_190' title='bbox 669 1196 811 1223; x_wconf 90' lang='lat' dir='ltr'>actum:</span> <span class='ocrx_word' id='word_1_191' title='bbox 835 1189 956 1224; x_wconf 89' lang='lat' dir='ltr'>omnis</span> <span class='ocrx_word' id='word_1_192' title='bbox 979 1189 1078 1224; x_wconf 89' lang='lat' dir='ltr'>enim</span> <span class='ocrx_word' id='word_1_193' title='bbox 1100 1190 1284 1225; x_wconf 82' lang='lat' dir='ltr'>virtuosus</span> <span class='ocrx_word' id='word_1_194' title='bbox 1312 1189 1514 1225; x_wconf 87' lang='lat' dir='ltr'>delectatur</span> <span class='ocrx_word' id='word_1_195' title='bbox 1540 1190 1577 1224; x_wconf 90' lang='lat' dir='ltr'>in</span> <span class='ocrx_word' id='word_1_196' title='bbox 1605 1197 1688 1225; x_wconf 89' lang='lat' dir='ltr'>actu</span> 
     </span>
     <span class='ocr_line' id='line_1_20' title="bbox 98 1243 1687 1291; baseline -0.001 -11"><span class='ocrx_word' id='word_1_197' title='bbox 98 1245 253 1288; x_wconf 90' lang='lat' dir='ltr'>virtutis,</span> <span class='ocrx_word' id='word_1_198' title='bbox 275 1252 310 1279; x_wconf 93' lang='lat' dir='ltr'>et</span> <span class='ocrx_word' id='word_1_199' title='bbox 330 1244 491 1279; x_wconf 90' lang='lat' dir='ltr'>tristatur</span> <span class='ocrx_word' id='word_1_200' title='bbox 512 1243 548 1278; x_wconf 89' lang='lat' dir='ltr'>in</span> <span class='ocrx_word' id='word_1_201' title='bbox 571 1243 773 1286; x_wconf 90' lang='lat' dir='ltr'>contrario;</span> <span class='ocrx_word' id='word_1_202' title='bbox 796 1243 891 1277; x_wconf 88' lang='lat' dir='ltr'>unde</span> <span class='ocrx_word' id='word_1_203' title='bbox 914 1243 1053 1280; x_wconf 88' lang='lat' dir='ltr'>Philos.</span> <span class='ocrx_word' id='word_1_204' title='bbox 1076 1253 1158 1291; x_wconf 89' lang='lat' dir='ltr'>post</span> <span class='ocrx_word' id='word_1_205' title='bbox 1180 1246 1380 1291; x_wconf 86' lang='lat' dir='ltr'>praemissa</span> <span class='ocrx_word' id='word_1_206' title='bbox 1402 1244 1513 1279; x_wconf 90' lang='lat' dir='ltr'>verba</span> <span class='ocrx_word' id='word_1_207' title='bbox 1537 1243 1615 1289; x_wconf 77' lang='lat' dir='ltr'>(loc.</span> <span class='ocrx_word' id='word_1_208' title='bbox 1632 1245 1687 1279; x_wconf 82' lang='lat' dir='ltr'>cit.</span> 
     </span>
     <span class='ocr_line' id='line_1_21' title="bbox 98 1297 1688 1346; baseline -0.003 -11"><span class='ocrx_word' id='word_1_209' title='bbox 98 1301 132 1335; x_wconf 85' lang='lat' dir='ltr'>in</span> <span class='ocrx_word' id='word_1_210' title='bbox 154 1299 246 1346; x_wconf 70' lang='lat' dir='ltr'>arg)</span> <span class='ocrx_word' id='word_1_211' title='bbox 268 1298 398 1340; x_wconf 88' lang='lat' dir='ltr'>subdit,</span> <span class='ocrx_word' id='word_1_212' title='bbox 421 1297 518 1345; x_wconf 88' lang='lat' dir='ltr'>quod</span> <span class='ocrx_word' id='word_1_213' title='bbox 541 1297 572 1332; x_wconf 88' lang='lat' dir='ltr'>si</span> <span class='ocrx_word' id='word_1_214' title='bbox 592 1298 742 1333; x_wconf 85' lang='lat' dir='ltr'>virtutes</span> <span class='ocrx_word' id='word_1_215' title='bbox 765 1305 848 1332; x_wconf 88' lang='lat' dir='ltr'>sunt</span> <span class='ocrx_word' id='word_1_216' title='bbox 870 1297 966 1332; x_wconf 89' lang='lat' dir='ltr'>circa</span> <span class='ocrx_word' id='word_1_217' title='bbox 990 1306 1103 1341; x_wconf 90' lang='lat' dir='ltr'>actus,</span> <span class='ocrx_word' id='word_1_218' title='bbox 1126 1306 1161 1333; x_wconf 89' lang='lat' dir='ltr'>et</span> <span class='ocrx_word' id='word_1_219' title='bbox 1176 1299 1377 1345; x_wconf 86' lang='lat' dir='ltr'>passiones,</span> <span class='ocrx_word' id='word_1_220' title='bbox 1394 1310 1547 1333; x_wconf 89' lang='lat' dir='ltr'>omnem</span> <span class='ocrx_word' id='word_1_221' title='bbox 1564 1306 1688 1332; x_wconf 87' lang='lat' dir='ltr'>autem</span> 
     </span>
     <span class='ocr_line' id='line_1_22' title="bbox 96 1351 1689 1400; baseline -0.001 -12"><span class='ocrx_word' id='word_1_222' title='bbox 96 1353 320 1400; x_wconf 89' lang='lat' dir='ltr'>passionem,</span> <span class='ocrx_word' id='word_1_223' title='bbox 343 1360 378 1387; x_wconf 92' lang='lat' dir='ltr'>et</span> <span class='ocrx_word' id='word_1_224' title='bbox 399 1363 550 1387; x_wconf 90' lang='lat' dir='ltr'>omnem</span> <span class='ocrx_word' id='word_1_225' title='bbox 574 1359 697 1386; x_wconf 87' lang='lat' dir='ltr'>actum</span> <span class='ocrx_word' id='word_1_226' title='bbox 724 1351 886 1398; x_wconf 88' lang='lat' dir='ltr'>sequitur</span> <span class='ocrx_word' id='word_1_227' title='bbox 915 1351 1121 1395; x_wconf 87' lang='lat' dir='ltr'>delectatio,</span> <span class='ocrx_word' id='word_1_228' title='bbox 1153 1361 1188 1388; x_wconf 94' lang='lat' dir='ltr'>et</span> <span class='ocrx_word' id='word_1_229' title='bbox 1216 1352 1372 1395; x_wconf 84' lang='lat' dir='ltr'>tristitia,</span> <span class='ocrx_word' id='word_1_230' title='bbox 1403 1353 1513 1388; x_wconf 91' lang='lat' dir='ltr'>etiam</span> <span class='ocrx_word' id='word_1_231' title='bbox 1540 1360 1689 1399; x_wconf 89' lang='lat' dir='ltr'>propter</span> 
     </span>
     <span class='ocr_line' id='line_1_23' title="bbox 95 1405 1691 1453; baseline -0.001 -11"><span class='ocrx_word' id='word_1_232' title='bbox 95 1407 168 1444; x_wconf 92' lang='lat' dir='ltr'>hoc</span> <span class='ocrx_word' id='word_1_233' title='bbox 189 1407 303 1442; x_wconf 90' lang='lat' dir='ltr'>virtus</span> <span class='ocrx_word' id='word_1_234' title='bbox 325 1407 392 1442; x_wconf 90' lang='lat' dir='ltr'>erit</span> <span class='ocrx_word' id='word_1_235' title='bbox 412 1406 509 1441; x_wconf 89' lang='lat' dir='ltr'>circa</span> <span class='ocrx_word' id='word_1_236' title='bbox 531 1405 806 1448; x_wconf 87' lang='lat' dir='ltr'>delectationes,</span> <span class='ocrx_word' id='word_1_237' title='bbox 822 1413 857 1441; x_wconf 92' lang='lat' dir='ltr'>et</span> <span class='ocrx_word' id='word_1_238' title='bbox 871 1405 1044 1449; x_wconf 89' lang='lat' dir='ltr'>tristitias,</span> <span class='ocrx_word' id='word_1_239' title='bbox 1066 1406 1216 1449; x_wconf 91' lang='lat' dir='ltr'>scilicet,</span> <span class='ocrx_word' id='word_1_240' title='bbox 1235 1407 1329 1442; x_wconf 90' lang='lat' dir='ltr'>sicut</span> <span class='ocrx_word' id='word_1_241' title='bbox 1343 1407 1440 1442; x_wconf 91' lang='lat' dir='ltr'>circa</span> <span class='ocrx_word' id='word_1_242' title='bbox 1455 1406 1591 1453; x_wconf 87' lang='lat' dir='ltr'>aliquid</span> <span class='ocrx_word' id='word_1_243' title='bbox 1606 1418 1691 1441; x_wconf 91' lang='lat' dir='ltr'>con-</span> 
     </span>
     <span class='ocr_line' id='line_1_24' title="bbox 98 1471 265 1508; baseline -0.012 -11"><span class='ocrx_word' id='word_1_244' title='bbox 98 1471 265 1508; x_wconf 89' lang='lat' dir='ltr'>sequens.</span> 
     </span>
    </p>

    <p class='ocr_par' dir='ltr' id='par_1_6' title="bbox 97 1513 1690 1670">
     <span class='ocr_line' id='line_1_25' title="bbox 167 1513 1689 1562; baseline -0.001 -12"><span class='ocrx_word' id='word_1_245' title='bbox 167 1515 230 1550; x_wconf 87' lang='lat' dir='ltr'>AD</span> <span class='ocrx_word' id='word_1_246' title='bbox 252 1525 463 1551; x_wconf 81' lang='lat' dir='ltr'>SECUNDUM</span> <span class='ocrx_word' id='word_1_247' title='bbox 484 1513 694 1556; x_wconf 90' lang='lat' dir='ltr'>dicendum,</span> <span class='ocrx_word' id='word_1_248' title='bbox 717 1513 815 1561; x_wconf 91' lang='lat' dir='ltr'>quod</span> <span class='ocrx_word' id='word_1_249' title='bbox 838 1513 1016 1550; x_wconf 83' lang='lat' dir='ltr'>rationale</span> <span class='ocrx_word' id='word_1_250' title='bbox 1039 1526 1103 1562; x_wconf 88' lang='lat' dir='ltr'>per</span> <span class='ocrx_word' id='word_1_251' title='bbox 1124 1515 1445 1562; x_wconf 88' lang='lat' dir='ltr'>participationem</span> <span class='ocrx_word' id='word_1_252' title='bbox 1464 1526 1540 1550; x_wconf 92' lang='lat' dir='ltr'>non</span> <span class='ocrx_word' id='word_1_253' title='bbox 1567 1515 1689 1550; x_wconf 91' lang='lat' dir='ltr'>solum</span> 
     </span>
     <span class='ocr_line' id='line_1_26' title="bbox 97 1568 1690 1616; baseline 0 -12"><span class='ocrx_word' id='word_1_254' title='bbox 97 1577 151 1604; x_wconf 91' lang='lat' dir='ltr'>est</span> <span class='ocrx_word' id='word_1_255' title='bbox 172 1568 351 1616; x_wconf 86' lang='lat' dir='ltr'>appetitus</span> <span class='ocrx_word' id='word_1_256' title='bbox 372 1568 578 1611; x_wconf 85' lang='lat' dir='ltr'>sensitivus,</span> <span class='ocrx_word' id='word_1_257' title='bbox 601 1569 663 1615; x_wconf 89' lang='lat' dir='ltr'>qui</span> <span class='ocrx_word' id='word_1_258' title='bbox 684 1577 738 1603; x_wconf 89' lang='lat' dir='ltr'>est</span> <span class='ocrx_word' id='word_1_259' title='bbox 759 1568 963 1615; x_wconf 88' lang='lat' dir='ltr'>subjectum</span> <span class='ocrx_word' id='word_1_260' title='bbox 986 1571 1213 1616; x_wconf 84' lang='lat' dir='ltr'>passionum,</span> <span class='ocrx_word' id='word_1_261' title='bbox 1235 1570 1298 1605; x_wconf 91' lang='lat' dir='ltr'>sed</span> <span class='ocrx_word' id='word_1_262' title='bbox 1322 1569 1433 1604; x_wconf 91' lang='lat' dir='ltr'>etiam</span> <span class='ocrx_word' id='word_1_263' title='bbox 1455 1570 1637 1613; x_wconf 86' lang='lat' dir='ltr'>voluntas,</span> <span class='ocrx_word' id='word_1_264' title='bbox 1652 1570 1690 1604; x_wconf 92' lang='lat' dir='ltr'>in</span> 
     </span>
     <span class='ocr_line' id='line_1_27' title="bbox 97 1623 1190 1670; baseline 0.001 -12"><span class='ocrx_word' id='word_1_265' title='bbox 97 1635 167 1670; x_wconf 91' lang='lat' dir='ltr'>qua</span> <span class='ocrx_word' id='word_1_266' title='bbox 188 1634 265 1659; x_wconf 92' lang='lat' dir='ltr'>non</span> <span class='ocrx_word' id='word_1_267' title='bbox 286 1630 371 1658; x_wconf 91' lang='lat' dir='ltr'>sunt</span> <span class='ocrx_word' id='word_1_268' title='bbox 391 1623 592 1670; x_wconf 87' lang='lat' dir='ltr'>passiones,</span> <span class='ocrx_word' id='word_1_269' title='bbox 615 1630 653 1657; x_wconf 92' lang='lat' dir='ltr'>ut</span> <span class='ocrx_word' id='word_1_270' title='bbox 675 1623 813 1658; x_wconf 86' lang='lat' dir='ltr'>dictum</span> <span class='ocrx_word' id='word_1_271' title='bbox 837 1631 890 1658; x_wconf 90' lang='lat' dir='ltr'>est</span> <span class='ocrx_word' id='word_1_272' title='bbox 908 1624 960 1668; x_wconf 82' lang='lat' dir='ltr'>(in</span> <span class='ocrx_word' id='word_1_273' title='bbox 981 1630 1071 1670; x_wconf 72' lang='lat' dir='ltr'>corp.</span> <span class='ocrx_word' id='word_1_274' title='bbox 1094 1624 1190 1669; x_wconf 69' lang='lat' dir='ltr'>art).</span> 
     </span>
    </p>

    <p class='ocr_par' dir='ltr' id='par_1_7' title="bbox 97 1676 1690 1832">
     <span class='ocr_line' id='line_1_28' title="bbox 169 1676 1690 1724; baseline 0 -12"><span class='ocrx_word' id='word_1_275' title='bbox 169 1677 230 1713; x_wconf 89' lang='lat' dir='ltr'>AD</span> <span class='ocrx_word' id='word_1_276' title='bbox 254 1687 428 1713; x_wconf 82' lang='lat' dir='ltr'>TERTIUM</span> <span class='ocrx_word' id='word_1_277' title='bbox 447 1676 656 1719; x_wconf 91' lang='lat' dir='ltr'>dicendum,</span> <span class='ocrx_word' id='word_1_278' title='bbox 672 1677 769 1723; x_wconf 92' lang='lat' dir='ltr'>quod</span> <span class='ocrx_word' id='word_1_279' title='bbox 789 1678 825 1711; x_wconf 91' lang='lat' dir='ltr'>in</span> <span class='ocrx_word' id='word_1_280' title='bbox 840 1677 1058 1724; x_wconf 87' lang='lat' dir='ltr'>quibusdam</span> <span class='ocrx_word' id='word_1_281' title='bbox 1073 1678 1263 1713; x_wconf 84' lang='lat' dir='ltr'>virtutibus</span> <span class='ocrx_word' id='word_1_282' title='bbox 1279 1686 1362 1713; x_wconf 86' lang='lat' dir='ltr'>sunt</span> <span class='ocrx_word' id='word_1_283' title='bbox 1380 1678 1580 1724; x_wconf 87' lang='lat' dir='ltr'>passiones,</span> <span class='ocrx_word' id='word_1_284' title='bbox 1597 1678 1690 1712; x_wconf 89' lang='lat' dir='ltr'>sicut</span> 
     </span>
     <span class='ocr_line' id='line_1_29' title="bbox 97 1731 1689 1778; baseline 0.001 -12"><span class='ocrx_word' id='word_1_285' title='bbox 97 1731 244 1778; x_wconf 90' lang='lat' dir='ltr'>propria</span> <span class='ocrx_word' id='word_1_286' title='bbox 271 1731 437 1774; x_wconf 87' lang='lat' dir='ltr'>materia,</span> <span class='ocrx_word' id='word_1_287' title='bbox 464 1731 500 1765; x_wconf 94' lang='lat' dir='ltr'>in</span> <span class='ocrx_word' id='word_1_288' title='bbox 528 1731 745 1778; x_wconf 86' lang='lat' dir='ltr'>quibusdam</span> <span class='ocrx_word' id='word_1_289' title='bbox 777 1739 900 1766; x_wconf 90' lang='lat' dir='ltr'>autem</span> <span class='ocrx_word' id='word_1_290' title='bbox 927 1743 1022 1775; x_wconf 89' lang='lat' dir='ltr'>non;</span> <span class='ocrx_word' id='word_1_291' title='bbox 1052 1732 1148 1768; x_wconf 89' lang='lat' dir='ltr'>unde</span> <span class='ocrx_word' id='word_1_292' title='bbox 1175 1744 1251 1767; x_wconf 91' lang='lat' dir='ltr'>non</span> <span class='ocrx_word' id='word_1_293' title='bbox 1280 1740 1333 1767; x_wconf 91' lang='lat' dir='ltr'>est</span> <span class='ocrx_word' id='word_1_294' title='bbox 1361 1733 1490 1767; x_wconf 90' lang='lat' dir='ltr'>eadem</span> <span class='ocrx_word' id='word_1_295' title='bbox 1521 1732 1614 1767; x_wconf 88' lang='lat' dir='ltr'>ratio</span> <span class='ocrx_word' id='word_1_296' title='bbox 1645 1733 1689 1768; x_wconf 89' lang='lat' dir='ltr'>de</span> 
     </span>
     <span class='ocr_line' id='line_1_30' title="bbox 98 1784 1013 1832; baseline 0.001 -12"><span class='ocrx_word' id='word_1_297' title='bbox 98 1785 281 1828; x_wconf 90' lang='lat' dir='ltr'>omnibus,</span> <span class='ocrx_word' id='word_1_298' title='bbox 303 1793 342 1820; x_wconf 93' lang='lat' dir='ltr'>ut</span> <span class='ocrx_word' id='word_1_299' title='bbox 363 1784 456 1820; x_wconf 83' lang='lat' dir='ltr'>infra</span> <span class='ocrx_word' id='word_1_300' title='bbox 478 1784 690 1820; x_wconf 88' lang='lat' dir='ltr'>ostendetur</span> <span class='ocrx_word' id='word_1_301' title='bbox 714 1784 759 1832; x_wconf 84' lang='lat' dir='ltr'>(q.</span> <span class='ocrx_word' id='word_1_302' title='bbox 783 1785 840 1821; x_wconf 81' lang='lat'>60.</span> <span class='ocrx_word' id='word_1_303' title='bbox 863 1791 927 1821; x_wconf 74' lang='lat' dir='ltr'>art.</span> <span class='ocrx_word' id='word_1_304' title='bbox 951 1787 1013 1832; x_wconf 89' lang='lat'>2.).</span> 
     </span>
    </p>
   </div>
   <div class='ocr_carea' id='block_1_3' title="bbox 663 1946 1688 2007">
    <p class='ocr_par' dir='ltr' id='par_1_8' title="bbox 663 1946 1688 2007">
     <span class='ocr_line' id='line_1_31' title="bbox 663 1946 1688 2007; baseline 0.006 -17"><span class='ocrx_word' id='word_1_305' title='bbox 663 1946 1015 1991; x_wconf 89' lang='lat' dir='ltr'>ARTICULUS</span> <span class='ocrx_word' id='word_1_306' title='bbox 1045 1948 1100 1991; x_wconf 86' lang='lat' dir='ltr'>V.</span> <span class='ocrx_word' id='word_1_307' title='bbox 1622 1960 1688 2007; x_wconf 80' lang='lat'>316</span> 
     </span>
    </p>
   </div>
   <div class='ocr_carea' id='block_1_4' title="bbox 109 2066 1670 2106">
    <p class='ocr_par' dir='ltr' id='par_1_9' title="bbox 109 2066 1670 2106">
     <span class='ocr_line' id='line_1_32' title="bbox 109 2066 1670 2106; baseline 0.002 -9"><span class='ocrx_word' id='word_1_308' title='bbox 109 2067 264 2098; x_wconf 82' lang='lat' dir='ltr'>UTRUM</span> <span class='ocrx_word' id='word_1_309' title='bbox 296 2066 466 2104; x_wconf 83' lang='lat' dir='ltr'>ALIQUA</span> <span class='ocrx_word' id='word_1_310' title='bbox 497 2067 656 2097; x_wconf 87' lang='lat' dir='ltr'>VIRTUS</span> <span class='ocrx_word' id='word_1_311' title='bbox 690 2067 882 2098; x_wconf 82' lang='lat' dir='ltr'>MORALIS</span> <span class='ocrx_word' id='word_1_312' title='bbox 916 2069 1070 2098; x_wconf 88' lang='lat' dir='ltr'>POSSIT</span> <span class='ocrx_word' id='word_1_313' title='bbox 1104 2070 1206 2099; x_wconf 87' lang='lat' dir='ltr'>ESSE</span> <span class='ocrx_word' id='word_1_314' title='bbox 1239 2070 1409 2106; x_wconf 82' lang='lat' dir='ltr'>ABSQUE</span> <span class='ocrx_word' id='word_1_315' title='bbox 1444 2070 1670 2101; x_wconf 88' lang='lat' dir='ltr'>PASSIONE.</span> 
     </span>
    </p>
   </div>
   <div class='ocr_carea' id='block_1_5' title="bbox 637 2168 1158 2218">
    <p class='ocr_par' dir='ltr' id='par_1_10' title="bbox 637 2168 1158 2218">
     <span class='ocr_line' id='line_1_33' title="bbox 637 2168 1158 2218; baseline 0.002 -16"><span class='ocrx_word' id='word_1_316' title='bbox 637 2168 741 2214; x_wconf 76' lang='lat' dir='ltr'>(Insr.</span> <span class='ocrx_word' id='word_1_317' title='bbox 764 2180 794 2215; x_wconf 86' lang='lat' dir='ltr'>q.</span> <span class='ocrx_word' id='word_1_318' title='bbox 817 2168 874 2204; x_wconf 87' lang='lat'>60.</span> <span class='ocrx_word' id='word_1_319' title='bbox 897 2174 962 2203; x_wconf 77' lang='lat' dir='ltr'>art.</span> <span class='ocrx_word' id='word_1_320' title='bbox 985 2181 1015 2204; x_wconf 91' lang='lat'>2.</span> <span class='ocrx_word' id='word_1_321' title='bbox 1035 2170 1158 2218; x_wconf 70' lang='lat' dir='ltr'>corp).</span> 
     </span>
    </p>
   </div>
   <div class='ocr_carea' id='block_1_6' title="bbox 92 2269 1691 2967">
    <p class='ocr_par' dir='ltr' id='par_1_11' title="bbox 98 2269 1691 2427">
     <span class='ocr_line' id='line_1_34' title="bbox 171 2269 1688 2320; baseline 0.003 -16"><span class='ocrx_word' id='word_1_322' title='bbox 171 2269 231 2304; x_wconf 88' lang='lat' dir='ltr'>AD</span> <span class='ocrx_word' id='word_1_323' title='bbox 243 2280 426 2310; x_wconf 83' lang='lat' dir='ltr'>QU1NTUM</span> <span class='ocrx_word' id='word_1_324' title='bbox 441 2269 492 2304; x_wconf 91' lang='lat' dir='ltr'>sic</span> <span class='ocrx_word' id='word_1_325' title='bbox 507 2270 727 2317; x_wconf 86' lang='lat' dir='ltr'>proceditur.</span> <span class='ocrx_word' id='word_1_326' title='bbox 744 2270 909 2314; x_wconf 88' lang='lat' dir='ltr'>Videtur,</span> <span class='ocrx_word' id='word_1_327' title='bbox 925 2272 1022 2318; x_wconf 88' lang='lat' dir='ltr'>quod</span> <span class='ocrx_word' id='word_1_328' title='bbox 1037 2271 1149 2307; x_wconf 88' lang='lat' dir='ltr'>virtus</span> <span class='ocrx_word' id='word_1_329' title='bbox 1165 2272 1315 2307; x_wconf 87' lang='lat' dir='ltr'>moralis</span> <span class='ocrx_word' id='word_1_330' title='bbox 1332 2273 1447 2320; x_wconf 87' lang='lat' dir='ltr'>possit</span> <span class='ocrx_word' id='word_1_331' title='bbox 1458 2284 1536 2308; x_wconf 87' lang='lat' dir='ltr'>esse</span> <span class='ocrx_word' id='word_1_332' title='bbox 1553 2273 1688 2320; x_wconf 85' lang='lat' dir='ltr'>absque</span> 
     </span>
     <span class='ocr_line' id='line_1_35' title="bbox 98 2323 1691 2375; baseline 0.003 -17"><span class='ocrx_word' id='word_1_333' title='bbox 98 2323 287 2371; x_wconf 89' lang='lat' dir='ltr'>passione:</span> <span class='ocrx_word' id='word_1_334' title='bbox 311 2331 448 2370; x_wconf 87' lang='lat' dir='ltr'>quanto</span> <span class='ocrx_word' id='word_1_335' title='bbox 468 2324 567 2359; x_wconf 89' lang='lat' dir='ltr'>enirn</span> <span class='ocrx_word' id='word_1_336' title='bbox 588 2324 702 2358; x_wconf 89' lang='lat' dir='ltr'>virtus</span> <span class='ocrx_word' id='word_1_337' title='bbox 723 2324 875 2359; x_wconf 88' lang='lat' dir='ltr'>moralis</span> <span class='ocrx_word' id='word_1_338' title='bbox 897 2333 950 2360; x_wconf 87' lang='lat' dir='ltr'>est</span> <span class='ocrx_word' id='word_1_339' title='bbox 971 2325 1178 2372; x_wconf 87' lang='lat' dir='ltr'>perfectior,</span> <span class='ocrx_word' id='word_1_340' title='bbox 1200 2335 1302 2361; x_wconf 86' lang='lat' dir='ltr'>tanto</span> <span class='ocrx_word' id='word_1_341' title='bbox 1319 2327 1438 2373; x_wconf 86' lang='lat' dir='ltr'>magis</span> <span class='ocrx_word' id='word_1_342' title='bbox 1453 2336 1599 2374; x_wconf 87' lang='lat' dir='ltr'>superat</span> <span class='ocrx_word' id='word_1_343' title='bbox 1612 2339 1691 2375; x_wconf 87' lang='lat' dir='ltr'>pas-</span> 
     </span>
     <span class='ocr_line' id='line_1_36' title="bbox 98 2377 1558 2427; baseline 0.003 -16"><span class='ocrx_word' id='word_1_344' title='bbox 98 2377 238 2420; x_wconf 79' lang='lat' dir='ltr'>siones3</span> <span class='ocrx_word' id='word_1_345' title='bbox 260 2388 348 2424; x_wconf 90' lang='lat' dir='ltr'>ergo</span> <span class='ocrx_word' id='word_1_346' title='bbox 371 2379 406 2412; x_wconf 94' lang='lat' dir='ltr'>in</span> <span class='ocrx_word' id='word_1_347' title='bbox 429 2389 495 2412; x_wconf 90' lang='lat' dir='ltr'>suo</span> <span class='ocrx_word' id='word_1_348' title='bbox 515 2377 782 2425; x_wconf 88' lang='lat' dir='ltr'>perfectissimo</span> <span class='ocrx_word' id='word_1_349' title='bbox 805 2390 883 2414; x_wconf 89' lang='lat' dir='ltr'>esse</span> <span class='ocrx_word' id='word_1_350' title='bbox 907 2387 959 2414; x_wconf 88' lang='lat' dir='ltr'>est</span> <span class='ocrx_word' id='word_1_351' title='bbox 981 2380 1134 2414; x_wconf 89' lang='lat' dir='ltr'>omnino</span> <span class='ocrx_word' id='word_1_352' title='bbox 1159 2381 1293 2427; x_wconf 88' lang='lat' dir='ltr'>absque</span> <span class='ocrx_word' id='word_1_353' title='bbox 1317 2381 1558 2427; x_wconf 87' lang='lat' dir='ltr'>passionibus.</span> 
     </span>
    </p>

    <p class='ocr_par' dir='ltr' id='par_1_12' title="bbox 92 2431 1690 2646">
     <span class='ocr_line' id='line_1_37' title="bbox 172 2431 1688 2482; baseline 0.003 -17"><span class='ocrx_word' id='word_1_354' title='bbox 172 2441 202 2466; x_wconf 89' lang='lat'>2.</span> <span class='ocrx_word' id='word_1_355' title='bbox 231 2431 469 2466; x_wconf 74' lang='lat' dir='ltr'>PRAETEREA.</span> <span class='ocrx_word' id='word_1_356' title='bbox 495 2431 602 2466; x_wconf 91' lang='lat' dir='ltr'>Tunc</span> <span class='ocrx_word' id='word_1_357' title='bbox 626 2432 914 2480; x_wconf 88' lang='lat' dir='ltr'>unumquodque</span> <span class='ocrx_word' id='word_1_358' title='bbox 937 2441 990 2468; x_wconf 88' lang='lat' dir='ltr'>est</span> <span class='ocrx_word' id='word_1_359' title='bbox 1012 2433 1227 2482; x_wconf 87' lang='lat' dir='ltr'>perfectum,</span> <span class='ocrx_word' id='word_1_360' title='bbox 1251 2435 1398 2481; x_wconf 84' lang='lat' dir='ltr'>quando</span> <span class='ocrx_word' id='word_1_361' title='bbox 1427 2443 1480 2470; x_wconf 90' lang='lat' dir='ltr'>est</span> <span class='ocrx_word' id='word_1_362' title='bbox 1502 2444 1688 2470; x_wconf 88' lang='lat' dir='ltr'>remotum</span> 
     </span>
     <span class='ocr_line' id='line_1_38' title="bbox 99 2485 1690 2536; baseline 0.003 -17"><span class='ocrx_word' id='word_1_363' title='bbox 99 2495 119 2519; x_wconf 93' lang='lat' dir='ltr'>a</span> <span class='ocrx_word' id='word_1_364' title='bbox 141 2496 208 2520; x_wconf 88' lang='lat' dir='ltr'>suo</span> <span class='ocrx_word' id='word_1_365' title='bbox 231 2485 428 2528; x_wconf 91' lang='lat' dir='ltr'>contrario,</span> <span class='ocrx_word' id='word_1_366' title='bbox 451 2494 486 2520; x_wconf 91' lang='lat' dir='ltr'>et</span> <span class='ocrx_word' id='word_1_367' title='bbox 507 2486 549 2520; x_wconf 89' lang='lat' dir='ltr'>ab</span> <span class='ocrx_word' id='word_1_368' title='bbox 572 2486 641 2528; x_wconf 90' lang='lat' dir='ltr'>his,</span> <span class='ocrx_word' id='word_1_369' title='bbox 664 2498 757 2533; x_wconf 90' lang='lat' dir='ltr'>quae</span> <span class='ocrx_word' id='word_1_370' title='bbox 786 2486 829 2521; x_wconf 91' lang='lat' dir='ltr'>ad</span> <span class='ocrx_word' id='word_1_371' title='bbox 857 2488 1083 2522; x_wconf 86' lang='lat' dir='ltr'>contrarium</span> <span class='ocrx_word' id='word_1_372' title='bbox 1110 2488 1306 2523; x_wconf 87' lang='lat' dir='ltr'>inclinant:</span> <span class='ocrx_word' id='word_1_373' title='bbox 1335 2489 1397 2523; x_wconf 88' lang='lat' dir='ltr'>sed</span> <span class='ocrx_word' id='word_1_374' title='bbox 1424 2489 1613 2536; x_wconf 86' lang='lat' dir='ltr'>passiones</span> <span class='ocrx_word' id='word_1_375' title='bbox 1639 2490 1690 2524; x_wconf 93' lang='lat' dir='ltr'>in—</span> 
     </span>
     <span class='ocr_line' id='line_1_39' title="bbox 100 2538 1689 2589; baseline 0.003 -16"><span class='ocrx_word' id='word_1_376' title='bbox 100 2538 237 2574; x_wconf 91' lang='lat' dir='ltr'>clinant</span> <span class='ocrx_word' id='word_1_377' title='bbox 259 2539 302 2574; x_wconf 91' lang='lat' dir='ltr'>ad</span> <span class='ocrx_word' id='word_1_378' title='bbox 326 2547 531 2586; x_wconf 90' lang='lat' dir='ltr'>peccatum,</span> <span class='ocrx_word' id='word_1_379' title='bbox 554 2540 651 2587; x_wconf 91' lang='lat' dir='ltr'>quod</span> <span class='ocrx_word' id='word_1_380' title='bbox 675 2540 798 2575; x_wconf 88' lang='lat' dir='ltr'>virtuti</span> <span class='ocrx_word' id='word_1_381' title='bbox 820 2542 1081 2577; x_wconf 84' lang='lat' dir='ltr'>contrariatur:</span> <span class='ocrx_word' id='word_1_382' title='bbox 1105 2543 1200 2577; x_wconf 88' lang='lat' dir='ltr'>unde</span> <span class='ocrx_word' id='word_1_383' title='bbox 1219 2543 1378 2578; x_wconf 88' lang='lat' dir='ltr'>Roman.</span> <span class='ocrx_word' id='word_1_384' title='bbox 1399 2554 1430 2589; x_wconf 89' lang='lat'>7.</span> <span class='ocrx_word' id='word_1_385' title='bbox 1450 2544 1689 2578; x_wconf 88' lang='lat' dir='ltr'>nominantur</span> 
     </span>
     <span class='ocr_line' id='line_1_40' title="bbox 92 2595 1559 2646; baseline 0.003 -17"><span class='ocrx_word' id='word_1_386' title='bbox 92 2595 260 2642; x_wconf 83' lang='lat' dir='ltr'>passiones</span> <span class='ocrx_word' id='word_1_387' title='bbox 275 2599 513 2641; x_wconf 60' lang='lat' dir='ltr'>peccatorum</span> <span class='ocrx_word' id='word_1_388' title='bbox 537 2606 626 2641; x_wconf 88' lang='lat' dir='ltr'>ergo</span> <span class='ocrx_word' id='word_1_389' title='bbox 648 2595 809 2642; x_wconf 88' lang='lat' dir='ltr'>perfecta</span> <span class='ocrx_word' id='word_1_390' title='bbox 831 2597 943 2632; x_wconf 89' lang='lat' dir='ltr'>virtus</span> <span class='ocrx_word' id='word_1_391' title='bbox 967 2605 1020 2633; x_wconf 89' lang='lat' dir='ltr'>est</span> <span class='ocrx_word' id='word_1_392' title='bbox 1043 2598 1195 2633; x_wconf 89' lang='lat' dir='ltr'>omnino</span> <span class='ocrx_word' id='word_1_393' title='bbox 1220 2599 1355 2645; x_wconf 88' lang='lat' dir='ltr'>absque</span> <span class='ocrx_word' id='word_1_394' title='bbox 1377 2599 1559 2646; x_wconf 87' lang='lat' dir='ltr'>passione.</span> 
     </span>
    </p>

    <p class='ocr_par' dir='ltr' id='par_1_13' title="bbox 99 2648 1690 2807">
     <span class='ocr_line' id='line_1_41' title="bbox 175 2648 1689 2700; baseline 0.003 -17"><span class='ocrx_word' id='word_1_395' title='bbox 175 2660 203 2695; x_wconf 88' lang='lat'>3.</span> <span class='ocrx_word' id='word_1_396' title='bbox 232 2648 470 2684; x_wconf 71' lang='lat' dir='ltr'>PRAETEREA.</span> <span class='ocrx_word' id='word_1_397' title='bbox 499 2648 712 2684; x_wconf 88' lang='lat' dir='ltr'>Secundum</span> <span class='ocrx_word' id='word_1_398' title='bbox 734 2650 905 2685; x_wconf 88' lang='lat' dir='ltr'>virtutem</span> <span class='ocrx_word' id='word_1_399' title='bbox 928 2651 1009 2686; x_wconf 92' lang='lat' dir='ltr'>Deo</span> <span class='ocrx_word' id='word_1_400' title='bbox 1033 2651 1323 2695; x_wconf 87' lang='lat' dir='ltr'>conformamur,</span> <span class='ocrx_word' id='word_1_401' title='bbox 1343 2661 1382 2687; x_wconf 92' lang='lat' dir='ltr'>ut</span> <span class='ocrx_word' id='word_1_402' title='bbox 1408 2661 1507 2700; x_wconf 83' lang='lat' dir='ltr'>patet</span> <span class='ocrx_word' id='word_1_403' title='bbox 1529 2665 1593 2700; x_wconf 85' lang='lat' dir='ltr'>per</span> <span class='ocrx_word' id='word_1_404' title='bbox 1616 2653 1689 2687; x_wconf 88' lang='lat' dir='ltr'>Au-</span> 
     </span>
     <span class='ocr_line' id='line_1_42' title="bbox 101 2702 1690 2754; baseline 0.004 -18"><span class='ocrx_word' id='word_1_405' title='bbox 101 2702 288 2749; x_wconf 88' lang='lat' dir='ltr'>gustinum</span> <span class='ocrx_word' id='word_1_406' title='bbox 311 2703 347 2738; x_wconf 92' lang='lat' dir='ltr'>in</span> <span class='ocrx_word' id='word_1_407' title='bbox 370 2702 430 2737; x_wconf 89' lang='lat' dir='ltr'>lib.</span> <span class='ocrx_word' id='word_1_408' title='bbox 447 2703 490 2739; x_wconf 90' lang='lat' dir='ltr'>de</span> <span class='ocrx_word' id='word_1_409' title='bbox 504 2702 636 2738; x_wconf 87' lang='lat' dir='ltr'>Morib.</span> <span class='ocrx_word' id='word_1_410' title='bbox 654 2703 792 2738; x_wconf 86' lang='lat' dir='ltr'>Eccles.</span> <span class='ocrx_word' id='word_1_411' title='bbox 809 2705 899 2752; x_wconf 84' lang='lat' dir='ltr'>(cap.</span> <span class='ocrx_word' id='word_1_412' title='bbox 919 2705 952 2741; x_wconf 83' lang='lat'>6.</span> <span class='ocrx_word' id='word_1_413' title='bbox 968 2711 997 2741; x_wconf 70' lang='lat' dir='ltr'>et</span> <span class='ocrx_word' id='word_1_414' title='bbox 1010 2718 1055 2741; x_wconf 87' lang='lat'>11.</span> <span class='ocrx_word' id='word_1_415' title='bbox 1072 2718 1092 2741; x_wconf 86' lang='lat' dir='ltr'>a</span> <span class='ocrx_word' id='word_1_416' title='bbox 1107 2706 1228 2753; x_wconf 80' lang='lat' dir='ltr'>med.):</span> <span class='ocrx_word' id='word_1_417' title='bbox 1245 2707 1306 2742; x_wconf 89' lang='lat' dir='ltr'>sed</span> <span class='ocrx_word' id='word_1_418' title='bbox 1330 2707 1430 2742; x_wconf 87' lang='lat' dir='ltr'>Deus</span> <span class='ocrx_word' id='word_1_419' title='bbox 1458 2707 1583 2741; x_wconf 89' lang='lat' dir='ltr'>omnia</span> <span class='ocrx_word' id='word_1_420' title='bbox 1606 2718 1690 2754; x_wconf 92' lang='lat' dir='ltr'>ope-</span> 
     </span>
     <span class='ocr_line' id='line_1_43' title="bbox 99 2756 1613 2807; baseline 0.003 -16"><span class='ocrx_word' id='word_1_421' title='bbox 99 2764 198 2792; x_wconf 90' lang='lat' dir='ltr'>ratur</span> <span class='ocrx_word' id='word_1_422' title='bbox 219 2756 295 2792; x_wconf 87' lang='lat' dir='ltr'>sine</span> <span class='ocrx_word' id='word_1_423' title='bbox 318 2756 508 2804; x_wconf 87' lang='lat' dir='ltr'>passione;</span> <span class='ocrx_word' id='word_1_424' title='bbox 531 2768 620 2803; x_wconf 85' lang='lat' dir='ltr'>ergo</span> <span class='ocrx_word' id='word_1_425' title='bbox 642 2757 755 2792; x_wconf 87' lang='lat' dir='ltr'>virtus</span> <span class='ocrx_word' id='word_1_426' title='bbox 777 2758 1042 2805; x_wconf 88' lang='lat' dir='ltr'>perfectissima</span> <span class='ocrx_word' id='word_1_427' title='bbox 1065 2768 1119 2795; x_wconf 91' lang='lat' dir='ltr'>est</span> <span class='ocrx_word' id='word_1_428' title='bbox 1141 2761 1276 2807; x_wconf 89' lang='lat' dir='ltr'>absque</span> <span class='ocrx_word' id='word_1_429' title='bbox 1302 2761 1404 2795; x_wconf 92' lang='lat' dir='ltr'>omni</span> <span class='ocrx_word' id='word_1_430' title='bbox 1432 2761 1613 2807; x_wconf 85' lang='lat' dir='ltr'>passione.</span> 
     </span>
    </p>

    <p class='ocr_par' dir='ltr' id='par_1_14' title="bbox 101 2810 1688 2967">
     <span class='ocr_line' id='line_1_44' title="bbox 172 2810 1687 2862; baseline 0.003 -16"><span class='ocrx_word' id='word_1_431' title='bbox 172 2810 248 2846; x_wconf 75' lang='lat' dir='ltr'>SED</span> <span class='ocrx_word' id='word_1_432' title='bbox 271 2821 428 2847; x_wconf 79' lang='lat' dir='ltr'>CONTRA</span> <span class='ocrx_word' id='word_1_433' title='bbox 451 2819 516 2853; x_wconf 87' lang='lat' dir='ltr'>est,</span> <span class='ocrx_word' id='word_1_434' title='bbox 531 2812 628 2858; x_wconf 82' lang='lat' dir='ltr'>quod</span> <span class='ocrx_word' id='word_1_435' title='bbox 651 2811 772 2846; x_wconf 89' lang='lat' dir='ltr'>nullus</span> <span class='ocrx_word' id='word_1_436' title='bbox 790 2813 904 2858; x_wconf 87' lang='lat' dir='ltr'>justus</span> <span class='ocrx_word' id='word_1_437' title='bbox 923 2822 988 2856; x_wconf 90' lang='lat' dir='ltr'>est,</span> <span class='ocrx_word' id='word_1_438' title='bbox 1004 2813 1065 2860; x_wconf 90' lang='lat' dir='ltr'>qui</span> <span class='ocrx_word' id='word_1_439' title='bbox 1087 2826 1161 2849; x_wconf 92' lang='lat' dir='ltr'>non</span> <span class='ocrx_word' id='word_1_440' title='bbox 1185 2814 1318 2861; x_wconf 86' lang='lat' dir='ltr'>gaudet</span> <span class='ocrx_word' id='word_1_441' title='bbox 1340 2816 1432 2861; x_wconf 85' lang='lat' dir='ltr'>justa</span> <span class='ocrx_word' id='word_1_442' title='bbox 1456 2815 1687 2862; x_wconf 84' lang='lat' dir='ltr'>operatione,</span> 
     </span>
     <span class='ocr_line' id='line_1_45' title="bbox 101 2864 1688 2916; baseline 0.004 -18"><span class='ocrx_word' id='word_1_443' title='bbox 101 2871 139 2898; x_wconf 92' lang='lat' dir='ltr'>ut</span> <span class='ocrx_word' id='word_1_444' title='bbox 159 2864 291 2899; x_wconf 88' lang='lat' dir='ltr'>dicitur</span> <span class='ocrx_word' id='word_1_445' title='bbox 311 2864 347 2899; x_wconf 91' lang='lat' dir='ltr'>in</span> <span class='ocrx_word' id='word_1_446' title='bbox 374 2875 401 2899; x_wconf 91' lang='lat'>1.</span> <span class='ocrx_word' id='word_1_447' title='bbox 424 2864 505 2899; x_wconf 88' lang='lat' dir='ltr'>Eth.</span> <span class='ocrx_word' id='word_1_448' title='bbox 531 2865 617 2912; x_wconf 77' lang='lat' dir='ltr'>(cap.</span> <span class='ocrx_word' id='word_1_449' title='bbox 637 2866 668 2901; x_wconf 76' lang='lat'>3.</span> <span class='ocrx_word' id='word_1_450' title='bbox 692 2867 751 2900; x_wconf 82' lang='lat' dir='ltr'>cir.</span> <span class='ocrx_word' id='word_1_451' title='bbox 773 2866 888 2912; x_wconf 76' lang='lat' dir='ltr'>med.).·</span> <span class='ocrx_word' id='word_1_452' title='bbox 914 2868 976 2902; x_wconf 88' lang='lat' dir='ltr'>scd</span> <span class='ocrx_word' id='word_1_453' title='bbox 999 2868 1174 2914; x_wconf 84' lang='lat' dir='ltr'>gaudium</span> <span class='ocrx_word' id='word_1_454' title='bbox 1204 2877 1256 2903; x_wconf 86' lang='lat' dir='ltr'>cst</span> <span class='ocrx_word' id='word_1_455' title='bbox 1278 2869 1419 2916; x_wconf 80' lang='lat' dir='ltr'>passi03</span> <span class='ocrx_word' id='word_1_456' title='bbox 1442 2880 1529 2915; x_wconf 85' lang='lat' dir='ltr'>ergo</span> <span class='ocrx_word' id='word_1_457' title='bbox 1552 2870 1688 2916; x_wconf 84' lang='lat' dir='ltr'>justitia</span> 
     </span>
     <span class='ocr_line' id='line_1_46' title="bbox 101 2919 1349 2967; baseline 0.004 -14"><span class='ocrx_word' id='word_1_458' title='bbox 101 2929 176 2953; x_wconf 91' lang='lat' dir='ltr'>non</span> <span class='ocrx_word' id='word_1_459' title='bbox 194 2927 315 2966; x_wconf 89' lang='lat' dir='ltr'>potest</span> <span class='ocrx_word' id='word_1_460' title='bbox 336 2930 414 2954; x_wconf 89' lang='lat' dir='ltr'>esse</span> <span class='ocrx_word' id='word_1_461' title='bbox 436 2919 512 2954; x_wconf 90' lang='lat' dir='ltr'>sine</span> <span class='ocrx_word' id='word_1_462' title='bbox 535 2919 717 2967; x_wconf 88' lang='lat' dir='ltr'>passione,</span> <span class='ocrx_word' id='word_1_463' title='bbox 737 2928 772 2955; x_wconf 93' lang='lat' dir='ltr'>et</span> <span class='ocrx_word' id='word_1_464' title='bbox 790 2920 907 2956; x_wconf 90' lang='lat' dir='ltr'>multo</span> <span class='ocrx_word' id='word_1_465' title='bbox 931 2922 1051 2957; x_wconf 90' lang='lat' dir='ltr'>minus</span> <span class='ocrx_word' id='word_1_466' title='bbox 1075 2922 1165 2958; x_wconf 87' lang='lat' dir='ltr'>aliae</span> <span class='ocrx_word' id='word_1_467' title='bbox 1188 2923 1349 2958; x_wconf 86' lang='lat' dir='ltr'>virtutes.</span> 
     </span>
    </p>
   </div>
  </div>
 </body>
</html>
