1875 3198
245 176 327 218 702
666 177 887 211 QUAESTIO
923 177 1072 205 XCVIII.
1108 177 1352 206 ARTICULUS
1387 177 1428 206 V.

243 258 304 291 sed
327 266 501 304 quantum
526 257 568 291 ad
591 257 663 300 illa,
687 269 778 304 quae
800 258 857 292 lex
879 266 981 292 vetus
1007 258 1280 304 superaddebat,
1303 269 1377 292 non
1403 258 1616 292 tenebantur
1637 257 1747 304 aliqui
1769 258 1812 292 ad

243 311 509 346 observantiam
543 312 674 346 veteris
702 311 803 357 legis,
831 311 899 345 nisi
925 311 1023 346 solus
1050 311 1205 358 populus
1228 311 1462 357 Judaeorum.
1491 311 1604 357 Cujus
1631 312 1722 345 ratio
1749 320 1812 353 est,

242 365 325 410 quia
347 364 403 399 lex
424 374 537 407 vetus,
565 365 657 399 sicut
684 366 821 399 dictum
843 373 896 399 est
918 365 1155 412 (artspmaa),
1180 365 1261 399 data
1289 373 1342 399 est
1362 364 1498 411 populo
1521 365 1754 410 Judaeorum‚
1776 373 1814 399 ut

242 419 439 464 quamdam
467 419 759 464 praerogativam
786 419 986 453 sanctitatis
1015 419 1192 453 obtineret
1224 426 1370 465 propter
1403 419 1643 452 reverentiam
1666 418 1813 461 Christi,

241 472 302 518 qui
324 484 367 506 ex
388 472 452 506 illo
475 472 611 518 populo
633 472 836 506 nasciturus
859 480 952 506 erat:
976 483 1229 518 quaecumque
1253 480 1375 506 autern
1397 479 1599 506 statuuntur
1618 472 1660 506 ad
1681 472 1815 518 specia-

240 526 314 559 lem
337 525 541 571 aliquorum
564 525 902 568 sanctificationem,
930 537 1004 560 non
1033 525 1196 572 obligant
1222 526 1291 560 nisi
1316 525 1417 560 illos:
1445 525 1537 560 sicut
1563 526 1607 559 ad
1635 525 1813 572 quaedam

241 579 446 624 obligantur
469 578 601 621 clerici,
618 579 679 625 qui
701 579 955 625 mancipantur
978 580 1100 613 divino
1124 579 1337 621 ministerio,
1353 579 1396 613 ad
1416 579 1613 625 quaelaici
1634 591 1708 613 non
1729 579 1815 613 obli-

241 640 389 678 gantur:
413 632 577 666 similiter
600 640 634 666 et
655 632 816 678 religiosi
833 633 875 666 ad
891 634 1071 679 quaedam
1085 632 1317 679 perfectionis
1340 644 1448 679 opera
1469 632 1675 679 obligantur
1689 645 1731 667 ex
1750 644 1813 667 sua

240 685 475 732 professione,
499 685 542 719 ad
566 697 657 731 quae
681 678 861 720 seculares
883 698 958 720 non
981 686 1206 732 obligantur:
1230 694 1264 720 et
1286 686 1452 721 similiter
1474 687 1517 720 ad
1536 686 1716 732 quaedam
1738 698 1815 732 spe-

241 740 345 773 cialia
368 739 594 785 obligabatur
612 739 767 785 populus
789 739 862 782 ille,
891 740 935 774 ad
965 751 1056 786 quae
1084 740 1143 774 alii
1170 739 1296 786 populi
1322 751 1397 774 non
1425 740 1697 786 obligabantur3
1719 740 1813 774 unde
1849 774 1853 778 ,

241 793 368 827 dicitur
391 793 538 827 Deuter.
566 793 636 827 18.:
660 794 827 839 Pezfestns
848 795 922 835 eris,
939 795 1101 839 etczbsqzce
1121 793 1255 828 macula
1278 805 1392 828 coram
1412 794 1562 828 Domino
1585 794 1657 828 Deo
1681 798 1758 828 tuo:
1780 801 1813 827 et

240 854 384 893 propter
406 847 477 880 hoc
500 846 609 881 etiam
632 847 790 892 quadam
816 846 1041 893 professione
1064 847 1267 890 utebantur,
1294 855 1332 882 ut
1358 855 1456 893 patet
1469 846 1617 881 Deuter.
1635 845 1709 881 26.:
1733 847 1813 882 Pro-

236 901 330 945 fiteor
351 900 443 934 hodia
462 912 575 935 corum
596 901 746 934 Domino
769 901 841 934 Deo
865 906 932 943 tuo,
957 909 1022 935 etc.

310 954 370 988 AD
389 965 539 988 PRIMUM
562 965 649 1000 ergo
672 954 880 997 dicendum,
908 955 1004 1001 quod
1032 954 1251 1001 quicumque
1279 955 1490 996 subduntur,
1510 955 1587 1000 regi
1609 954 1814 1001 obligantur

238 1008 281 1042 ad
300 1007 420 1054 legem
443 1009 517 1053 ejus
541 1008 818 1050 observandam,
833 1020 942 1054 quam
959 1009 1127 1042 omnibus
1151 1009 1397 1043 communiter
1416 1010 1603 1055 proponit:
1626 1009 1689 1043 sed
1711 1009 1741 1043 si
1762 1009 1812 1042 in-

238 1062 362 1096 stituat
389 1061 508 1108 aliqua
530 1061 755 1096 observanda
779 1074 798 1096 a
820 1062 893 1096 suis
915 1061 1152 1096 familiaribus
1180 1062 1364 1105 ministris,
1393 1063 1436 1096 ad
1462 1062 1553 1097 haec
1578 1062 1712 1097 caeteri
1738 1073 1812 1096 non

242 1115 458 1161 obligantur.

308 1169 367 1204 AD
398 1180 605 1204 SECUNDUM
634 1169 841 1211 dicendum,
872 1169 969 1216 quod
997 1170 1113 1204 homo
1141 1177 1277 1216 quanto
1308 1170 1390 1204 Deo
1421 1170 1538 1216 magis
1567 1170 1810 1216 conjungitur,

237 1231 337 1257 tanto
360 1222 513 1257 efficitur
540 1223 702 1257 melioris
725 1223 963 1265 conditionis;
986 1231 1022 1258 et
1046 1223 1128 1258 ideo
1152 1231 1288 1270 quanto
1310 1222 1466 1270 populus
1487 1223 1710 1269 Judaeorum
1732 1231 1808 1258 erat

239 1277 428 1311 adstrictus
456 1277 572 1323 magis
595 1276 638 1310 ad
662 1277 823 1311 divinum
847 1277 996 1319 cultum,
1019 1285 1119 1312 tanto
1143 1277 1286 1323 dignior
1313 1277 1391 1311 aliis
1418 1277 1561 1324 populis
1589 1285 1686 1312 erat:
1714 1277 1808 1311 unde

238 1330 366 1364 dicitur
388 1331 535 1365 Deuter.
551 1340 604 1373 φῖ
628 1332 724 1375 Quae
745 1336 787 1366 est
809 1331 876 1365 alia
896 1343 970 1377 gans
987 1332 1032 1366 sic
1054 1331 1188 1377 inclyta,
1211 1336 1246 1365 zat
1266 1331 1383 1366 habeat
1405 1333 1640 1374 caeremonias,
1653 1333 1808 1378 justaque

233 1384 376 1430 judicia,
396 1389 424 1418 ct
446 1386 637 1419 nniversam
660 1385 784 1431 legem?
806 1384 849 1419 Et
871 1384 1036 1419 similiter
1055 1385 1165 1420 etiarn
1184 1393 1360 1431 quantum
1385 1385 1428 1418 ad
1450 1385 1521 1419 hoc
1545 1393 1628 1420 sunt
1649 1384 1812 1420 melioris

240 1438 458 1472 conditionis
481 1437 614 1480 clerici,
637 1450 747 1484 quam
769 1438 872 1481 laici;
894 1446 928 1473 et
949 1438 1122 1485 religiosi,
1145 1450 1254 1485 quam
1274 1438 1489 1473 saeculares.

309 1492 369 1526 AD
392 1502 564 1526 TERTIUM
588 1492 793 1534 dicendum,
808 1492 905 1538 quod
921 1492 1085 1527 Gentiles
1099 1491 1303 1538 perfectius,
1323 1500 1357 1527 et
1378 1492 1539 1527 securius
1554 1491 1710 1527 salutem
1726 1504 1809 1526 con-

238 1546 480 1591 sequebantur
502 1546 565 1579 sub
590 1546 827 1580 observantiis
850 1545 951 1592 legis,
975 1557 1085 1592 quam
1107 1546 1171 1580 sub
1194 1545 1272 1580 sola
1298 1545 1379 1593 lege
1401 1546 1573 1589 naturali3
1597 1547 1639 1581 ed
1661 1547 1743 1581 ideo
1767 1547 1810 1581 ad

239 1610 299 1633 eas
327 1599 622 1633 admittebantur:
647 1600 738 1634 sicut
757 1600 867 1634 etiam
888 1611 983 1633 nunc
1007 1599 1090 1634 laici
1111 1607 1297 1634 transeunt
1319 1600 1363 1634 ad
1386 1599 1610 1643 clericatum,
1633 1608 1666 1635 et
1687 1611 1810 1635 saecu—

235 1652 329 1688 lares
352 1654 395 1688 ad
417 1653 647 1700 religionem,
669 1654 835 1700 quamvis
858 1654 992 1700 absque
1014 1653 1085 1688 hoc
1108 1653 1247 1700 possint
1267 1653 1410 1688 salvari.

795 1825 1142 1870 ARTICULUS
1177 1826 1253 1870 VI.
1745 1848 1806 1884 523
1851 1801 1853 1808 ⁴

232 1940 386 1970 UTRUM
413 1940 496 1969 LEX
522 1940 664 1969 VETUS
699 1940 1042 1972 CONVENIENTER
1075 1940 1197 1970 DATA
1229 1940 1387 1971 FUERIT
1421 1940 1627 1971 TEMPORE
1660 1940 1807 1970 MOYSI.

760 2039 870 2083 (Part.
888 2051 916 2086 3.
940 2051 970 2085 q,
993 2050 1046 2086 70.
1062 2044 1127 2074 art.
1147 2051 1177 2074 2.
1196 2039 1239 2074 ad
1252 2051 1284 2074 2.

470 2098 498 2128 et
519 2104 552 2138 4.
576 2094 664 2128 Dist.
688 2106 715 2128 I.
742 2105 772 2139 q.
795 2106 823 2128 I.
846 2099 912 2128 art.
935 2105 967 2128 2.
991 2106 1021 2140 q.
1045 2104 1077 2139 4.
1101 2099 1190 2140 corp.
1210 2098 1239 2128 et
1261 2093 1338 2128 Gal.
1358 2104 1385 2139 3.
1409 2093 1480 2128 lact.
1503 2094 1562 2140 7.).

304 2194 364 2228 AD
387 2204 538 2229 SEXTUM
561 2195 611 2229 sic
627 2195 844 2242 proceditur.
861 2194 1025 2237 Videtur,
1037 2194 1134 2241 quod
1149 2194 1206 2229 lex
1220 2202 1322 2229 vetus
1337 2205 1412 2228 non
1428 2195 1689 2229 convenienter
1703 2193 1812 2228 fuerit¹
1844 2194 1848 2202 '

233 2248 314 2282 data
336 2256 501 2293 tempore
524 2249 665 2295 Moysi:
690 2248 747 2283 lex
763 2249 861 2283 enim
883 2256 986 2283 vetus
1009 2249 1224 2295 disponebat
1246 2249 1289 2282 ad
1311 2248 1479 2291 salutem,
1494 2259 1586 2295 quae
1601 2255 1677 2282 erat
1691 2247 1807 2282 futura

231 2313 293 2348 per
317 2301 516 2344 Christum,
540 2302 632 2336 sicut
654 2303 792 2336 dictum
812 2310 864 2337 est
889 2302 967 2347 (art.
987 2314 1018 2337 2.
1042 2303 1109 2348 huj.
1127 2303 1173 2348 q.)
1188 2315 1198 2337 .·
1217 2302 1279 2337 sed
1298 2302 1420 2337 statim
1442 2302 1557 2336 homo
1580 2309 1662 2348 post
1683 2312 1808 2348 pecca·

229 2363 308 2389 turn
329 2355 483 2401 indiguit
504 2356 715 2402 hujusmodi
731 2356 854 2391 salutis
877 2356 1062 2398 remedio;
1087 2367 1174 2402 ergo
1189 2356 1311 2390 statim
1327 2364 1410 2402 post
1424 2363 1615 2402 peccatum
1630 2354 1687 2390 lex
1705 2362 1806 2390 vetus
1858 2368 1865 2407 5*

231 2409 353 2443 debuit
374 2409 460 2443 dari.

302 2473 334 2499 2.
350 2463 586 2498 PRAETEREA.
601 2463 675 2498 Lex
690 2471 791 2498 vetus
804 2463 886 2497 data
902 2472 954 2498 est
968 2471 1115 2510 propter
1125 2463 1453 2498 sanctificationem
1465 2474 1605 2505 eorum,
1621 2474 1663 2497 ex
1678 2463 1805 2510 quibus
1840 2508 1842 2514 k

231 2516 397 2551 Christus
420 2517 622 2551 nasciturus
642 2526 735 2552 erat:
760 2517 820 2551 sed
837 2518 1008 2552 Abrahae
1024 2517 1159 2563 incepit
1174 2516 1249 2551 lieri
1264 2518 1458 2563 promissio
1479 2518 1521 2552 de
1541 2517 1692 2559 semine,
1707 2516 1803 2563 quod

229 2578 282 2605 est
309 2570 488 2613 Christus,
516 2579 553 2605 ut
579 2571 731 2605 habetur
759 2571 891 2605 Genes.
926 2581 994 2613 12.;
1023 2582 1109 2617 ergo
1138 2571 1259 2605 statim
1286 2579 1451 2618 tempore
1483 2570 1652 2606 Abrahae
1680 2570 1802 2606 debuit

230 2624 287 2658 lex
310 2625 396 2658 dari.

306 2690 333 2724 3.
356 2678 593 2713 Parin-frma.
610 2678 711 2712 Sicut
727 2678 893 2712 Christus
909 2690 982 2711 uon
999 2687 1051 2712 est
1066 2687 1170 2712 natus
1187 2690 1228 2713 ex
1245 2678 1322 2713 aliis
1338 2678 1638 2714 descendentibus
1654 2690 1696 2713 ex
1711 2678 1803 2720 Noe,

229 2732 298 2766 nisi
320 2744 362 2766 ex
385 2733 584 2775 Abraham,
601 2733 658 2766 6111
673 2732 766 2766 sacta
786 2740 838 2766 est
854 2733 1068 2778 prmuissim
1092 2733 1138 2766 113
1159 2732 1269 2766 6113111
1291 2743 1365 2767 11011
1385 2740 1438 2767 est
1452 2740 1557 2767 natus
1573 2744 1615 2767 ex
1631 2732 1708 2766 aliis
1723 2731 1802 2765 filiis

230 2786 412 2828 Abrahae,
428 2787 495 2821 nisi
511 2798 552 2820 ex
567 2787 697 2829 David,
714 2787 771 2820 cui
787 2795 839 2820 est
855 2786 1050 2831 promissio
1067 2794 1252 2829 renovata,
1264 2787 1464 2820 secundum
1477 2786 1564 2820 illud
1580 2796 1610 2820 2.
1627 2786 1715 2831 Reg.
1727 2795 1800 2831 23.:

230 2840 330 2874 Dixit
350 2841 419 2882 vir,
442 2842 496 2875 cni
518 2842 726 2875 soni-litum}
749 2845 791 2875 est
813 2840 848 2874 da
873 2839 1004 2874 Christo
1032 2841 1095 2874 Diei
1112 2840 1237 2884 suc-olm
1262 2851 1349 2886 ergo
1372 2839 1429 2874 lex
1455 2848 1557 2874 vetus
1584 2839 1705 2874 debuit
1727 2837 1801 2872 dari

230 2901 311 2938 post
332 2894 463 2936 David,
486 2894 577 2928 sicut
600 2894 680 2928 data
704 2902 757 2928 est
781 2902 861 2940 post
881 2893 1080 2927 Abraham.
