1907 3198
484 161 704 198 QUAESTIO
735 160 865 191 Lxxx.
900 159 1145 191 AR'l‘lCULUS
1179 159 1240 190 111.
1568 147 1646 202 581

157 245 218 280 Ao
251 253 423 279 τεκτιυΜ
457 243 664 284 dicendum,
698 242 796 290 quod
830 241 1126 289 concupiscentia
1164 241 1282 276 carnis
1310 249 1436 275 contra
1476 240 1655 287 spiritum,

85 298 231 346 quando
253 298 344 333 ratio
365 297 398 332 ei
424 296 612 332 actualiter
642 296 783 338 resistit,
810 307 884 330 non
907 303 960 330 est
981 304 1171 342 peccatum
1193 294 1255 329 sed
1283 294 1434 329 materia
1455 293 1655 328 exercenda

24 350 25 353 ’
85 351 242 394 virtutis3
263 351 361 399 quod
395 359 516 386 autem
543 350 635 385 ratio
654 350 686 385 ei
708 361 780 384 non
804 350 955 391 resistat,
989 360 1063 383 non
1093 357 1146 384 est
1176 349 1212 383 in
1234 356 1411 395 potestate
1441 347 1594 390 diaboli3
1621 355 1656 382 ct

86 405 169 442 ideo
189 416 264 440 non
286 412 406 452 potest
426 404 595 439 inducere
609 403 863 438 necessitatem
885 402 1035 450 peccati.

639 546 986 592 ARTICULUS
1024 546 1100 590 1v.
1585 566 1654 602 434

86 655 240 688 UTRUM
259 655 403 686 OMNIA
435 655 639 686 PECCATA
673 654 883 686 HOMINUM
916 654 1014 685 SINT
1042 654 1098 684 Ex
1125 653 1434 684 SUGGESTIONE
1461 652 1655 683 DIABOLI.

155 743 270 790 (Part.
294 755 324 779 1.
341 754 372 790 q.
390 743 441 791 63.
462 747 527 778 art.
553 754 584 779 2.
607 749 696 790 corp.
717 748 746 778 et
763 755 793 789 q.
816 754 886 788 114.
908 748 974 778 art.
997 754 1025 789 3.
1052 747 1081 776 et
1093 746 1183 789 part.
1199 753 1227 788 3.
1249 753 1279 788 q.
1301 742 1334 777 3.
1356 746 1420 776 art.
1443 752 1473 787 7.
1492 740 1535 775 ad
1551 752 1585 777 2.

669 802 699 832 et
725 797 809 832 Mal.
832 808 862 843 q.
878 808 906 843 3.
933 801 998 831 art.
1021 797 1080 842 5.).

152 887 214 924 AD
234 896 425 927 αυΑκτυκ
445 886 497 922 sic
519 885 736 933 proceditur.
757 885 919 928 Videtur,
934 885 1031 932 quod
1053 884 1179 920 omnia
1199 892 1348 931 peccata
1370 883 1565 919 hominum
1585 883 1659 918 sint

91 953 135 978 ex
154 941 391 989 suggestione
411 940 566 984 diaboli3
596 941 683 976 dicit
703 941 800 976 enim
823 941 977 988 Dionys.
1007 950 1041 984 4.
1072 951 1149 987 cap.
1173 940 1216 975 de
1244 939 1327 974 Div.
1350 939 1460 974 Nom.
1497 938 1602 987 (part.
1624 951 1658 983 4.

88 995 162 1032 lect.
181 997 267 1043 19.);
300 995 399 1042 quod
420 994 616 1030 multitudo
646 994 870 1030 daemonum
901 1005 1011 1030 causa
1033 1001 1087 1030 est
1119 993 1287 1029 omnium
1309 992 1494 1028 malorum
1523 1001 1560 1028 et
1579 992 1658 1034 sibi,

86 1056 123 1084 et
142 1048 234 1084 aliis.

158 1113 191 1139 2.
212 1102 451 1139 Puerum.
475 1101 710 1150 Quicumque
737 1110 864 1149 peccat
885 1101 1097 1144 mortaliter,
1120 1100 1275 1137 efficitur
1295 1111 1419 1136 servus
1440 1100 1588 1142 diaboli,
1610 1111 1661 1135 se·

88 1156 249 1193 cundum
269 1155 359 1192 illud
375 1156 480 1203 Joan.
499 1156 551 1191 8.:
575 1156 648 1201 Qui
660 1156 751 1202 facit
765 1160 951 1203 peccatum,
973 1167 1085 1191 servus
1105 1160 1148 1190 est
1169 1156 1298 1202 peccati
1309 1168 1319 1189 :
1341 1154 1403 1190 sed
1425 1156 1454 1189 ei
1479 1155 1600 1201 aliquis
1624 1156 1661 1188 in

81 1211 274 1248 servieram
297 1209 478 1253 addicitur,
504 1221 526 1244 α
542 1221 606 1256 quo
623 1215 669 1244 ese
694 1214 880 1257 superatus,
904 1217 943 1244 ut
964 1209 1094 1244 dicitur
1114 1219 1145 1244 2.
1168 1208 1245 1244 Pet.
1260 1218 1314 1251 2.;
1332 1219 1422 1254 ergo
1437 1208 1657 1255 quicumque

84 1263 171 1301 facit
189 1271 392 1312 peccatum,
412 1271 602 1311 superatus
619 1271 673 1298 est
695 1273 714 1297 a
736 1262 894 1298 diabolo.

152 1329 192 1366 3.
213 1317 452 1363 Puerum.
475 1316 677 1364 Gregorius
698 1316 786 1352 dicit
806 1317 883 1362 (lib.
904 1327 938 1361 4.
960 1316 1086 1352 Moral.
1109 1322 1182 1363 cap.
1204 1328 1256 1352 ιο.
1277 1327 1298 1351 a
1323 1315 1438 1360 med),
1461 1315 1558 1362 quod
1581 1326 1662 1363 pec·

91 1380 214 1408 catum
243 1370 379 1407 diaboli
393 1378 447 1406 est
466 1369 698 1418 irreparabile
711 1382 720 1413 ;
734 1370 818 1417 quia
833 1370 964 1405 cecidit
989 1369 1091 1405 nullo
1105 1377 1343 1416 suggerente;
1365 1369 1396 1404 si
1422 1369 1531 1416 igitur
1550 1369 1662 1416 aliqui

89 1425 260 1462 homines
291 1432 486 1473 peccarent
516 1435 582 1472 per
606 1423 761 1459 liberum
783 1424 982 1466 arbitrium,
1008 1423 1111 1459 nullo
1137 1431 1365 1470 suggerente,
1387 1434 1515 1458 eorum
1535 1435 1662 1469 pecca-

89 1487 168 1516 tum
189 1487 285 1515 esset
304 1477 587 1514 irremediabile:
609 1477 707 1525 quod
740 1486 838 1525 patet
868 1488 947 1512 esse
980 1477 1135 1520 falsum;
1157 1488 1246 1524 ergo
1273 1477 1398 1512 omnia
1421 1485 1572 1524 peccata
1598 1477 1663 1512 hu-

87 1543 198 1570 mana
217 1543 239 1568 a
259 1531 408 1568 diabolo
428 1539 682 1579 suggeruntur.

160 1585 236 1622 SED
257 1596 414 1622 coum
435 1593 500 1628 est,
513 1585 611 1632 quod
629 1585 760 1620 dicitur
778 1585 813 1620 in
835 1585 896 1620 lib.
911 1586 954 1620 de
975 1584 1242 1620 Ecclesiasticis
1255 1585 1488 1631 dogmatibus
1501 1586 1592 1633 (cap.
1605 1586 1661 1621 82.

88 1642 176 1677 inter
199 1646 252 1688 op.
273 1639 460 1687 August.).·
489 1640 573 1675 Non
605 1651 714 1675 omnes
739 1641 951 1685 cogitationes
981 1645 1110 1676 nostrae
1139 1640 1247 1675 malae
1273 1651 1294 1674 a
1311 1639 1442 1674 diabolo
1458 1641 1661 1683 excitantur,

87 1693 142 1730 sed
157 1694 328 1741 aliquoties
347 1705 388 1729 ex
412 1694 518 1728 nostri
543 1694 680 1728 arbilre'i
700 1699 790 1728 motu
813 1698 993 1738 emergunt.

159 1748 392 1784 RESPONDEO
413 1746 621 1789 dicendum,
643 1747 741 1794 quod
760 1747 1039 1782 occasionaliter
1061 1747 1220 1794 quidem,
1243 1755 1278 1782 et
1299 1747 1473 1782 indirecte
1495 1746 1662 1782 diabolus

89 1809 144 1838 est
159 1811 269 1837 causa
286 1801 454 1836 omnium
476 1808 712 1848 peccatorum
731 1808 954 1842 nostrorum,
965 1801 1180 1847 inquantum
1203 1801 1342 1835 induxit
1363 1801 1522 1848 primum
1544 1801 1661 1835 homi-

89 1866 177 1892 nem
197 1855 242 1891 ad
263 1855 504 1903 peccandum,
526 1865 569 1890 ex
591 1855 692 1900 cujus
718 1863 870 1901 peccato
892 1855 1072 1889 intantum
1093 1855 1218 1890 vitiata
1252 1863 1305 1890 est
1331 1855 1492 1890 humana
1522 1864 1662 1897 natura,

90 1918 130 1946 ut
149 1920 278 1945 omnes
299 1908 344 1944 ad
365 1908 593 1957 peccandum
608 1908 787 1956 proclives
809 1910 940 1943 simus:
964 1909 1057 1943 sicut
1082 1909 1112 1943 si
1137 1909 1317 1944 diceretur
1335 1920 1413 1944 esse
1435 1920 1543 1944 causa
1566 1921 1664 1944 com·

89 1963 267 2000 bustionis
286 1962 472 2010 lignorum
499 1962 560 2010 qui
578 1961 676 2009 ligna
699 1963 862 2004 siccaret,
885 1975 926 1997 ex
949 1973 1020 2010 quo
1048 1971 1269 2009 sequeretur,
1296 1963 1393 2009 quod
1417 1962 1521 1997 facile
1544 1963 1664 1998 incen-

91 2017 272 2054 derentur.
298 2016 447 2052 Directe
473 2024 595 2051 autem
617 2027 690 2050 non
719 2024 772 2051 est
799 2027 908 2051 causa
943 2016 1109 2051 omnium
1141 2024 1375 2062 peccatorum
1402 2016 1663 2059 humanorum,

90 2071 140 2108 ita
157 2070 255 2119 quod
275 2069 419 2117 singula
444 2077 594 2119 peccata
616 2070 840 2117 persuadeat.
878 2069 989 2111 Quod
1018 2069 1199 2115 Origenes
1221 2070 1295 2115 (lib.
1314 2082 1342 2116 3.
1369 2070 1500 2106 Periar.
1522 2077 1594 2117 cap.
1613 2071 1663 2116 2.)

91 2125 222 2174 probat
240 2135 284 2160 ex
300 2124 385 2167 hoc,
402 2123 487 2172 quia
509 2123 650 2159 etiamsi
673 2123 838 2158 diabolus
859 2135 933 2158 non
950 2132 1055 2166 essct,
1071 2123 1241 2159 homines
1263 2123 1438 2158 haberent
1465 2125 1663 2171 appetitum

92 2179 270 2221 ciborum,
290 2185 325 2214 et
345 2189 599 2220 venereorum,
620 2185 654 2212 et
675 2177 870 2215 similium:
894 2177 955 2224 qui
981 2186 1104 2225 posset
1137 2188 1216 2212 esse
1250 2177 1487 2220 inordinatus,
1516 2177 1584 2212 nisi
1614 2189 1665 2212 ra-

34 2276 40 2284 ,
90 2232 192 2269 tione
212 2231 450 2274 ordinaretur,
471 2231 568 2278 quod
591 2231 752 2276 subjacet
773 2230 886 2266 libero
909 2231 1067 2265 arbitrio.

165 2285 227 2323 AD
246 2295 398 2322 ntum(
423 2296 513 2332 ergo
535 2284 743 2327 dicendum,
767 2285 864 2331 quod
892 2284 1087 2320 multitudo
1121 2284 1346 2319 daemonum
1370 2293 1424 2320 est
1456 2296 1565 2320 causa
1590 2296 1667 2320 orn-

92 2339 195 2376 nium
215 2338 399 2376 malorum
419 2347 629 2375 nostrorum
664 2339 865 2374 secundum
900 2339 1056 2385 primam
1087 2339 1281 2385 originem,
1308 2347 1346 2374 ut
1371 2339 1509 2374 dictum
1535 2347 1590 2374 est
1610 2340 1664 2385 (in

36 2389 51 2410 '³
92 2399 187 2442 corp.
204 2392 304 2440 οτι).

164 2447 448 2484 Anszcunnux
469 2447 678 2488 dicendum,
703 2446 801 2493 quod
827 2457 902 2482 non
923 2446 1044 2482 solum
1080 2446 1119 2482 fit
1139 2457 1264 2482 servus
1287 2446 1451 2493 alicujus,
1471 2447 1531 2493 qui
1552 2447 1594 2481 ab
1617 2459 1662 2482 eo

93 2509 294 2550 superatur,
311 2501 374 2537 sed
395 2501 505 2536 etiam
527 2500 588 2547 qui
615 2499 648 2535 ei
674 2499 878 2535 voluntaria
911 2511 949 2536 se
979 2500 1141 2546 subjicit:
1172 2509 1207 2535 et
1233 2501 1305 2535 hoc
1337 2501 1450 2535 modo
1478 2501 1514 2535 fit
1540 2513 1664 2536 servus

77 2554 242 2600 diaboli,
262 2554 326 2603 qui
345 2562 448 2591 motu
474 2555 622 2602 proprio
644 2562 782 2601 peccat.

166 2608 228 2645 AD
247 2618 420 2646 τεκτιυκ
446 2608 654 2650 dicendum,
679 2608 776 2654 quod
799 2616 989 2654 peccatum
1017 2608 1153 2643 diaboli
1178 2607 1244 2643 suit
1276 2609 1559 2650 irremediabile;
1581 2609 1664 2656 quia

94 2673 162 2699 nec
183 2662 308 2710 aliquo
327 2670 544 2710 suggerente
566 2661 741 2708 peccavit,
762 2672 830 2696 nec
862 2661 986 2697 habuit
1016 2662 1175 2709 aliquam
1204 2663 1421 2709 pronitatem
1450 2663 1492 2697 ad
1516 2674 1667 2709 peccan-

95 2716 185 2753 dum
211 2726 255 2752 ex
275 2715 506 2764 praecedenti
534 2716 768 2763 suggestione
790 2723 995 2758 causatam;
1017 2717 1115 2762 quod
1137 2716 1180 2752 de
1203 2716 1306 2751 nullo
1329 2717 1488 2751 hominis
1511 2725 1663 2763 peccato

97 2769 170 2806 dici
189 2777 319 2818 potest.

241 2957 271 2986 S.
291 2957 415 2986 ΤΙοιΑι
437 2957 541 2986 sna-aa
569 2957 730 2992 mentoque.
754 2957 817 2984 Vol.
842 2957 879 2984 Η.
1493 2965 1521 2992 5⁸
