1907 3198
2 2062 14 2155 ,ῶν-τυ
4 2031 5 2038 ⁴

488 137 712 174 QUAESTIO
746 137 837 167 XIII.
871 137 1119 167 ARTICULUS
1152 137 1212 166 111.
1566 139 1644 181 117

68 223 229 258 ctionem
251 229 388 256 rectam
410 219 496 254 facit
516 219 646 254 virtus:
670 230 923 266 quaecumque
951 227 1072 254 autem
1096 218 1191 253 illius
1210 218 1324 265 gratia
1347 227 1430 254 nata
1449 227 1531 254 sunt
1557 219 1645 262 ficri,

67 289 142 312 non
164 284 246 311 sunt
266 274 418 317 virtutis,
440 273 502 308 sed
523 273 668 308 alterius
686 273 886 320 potentiae:
910 272 999 308 illud
1022 281 1155 315 autem,
1179 274 1280 319 cujus
1303 273 1418 319 gratia
1443 272 1481 308 fit
1499 272 1646 320 aliquid,

69 338 122 366 est
142 330 240 365 finis:
262 340 349 375 ergo
372 327 504 363 electio
527 336 579 362 est
597 327 689 362 finis.

139 395 171 419 2.
194 384 431 421 PRAETEREA.
454 381 595 416 Electio
614 382 788 428 importat
806 381 1148 428 praeacceptionem
1168 381 1274 415 unius
1293 389 1459 427 respectu
1480 380 1644 416 alterius:

68 437 131 473 sed
153 437 246 473 sicut
264 447 393 471 eorum
415 447 507 482 quae
529 443 612 470 sunt
630 436 673 469 ad
696 435 818 477 finem,
841 447 954 469 unum
977 443 1096 482 potest
1110 435 1317 482 praeaccipi
1339 434 1453 476 alteri,
1472 435 1520 470 ita
1535 435 1645 470 etiam

68 492 296 527 diversorum
320 489 466 532 finium;
489 501 577 536 ergo
601 489 732 524 electio
756 497 875 536 potest
897 501 974 524 esse
997 489 1089 532 finis,
1111 490 1205 524 sicut
1227 498 1262 524 ct
1279 489 1426 524 illorum
1450 501 1542 536 quae
1564 498 1647 524 sunt

70 545 115 580 ad
133 545 255 580 finem.

140 599 216 634 SED
239 608 395 634 CONTRA
417 604 481 640 est,
503 597 601 644 quod
624 597 761 632 Philos.
781 597 868 632 dicit
894 597 929 631 in
956 609 984 644 3.
1013 597 1130 632 Ethic.
1153 599 1240 645 (cap.
1270 598 1332 643 2),
1352 597 1450 645 quod
1478 597 1647 632 voluntas

68 660 122 689 est
142 652 242 695 finis;
260 651 392 687 electio
415 660 537 686 autem
560 662 688 686 eorum
712 663 805 698 quae
826 660 909 686 sunt
931 652 974 685 ad
997 651 1119 686 finem.

137 706 370 742 RESPONDEO
390 705 598 748 dicendum,
621 705 731 752 quod,
752 705 846 740 sicut
867 706 940 751 jam
963 705 1103 740 dictum
1122 713 1176 740 est
1202 705 1284 751 (art.
1307 717 1334 740 ι.
1362 706 1431 752 huj.
1459 717 1489 752 q.
1516 705 1559 740 ad
1584 706 1647 752 2.),

68 759 200 796 electio
221 759 456 806 consequitur
477 759 707 801 sententiam,
728 758 786 794 vel
805 759 992 805 judicium,
1015 759 1111 806 quod
1135 767 1188 794 est
1209 759 1302 794 sicut
1328 759 1518 795 conclusio
1541 759 1650 807 syllo-

68 813 176 861 gismi
197 813 394 861 operativi;
417 812 512 848 unde
535 813 622 848 illud
642 813 739 848 cadit
759 813 824 848 sub
848 812 1040 856 electione,
1067 814 1166 860 quod
1194 824 1230 848 se
1257 814 1368 848 habet
1393 822 1432 848 ut
1458 814 1647 849 conclusio

66 868 103 903 in
121 866 339 915 syllogismo
362 866 620 914 operabilium:
637 867 716 902 finis
735 875 857 902 autem
876 867 911 902 in
928 867 1172 914 operabilibus
1187 878 1224 902 se
1240 867 1350 902 habet
1364 875 1403 902 ut
1416 868 1647 915 principium,

69 929 104 957 et
124 933 200 956 non
222 929 260 956 ut
282 920 484 964 conclusio,
508 929 546 956 ut
567 920 704 956 Philos.
733 921 820 956 dicit
841 922 877 956 in
905 931 935 957 2.
963 921 1110 969 Physic.
1134 922 1214 967 (tax.
1242 923 1336 968 89.);
1361 923 1455 957 unde
1478 922 1570 965 finis,
1597 923 1647 957 in-

67 983 243 1024 quantum
265 984 320 1011 est
344 975 568 1022 hujusmodi,
594 987 669 1011 non
697 975 793 1010 cadit
819 976 884 1010 sub
911 975 1103 1010 electione.
1132 975 1204 1011 Sed
1231 976 1325 1011 sicut
1350 977 1388 1011 in
1414 977 1648 1024 speculativis

66 1029 159 1065 nihil
183 1029 362 1078 prohibet,
387 1029 423 1064 id
450 1029 548 1077 quod
575 1038 629 1065 est
643 1030 748 1065 unius
774 1030 1110 1073 demonstrationis,
1137 1030 1196 1078 vel
1222 1030 1394 1065 scientiae
1416 1031 1645 1078 principium,

67 1095 146 1119 esse
171 1083 452 1120 conclusionem
482 1083 629 1119 alterius
656 1084 991 1126 demonstrationis,
1019 1083 1079 1119 vel
1111 1084 1306 1127 scientiae3
1337 1084 1498 1131 primum
1524 1093 1648 1120 tamen

67 1137 287 1186 principium
316 1137 640 1173 indemonstrabile
673 1149 748 1172 non
775 1146 895 1184 potest
921 1149 999 1172 esse
1027 1138 1217 1175 conclusio
1245 1138 1397 1185 alicujus
1424 1139 1650 1174 demonstra-

72 1191 194 1234 tionis,
214 1191 274 1226 vel
302 1191 492 1226 scientiae:
524 1191 573 1226 ita
595 1191 705 1226 etiarn
728 1192 920 1238 contingit,
950 1192 985 1226 id
1008 1192 1105 1239 quod
1134 1201 1188 1227 est
1209 1193 1244 1227 in
1276 1205 1348 1227 una
1370 1193 1584 1240 operatione
1611 1201 1650 1228 ut

67 1245 161 1289 finis,
181 1245 338 1281 ordinati
356 1245 400 1280 ad
419 1245 554 1292 aliquid
578 1253 617 1280 ut
639 1245 683 1280 ad
704 1245 834 1280 finem:
858 1253 893 1280 et
907 1245 979 1280 hoc
996 1246 1109 1280 modo
1131 1246 1196 1281 sub
1219 1246 1399 1282 electione
1422 1247 1536 1282 cadit:
1556 1247 1649 1282 sicut

68 1299 106 1335 in
124 1299 337 1347 operatione
364 1299 498 1334 medici
519 1299 654 1334 sanitas
676 1311 714 1334 se
739 1299 850 1335 habet
875 1308 914 1334 ut
936 1299 1036 1343 finis;
1058 1300 1153 1335 unde
1176 1300 1248 1335 hoc
1271 1312 1346 1335 non
1369 1301 1465 1335 cadit
1486 1302 1550 1336 sub
1579 1301 1648 1336 ele-

69 1353 191 1389 ctione
212 1353 358 1396 medici,
384 1353 447 1388 sed
464 1353 537 1388 hoc
564 1354 737 1401 supponit
762 1362 951 1401 tamquam
973 1354 1213 1401 principium:
1242 1354 1304 1389 sed
1327 1355 1462 1390 sanitas
1484 1355 1648 1402 corporis

67 1407 254 1443 ordinatur
276 1407 320 1442 ad
340 1407 481 1442 bonum
503 1407 668 1451 animac3
691 1407 786 1442 unde
809 1408 903 1455 apud
930 1419 1026 1446 eum,
1054 1408 1116 1455 qui
1141 1408 1251 1443 habet
1278 1420 1404 1443 curam
1431 1409 1475 1443 de
1503 1410 1647 1444 animae

66 1461 195 1506 salute,
216 1469 336 1510 potest
357 1462 421 1497 sub
441 1461 621 1498 electione
637 1462 766 1497 cadere
789 1473 867 1497 esse
885 1474 1028 1505 sanum,
1042 1462 1101 1498 vel
1120 1474 1197 1498 esse
1212 1462 1410 1498 infirmum.
1432 1463 1530 1498 Nam
1550 1464 1649 1510 Apo-

66 1516 181 1553 stolus
203 1516 290 1552 dicit
310 1526 343 1552 2.
366 1516 411 1551 ad
434 1515 602 1552 Corinth.
623 1526 691 1551 12.:
709 1516 797 1552 Cum
811 1518 900 1552 enim
915 1517 1084 1561 infirmor,
1105 1521 1303 1565 luncpotans
1316 1529 1408 1553 sum:
1424 1518 1486 1553 sed
1498 1518 1648 1553 ultimus

66 1570 147 1606 finis
167 1569 270 1606 nullo
291 1570 406 1606 modo
428 1570 492 1606 sub
515 1570 696 1606 electione
719 1571 826 1605 cadit.

139 1624 200 1660 AD
226 1635 378 1660 PRIMUM
405 1635 494 1671 ergo
521 1623 728 1667 dicendum,
757 1624 854 1671 quod
882 1624 970 1659 fines
997 1624 1134 1672 proprii
1160 1626 1336 1660 virtutum
1363 1625 1577 1661 ordinantur
1603 1625 1647 1660 ad

66 1678 340 1722 beatitudinem,
358 1679 452 1714 sicut
466 1679 510 1713 ad
525 1678 695 1713 ultimum
710 1679 837 1714 finem:
854 1687 890 1714 et
909 1679 982 1714 hoc
1003 1679 1116 1714 modo
1130 1687 1250 1726 potest
1266 1691 1344 1715 esse
1359 1691 1488 1715 eorum
1503 1679 1646 1716 electio.

139 1733 200 1768 AD
227 1743 437 1769 SECUNDUM
464 1733 673 1776 dicendum,
700 1733 810 1780 quod,
838 1733 931 1768 sicut
957 1745 1065 1780 supra
1091 1734 1257 1768 habitum
1285 1742 1338 1769 est
1363 1736 1409 1781 (q.
1444 1747 1471 1770 1.
1499 1740 1562 1770 art.
1585 1735 1645 1782 5.)‚

67 1786 216 1823 ultimus
237 1786 318 1822 finis
340 1795 393 1822 est
414 1798 508 1822 unus
529 1794 688 1829 tantum,
711 1787 807 1822 unde
830 1787 1052 1834 ubicumque
1075 1796 1273 1823 occurrunt
1295 1788 1416 1836 plures
1438 1789 1538 1832 fines,
1555 1789 1647 1824 inter

66 1853 130 1877 eos
151 1849 273 1889 potest
292 1852 371 1877 esse
393 1840 538 1885 electio,
560 1841 763 1876 secundum
785 1841 884 1889 quod
907 1842 1120 1877 ordinantur
1142 1842 1186 1877 ad
1209 1841 1380 1878 ultimum
1402 1843 1524 1878 finem.

623 1984 974 2030 ARthuLus
1009 1986 1085 2029 IV.
1600 1999 1645 2045 78

105 2095 260 2127 UTRUM
285 2094 480 2126 ELECTIO
507 2095 573 2124 SIT
601 2094 791 2125 TANTUM
816 2095 983 2135 EORUM,
1015 2095 1135 2131 QUAE
1163 2096 1242 2126 PER
1268 2095 1350 2127 NOS
1379 2096 1604 2127 AGUNTUR.

664 2183 770 2231 (Infr.
793 2188 857 2219 art.
876 2195 904 2231 5.
927 2185 1048 2232 corp).

137 2274 198 2310 AD
220 2283 411 2314 QUARTUM
426 2273 477 2309 sic
492 2273 711 2321 proceditur.
734 2273 899 2318 Videtur,
921 2275 1018 2321 quod
1035 2274 1166 2309 electio
1181 2285 1256 2309 non
1272 2274 1317 2310 sit
1338 2274 1460 2309 solum
1478 2283 1645 2322 respectu

65 2328 315 2364 humanorum
342 2336 507 2362 actuum:
535 2327 666 2363 electio
694 2328 793 2362 enim
820 2337 874 2363 est
900 2340 1028 2364 eorum
1056 2340 1148 2376 quae
1176 2337 1260 2364 sunt
1286 2328 1329 2363 acl
1357 2329 1487 2372 finem;
1514 2329 1576 2364 sed
1604 2341 1646 2364 ea

66 2393 159 2430 quae
180 2389 264 2417 sunt
285 2382 329 2417 ad
351 2381 474 2425 finem,
495 2393 569 2417 non
593 2381 714 2416 solum
737 2390 819 2417 sunt
846 2391 958 2425 actus,
986 2383 1048 2418 sed
1071 2383 1181 2418 ctiam
1209 2394 1359 2430 organa,
1386 2391 1425 2418 ut
1451 2383 1582 2418 dicitur
1608 2383 1645 2418 in

66 2446 99 2472 2.
113 2437 224 2484 Phys.
241 2436 318 2482 (tex.
329 2437 386 2482 84.
399 2441 428 2472 et
440 2436 541 2483 seq.);
558 2447 646 2484 ergo
661 2435 859 2472 electiones
874 2448 948 2472 non
963 2445 1046 2472 sunt
1058 2445 1200 2472 tantum
1215 2437 1464 2472 humanorum
1479 2446 1638 2472 actuum.

138 2500 170 2526 2.
189 2490 428 2527 PRAETEREA.
452 2491 562 2525 Actio
585 2502 605 2525 a
628 2490 941 2538 contemplatione
964 2491 1212 2538 distinguitur:
1236 2492 1298 2526 sed
1322 2491 1454 2526 electio
1476 2492 1586 2526 etiam
1609 2491 1643 2526 in

65 2544 376 2593 contemplatione
391 2545 515 2580 locum
533 2544 654 2587 habet,
669 2554 776 2592 prout
790 2545 928 2580 scilicet
943 2557 1014 2580 una
1033 2545 1158 2593 opinio
1174 2545 1274 2580 alteri
1291 2545 1540 2592 praeeligitur;
1555 2557 1644 2592 crgo

66 2599 198 2634 electio
219 2610 294 2634 non
316 2607 370 2634 est
391 2599 513 2634 solum
535 2599 782 2634 humanorum
806 2607 966 2634 actuum.

141 2665 171 2700 3.
198 2653 437 2688 PRAETEREA.
468 2652 661 2699 Eliguntur
690 2653 860 2688 homines
890 2654 932 2688 ad
963 2653 1082 2701 aliqua
1111 2653 1230 2688 officia
1263 2653 1320 2688 vel
1348 2653 1560 2696 saecularia,
1587 2653 1645 2688 vel

67 2706 314 2743 ecclesiastica
342 2707 384 2741 ab
412 2707 480 2750 his,
507 2707 568 2754 qui
593 2706 685 2742 nihil
711 2719 797 2754 erga
819 2719 882 2742 eos
910 2717 1040 2755 agunt;
1067 2719 1155 2755 ergo
1184 2707 1315 2743 electio
1342 2719 1416 2742 non
1443 2707 1564 2742 solum
1592 2716 1646 2742 est

65 2761 314 2797 humanorum
338 2769 498 2796 actuum.

138 2815 214 2851 SED
229 2825 385 2852 CONTRA
407 2823 472 2858 est,
493 2815 591 2862 quod
605 2814 854 2863 Philosophus
869 2815 956 2851 dicit
977 2816 1013 2850 in
1032 2827 1060 2863 3.
1082 2816 1198 2851 Ethic.
1223 2819 1310 2863 (cap.
1336 2816 1394 2860 2.),
1411 2815 1508 2863 quod
1523 2814 1644 2850 nullus

67 2868 179 2918 eligit,
200 2869 270 2905 nisi
290 2880 346 2913 ea,
367 2880 460 2917 quae
481 2869 664 2905 existimat
685 2869 761 2905 fieri
780 2882 843 2917 per
864 2870 995 2917 ipsum.

210 2952 238 2980 S.
260 2952 384 2980 ΤιιοκΑε
406 2946 512 2980 Summa
537 2952 699 2990 Theologica.
723 2953 787 2980 Vol.
811 2953 847 2980 11.
1480 2962 1496 2986 ⁴)
