1907 3198
493 201 720 238 QUAEsrto
754 200 888 230 xxxv.
923 199 1171 230 ARthutus
1204 199 1266 228 111.
1579 188 1662 242 265

157 296 190 322 2.
223 285 462 321 PRAETERE&
494 285 621 320 Unum
651 284 921 319 contrariorum
947 295 1022 318 non
1050 283 1265 317 denominat
1292 281 1406 316 aliud:
1433 282 1495 316 sed
1523 281 1559 316 in
1594 282 1669 328 qui-

84 340 239 376 busdam
248 340 324 387 ipse
335 339 453 382 dolor,
463 339 522 374 vel
532 339 675 374 tristitia
690 347 743 374 est
757 338 998 373 delectabilis:
1019 337 1112 372 sicut
1126 337 1282 383 August.
1297 336 1385 370 dicit
1399 336 1434 370 in
1452 347 1481 382 3.
1497 335 1667 371 Confess.

87 395 174 442 (cap.
188 406 220 430 2.
235 396 270 429 in
285 394 416 441 princ.)
436 394 534 440 quod
552 394 648 428 dolor
666 395 700 428 in
717 393 908 440 spectaculis
929 392 1076 427 delestat.
1101 391 1144 425 Et
1161 402 1192 434 4.
1211 390 1380 425 Confess.
1397 390 1528 437 (sap.)·.
1544 391 1578 424 in
1605 392 1666 436 m.)

85 449 182 492 dicit,
203 448 301 496 quod
314 449 414 495 fletus
435 460 555 483 amara
586 461 635 483 res
655 453 712 491 cst,
739 453 767 483 et
797 453 906 482 tamen
936 446 1132 493 quandoque
1159 445 1315 486 delectam
1345 456 1434 491 ergo
1461 443 1568 479 dolor
1593 455 1668 478 non

85 503 326 538 contrariatur
344 502 591 537 delectationi.

159 567 189 603 3.
205 556 446 592 PRAETEREA.
469 556 596 591 Unum
619 556 890 591 contrariorum
915 566 991 589 non
1018 562 1073 589 est
1099 554 1252 588 materia
1280 553 1445 595 alterius;
1474 553 1559 599 quia
1585 564 1671 587 con-

84 610 195 646 traria
214 610 326 646 simul
347 621 426 646 esse
447 622 523 645 non
545 619 715 658 possunt:
741 610 805 645 sed
832 609 939 644 dolor
964 616 1086 656 potest
1112 620 1191 643 esse
1219 608 1371 642 materia
1398 607 1667 642 delectationis:

84 664 171 700 dicit
190 664 290 699 enim
312 664 468 712 August.
493 665 529 699 in
551 665 611 699 lib.
635 665 678 699 de
700 664 843 699 Poenit.
866 664 955 711 (cap.
978 675 1022 710 13.
1046 664 1080 697 in
1090 663 1188 710 fin.):
1206 662 1342 709 Semper
1356 663 1526 709 poenitens
1547 661 1667 704 doleat,

82 723 112 754 ei
130 718 169 754 de
188 718 302 754 dolore
319 718 482 765 gaudeat;
508 727 544 753 et
563 718 813 766 Philosophus
835 718 923 752 dicit
943 718 980 752 in
1002 729 1034 765 9.
1058 717 1140 752 Eth.
1164 716 1252 764 (cap.
1274 728 1307 762 4.
1326 728 1411 751 vers.
1425 716 1520 762 fin),
1535 716 1633 762 quod
1649 727 1669 750 e

83 783 265 808 converso
286 773 396 808 malus
415 773 500 808 dolet
520 785 556 808 eo
579 773 665 819 quod
685 773 861 808 delectatus
881 777 946 813 est,·
970 782 1059 818 ergo
1082 771 1290 813 delectatio,
1313 778 1347 805 et
1368 769 1476 804 dolor
1495 781 1572 804 non
1586 778 1670 804 sunt

83 827 277 862 contraria.

155 881 232 917 SED
255 891 413 917 CONTRA
435 889 500 924 est,
522 881 620 928 quod
642 881 870 927 Augustinus
893 880 980 916 dicit
1005 890 1057 923 14.
1077 879 1121 914 de
1137 879 1218 915 Civ.
1233 879 1305 914 Dei
1321 879 1410 926 (cap.
1426 878 1666 926 6.1'npr1'nc.),

81 935 181 983 quod
195 934 333 971 laetitia
351 943 405 971 est
420 935 592 970 voluntas
606 935 643 969 in
658 946 788 970 eorum
804 935 1060 976 consensione,
1075 945 1167 981 quae
1181 933 1373 968 volumus:
1388 933 1530 968 tristitia
1546 941 1668 967 autem

81 997 137 1025 est
155 989 326 1025 voluntas
348 990 387 1024 'm
408 989 636 1025 dissensione
660 989 703 1023 ab
725 989 794 1031 his,
817 1000 910 1036 quae
931 988 1125 1024 volumus:
1150 988 1212 1023 sed
1234 987 1453 1030 consentire,
1476 995 1511 1022 et
1537 987 1670 1022 dissen-

79 1044 148 1079 tire
167 1052 253 1079 sunt
274 1044 474 1087 contraria;
497 1055 587 1091 ergo
608 1043 757 1086 laetitia,
780 1052 816 1078 et
835 1044 979 1078 tristitia
1001 1052 1085 1078 sunt
1107 1043 1300 1077 contraria.

153 1098 388 1134 stponnno
410 1099 618 1141 dicendum,
641 1099 751 1145 quod,
774 1099 868 1133 sicut
889 1098 1028 1132 Philos.
1048 1098 1135 1132 dicit
1157 1108 1209 1132 10.
1224 1097 1386 1144 Metaph.
1405 1097 1481 1140 (tex.
1497 1109 1540 1143 13.
1556 1101 1584 1131 et
1598 1096 1668 1141 14.)

79 1154 319 1188 contrarietas
332 1161 389 1188 est
400 1152 604 1188 differentia
625 1153 829 1188 secundum
849 1152 1027 1188 formam:
1047 1151 1168 1186 forma
1190 1160 1324 1193 autem,
1344 1163 1408 1186 seu
1430 1151 1571 1198 species
1590 1161 1669 1197 pas-

79 1207 206 1250 sionis,
227 1214 264 1242 et
284 1214 407 1242 motus
428 1209 584 1242 sumitur
605 1218 649 1242 ex
671 1207 830 1253 objecto,
848 1207 907 1242 vel
928 1207 1108 1249 termino,
1130 1206 1226 1240 unde
1242 1217 1327 1240 cum
1350 1206 1494 1252 objecta
1514 1205 1669 1240 delecta—

79 1261 202 1304 tionis,
223 1269 260 1296 et
275 1261 451 1305 tristitiae,
473 1273 538 1297 seu
553 1261 691 1296 doloris
705 1262 778 1296 sint
795 1262 998 1304 contraria;
1021 1260 1176 1296 scilicet:
1190 1260 1330 1294 bonum
1346 1271 1529 1306 praesens,
1545 1267 1581 1294 et
1596 1271 1670 1294 ma-

80 1316 159 1351 lum
183 1327 366 1363 praesens,
390 1317 552 1363 sequitur,
570 1316 658 1363 quod
683 1316 790 1359 dolor,
812 1321 843 1351 et
863 1315 1032 1351 delectatio
1053 1317 1119 1350 sint
1140 1317 1325 1351 contraria.

152 1371 215 1406 AD
228 1381 381 1407 PRmtJM
402 1382 491 1418 ergo
506 1371 716 1414 dicendum,
738 1371 836 1418 quod
851 1370 944 1405 nihil
965 1371 1146 1418 prohibet,
1166 1382 1279 1405 unum
1296 1370 1564 1405 contrariorum
1589 1381 1667 1404 esse

81 1436 232 1460 causam
258 1424 406 1460 alterius
431 1437 496 1472 per
521 1425 711 1460 accidens:
735 1426 786 1460 sic
815 1434 940 1460 autem
966 1425 1110 1460 tristitia
1132 1433 1253 1472 potest
1273 1436 1351 1460 esse
1379 1436 1489 1459 causa
1516 1424 1670 1458 delecta-

79 1479 201 1515 tionis.
230 1480 304 1515 Uno
325 1480 474 1527 quidem
501 1480 609 1523 modo,
632 1480 850 1527 inquantum
871 1480 1016 1514 tristitia
1030 1480 1074 1515 de
1097 1480 1259 1515 absentia
1278 1479 1431 1525 alicujus
1457 1479 1520 1522 rei,
1541 1478 1602 1514 vel
1623 1479 1667 1513 de

79 1533 286 1581 praesentia
307 1534 482 1569 contrarii
505 1534 762 1569 vehementius
784 1534 927 1581 quaerit
946 1534 995 1577 id,
1017 1534 1054 1568 in
1077 1546 1150 1581 quo
1178 1534 1395 1569 delectetur:
1424 1534 1517 1569 sicut
1543 1534 1667 1568 sitiens

79 1588 335 1624 vehementius
347 1589 492 1636 quaerit
504 1588 790 1624 delectationem
804 1597 925 1636 potus,
939 1597 978 1623 ut
991 1589 1197 1623 remedium
1208 1597 1336 1623 contra
1349 1588 1544 1630 tristitiam,
1556 1600 1667 1635 quam

80 1642 225 1690 patitur.
244 1643 324 1678 Alio
345 1642 456 1686 modo,
475 1643 694 1690 inquantum
716 1654 759 1678 ex
781 1654 918 1689 magno
941 1643 1122 1678 desiderio
1145 1642 1398 1678 delectationis
1421 1642 1573 1688 alicujus
1591 1653 1667 1677 non

80 1703 226 1732 recusat
255 1696 385 1744 aliquis
410 1697 572 1732 tristitias
600 1696 770 1744 perferre,
800 1705 840 1732 ut
866 1697 910 1732 ad
944 1697 1047 1732 illam
1077 1697 1364 1732 delectationem
1392 1697 1600 1744 perveniat:
1633 1705 1668 1731 et

79 1758 235 1798 utroque
256 1751 372 1786 modo
392 1750 512 1787 luctus
533 1763 706 1799 praesens
727 1751 773 1786 ad
795 1751 1092 1786 consolationem
1112 1751 1254 1786 futurae
1268 1752 1364 1786 vitae
1379 1752 1562 1798 perducit:
1582 1751 1667 1798 quia

76 1815 125 1840 ex
137 1805 211 1840 hoc
225 1805 306 1852 ipso
321 1805 420 1852 quod
433 1806 550 1841 homo
565 1805 668 1852 luget
681 1817 748 1852 pro
770 1806 942 1853 peccatis,
965 1805 1026 1841 vel
1047 1817 1114 1852 pro
1137 1805 1312 1841 dilatione
1334 1805 1485 1852 gloriae,
1508 1813 1668 1840 meretur

80 1858 376 1895 consolationem
398 1868 605 1896 aeternam:
627 1859 795 1895 similiter
815 1867 976 1895 meretur
998 1860 1108 1895 etiam
1130 1871 1213 1895 eam
1239 1860 1369 1907 aliquis
1396 1872 1440 1895 ex
1460 1860 1546 1902 hoc,
1569 1860 1667 1907 quod

80 1913 128 1948 ad
147 1913 268 1960 ipsam
290 1914 592 1962 consequendam
613 1926 689 1950 non
711 1913 842 1962 refugit
863 1914 1020 1957 labores,
1043 1922 1079 1949 et
1100 1915 1285 1962 angustias
1307 1923 1456 1962 propter
1474 1915 1591 1962 ipsam
1613 1926 1668 1949 su-

82 1967 228 2004 stinere.

151 2022 215 2058 An
235 2032 447 2058 SECUNDUM
467 2022 677 2066 dicendum,
698 2022 798 2070 quod
819 2021 926 2058 dolor
947 2023 1024 2070 ipse
1039 2031 1160 2070 potest
1180 2034 1259 2058 esse
1280 2022 1507 2058 delectabilis
1529 2034 1593 2070 per
1611 2034 1667 2058 ac-

80 2077 217 2121 cidens,
236 2077 454 2125 inquantum
475 2077 615 2114 scilicet
628 2078 739 2113 habet
757 2078 967 2124 adjunctam
990 2077 1286 2121 admirationem,
1308 2086 1347 2112 ut
1370 2078 1407 2112 in
1429 2077 1663 2124 spectaculis:

81 2131 143 2168 vel
170 2132 386 2180 inquantum
412 2131 501 2168 facit
528 2133 827 2168 recordationem
853 2132 906 2167 rei
932 2140 1088 2175 amatae,
1111 2140 1146 2167 et
1171 2132 1258 2167 facit
1282 2132 1470 2180 percipere
1498 2143 1665 2167 amorem

83 2187 173 2233 ejus,
190 2186 235 2222 de
256 2188 359 2234 cujus
379 2187 544 2222 absentia
561 2187 724 2222 doletur:
743 2187 839 2222 unde
862 2198 947 2222 cum
974 2198 1078 2222 amor
1104 2187 1150 2222 sit
1174 2186 1411 2229 delectabilis,
1433 2194 1469 2221 et
1489 2186 1608 2229 dolor,
1631 2194 1666 2221 et

82 2242 221 2284 omnia,
240 2252 335 2289 quae
356 2252 400 2276 ex
425 2252 554 2277 amore
575 2249 861 2288 consequuntur,
882 2241 1101 2288 inquantum
1126 2241 1164 2275 in
1191 2241 1242 2276 eis
1264 2241 1417 2277 sentitur
1443 2252 1560 2283 amor,
1582 2249 1666 2275 sunt

81 2293 330 2338 delectabilia,
352 2303 388 2331 et
407 2304 556 2343 propter
580 2296 654 2331 hoc
677 2296 788 2330 etiam
814 2295 962 2330 dolores
989 2297 1025 2330 in
1052 2295 1270 2342 spectaculis
1291 2303 1444 2343 possunt
1470 2306 1549 2330 esse
1572 2294 1666 2330 dele-

82 2348 244 2394 etabiles,
269 2349 488 2397 inquantum
513 2350 551 2384 'm
579 2351 630 2385 eis
657 2350 808 2385 sentitur
835 2350 964 2397 aliquis
991 2361 1097 2385 amor
1118 2358 1318 2397 conceptus
1346 2350 1390 2384 ad
1416 2348 1512 2392 illos,
1540 2350 1601 2396 qui
1627 2349 1663 2383 in

81 2403 298 2450 spectaculis
319 2412 670 2439 commemorantur.

153 2457 214 2493 AD
240 2468 414 2494 TERTIUM
440 2458 650 2500 dicendum,
678 2457 778 2505 quod
804 2457 986 2501 voluntas,
1013 2467 1048 2493 et
1075 2459 1168 2493 ratio
1190 2470 1300 2506 supra
1330 2469 1416 2493 suos
1444 2466 1544 2492 actus
1565 2457 1666 2492 refle-

82 2517 240 2557 ctuntur,
259 2513 476 2560 inquantum
498 2513 567 2560 ipsi
589 2521 691 2547 actus
711 2512 922 2555 voluntatis,
949 2521 985 2548 et
1010 2514 1161 2548 rationis
1189 2514 1416 2560 accipiuntur
1437 2513 1501 2547 sub
1523 2512 1664 2547 ratione

83 2564 183 2609 boni,
202 2565 263 2602 vel
282 2566 394 2602 mali:
417 2575 453 2602 et
474 2567 547 2602 hoc
569 2567 684 2602 modo
705 2567 849 2602 tristitia
868 2576 988 2614 potest
1011 2579 1089 2603 esse
1108 2568 1259 2603 materia
1278 2567 1544 2609 delectationis,
1565 2566 1625 2601 vel
1645 2578 1664 2600 e

84 2630 275 2665 converso,
295 2633 371 2657 non
395 2633 461 2669 per
481 2633 533 2664 se,
555 2622 618 2656 sed
643 2633 707 2668 per
734 2622 921 2658 accidens:
945 2624 1161 2670 inquantum
1187 2622 1327 2658 scilicet
1353 2630 1546 2668 utrumque
1575 2622 1665 2656 acci-

82 2675 179 2720 pitur
192 2675 231 2711 in
251 2676 392 2712 ratione
412 2676 512 2719 boni,
532 2675 592 2711 vel
609 2676 708 2711 mali.
