1907 3198
482 169 703 205 QUAESTIO
736 168 853 200 XLVI.
886 168 1135 199 ARTICULUS
1168 168 1262 198 VIII.
1576 169 1656 212 331

613 341 962 387 ARTICULUS
991 341 1116 384 VIII.
1594 341 1661 386 253

254 450 410 482 UTRUM
445 451 790 483 CONVENIENTER
822 451 1125 481 ASSIGNENTUR
1161 450 1334 480 SPECIES
1368 451 1479 482 IRAE.

674 541 757 587 (2-2.
781 553 810 588 q.
834 552 899 588 157.
922 545 987 576 art.
1002 541 1061 587 5.).

146 631 207 667 AD
223 641 412 667 OCTAVUM
427 633 478 666 sic
494 632 712 678 proceditur.
728 631 892 674 Videtur,
908 630 1006 678 quod
1020 631 1130 665 Dam.
1147 630 1222 676 (lib.
1237 641 1269 666 2.
1291 630 1391 666 Orth.
1405 630 1481 667 Fid.
1501 639 1572 681 cap.
1592 635 1662 680 16.)

74 685 375 721 inconvenienter
397 687 556 733 assignet
575 692 637 722 tres
658 688 797 733 species
816 686 908 728 irae3
931 685 1069 720 scilicet
1083 685 1143 732 fel,
1164 687 1330 728 maniam,
1349 687 1568 732 etfzcrorem:
1588 689 1666 723 nul-

74 739 144 774 lius
165 740 264 774 enim
285 741 430 786 generis
451 741 590 787 species
610 740 898 775 diversificantur
916 740 1117 775 secundum
1137 739 1286 786 aliquod
1305 740 1491 775 accidens:
1515 742 1577 777 sed
1596 743 1664 778 ista

73 793 142 828 tria
163 793 452 829 diversificantur
473 795 676 829 secundum
699 795 847 842 aliquod
870 794 1058 829 accidens:
1082 794 1300 841 principium
1324 795 1423 829 enim
1445 805 1567 831 motus
1588 797 1663 832 irae

67 848 119 895 sel
139 856 311 883 vocatur:
327 849 379 882 ira
395 857 518 883 autem
537 861 756 896 permanens
777 849 908 884 dicitur
926 850 1064 884 mania:
1084 848 1185 883 furor
1201 856 1324 883 autem
1344 857 1397 884 est
1414 851 1469 885 ira
1487 853 1665 887 observans

74 907 201 949 tempus
221 903 257 937 in
279 902 465 938 vindictam
475 916 488 945 ‚·
512 914 600 950 ergo
623 915 698 938 non
721 912 804 938 sunt
822 903 985 938 diversae
1008 905 1146 948 species
1167 904 1252 938 irae.

147 966 179 991 2.
206 956 446 992 PRAETEREA.
475 957 620 993 Tullius
642 958 678 992 in
699 968 732 1001 4.
757 958 800 992 de
825 957 1046 992 Tusculanis
1071 957 1160 998 QQ.
1184 958 1324 1004 (parum
1346 963 1421 994 ante
1441 959 1540 1006 med.)
1566 960 1664 1003 dicit,

73 1011 171 1058 quod
192 1011 458 1047 excandescentia
483 1024 599 1059 graece
625 1012 750 1048 dicitur
775 1013 906 1059 θυμός,
932 1017 963 1047 et
987 1017 1030 1047 est
1056 1013 1111 1046 ira
1133 1012 1229 1046 modo
1251 1024 1397 1055 nascens,
1416 1018 1446 1048 et
1468 1014 1564 1048 modo
1584 1015 1665 1049 desi-

71 1071 176 1101 stens:
197 1067 318 1113 θυμὸς
341 1075 463 1101 autem
483 1066 685 1101 secundum
700 1067 809 1100 Dam.
831 1067 914 1111 (loc.
938 1067 1009 1112 cit.)
1031 1075 1084 1100 est
1101 1066 1211 1108 idem,
1227 1067 1326 1113 quod
1344 1066 1464 1111 furor;
1484 1079 1558 1103 non
1575 1080 1663 1115 ergo

71 1119 172 1155 furor
193 1129 337 1167 tempus
360 1122 502 1168 quaerit
523 1121 567 1156 ad
589 1122 802 1163 vindictam,
826 1122 888 1156 sed
911 1129 1078 1168 tempore
1100 1121 1232 1155 deficit.

146 1185 176 1222 3.
198 1175 438 1210 PRAETEREA.
463 1175 618 1222 Gregor.
642 1186 697 1210 21.
720 1175 919 1210 Moralium
942 1177 1032 1222 (cap.
1055 1187 1088 1221 4.
1111 1177 1173 1210 cir.
1195 1175 1294 1219 med.)
1317 1177 1420 1222 ponit
1437 1185 1509 1212 tres
1529 1178 1663 1224 gradus

71 1228 167 1272 irae3
189 1229 329 1264 scilicet
350 1230 442 1264 iram
461 1230 538 1264 sine
556 1241 661 1272 voce,
681 1238 716 1264 et
733 1230 826 1264 iram
846 1241 931 1264 cum
949 1241 1053 1272 voce,
1073 1237 1108 1264 et
1125 1230 1217 1264 iram
1238 1242 1322 1264 cum
1344 1231 1456 1266 verbo
1479 1244 1662 1279 expresso,

72 1283 275 1318 secundum
298 1283 360 1318 illa
382 1285 462 1326 tria,
486 1295 578 1330 quae
606 1284 790 1318 Dominus
818 1284 921 1330 ponit
947 1284 1076 1318 Matth.
1109 1294 1157 1329 5.:
1188 1285 1259 1329 Qui
1285 1286 1444 1320 irascitur
1465 1286 1571 1330 fratri
1590 1299 1662 1329 suo,

73 1337 135 1372 ubi
155 1338 316 1384 tangitur
332 1338 386 1372 ira
404 1338 481 1372 sine
499 1349 612 1381 voce;
631 1346 666 1372 et
684 1346 812 1384 postea
830 1337 968 1372 subdit:
993 1339 1065 1382 Qui
1082 1338 1206 1373 dixerit
1226 1339 1333 1381 fratri
1357 1351 1416 1374 suo
1429 1353 1439 1374 .·
1462 1341 1579 1383 racha,
1602 1341 1663 1375 ubi

72 1392 233 1438 tangitur
258 1393 312 1427 ira
338 1403 423 1426 cum
449 1403 554 1435 voce,
582 1392 645 1427 sed
672 1392 832 1427 necdum
859 1391 968 1438 pleno
995 1392 1107 1427 verbo
1135 1391 1311 1428 formata:
1341 1401 1376 1428 et
1402 1403 1530 1440 postea
1552 1395 1661 1429 dicit:

73 1446 144 1491 Qui
161 1451 273 1481 autem
291 1445 416 1482 dixerit
425 1447 536 1493 fratri
552 1447 755 1494 szco:sat1ca,
772 1447 832 1480 ubi
847 1445 1010 1492 expletur
1024 1458 1095 1480 vox
1110 1446 1335 1493 perfectione
1353 1449 1534 1484 sermonis
1549 1461 1557 1492 ;
1573 1460 1661 1496 ergo

72 1499 332 1535 insufficienter
350 1500 471 1535 divisit
491 1500 665 1535 Damasc.
688 1501 793 1544 iram,
815 1500 908 1535 nihil
928 1512 1069 1547 ponens
1092 1512 1134 1535 ex
1152 1510 1254 1548 parte
1276 1503 1389 1537 vocis.

143 1554 220 1590 SED
243 1565 400 1590 CONTRA
422 1563 478 1590 est
495 1555 693 1590 auctoritas
711 1555 947 1597 Damasceni,
967 1563 1002 1589 et
1021 1555 1194 1601 Gregorii
1207 1556 1367 1603 Nysseni
1387 1557 1454 1601 (vel
1467 1558 1585 1593 Nemes
1604 1558 1660 1593 lib.

71 1607 110 1644 de
131 1609 212 1644 Nat.
234 1609 339 1644 Hom.
362 1615 434 1655 cap.
457 1609 537 1655 21.).

141 1662 375 1698 RESPONDEO
394 1663 603 1707 dicendum,
623 1664 721 1710 quod
740 1669 801 1699 tres
814 1665 930 1711 species
947 1665 1031 1706 irae,
1050 1676 1140 1710 quas
1162 1665 1335 1700 Damasc.
1359 1667 1473 1711 ponit,
1493 1674 1528 1701 et
1550 1668 1660 1701 etiam

71 1715 182 1764 Greg.
213 1717 320 1764 Nyss.
352 1726 544 1753 sumuntur
570 1718 775 1754 secundum
797 1730 851 1761 ea,
879 1730 972 1765 quae
1003 1718 1090 1753 dant
1115 1719 1190 1753 irae
1221 1719 1368 1766 aliquod
1405 1729 1658 1766 augmentum.

71 1771 184 1814 Quod
207 1772 357 1819 quidem
379 1772 559 1819 contingit
578 1772 784 1819 tripliciter:
808 1785 874 1807 uno
893 1773 990 1808 modo
1013 1784 1056 1807 ex
1078 1773 1251 1808 facilitate
1272 1774 1333 1819 [al.
1346 1775 1524 1821 facultate]
1548 1775 1660 1821 ipsius

69 1834 212 1869 motus;
235 1834 270 1861 et
290 1825 404 1862 talem
429 1826 523 1861 iram
549 1835 659 1862 vocat
673 1828 735 1873 fel,
757 1827 842 1873 quia
865 1827 937 1861 cito
961 1827 1188 1861 accenditur:
1213 1829 1279 1862 alio
1298 1828 1395 1863 modo
1415 1840 1457 1863 ex
1480 1837 1580 1875 parte
1602 1830 1661 1863 tri-

69 1880 186 1916 stitiae
209 1881 392 1916 causantis
414 1882 518 1924 iram,
542 1893 634 1928 quae
658 1882 717 1916 diu
740 1882 777 1915 in
800 1881 981 1916 memoria
1004 1890 1147 1923 manet3
1170 1890 1205 1916 et
1226 1883 1318 1916 haec
1341 1883 1498 1928 pertinet
1520 1883 1564 1917 ad
1591 1895 1659 1918 ma-

67 1936 174 1978 niam,
190 1946 282 1982 quae
298 1947 318 1970 a
332 1935 517 1970 manendo
533 1935 683 1970 dicitur:
700 1937 797 1971 tertio
813 1947 855 1970 ex
877 1944 977 1982 parte
1000 1937 1088 1981 ejus,
1108 1936 1206 1982 quod
1221 1936 1332 1971 iratus
1349 1937 1496 1983 appetit,
1519 1937 1659 1972 scilicet

68 1991 269 2026 vindictae:
293 1999 328 2025 et
348 1991 440 2025 haec
463 1990 619 2037 pertinet
641 1990 685 2025 ad
699 1991 870 2037 furorem,
890 1990 951 2037 qui
969 2002 1172 2037 numquam
1192 1991 1356 2037 quiescit,
1376 1992 1493 2026 donec
1512 1992 1656 2038 puniat;

69 2045 164 2080 unde
190 2044 285 2080 Phil.
308 2045 346 2080 in
367 2055 399 2088 4.
423 2045 504 2080 Eth.
533 2046 624 2092 (cap.
641 2046 687 2091 5.)
716 2045 897 2092 quosdam
923 2045 1159 2079 irascentium
1185 2054 1296 2080 vocat
1321 2051 1443 2088 acutos,
1472 2046 1556 2092 quia
1584 2046 1656 2081 cito

67 2099 289 2136 irascuntur:
321 2099 502 2146 quosdam
524 2111 671 2141 amaros,
690 2099 774 2146 quia
796 2099 856 2134 diu
878 2099 1034 2134 retinent
1054 2099 1166 2134 iram:
1189 2100 1370 2146 quosdam
1392 2100 1548 2148 difficiles,
1572 2101 1656 2147 quia

67 2165 271 2201 numquam
293 2154 496 2201 quiescunt,
518 2154 588 2188 nisi
609 2154 770 2200 puniant.

139 2208 200 2243 AD
221 2219 374 2244 PRIMUM
395 2219 484 2255 ergo
499 2208 708 2250 dicendum,
724 2208 822 2254 quod
841 2209 967 2243 omnia
988 2207 1062 2250 illa,
1080 2220 1144 2254 per
1163 2220 1255 2255 quae
1278 2209 1330 2243 ira
1352 2209 1480 2255 recipit
1494 2208 1654 2256 aliquam

69 2262 343 2310 perfectionem,
369 2274 445 2297 non
473 2262 627 2297 omnino
655 2274 718 2308 per
745 2262 914 2296 accidens
941 2273 978 2296 se
1005 2262 1141 2297 habent
1168 2263 1212 2297 ad
1238 2263 1350 2297 iram:
1379 2272 1414 2298 et
1446 2263 1529 2298 ideo
1563 2263 1655 2298 nihil

67 2317 246 2364 prohibet,
267 2316 471 2352 secundum
494 2328 536 2351 ea
558 2316 698 2363 specics
719 2316 794 2350 irae
817 2316 1004 2362 assignari.

139 2371 200 2406 AD
222 2381 432 2407 SECUNDUM
455 2371 664 2413 dicendum,
687 2370 785 2416 quod
804 2370 1082 2414 excandescentia,
1105 2382 1216 2417 quarn
1237 2370 1380 2406 Tullius
1402 2372 1516 2417 ponit,
1536 2371 1654 2418 magis

68 2425 209 2461 videtur
229 2426 409 2473 pertinere
433 2425 476 2460 ad
499 2425 656 2471 primam
683 2426 843 2471 speciem
870 2425 956 2467 irae,
979 2436 1070 2472 quae
1093 2425 1277 2472 perficitur
1298 2426 1501 2460 secundum
1522 2425 1655 2460 veloci-

67 2487 180 2515 tatem
200 2480 287 2523 irae,
309 2491 420 2527 quam
444 2479 488 2514 ad
510 2478 688 2514 furorem:
716 2478 808 2513 nihil
831 2487 953 2514 autem
980 2480 1159 2526 prohibet,
1183 2488 1221 2514 ut
1246 2481 1366 2527 θυμὸς
1388 2492 1531 2526 graece,
1554 2480 1653 2527 quod

67 2532 177 2569 latine
183 2534 290 2581 furor
299 2534 441 2576 dicitur,
457 2541 650 2579 utrumque
666 2533 849 2580 importet,
865 2542 900 2568 et
913 2533 1148 2568 velocitatem
1165 2534 1209 2568 ad
1228 2534 1473 2576 irascendum,
1493 2542 1528 2568 et
1545 2534 1654 2568 firmi-

67 2593 180 2622 tatem
196 2588 374 2635 propositi
384 2587 427 2622 ad
439 2587 676 2634 puniendum.

139 2642 200 2677 AD
222 2652 395 2678 TERTIUM
417 2641 626 2683 dicendum,
645 2641 743 2687 quod
766 2642 898 2688 gradus
917 2642 969 2677 illi
991 2642 1065 2677 irae
1088 2642 1359 2689 distinguuntur
1382 2642 1582 2676 secundum
1607 2641 1654 2677 ef-

68 2693 204 2731 fectum
224 2696 311 2739 irae,
332 2707 408 2731 non
430 2703 552 2730 autem
575 2695 777 2730 secundum
796 2696 978 2731 diversam
1001 2696 1266 2743 perfectionem
1285 2697 1397 2743 ipsius
1419 2704 1542 2731 motus
1564 2697 1650 2731 irae.
