1875 3198
203 129 289 214 5³36
613 169 831 206 QUAEsrio
864 169 1009 198 Lxxtv.
1043 169 1288 199 AthcULus
1319 170 1360 199 v.

201 255 306 296 vires,
327 264 471 300 semper
490 253 688 299 imputatur
711 251 800 286 eiad
819 259 1030 298 peccatum;
1054 251 1137 297 quia
1154 251 1239 285 huic
1256 251 1412 286 defectui
1433 263 1624 287 occurrere
1645 259 1764 299 potest

201 319 264 354 per
285 308 471 354 proprium
494 315 626 341 actum.

272 362 332 395 AD
359 371 566 395 SECUNDUM
594 359 800 401 dicendum,
830 359 938 405 quod,
966 358 1058 393 sicut
1079 369 1185 404 supra
1215 359 1352 393 dictum
1375 367 1427 393 est
1459 359 1505 405 (q.
1533 370 1583 406 17.
1614 364 1677 394 art.
1703 358 1765 404 L),

203 426 286 449 cum
302 415 344 448 de
364 415 500 448 actibus
522 414 729 455 voluntatis,
745 421 779 447 et
799 413 947 452 rationis
965 421 1141 458 ageretur,
1154 412 1322 447 voluntas
1339 413 1614 460 quodammodo
1629 421 1766 456 movet,

202 476 237 502 et
257 468 440 514 praecedit
461 468 651 509 rationem,
675 475 709 501 et
730 467 820 500 ratio
837 466 1112 512 quodammodo
1135 466 1372 509 voluntatem,
1394 467 1489 501 unde
1509 475 1543 502 et
1563 475 1685 502 motus
1707 478 1768 501 vo-

200 521 348 556 luntatis
369 522 440 555 dici
462 529 579 567 potest
600 520 798 561 rationalis,
819 528 853 554 et
875 528 974 554 actus
993 520 1142 554 rationis
1163 528 1282 566 potest
1303 520 1374 554 dici
1393 520 1638 563 voluntarius,
1661 528 1696 555 et
1717 532 1768 555 se—

203 575 362 609 cundum
383 575 454 608 hoc
477 576 512 608 in
534 574 674 608 ratione
692 574 871 607 invenitur
885 581 1088 620 peccatum,
1107 574 1159 607 val
1172 581 1278 620 prout
1299 582 1353 609 est
1374 573 1535 609 defectus
1554 575 1630 621 ejus
1643 573 1768 609 volun-

202 629 324 671 tarius,
345 629 396 663 vel
416 637 522 675 prout
548 629 638 662 ratio
662 636 716 662 est
737 627 954 674 principium
974 634 1073 661 actus
1095 627 1302 662 voluntatis.

274 684 334 718 AD
358 693 529 718 TERTIUM
551 690 647 728 patet
669 682 858 728 responsio
881 693 923 716 ex
945 681 1048 715 dictis
1070 681 1128 726 (ad
1148 694 1175 716 1.
1195 682 1295 728 arg).

765 841 1110 888 ARTICULUS
1142 842 1219 885 VI.
1700 863 1768 897 402

274 965 427 996 UTRUM
453 965 693 995 PECCATUM
716 964 923 994 MOROSAE
950 963 1306 994 DELECTATIONIS
1334 963 1402 993 SIT
1423 964 1469 994 IN
1490 963 1697 994 RATIONE.

206 1066 308 1112 (Infr.
332 1078 361 1112 q.
381 1066 435 1101 88.
456 1070 518 1099 art.
533 1077 562 1112 5.
583 1065 624 1100 ad
642 1076 673 1100 2.
695 1069 724 1099 et
741 1076 771 1099 2.
792 1065 880 1100 Dist.
903 1075 957 1109 24.
980 1077 1010 1110 q.
1025 1076 1053 1111 3.
1077 1069 1140 1099 art.
1159 1075 1191 1109 4.
1219 1069 1247 1099 et
1275 1064 1361 1099 Veri.
1388 1075 1418 1110 q.
1437 1075 1481 1110 15.
1500 1068 1563 1098 art.
1589 1074 1623 1108 4.
1651 1063 1770 1110 corp).

276 1167 335 1200 AD
351 1176 502 1201 SEXTUM
526 1166 574 1200 sic
590 1165 807 1212 proceditur.
823 1165 986 1207 Videtur,
1009 1165 1105 1212 quod
1124 1173 1317 1212 peccatum
1335 1175 1506 1199 morosae
1521 1163 1771 1199 delectationis

205 1232 279 1254 non
301 1220 345 1254 sit
367 1220 402 1253 in
429 1220 588 1254 ratione:
612 1219 805 1254 delectatio
828 1219 925 1254 enim
951 1220 1125 1266 importat
1150 1228 1293 1254 motum
1322 1219 1536 1266 appetitivae
1556 1219 1708 1262 virtutis,
1735 1227 1773 1254 ut

205 1285 311 1320 supra
334 1273 471 1307 dictum
493 1282 547 1308 est
567 1273 612 1320 (q.
631 1286 676 1320 31.
697 1279 759 1309 art.
784 1274 851 1318 1.):
867 1274 928 1307 sed
950 1274 1002 1307 vis
1018 1274 1212 1320 appetitiva
1231 1274 1460 1320 distinguitur
1475 1285 1494 1307 a
1508 1273 1659 1316 ratione,
1681 1285 1772 1320 quae

207 1337 260 1362 est
279 1328 332 1362 vis
356 1327 635 1374 apprehensiva3
659 1339 746 1373 ergo
769 1326 960 1362 delectatio
983 1339 1132 1362 morosa
1153 1339 1227 1362 non
1250 1336 1303 1362 est
1323 1328 1359 1362 in
1381 1327 1533 1362 ratione.

278 1392 309 1415 2.
340 1381 576 1416 PRAETEREA.
605 1381 656 1415 Ex
679 1381 829 1426 objectis
861 1382 1037 1427 cognosci
1063 1390 1192 1428 potest,
1221 1382 1264 1415 ad
1300 1393 1409 1428 quam
1439 1381 1641 1428 potentiam
1672 1389 1772 1415 actus

207 1436 393 1482 pertineat,
416 1447 479 1481 per
501 1446 609 1481 quem
631 1435 792 1481 potentia
814 1435 999 1469 ordinatur
1022 1435 1065 1469 ad
1088 1436 1290 1481 objectum:
1314 1435 1376 1470 sed
1395 1434 1587 1470 delectatio
1610 1435 1770 1482 quando-

207 1501 276 1536 que
299 1497 351 1523 est
373 1500 520 1523 morosa
544 1489 638 1523 circa
661 1489 756 1523 bona
778 1488 971 1530 sensibilia,
995 1497 1029 1523 et
1054 1501 1128 1523 non
1151 1490 1246 1523 circa
1270 1489 1366 1524 bona
1389 1489 1557 1531 rationis;
1580 1500 1668 1535 ergo
1695 1500 1776 1536 pec-

208 1552 330 1577 catum
352 1543 602 1577 delectationis
625 1554 793 1576 morosae
814 1554 887 1576 non
911 1551 963 1577 est
984 1543 1019 1576 in
1042 1543 1192 1577 ratione.

282 1609 309 1643 3.
332 1597 568 1631 PRAETEREA.
591 1597 782 1630 Morosum
805 1597 933 1630 dicitur
956 1596 1089 1643 aliquid
1112 1605 1259 1643 propter
1289 1596 1561 1631 diuturnitatem
1578 1595 1768 1643 temporis:

207 1651 268 1685 sed
289 1651 501 1684 diuturnitas
515 1651 688 1696 temporis
707 1662 781 1684 non
797 1659 849 1684 est
864 1650 967 1691 ratio,
987 1651 1083 1696 quod
1101 1650 1227 1696 aliquis
1244 1659 1343 1685 actus
1358 1650 1536 1696 pertineat
1554 1650 1597 1684 ad
1617 1649 1775 1696 aliquam

207 1704 427 1752 potentiam3
451 1715 536 1750 ergo
560 1704 752 1738 delectatio
777 1715 924 1737 morosa
945 1715 1019 1737 non
1042 1704 1196 1750 pertinet
1219 1704 1262 1738 ad
1283 1705 1475 1738 rationem.

279 1758 353 1793 SED
376 1769 531 1792 CONTRA
555 1766 618 1799 est,
640 1758 736 1804 quod
758 1758 911 1803 August.
929 1758 1013 1792 dicit
1032 1767 1082 1791 12.
1103 1758 1146 1792 de
1166 1757 1266 1791 Trin.
1289 1758 1376 1805 (cap.
1393 1769 1442 1792 12.
1459 1762 1532 1792 ante
1546 1757 1661 1803 med),
1677 1756 1775 1804 quod

208 1824 406 1847 consensus
422 1812 612 1846 illecebrae
628 1813 657 1846 si
671 1812 748 1845 sola
771 1812 992 1858 cogitatione
1016 1812 1266 1846 delectationis
1289 1820 1480 1847 contentus
1499 1820 1562 1854 est,
1578 1812 1627 1847 sic
1646 1812 1779 1846 haben-

207 1867 291 1900 dum
327 1866 506 1907 existimo,
534 1866 631 1900 velut
659 1866 778 1900 cibum
804 1866 956 1900 vetitum
983 1865 1113 1900 mulier
1140 1865 1217 1900 sola
1246 1866 1462 1900 comederit:
1497 1877 1560 1912 per
1586 1865 1777 1900 mulierem

208 1929 329 1954 autem
351 1920 562 1965 intelligitur
592 1920 682 1953 ratio
712 1919 870 1961 inferior,
902 1919 996 1969 sicut
1022 1919 1156 1953 ibidem
1186 1920 1262 1966 ipse
1293 1920 1459 1965 exponit3
1479 1930 1565 1966 ergo
1587 1927 1777 1965 peccatum

208 1985 379 2008 morosae
403 1973 653 2008 delectationis
675 1981 728 2007 est
749 1973 783 2006 in
808 1975 957 2007 ratione.

279 2028 508 2062 Regiam-Deo
537 2027 742 2069 dicendum,
770 2027 878 2073 quod,
901 2027 992 2061 sicut
1012 2028 1084 2072 jam
1108 2027 1245 2062 dictum
1261 2035 1313 2062 est
1329 2027 1409 2073 (art.
1422 2026 1566 2074 praec),
1586 2034 1778 2073 peccatum

210 2082 387 2127 contingit
405 2092 482 2115 esse
505 2081 540 2115 in
563 2081 715 2123 ratione,
730 2092 804 2115 non
824 2080 944 2115 solum
964 2089 1139 2126 quantum
1163 2082 1204 2115 ad
1227 2082 1413 2128 proprium
1435 2081 1547 2127 ipsius
1568 2088 1702 2123 actum,
1717 2079 1778 2115 sed

209 2135 438 2182 quandoque,
456 2135 671 2181 inquantum
691 2142 742 2168 est
763 2135 934 2169 directiva
956 2135 1203 2168 humanorum
1223 2142 1380 2169 actuum.
1400 2133 1633 2168 Manifestum
1653 2142 1706 2168 est
1723 2145 1780 2168 au-

208 2198 294 2231 tem,
317 2189 414 2235 quod
437 2189 526 2222 ratio
549 2200 622 2222 non
645 2188 764 2222 solum
788 2197 841 2223 est
863 2189 1037 2222 directiva
1056 2189 1276 2223 exteriorum
1299 2196 1458 2230 actuum,
1479 2188 1541 2223 sed
1563 2188 1674 2222 etiam
1694 2188 1780 2223 inte-

209 2244 347 2277 riorum
370 2243 602 2289 passionumg
632 2250 666 2276 et
699 2242 793 2284 ideo,
826 2242 971 2288 quando
1006 2242 1125 2277 deficit
1158 2243 1249 2276 ratio
1280 2243 1315 2276 in
1347 2242 1543 2276 directione
1567 2241 1779 2276 interiorum

210 2297 433 2344 passionum,
457 2296 586 2330 dicitur
609 2307 686 2330 esse
710 2304 901 2342 peccatum
928 2296 964 2329 in
991 2298 1149 2338 ratione3
1172 2297 1265 2330 sicut
1291 2296 1400 2330 etiam
1427 2295 1572 2342 quando
1599 2295 1718 2330 deficit
1744 2295 1780 2329 in

210 2351 410 2386 directione
433 2350 653 2384 exteriorum
677 2358 834 2384 actuum.
863 2349 997 2384 Deficit
1023 2358 1144 2384 autem
1175 2350 1210 2383 in
1239 2350 1437 2384 directione
1463 2349 1674 2396 passionum
1696 2349 1782 2383 inte-

210 2406 346 2440 riorum
374 2405 567 2451 dupliciter:
589 2416 652 2438 uno
673 2405 779 2445 modo,
800 2404 945 2450 quando
968 2404 1122 2450 imperat
1143 2404 1285 2438 illicitas
1305 2405 1509 2451 passiones:
1529 2403 1622 2438 sicut
1635 2403 1780 2450 quando

209 2460 324 2493 honio
353 2470 394 2493 ex
421 2458 679 2492 deliberatione
707 2466 883 2504 provocat
910 2458 975 2491 sibi
1003 2466 1144 2492 motum
1167 2459 1252 2499 irae,
1274 2457 1333 2492 vel
1355 2457 1692 2504 concupiscentiae:
1713 2457 1780 2491 alio

212 2513 317 2554 morlo,
346 2512 490 2558 quando
526 2523 600 2545 non
627 2512 789 2558 reprimit
815 2512 981 2545 illicitum
1010 2512 1187 2558 passionis
1222 2520 1383 2547 motum:
1411 2512 1504 2546 sicut
1530 2523 1612 2545 cum
1640 2510 1780 2557 aliquis,

210 2575 401 2614 postquam
426 2565 646 2607 deliberavit,
666 2565 761 2611 quod
782 2574 902 2599 motus
921 2565 1098 2612 passionis
1121 2567 1309 2611 insurgens
1332 2573 1385 2600 est
1402 2565 1638 2607 inordinatus,
1653 2563 1782 2598 nihilo-

211 2622 328 2654 minus
352 2620 446 2654 circa
474 2619 590 2665 ipsum
620 2619 845 2659 immoratur,
875 2627 908 2653 ct
935 2619 1052 2665 ipsum
1075 2630 1148 2652 non
1172 2618 1334 2665 expellit,
1357 2627 1392 2654 et
1413 2619 1614 2654 secundum
1639 2618 1711 2652 hoc
1734 2617 1782 2652 di-

213 2675 302 2708 citur
324 2681 515 2720 peccatum
539 2672 789 2707 delectationis
812 2684 982 2707 morosae
1005 2684 1082 2707 csse
1100 2673 1136 2706 in
1155 2673 1305 2707 ratione.

283 2728 342 2761 AD
369 2737 517 2762 PRIMUM
541 2738 626 2772 ergo
650 2727 855 2768 dicendum,
879 2727 975 2772 quod
998 2726 1190 2761 delectatio
1213 2727 1359 2773 quidem
1387 2734 1440 2761 est
1461 2726 1497 2760 in
1518 2726 1553 2760 vi
1575 2725 1780 2773 appetitiva,

213 2782 303 2816 sicut
325 2781 359 2814 in
383 2781 548 2827 proximo
571 2780 766 2827 principio;
789 2780 850 2814 sed
874 2780 907 2814 in
931 2781 1069 2814 ratione
1092 2789 1155 2822 est,
1178 2782 1269 2814 sicut
1291 2780 1326 2814 in
1349 2780 1467 2827 primo
1485 2780 1638 2822 motivo,
1657 2791 1780 2814 secun-

213 2836 298 2869 dum
330 2836 399 2869 hoc
432 2835 528 2881 quod
563 2846 667 2881 supra
698 2835 833 2869 dictum
857 2842 909 2868 est
940 2834 1152 2880 (art.1.l111j.
1179 2836 1234 2880 (22),
1256 2834 1352 2880 quod
1380 2835 1552 2876 actiones,
1582 2845 1674 2880 quae
1707 2844 1781 2867 non

213 2897 398 2923 transeunt
421 2889 455 2922 in
479 2889 693 2923 exteriorem
716 2888 918 2930 materiam,
941 2896 1022 2922 sunt
1044 2888 1135 2922 sicut
1157 2889 1191 2922 in
1213 2888 1376 2933 subjecto
1394 2887 1430 2922 in
1449 2889 1520 2922 suis
1538 2887 1732 2934 principiis.
