1907 3182
262 155 344 209 362
703 166 923 202 QUAESTIO
957 166 1012 196 LI.
1046 166 1290 196 ARTICULUS
1323 166 1380 196 IV.

259 246 352 280 bitus
380 254 523 292 oportet
549 257 626 280 esse
653 247 945 293 proportionatos
973 246 1016 288 ei,
1044 246 1087 280 ad
1113 246 1210 292 quod
1244 246 1359 280 homo
1394 246 1593 292 disponitur
1622 246 1823 280 secundum

260 300 369 346 ipsos,
390 300 473 334 ideo
495 311 644 334 necesse
665 309 728 342 est,
751 301 847 346 quod
870 301 978 333 etiam
1000 299 1143 334 habitus
1166 300 1209 333 ad
1231 299 1442 345 hujusmodi
1462 299 1572 333 finem
1591 299 1824 345 disponentes

261 353 436 388 excedant
451 353 661 387 facultatem
679 354 861 387 humanae
881 361 1049 394 naturae3
1071 353 1166 386 unde
1184 351 1274 387 tales
1292 352 1435 386 habitus
1453 363 1655 398 numquam
1674 360 1826 397 possunt

259 407 403 440 homini
422 406 551 447 inesse,
574 407 642 440 nisi
664 417 706 440 ex
727 405 906 440 infusione
930 406 1066 448 divina3
1089 405 1181 439 sicut
1203 413 1257 439 est
1278 406 1321 439 de
1344 406 1512 439 omnibus
1535 405 1698 451 gratuitis
1718 405 1826 438 virtu-

259 460 363 494 tibus.
390 460 472 494 Alz'a
497 460 588 493 ratio
616 468 678 501 est,
705 459 787 505 quia
814 459 913 492 Deus
940 466 1059 504 potest
1083 458 1284 504 producere
1313 457 1461 493 effectus
1490 469 1680 492 causarum
1702 469 1826 492 secun-

260 513 388 546 darum
403 513 535 558 absque
553 512 639 558 ipsis
659 512 776 546 causis
791 511 969 553 secundis,
985 519 1022 546 ut
1043 513 1078 545 in
1101 522 1129 545 1.
1152 511 1289 545 dictum
1312 519 1366 545 est
1388 511 1435 557 (q.
1455 523 1523 557 105.
1551 516 1615 546 art.
1637 510 1711 555 6.):
1734 510 1826 545 sicut

260 565 368 611 igitur
389 565 605 611 quandoque
628 565 671 598 ad
690 564 937 598 ostensionem
956 575 1041 598 suae
1059 563 1199 597 virtutis
1221 563 1387 609 producit
1404 564 1596 598 sanitatem
1615 563 1749 609 absque
1767 574 1827 596 na-

259 618 367 653 turali
388 629 507 659 causa,
530 628 621 663 quae
642 625 765 651 tamen
787 628 850 662 per
870 625 1038 650 naturam
1064 624 1186 662 posset
1211 615 1368 650 causari:
1396 618 1444 650 ita
1471 616 1582 651 etiam
1608 615 1824 662 quandoque

261 671 304 705 ad
328 670 589 705 ostendendam
610 681 714 704 suam
736 670 905 704 virtutem
928 669 1082 703 infundit
1102 669 1245 703 homini
1270 668 1352 703 illos
1379 669 1488 704 etiarn
1513 669 1668 711 habitus,
1687 669 1748 715 qui
1767 680 1828 703 na-

259 723 366 759 turali
391 725 520 758 virtute
542 730 692 769 possunt
713 724 870 757 causari:
893 723 985 756 sicut
1006 722 1195 768 Apostolis
1217 722 1313 756 dedit
1334 722 1524 756 scientiam
1546 722 1826 768 Scripturarum,

261 786 296 812 et
322 777 488 811 omnium
513 776 730 822 linguarum,
757 788 866 822 quam
892 776 1061 810 homines
1088 787 1151 822 per
1173 775 1343 817 studium,
1370 774 1429 809 vel
1450 775 1751 810 consuetudinem
1772 786 1828 809 ac-

261 831 402 877 quirere
424 838 584 876 possunt,
606 829 691 863 licet
711 841 786 863 non
806 829 856 864 ita
877 828 1046 875 perfecte.

330 884 390 918 AD
412 893 561 918 PRIMUM
584 894 671 928 ergo
694 882 900 924 dicendum,
916 882 1013 928 quod
1027 882 1127 915 Deus
1141 889 1317 927 quantum
1332 881 1375 915 ad
1390 892 1495 915 suam
1511 889 1680 915 naturam
1695 891 1822 927 aequa-

260 936 341 970 liter
358 948 394 970 se
416 935 525 969 habet
539 935 582 969 ad
602 947 751 978 omnes3
773 935 835 969 sed
853 935 1055 969 secundum
1074 934 1240 968 ordinem
1258 945 1345 968 suae
1364 933 1561 980 sapientiae
1577 942 1674 968 certa
1687 934 1827 968 ratione

261 989 439 1035 quaedam
460 989 583 1022 tribuit
605 988 793 1034 aliquibus,
815 1000 907 1034 quae
929 999 1004 1022 non
1025 988 1148 1022 tribuit
1170 987 1259 1022 aliis.

333 1042 392 1076 AD
415 1052 622 1076 SECUNDUM
644 1041 850 1083 dicendum,
873 1041 970 1087 quod
992 1041 1064 1075 hoc
1087 1041 1183 1087 quod
1206 1041 1306 1075 Deus
1328 1040 1364 1074 in
1387 1040 1556 1075 omnibus
1588 1048 1758 1087 operatur
1778 1052 1829 1075 se-

262 1095 418 1128 cundum
443 1095 595 1128 modurn
623 1106 762 1136 eorum,
793 1106 868 1128 non
890 1094 1057 1136 excludit,
1085 1094 1170 1140 quin
1197 1094 1297 1128 Deus
1324 1093 1504 1139 quaedam
1531 1101 1710 1140 operetur,
1736 1105 1828 1140 quae

260 1156 388 1182 natura
410 1148 553 1194 operari
573 1159 647 1182 non
673 1156 808 1194 potest:
837 1148 899 1182 sed
923 1159 965 1182 ex
985 1148 1057 1182 hoc
1080 1148 1252 1194 sequitur,
1279 1147 1376 1194 quod
1398 1147 1490 1182 nihil
1511 1157 1681 1194 operatur
1702 1157 1828 1182 contra

260 1201 308 1243 id,
330 1201 426 1247 quod
448 1209 596 1235 naturae
619 1201 799 1235 convenit.

333 1255 392 1288 AD
413 1264 584 1288 TERTIUM
607 1254 812 1296 dicendum,
828 1254 924 1300 quod
941 1262 1052 1296 actus,
1069 1254 1129 1300 qui
1147 1254 1395 1301 producuntur
1410 1265 1452 1288 ex
1466 1254 1592 1289 habitu
1606 1253 1738 1297 infuso,
1753 1266 1827 1289 non

263 1316 411 1341 causant
434 1307 591 1353 aliquem
613 1307 789 1349 habitum,
813 1307 874 1341 sed
897 1307 1114 1341 confirmant
1132 1308 1296 1342 habitum
1310 1308 1628 1354 praeexistentem:
1648 1308 1740 1342 sicut
1757 1319 1830 1342 me-

262 1360 429 1394 dicinalia
452 1360 611 1394 remedia
635 1360 793 1394 adhibita
815 1361 957 1394 homini
979 1372 1068 1395 sano
1087 1372 1149 1407 per
1167 1369 1334 1395 naturam
1349 1372 1423 1395 non
1440 1369 1589 1396 causant
1603 1361 1762 1408 aliquam
1778 1373 1831 1396 sa-

262 1414 423 1456 nitatem,
447 1413 508 1448 sed
530 1415 722 1448 sanitatem
744 1414 840 1460 prius
863 1414 1025 1447 habitam
1048 1414 1299 1448 corroborant.

801 1679 1157 1740 QUAESTIO
1200 1679 1298 1726 LII.

357 1803 419 1833 DE
447 1803 716 1834 AUGMENTO
743 1804 1012 1842 HABITUUM,
1043 1804 1094 1834 IN
1119 1804 1236 1835 TRES
1262 1803 1525 1836 ARTICULOS
1552 1803 1730 1836 DIVISA.

334 1943 475 1977 Deinde
495 1943 799 1978 considerandum
819 1952 872 1978 est
894 1944 936 1978 de
956 1953 1153 1990 augmento
1175 1945 1376 1979 habituum.

769 2033 812 2066 Et
830 2034 920 2067 circa
942 2033 1000 2067 hoc
1022 2039 1230 2079 quaeruntur
1251 2035 1329 2069 tria.

335 2102 470 2136 Primo.
494 2102 625 2137 Utrum
648 2103 790 2137 habitus
813 2112 1022 2149 augeantur.

336 2155 516 2189 Secundo.
541 2156 672 2190 Utrum
696 2165 895 2202 augeantur
916 2168 978 2203 per
1001 2158 1236 2193 additionem.

336 2207 474 2243 Tertio.
499 2209 628 2243 Utrum
652 2209 800 2256 quilibet
823 2218 922 2244 actus
945 2219 1076 2257 augeat
1097 2211 1273 2246 habitum.

840 2352 1185 2396 ARTICULUS
1222 2353 1254 2396 I.
1759 2363 1823 2399 281

702 2458 855 2488 UTRUNI
884 2459 1071 2489 HABITUS
1099 2460 1381 2491 AUGEANTUR·

407 2542 509 2589 (Injr.
532 2555 561 2589 q.
585 2545 643 2578 66.
666 2550 732 2579 art.
755 2557 782 2579 1.
805 2550 832 2579 ct
853 2557 883 2580 2.
907 2553 995 2592 corp.
1018 2552 1046 2581 ct
1074 2547 1160 2581 l'cri.
1183 2559 1213 2593 q.
1233 2559 1259 2582 1.
1283 2552 1346 2582 art.
1368 2558 1399 2582 2.
1421 2552 1450 2582 et
1478 2559 1508 2593 q.
1526 2559 1556 2593 5.
1577 2552 1644 2582 art.
1659 2559 1686 2593 3.

863 2603 890 2632 ct
913 2611 961 2634 10.
985 2600 1061 2634 ΕΗ).
1085 2601 1153 2635 lect.
1174 2601 1233 2646 3.).

337 2684 396 2717 AD
426 2695 573 2719 pamm(
605 2685 654 2719 sic
683 2687 897 2732 proceditur.
934 2687 1096 2731 Videtur,
1123 2689 1220 2735 quod
1247 2689 1390 2724 habitus
1416 2689 1540 2735 augeri
1566 2700 1641 2724 non
1667 2688 1828 2736 possint:

265 2745 500 2781 augmentum
524 2738 619 2772 enirn
643 2747 696 2772 est
718 2739 812 2773 circa
835 2741 1084 2785 quantitatem.
1108 2750 1144 2776 ut
1166 2742 1294 2777 dicitur
1316 2743 1352 2776 in
1372 2753 1399 2788 5.
1422 2742 1531 2789 Phys.
1555 2742 1633 2786 (tex.
1656 2742 1746 2787 18.),·
1765 2742 1828 2777 sed

264 2789 405 2823 habitus
428 2802 499 2824 non
523 2799 605 2826 sunt
627 2792 660 2825 in
683 2804 814 2837 genere
837 2794 1056 2838 quantitatis,
1079 2796 1139 2829 sed
1167 2795 1201 2829 in
1230 2807 1362 2841 genere
1389 2795 1590 2843 qualitatis;
1617 2806 1706 2841 ergo
1733 2795 1829 2830 circa

265 2853 326 2876 eos
349 2851 585 2888 augmentum
609 2856 685 2879 esse
707 2857 778 2879 non
802 2854 929 2892 potest.
