1955 3182
255 179 311 219 66
718 187 939 222 QUAESTIO
973 187 1014 215 v.
1048 185 1292 215 ARTICULUS
1324 185 1365 214 v.

813 371 1159 417 ARTICULUS
1187 372 1242 415 V.
1778 392 1819 428 37

395 482 551 512 UTRUM
582 480 713 510 HOMO
746 481 825 510 PER
858 480 939 509 SUA
970 478 1224 509 NATURALIA
1251 478 1404 507 POSSIT
1437 477 1685 512 ACQUIRERE

865 543 1212 573 BEATITUDINEM.

405 639 506 684 (Infr.
529 649 558 684 q.
583 638 637 672 62.
659 642 723 672 art.
746 649 774 672 1.
797 642 828 672 et
844 649 872 683 3.
895 641 923 671 et
943 636 1036 670 Part.
1058 648 1086 671 1.
1109 647 1138 681 q.
1162 647 1210 670 12.
1233 640 1296 669 art.
1325 645 1357 679 4,
1380 639 1408 669 et
1429 645 1458 680 q.
1481 644 1537 680 94.
1565 639 1629 668 art.
1650 646 1678 669 Ι.

445 696 474 725 et
490 701 524 735 4.
542 691 632 725 Dist.
651 701 707 736 49.
727 701 756 736 q.
776 701 807 724 2.
826 694 890 724 art.
914 689 946 724 6.
966 694 995 724 et
1013 689 1068 723 lib.
1084 701 1112 735 3.
1135 689 1250 723 Contr.
1267 699 1297 734 g.
1317 694 1391 734 cap.
1405 699 1456 733 52.
1475 698 1549 733 147.
1567 697 1632 733 157.

749 748 779 778 et
799 754 866 789 159.
888 747 916 777 et
936 744 1029 778 Rom.
1052 754 1079 776 1.
1099 742 1168 776 lect.
1192 753 1224 788 9.
1238 741 1329 787 fin).

326 850 386 884 An
402 860 583 889 QUINTUM
603 849 654 883 sic
674 849 891 895 proceditur.
910 848 1073 889 Videtur,
1089 847 1186 893 quod
1207 847 1323 881 homo
1345 858 1408 892 per
1429 857 1494 881 sua
1513 845 1692 880 naturalia
1712 845 1825 892 possit

256 903 515 937 beatitudinem
538 902 729 948 consequi:
757 910 884 936 natura
912 902 1008 935 enim
1027 912 1101 934 non
1124 900 1244 934 deficit
1269 900 1305 933 in
1326 899 1555 934 necessariis:
1578 899 1639 933 sed
1660 898 1752 933 nihil
1772 907 1826 933 est

255 957 398 992 homini
423 965 499 990 tam
524 956 782 997 necessarium,
809 966 919 1001 quam
946 955 992 996 id,
1020 965 1082 1000 per
1109 953 1206 999 quod
1234 952 1344 986 finem
1370 952 1540 986 ultimum
1574 951 1825 998 consequitur3

256 1021 343 1056 ergo
366 1010 437 1044 hoc
458 1017 608 1043 naturae
630 1009 813 1042 humanae
834 1019 908 1042 non
930 1008 1048 1049 deest,
1070 1014 1190 1053 potest
1210 1006 1319 1052 igitur
1338 1006 1454 1040 homo
1477 1016 1541 1051 per
1561 1016 1626 1039 sua
1645 1004 1826 1039 naturalia

257 1062 516 1097 beatitudinem
539 1062 724 1107 consequi.

331 1125 361 1149 2.
389 1116 626 1149 PRAETEREA.
654 1114 791 1156 Homo,
820 1125 903 1147 cum
930 1113 975 1147 sit
999 1112 1158 1146 nobilior
1183 1111 1451 1146 irrationalibus
1480 1110 1663 1153 creaturis,
1687 1110 1828 1144 videtur

257 1180 333 1203 esse
348 1168 600 1202 sufficientior:
621 1167 683 1202 sed
697 1166 923 1201 irrationales
940 1174 1125 1200 creaturae
1139 1176 1202 1211 per
1216 1176 1280 1199 sua
1294 1164 1472 1199 naturalia
1485 1172 1637 1211 possunt
1654 1163 1828 1209 consequi

256 1233 340 1256 suos
367 1221 474 1263 fines;
503 1231 589 1267 ergo
617 1220 731 1254 multo
759 1220 875 1266 magis
902 1220 1016 1253 homo
1044 1230 1106 1265 per
1132 1229 1197 1252 sua
1222 1217 1399 1252 naturalia
1425 1225 1544 1264 potest
1567 1217 1827 1251 beatitudinem

257 1274 441 1320 consequi.

331 1339 359 1374 3.
382 1327 618 1362 PRAETEREA.
646 1326 836 1360 Beatitudo
860 1333 913 1360 est
935 1325 1098 1371 operatio
1124 1324 1294 1371 perfecta,
1327 1324 1528 1358 secundum
1559 1323 1829 1369 Philosophum

258 1380 334 1424 (lib.
355 1393 382 1415 1.
404 1380 512 1414 Ethic.
540 1386 611 1426 cap.
639 1381 701 1426 7.):
729 1379 890 1425 ejusdem
915 1386 1035 1412 autem
1059 1386 1111 1412 est
1137 1378 1295 1423 incipere
1317 1388 1406 1419 rem,
1428 1385 1463 1411 et
1489 1376 1661 1423 perficere
1687 1376 1828 1422 ipsam3

261 1445 344 1467 cum
366 1433 475 1478 igitur
497 1433 659 1479 operatio
681 1431 904 1478 imperfecta,
927 1442 1018 1477 quae
1045 1439 1098 1464 est
1124 1431 1226 1476 quasi
1252 1430 1469 1476 principium
1496 1431 1532 1463 in
1558 1429 1828 1476 operationibus

257 1486 439 1527 humanis,
465 1486 638 1520 subdatur
665 1484 821 1519 naturali
845 1485 1006 1518 hominis
1032 1484 1212 1529 potestati,
1240 1495 1309 1529 qua
1336 1494 1486 1517 suorum
1513 1490 1661 1517 actuum
1691 1490 1746 1516 est
1770 1482 1831 1516 do-

260 1540 392 1581 minus,
417 1539 570 1580 videtur,
597 1539 694 1584 quod
722 1550 785 1584 per
810 1537 1013 1571 naturalem
1039 1536 1241 1583 potentiam
1268 1536 1383 1582 possit
1407 1535 1613 1582 pertingere
1640 1535 1685 1576 ad
1707 1546 1831 1582 opera-

259 1594 398 1627 tionem
421 1592 630 1638 perfectam,
653 1603 745 1637 quae
767 1599 820 1625 est
840 1591 1036 1625 beatitudo.

333 1646 407 1680 SED
435 1656 602 1680 CONTRA.
625 1646 750 1679 Homo
773 1653 826 1679 est
847 1644 1064 1691 principium
1086 1643 1296 1678 naturaliter
1318 1651 1464 1677 actuum
1483 1654 1634 1677 suorum
1652 1653 1716 1689 per
1731 1641 1832 1676 intel-

261 1699 407 1741 lectum,
431 1707 465 1733 et
484 1699 728 1733 voluntatem:
752 1698 813 1732 sed
836 1697 963 1732 ultima
984 1697 1168 1731 beatitudo
1191 1696 1323 1731 sanctis
1344 1704 1556 1743 praeparata
1577 1695 1716 1730 excedit
1732 1695 1832 1730 intel-

261 1753 408 1794 lectum,
431 1760 465 1786 et
485 1752 723 1786 voluntatem.
745 1751 844 1785 Dicit
865 1751 963 1785 enim
986 1751 1114 1797 Apost.
1141 1761 1168 1784 1.
1198 1750 1241 1783 ad
1265 1749 1352 1784 Cor.
1375 1759 1430 1783 2.:
1457 1750 1581 1784 Oculus
1600 1761 1667 1783 non
1683 1748 1781 1791 vidit,
1803 1754 1833 1784 et

257 1808 349 1840 auris
374 1818 439 1840 uon
462 1805 606 1847 audivit,
629 1810 657 1839 et
678 1807 713 1839 in
734 1817 791 1839 cor
813 1805 953 1838 hominis
979 1816 1045 1838 non
1067 1803 1223 1845 ascendit,
1246 1814 1329 1849 quae
1345 1804 1567 1849 praeparavit
1587 1803 1678 1837 Deus
1699 1801 1834 1848 diligen-

261 1861 346 1894 tibus
366 1871 418 1900 ειη·
443 1869 530 1904 ergo
552 1858 667 1892 homo
690 1869 753 1904 per
775 1869 839 1892 sua
860 1857 1037 1891 naturalia
1055 1868 1129 1891 non
1152 1864 1271 1903 potest
1290 1856 1551 1890 beatitudinem
1574 1855 1757 1902 consequi.

330 1912 560 1946 RESPONDEO
576 1911 782 1953 dicendum,
799 1911 896 1957 quod
915 1910 1099 1945 beatitudo
1122 1909 1345 1956 imperfecta,
1365 1920 1456 1956 quae
1475 1910 1511 1943 in
1529 1909 1598 1943 hac
1617 1909 1690 1943 vita
1708 1908 1834 1943 haberi

259 1973 390 2012 potest,
413 1973 531 2011 potest
553 1965 595 1998 ab
617 1965 769 1998 homine
793 1964 929 2010 acquiri
955 1975 1018 2010 per
1045 1975 1108 1998 sua
1134 1963 1324 2004 naturalia,
1347 1974 1390 1997 eo
1413 1957 1538 2005 modo,
1561 1974 1632 2008 quo
1655 1970 1691 1996 et
1710 1962 1833 2004 virtus,

258 2019 294 2052 in
323 2020 423 2064 cujus
457 2018 668 2064 operatione
703 2017 884 2052 consistit:
913 2017 956 2051 de
984 2029 1056 2064 quo
1083 2016 1175 2050 infra
1202 2017 1341 2051 dicetur
1367 2017 1414 2062 (q.
1442 2017 1521 2063 63).
1550 2016 1622 2050 Sed
1648 2015 1833 2050 beatitudo

258 2072 420 2106 hominis
446 2071 616 2117 perfecta,
643 2071 736 2105 sicut
761 2082 868 2117 supra
896 2071 1033 2105 dictum
1061 2078 1114 2104 est
1141 2070 1186 2116 (q.
1213 2082 1237 2115 3.
1265 2075 1329 2105 art.
1355 2071 1419 2116 8.)‚
1449 2070 1613 2104 consistit
1637 2070 1672 2103 in
1693 2070 1834 2104 visione

259 2125 402 2158 divinae
423 2124 610 2158 essentiae.
632 2123 766 2158 Videre
789 2132 910 2158 autem
932 2124 1054 2158 Deum
1075 2135 1139 2170 per
1161 2124 1355 2157 essentiam
1374 2131 1428 2157 est
1445 2134 1551 2169 supra
1571 2131 1738 2157 naturam
1759 2133 1834 2157 non

259 2177 380 2212 solum
395 2178 567 2219 hominis,
582 2177 644 2211 sed
660 2177 770 2211 etiam
785 2177 905 2211 omnis
920 2185 1116 2218 creaturae,
1132 2185 1171 2211 ut
1184 2177 1220 2210 in
1243 2187 1270 2210 1.
1287 2184 1474 2210 ostensum
1489 2184 1542 2210 est
1562 2175 1607 2222 (q.
1622 2187 1672 2212 12.
1686 2181 1751 2211 art.
1769 2177 1833 2221 4.).-

258 2230 431 2265 naturalis
451 2231 547 2264 enim
567 2230 729 2275 cognitio
749 2230 938 2275 cujuslibet
956 2238 1141 2264 creaturae
1164 2238 1217 2264 est
1230 2230 1430 2264 secundum
1445 2229 1598 2264 modum
1616 2229 1834 2263 substantiae

259 2285 353 2329 ejus:
377 2283 469 2317 sicut
487 2283 530 2316 de
549 2282 787 2329 intelligentia
802 2283 931 2317 dicitur
946 2283 981 2316 in
996 2283 1055 2316 lib.
1077 2282 1119 2316 de
1140 2282 1271 2317 Causis
1289 2284 1432 2329 (propos.
1447 2283 1508 2328 8.),
1529 2282 1626 2328 quod
1645 2281 1836 2328 cognoscit

261 2348 315 2378 ea,
338 2348 429 2382 quae
451 2344 533 2370 sunt
551 2347 658 2382 supra
680 2347 729 2377 se,
752 2345 786 2370 et
807 2347 861 2377 ea,
885 2347 975 2382 quae
994 2343 1077 2370 sunt
1098 2335 1188 2369 infra
1210 2347 1258 2377 se,
1281 2336 1481 2369 secundum
1503 2335 1655 2369 modum
1676 2335 1835 2369 substan-

258 2390 329 2424 tiae
356 2400 452 2423 suae.
483 2389 615 2424 Omnis
643 2397 764 2423 autem
793 2389 968 2435 cognitio,
997 2400 1089 2435 quae
1117 2396 1170 2423 est
1196 2388 1396 2422 secundum
1432 2388 1585 2423 modum
1614 2388 1834 2422 substantiae

259 2450 411 2484 creatae,
434 2442 555 2476 deficit
573 2453 593 2475 a
610 2442 750 2476 visione
773 2442 918 2476 divinae
941 2442 1130 2484 essentiae,
1153 2453 1244 2488 quae
1263 2442 1299 2475 in
1318 2441 1500 2475 infinitum
1522 2441 1662 2476 excedit
1683 2452 1834 2475 ornnem

260 2496 497 2530 substantiam
520 2503 699 2537 creatam3
726 2495 821 2529 unde
843 2506 909 2529 nec
932 2495 1059 2536 homo,
1086 2506 1153 2529 nec
1182 2494 1301 2541 aliqua
1328 2503 1491 2529 creatura
1517 2502 1636 2541 potest
1661 2494 1834 2540 consequi

260 2548 521 2583 beatitudinem
544 2548 712 2582 ultimam
735 2559 798 2594 per
819 2559 883 2582 sua
905 2548 1093 2582 naturalia.

332 2602 391 2636 AD
416 2612 565 2636 PRlMUM
589 2612 675 2647 ergo
700 2601 906 2642 dicendum,
934 2601 1030 2647 quod
1058 2601 1149 2635 sicut
1171 2609 1298 2634 natura
1320 2611 1394 2634 non
1417 2600 1537 2635 deficit
1557 2600 1699 2635 homini
1720 2599 1755 2634 in
1777 2610 1836 2634 ne-

261 2655 436 2696 cessariis,
455 2655 621 2700 quamvis
639 2666 714 2688 non
730 2654 867 2688 dederit
885 2654 950 2687 sibi
970 2665 1082 2695 arma,
1102 2662 1136 2688 et
1150 2662 1372 2700 tegumenta,
1392 2654 1489 2688 sicut·
1502 2653 1580 2688 aliis
1599 2652 1834 2695 animalibus;

261 2708 342 2753 quia
365 2708 461 2741 dedit
479 2708 511 2741 ei
533 2708 725 2749 rationem,
748 2715 782 2740 et
805 2718 945 2748 manus,
968 2707 1094 2753 quibus
1123 2707 1234 2753 possit
1260 2707 1350 2741 haec
1375 2707 1440 2741 sibi
1463 2707 1664 2753 acquirere:
1693 2706 1741 2740 ita
1767 2716 1833 2740 nec

261 2760 381 2794 deficit
414 2761 556 2794 homini
583 2761 618 2794 in
645 2760 869 2801 necessariis,
897 2760 1061 2805 quamvis
1088 2771 1161 2793 nou
1194 2760 1293 2794 daret
1326 2760 1391 2793 sibi
1426 2759 1571 2806 aliquod
1605 2759 1834 2806 principium,

259 2824 331 2859 quo
354 2822 475 2859 posset
495 2814 754 2848 b'eatitudinem
782 2813 974 2859 consequi:
1003 2813 1073 2846 hoc
1097 2813 1194 2846 enim
1223 2821 1298 2846 erat
1320 2812 1566 2859 impossibile:
1589 2812 1651 2847 sed
1679 2812 1777 2846 dedit
1801 2812 1835 2846 ei

260 2865 413 2900 liberum
449 2867 646 2909 arbitrium,
670 2877 741 2913 quo
769 2866 882 2912 possit
909 2866 1071 2900 converti
1091 2866 1134 2899 ad
1158 2866 1290 2907 Deum,
1318 2866 1378 2912 qui
1406 2877 1490 2900 eum
1517 2864 1651 2900 faceret
1677 2865 1834 2899 beatum.
