1907 3198
545 216 770 253 QUAE-sno
805 218 926 250 xcu1.
959 219 1208 251 anricutus
1244 221 1270 252 1.
1590 216 1669 257 661

100 293 251 343 &hgis
270 296 431 331 ratione:
454 296 555 332 Deus
577 306 698 333 autem
713 310 777 346 per
791 310 893 334 suam
917 301 1133 348 sapientiam
1155 303 1324 338 conditor
1345 312 1399 338 est
1422 305 1674 342 universarum

95 349 246 394 cuiun
266 349 311 385 ad
333 361 422 397 quas
449 349 684 398 comparatur
703 353 795 388 sicut
817 353 942 389 artifex
966 355 1009 389 ad
1033 355 1232 398 artificiata,
1260 366 1298 392 ut
1323 357 1358 392 in
1383 369 1410 392 1.
1433 359 1600 394 habitum
1622 369 1675 396 est

88 397 154 452 :sti
163 413 218 449 14.
232 408 298 439 art.
312 404 378 449 8.).·
396 412 451 439 est
464 405 574 439 etiam
594 406 815 451 gubernator
827 408 994 442 omnium
1011 417 1169 452 actuum,
1185 418 1220 445 et
1234 411 1455 455 motionum,
1470 425 1564 460 quae
1580 414 1675 450 inve-

98 457 247 492 niuntur
261 456 298 492 in
319 457 471 504 singulis
492 459 684 502 creaturis3
706 468 744 494 ut
765 460 875 495 etiam
898 461 932 495 in
954 473 980 496 1.
996 462 1160 497 habitum
1183 472 1236 498 est
1256 464 1305 511 (q.
1328 477 1395 512 103.
1417 472 1480 501 art.
1498 469 1558 512 5.);
1579 469 1673 504 unde

96 509 190 546 sicut
205 509 300 546 ratio
313 510 456 546 divinae
470 512 680 558 sapientiae,
694 513 908 560 inquantum
924 526 987 561 per
1005 527 1086 551 eam
1102 525 1233 552 cuncta
1248 526 1330 553 sunt
1345 528 1477 562 creata,
1492 522 1672 556 rationem

46 588 51 595 .
94 560 210 602 fibet
228 564 328 607 attis,
346 564 405 600 vel
426 565 656 613 exemplaris,
682 566 740 602 vel
766 567 887 603 ideae:
916 569 963 603 ita
991 571 1082 605 ratio
1105 571 1248 606 divinae
1270 573 1469 619 sapientiae
1492 576 1673 610 moventis

0 643 42 667 ζ..
67 616 224 654 emma
241 616 286 654 ad
307 617 468 653 debitum
483 618 592 654 finem
608 619 939 656 obtinet-rationem
963 623 1071 670 legis:
1093 632 1129 659 et
1150 626 1350 660 secundum
1367 626 1438 661 hoc
1455 626 1510 662 lex
1527 636 1671 664 aeterna

95 669 188 706 nihil
212 670 310 707 aliud
332 679 397 714 est,
418 683 529 720 quam
556 674 648 709 ratio
671 674 813 710 divinae
834 676 1045 724 sapientiae,
1068 679 1269 714 secundum
1292 681 1389 726 quod
1417 687 1470 716 est
1496 682 1671 718 directiva

12 751 13 755 ,
95 723 264 760 omnium
285 732 446 769 actuum,
469 733 506 762 et
526 727 746 763 motionum.

0 774 17 822 ζ
165 777 228 814 An
243 787 395 814 numum
420 790 509 826 ergo
535 779 743 824 dicendum,
764 783 861 829 quod
885 784 1111 830 Augustinus
1138 785 1298 833 loquitur
1323 787 1371 822 ibi
1398 787 1442 822 de
1470 789 1670 825 rationibus

4 831 12 839 ’
94 830 286 876 idealibus,
305 843 400 880 quae
420 833 616 881 respiciunt
637 836 801 882 proprias
822 845 968 872 naturas
996 839 1221 886 singularum
1242 852 1374 884 rerum,
1398 850 1433 877 et
1454 843 1538 878 ideo
1560 843 1597 878 in
1619 844 1670 880 eis

97 883 282 922 invenitur
304 887 486 934 quaedam
511 887 708 932 distinctio,
730 898 765 924 et
786 889 973 937 pluralitas
998 893 1199 928 secundum
1227 895 1389 930 diversos
1415 905 1601 944 respectus
1623 898 1668 933 ad

23 933 27 941 ’
57 954 64 962 ·
92 946 163 982 res,
183 945 224 974 ut
242 938 284 974 in
305 949 334 975 1.
349 939 512 976 habitum
535 949 588 976 est
609 942 657 989 (q.
679 955 723 989 15.
743 949 807 978 art.
827 956 857 980 2.
879 950 910 980 et
926 946 990 992 3.).·
1012 947 1074 981 sed
1097 946 1153 982 lex
1176 947 1307 983 dicitur
1327 949 1501 984 directiva
1521 959 1668 987 actuum

86 990 131 1027 'in
143 991 273 1028 ordine
292 992 338 1028 ad
358 993 498 1029 bonum
520 1005 731 1039 commune,
754 1005 792 1032 ut
813 1009 919 1045 supra
937 999 1075 1035 dictum
1097 1009 1150 1036 est
1169 1001 1215 1048 (q.
1231 1014 1289 1048 90.
1304 1008 1369 1038 art.
1385 1004 1450 1048 2.).·
1470 1015 1512 1039 ea
1534 1013 1668 1049 autem,

93 1052 187 1093 quae
207 1054 292 1082 sunt
310 1047 348 1082 in
368 1047 497 1096 seipsis
524 1049 677 1092 diversa,
704 1051 980 1088 considerantur
1005 1061 1044 1088 ut
1070 1065 1196 1097 unum,
1222 1057 1423 1091 secundum
1449 1059 1547 1105 quod
1576 1059 1669 1094 ordi·

0 1095 5 1099 ’
92 1106 225 1135 nentur
249 1100 294 1135 ad
321 1099 469 1148 aliquod
503 1112 721 1146 commune3
748 1112 784 1139 et
809 1105 893 1141 ideo
919 1105 976 1141 lex
1004 1115 1150 1142 aeterna
1177 1116 1231 1144 est
1256 1120 1340 1152 una,
1367 1121 1460 1157 quae
1489 1120 1544 1147 est
1574 1113 1666 1148 ratio

63 1191 67 1197 ,
93 1151 202 1200 hujus
222 1153 372 1189 ordinis.

163 1205 225 1242 An
233 1214 443 1244 SECUNDUM
455 1208 663 1253 dicendum,
674 1211 771 1258 quod
787 1212 882 1247 circa
896 1213 1047 1249 verbum
1063 1215 1320 1263 quodcumque
1335 1217 1398 1252 duo
1414 1229 1565 1265 possunt
1584 1231 1669 1256 con-

92 1258 255 1305 siderari,
275 1260 415 1298 scilicet
434 1262 554 1311 ipsum
576 1264 740 1308 verbum,
755 1273 790 1300 et
804 1276 846 1300 ea
860 1278 954 1314 quae
974 1269 1088 1303 verbo
1110 1270 1374 1316 exprimuntur:
1398 1273 1549 1308 verbum
1567 1275 1665 1310 enim

0 1339 19 1361 ,
90 1313 221 1350 vocale
241 1321 297 1351 est
315 1314 489 1363 quiddam
516 1316 559 1351 ab
585 1327 649 1352 ore
675 1317 838 1353 hominis
859 1320 1062 1367 prolatum:
1086 1322 1148 1357 sed
1170 1322 1242 1357 hoc
1268 1325 1381 1359 verbo
1404 1328 1666 1373 exprimuntur,

90 1377 186 1414 quae
197 1367 317 1404 verbis
329 1368 500 1404 humanis
514 1370 782 1416 significantur:
803 1381 838 1407 et
858 1373 986 1409 eadem
1006 1375 1099 1410 ratio
1122 1384 1175 1411 est
1196 1376 1240 1412 de
1261 1378 1373 1412 verbo
1388 1379 1549 1415 hominis
1568 1393 1666 1416 men-

89 1418 165 1463 tali,
177 1420 277 1468 quod
290 1420 383 1456 nihil
393 1430 448 1457 est
462 1422 571 1466 aliud,
586 1435 696 1471 quam
711 1425 883 1472 quiddam
894 1436 1016 1463 mente
1032 1438 1264 1476 conceptum,
1279 1442 1352 1478 quo
1366 1432 1482 1468 homo
1498 1435 1666 1482 exprimit

27 1495 33 1500 -
91 1472 299 1509 mentaliter
311 1485 366 1518 ea,
379 1475 424 1510 de
438 1476 567 1523 quibus
588 1478 744 1524 cogitat;
767 1479 817 1514 sic
841 1480 949 1527 igitur
970 1481 1005 1516 in
1028 1482 1158 1518 divinis
1179 1483 1299 1531 ipsum
1318 1487 1472 1530 verbum,
1491 1489 1589 1534 quod
1611 1498 1665 1524 est

90 1527 286 1576 conceptio
311 1530 451 1576 paterni
475 1530 692 1575 intellectus,
719 1534 958 1580 personaliter
983 1536 1132 1571 dicitur:
1159 1538 1222 1572 sed
1249 1539 1387 1582 omnia,
1408 1552 1663 1590 quaecumque

92 1588 175 1616 sunt
195 1580 232 1615 in
246 1582 396 1617 scientia
414 1582 543 1627 Patris,
565 1584 640 1620 sive
663 1587 880 1630 essentialia,
895 1588 970 1623 sive
985 1590 1201 1636 personalia,
1223 1592 1297 1627 sive
1319 1593 1430 1629 etiam
1449 1594 1518 1629 Dei
1541 1607 1663 1643 opera,

88 1634 336 1682 exprimuntur
349 1636 422 1671 hoc
435 1637 560 1681 verbo,
582 1647 620 1673 ut
634 1647 731 1686 patet
749 1652 813 1687 per
835 1641 988 1688 August.
1004 1643 1040 1677 in
1060 1654 1111 1689 15.
1134 1645 1178 1679 de
1202 1644 1305 1680 Trin.
1321 1646 1410 1694 (cap.
1426 1650 1505 1693 ιφ),
1522 1658 1557 1684 et
1571 1650 1664 1686 inter

89 1695 244 1731 caetera,
262 1700 355 1736 quae
368 1689 440 1725 hoc
455 1691 567 1726 verbo
581 1693 842 1739 exprimuntur,
864 1695 973 1730 etiam
989 1697 1066 1744 ipsa
1085 1697 1140 1732 lex
1164 1706 1310 1734 aeterna
1332 1701 1443 1736 verbo
1458 1702 1536 1750 ipso
1552 1705 1664 1751 expri-

88 1740 215 1777 mitur:
236 1753 303 1788 nec
324 1750 448 1779 tamen
471 1753 618 1792 propter
638 1746 710 1781 hoc
733 1748 904 1794 sequitur,
927 1751 1023 1796 quod
1047 1750 1102 1786 lex
1126 1760 1271 1787 aeterna
1293 1755 1534 1800 personaliter
1556 1757 1592 1792 in
1614 1758 1663 1792 di-

85 1793 180 1830 vinis
205 1795 356 1839 dicatur,
383 1799 636 1846 appropriatur
655 1808 778 1836 tamen
807 1801 882 1836 filio
910 1812 1057 1850 propter
1079 1806 1387 1850 convenientiam,
1415 1821 1525 1856 quam
1553 1811 1662 1846 habet

87 1848 180 1883 ratio
202 1848 246 1884 ad
267 1850 431 1886 verbum.

157 1902 219 1938 AD
238 1913 410 1940 τεκτιυΜ
429 1905 638 1948 dicendum,
656 1908 754 1954 quod
777 1909 868 1943 ratio
884 1910 1088 1945 intellectus
1103 1912 1215 1947 divini
1231 1914 1334 1949 aliter
1347 1926 1386 1950 se
1405 1915 1515 1951 habet
1530 1917 1573 1952 ad
1592 1929 1660 1961 res,

85 1965 198 2003 quam
218 1956 311 1992 ratio
333 1957 486 1994 humani
509 1959 733 1996 intellectus:
756 1962 960 1998 intellectus
982 1965 1079 1999 enim
1107 1966 1288 2002 humanus
1310 1977 1364 2003 est
1385 1979 1618 2006 mensuratus
1640 1983 1660 2006 a

86 2008 204 2052 rebus,
225 2017 264 2045 ut
283 2010 423 2047 scilicet
449 2022 648 2060 conceptus
670 2014 831 2050 hominis
857 2028 932 2052 non
959 2018 1004 2052 sit
1029 2030 1136 2054 verus
1157 2029 1304 2068 propter
1324 2022 1496 2070 seipsum,
1524 2026 1585 2060 sed
1613 2026 1661 2060 di-

85 2061 178 2098 citur
196 2073 304 2099 verus
324 2075 367 2100 ex
387 2065 460 2101 hoc
482 2067 579 2114 quod
602 2078 782 2104 consonat
802 2070 926 2105 rebus:
950 2082 991 2106 ex
1013 2072 1084 2107 hoc
1108 2074 1205 2108 enim
1227 2076 1325 2122 quod
1341 2088 1397 2111 res
1419 2086 1482 2120 est,
1506 2079 1562 2114 vel
1584 2091 1658 2115 non

84 2122 150 2158 est,
171 2116 298 2164 opinio
322 2129 420 2162 vera,
441 2119 500 2155 vel
520 2119 610 2156 falsa
638 2130 709 2156 est:
733 2123 937 2159 intellectus
959 2137 1047 2160 vero
1069 2127 1211 2163 divinus
1238 2138 1292 2164 est
1319 2141 1490 2166 mensura
1514 2144 1634 2168 rerum
1653 2147 1661 2176 ;

83 2169 169 2216 quia
195 2181 435 2220 unaquaeque
462 2184 518 2209 res
545 2174 724 2210 intantum
752 2176 861 2212 habet
881 2177 926 2213 de
947 2180 1110 2222 veritate,
1137 2181 1351 2229 inquantum
1375 2185 1539 2220 imitatur
1560 2187 1660 2222 intel-

83 2221 220 2259 lectum
241 2224 417 2270 divinum,
439 2235 478 2262 ut
498 2227 533 2262 in
562 2239 589 2263 1.
612 2229 749 2264 dictum
764 2239 817 2266 est
833 2231 878 2278 (q.
903 2234 953 2268 16.
968 2239 1033 2268 art.
1054 2237 1114 2280 1.),·
1137 2244 1172 2271 et
1191 2237 1272 2272 ideo
1292 2238 1497 2275 intellectus
1516 2241 1658 2278 divinus

84 2282 140 2312 est
157 2288 264 2313 verus
285 2280 486 2315 secundum
508 2293 558 2324 se,
577 2282 672 2318 unde
695 2283 786 2318 ratio
805 2286 881 2331 ejus
903 2294 956 2321 est
974 2287 1050 2334 ipsa
1072 2291 1215 2324 veritas.

650 2403 996 2450 ARTICULUS
1033 2407 1088 2467 11.
1587 2437 1654 2473 493

383 2489 536 2521 UTRL'M
559 2492 640 2522 LEx
669 2494 871 2526 AETERNA
899 2497 968 2527 SIT
996 2497 1190 2530 OMNIBUS
1217 2502 1355 2533 NOTA.

466 2572 582 2621 (Supr.
605 2587 636 2621 q.
655 2587 707 2622 ιι),
726 2582 792 2612 art.
813 2589 847 2622 4.
868 2578 953 2626 ad3.
972 2585 1002 2615 et
1023 2586 1087 2616 art.
1103 2594 1132 2628 5.
1155 2589 1184 2618 a!
1205 2584 1271 2629 6.).

152 2650 215 2688 AD
235 2662 443 2691 stcunnun
466 2656 516 2691 sic
540 2658 757 2704 proceditur.
779 2659 942 2705 Videtur,
957 2664 1053 2710 quod
1070 2663 1125 2699 lex
1149 2674 1295 2701 aeterna
1318 2679 1390 2702 non
1415 2669 1463 2704 sit
1485 2670 1654 2706 omnibus

80 2710 186 2740 notu:
213 2706 309 2754 quia,
330 2714 369 2743 ut
394 2708 482 2744 dicit
507 2710 707 2757 Apostolus
738 2723 765 2747 1.
794 2713 836 2748 ad
865 2714 1005 2751 Corint.
1031 2728 1081 2753 2.:
1112 2719 1206 2764 Quae
1233 2727 1306 2755 sunt
1335 2722 1400 2756 Dei
1426 2735 1519 2757 nemo
1547 2726 1653 2767 not-it,

79 2757 147 2793 uisi
161 2758 307 2807 Spiritus
321 2760 409 2797 Dei:
428 2762 490 2798 sed
510 2762 565 2799 lex
589 2773 735 2800 aeterna
756 2775 810 2802 est
830 2769 1010 2815 quaedam
1030 2773 1121 2806 ratio
1143 2772 1177 2806 in
1195 2782 1314 2809 mente
1337 2775 1457 2810 divina
1478 2777 1653 2820 existen33

80 2817 171 2859 ergo
191 2813 362 2850 omnibus
382 2822 439 2851 est
457 2815 594 2864 ignota,
615 2818 683 2853 nisi
705 2819 775 2855 soli
796 2820 889 2857 Deo.

151 2872 185 2901 2.
211 2864 450 2905 ΡιΑετεκι-ῑᾼ.
473 2869 575 2906 Sicut
596 2871 750 2919 August.
777 2874 864 2910 dicit
891 2875 926 2910 in
953 2875 1012 2912 lib.
1045 2889 1072 2913 1.
1100 2879 1143 2914 de
1173 2879 1248 2914 Lib.
1276 2881 1362 2916 Arb.
1391 2883 1483 2930 (cap.
1512 2886 1545 2919 6.
1573 2886 1652 2920 circ.

72 2913 170 2965 ,fil-2·
190 2917 262 2956 Lex
277 2925 415 2957 aeterna
427 2927 482 2965 est,
496 2935 562 2970 qua
571 2926 698 2971 justum
713 2932 769 2970 est,
785 2933 820 2963 ue
833 2931 947 2965 omnia
968 2931 1032 2966 sint
1052 2932 1321 2970 ordinatissima:
1344 2936 1405 2971 sed
1426 2947 1499 2971 non
1523 2949 1653 2973 omnes

224 2999 256 3032 8·
274 3001 398 3031 Tuon.
417 3003 523 3032 &aaa
549 3005 711 3044 Theologn'u.
732 3008 797 3037 voi.
820 3010 857 3038 11.
1475 3028 1507 3054 ⁴3
