1907 3182
251 191 336 234 434
672 188 892 223 QUAESTIO
925 187 1044 216 LXIII.
1079 186 1322 217 ARTICULUS
1356 186 1383 216 1.

250 270 448 306 dammodo
471 269 620 305 refertur
642 269 685 304 ad
708 270 886 311 animam3
904 269 1119 315 inquantum
1134 267 1273 302 scilicet
1289 267 1359 302 tale
1375 279 1504 315 corpus
1519 275 1572 302 est
1584 266 1648 302 tali
1667 267 1810 302 animae

250 325 576 372 proportionatum.

322 378 487 423 Utroque
519 385 638 410 autem
670 376 781 410 modo
808 376 918 410 virtus
946 383 999 409 est
1024 374 1167 409 homini
1192 373 1365 408 naturalis
1387 374 1588 409 secundum
1614 374 1810 421 quamdam

250 431 544 466 inchoationem:
568 430 768 464 secundum
790 429 936 475 quidem
957 436 1125 462 naturam
1147 427 1291 474 speciei,
1310 427 1523 473 inquantum
1537 427 1573 461 in
1591 429 1730 462 ratione
1747 427 1812 462 ho-

247 485 354 519 minis
376 485 496 518 insunt
516 482 725 517 naturaliter
743 481 923 528 quaedam
941 481 1117 527 principia
1136 480 1346 514 naturaliter
1365 481 1511 526 cognita
1525 489 1601 515 tam
1615 480 1809 523 scibilium,

250 549 359 584 quam
382 537 627 582 agendorum,
651 547 742 581 quae
765 543 846 569 sunt
872 535 1051 581 quaedam
1079 534 1272 568 seminaria
1298 533 1598 568 intellectualium
1622 533 1809 576 virtutum,

251 600 284 626 et
305 590 511 631 moralium,
534 589 747 635 inquantum
770 588 806 622 in
827 587 1014 622 voluntate
1036 587 1128 621 inest
1149 586 1297 632 quidam
1317 587 1489 621 naturalis
1512 587 1690 633 appetitus
1709 587 1808 630 boni,

250 644 346 690 quod
370 651 422 678 est
443 643 643 677 secundum
660 642 860 675 rationem:
882 641 1081 675 secundum
1102 651 1188 674 vero
1207 647 1374 673 naturam
1392 640 1576 682 individui,
1594 641 1810 687 inquantum

251 710 292 732 ex
315 696 476 743 corporis
493 695 729 741 dispositione
749 694 858 740 aliqui
873 702 955 728 sunt
969 693 1133 740 dispositi
1145 692 1205 727 vel
1219 692 1361 735 melius,
1381 692 1440 727 vel
1454 694 1554 739 pejus
1573 693 1617 727 ad
1635 694 1811 739 quasdam

252 751 420 791 virtutes;
442 757 548 794 prout
569 748 707 783 scilicet
727 748 820 782 vires
843 747 1022 794 quaedam
1044 746 1235 781 sensitivae
1258 753 1358 780 actus
1376 753 1458 780 sunt
1476 746 1716 792 quarumdam
1735 758 1813 793 par-

250 805 341 838 tium
360 802 534 848 corporis,
553 813 596 835 ex
614 813 767 847 quarum
783 801 1018 846 dispositione
1034 800 1258 845 adjuvantur,
1273 798 1331 833 vel
1344 799 1589 845 impediuntur
1601 799 1812 844 hujusmodi

250 858 343 891 vires
369 857 405 890 in
432 856 504 889 suis
531 855 680 896 actibus,
707 862 742 888 et
762 866 824 900 per
852 864 1077 899 consequens
1103 853 1197 886 vires
1223 851 1430 894 rationales,
1453 852 1580 898 quibus
1599 852 1812 898 hujusmodi

251 910 442 945 sensitivae
464 909 557 942 vires
584 908 806 942 deserviunt:
831 915 865 941 et
892 907 1091 941 secundum
1117 906 1189 940 hoc
1216 917 1308 939 unus
1333 906 1449 940 homo
1474 905 1584 940 habet
1607 905 1811 940 naturalem

251 964 487 1010 aptitudinem
511 962 553 995 ad
576 961 776 1002 scientiam,
799 960 888 994 alius
917 960 959 993 ad
986 959 1246 1001 fortitudinem,
1274 959 1364 993 alius
1387 959 1430 993 ad
1451 960 1748 1006 temperantiam:
1777 967 1812 994 et

250 1018 305 1051 his
332 1017 449 1050 modis
476 1024 551 1049 tam
576 1015 725 1049 virtutes
751 1013 1025 1055 intellectuales,
1054 1025 1163 1059 quam
1190 1012 1347 1047 morales
1374 1013 1575 1047 secundum
1609 1013 1806 1059 quamdam

251 1070 458 1117 aptitudinis
472 1069 746 1102 inchoationem
758 1068 885 1102 suntin
901 1067 1005 1101 nobis
1021 1078 1040 1100 a
1055 1074 1201 1109 natura,
1216 1078 1280 1100 non
1295 1072 1404 1101 autem
1419 1068 1658 1101 consummatio
1671 1079 1810 1108 earum,·

251 1125 333 1170 quia
347 1131 473 1157 natura
493 1122 751 1156 determinatur
769 1121 812 1155 ad
831 1132 954 1154 unum.
975 1120 1258 1154 Consummatio
1275 1128 1396 1153 autern
1410 1119 1620 1165 hujusmodi
1633 1120 1807 1154 virtutum

250 1189 323 1212 non
351 1185 403 1211 est
429 1176 631 1211 secundum
658 1187 770 1208 unum
798 1174 950 1208 modurn
978 1173 1142 1215 actionis,
1169 1173 1231 1207 sed
1259 1173 1502 1207 diversimode
1532 1174 1732 1208 secundum
1759 1174 1810 1208 di-

250 1243 370 1266 versas
392 1230 571 1271 materias,
594 1229 628 1262 in
652 1229 779 1275 quibus
800 1229 948 1262 virtutes
972 1235 1178 1274 operantur,
1201 1234 1235 1260 et
1256 1227 1457 1261 secundum
1479 1227 1637 1261 diversas
1659 1227 1809 1261 circum-

252 1285 418 1326 stantias;
441 1284 490 1317 sic
514 1294 600 1329 ergo
622 1290 729 1328 patet,
753 1282 849 1328 quod
870 1281 1018 1315 virtutes
1040 1281 1075 1314 in
1096 1280 1201 1314 nobis
1223 1288 1305 1314 sunt
1320 1291 1339 1314 a
1357 1287 1485 1314 natura
1503 1280 1703 1314 secundum
1725 1281 1811 1326 apti-

250 1338 424 1379 tudinem,
438 1345 471 1370 et
483 1336 756 1370 inchoationem
768 1348 776 1377 ;
787 1346 861 1369 non
870 1342 990 1368 autem
1002 1334 1201 1368 secundum
1215 1333 1497 1380 perfectionem;
1511 1341 1652 1380 praeter
1661 1335 1810 1369 virtutes

250 1391 491 1436 theologicas,
514 1401 603 1436 quae
626 1397 708 1423 sunt
727 1389 886 1422 totaliter
905 1388 946 1421 ab
970 1389 1181 1422 extrinseco.

322 1445 366 1478 Et
386 1456 450 1490 per
469 1445 540 1478 hoc
562 1451 658 1490 patet
679 1442 866 1488 responsio
893 1452 942 1476 AD
971 1451 1146 1487 oBJECTA.
1174 1440 1271 1474 Nam
1291 1441 1423 1487 primas
1448 1439 1531 1475 duae
1551 1440 1710 1475 rationes
1731 1452 1810 1487 pro-

253 1499 394 1540 cedunt,
417 1497 618 1532 secundum
641 1496 737 1542 quod
757 1495 950 1530 seminaria
964 1495 1135 1527 virtutum
1150 1494 1270 1528 insunt
1285 1493 1387 1528 nobis
1408 1505 1426 1527 a
1440 1501 1579 1536 natura,
1594 1494 1807 1540 inquantum

252 1551 446 1586 rationales
467 1562 602 1585 sumus.
631 1550 743 1584 Tertia
757 1560 844 1583 vero
868 1548 957 1582 ratio
980 1547 1154 1593 procedit,
1176 1547 1376 1581 secundum
1399 1547 1495 1593 quod
1517 1558 1559 1581 ex
1585 1547 1739 1582 naturali
1761 1548 1809 1581 di-
1846 1569 1850 1572 -

251 1606 449 1652 spositione
477 1604 650 1650 corporis,
677 1614 786 1649 quarn
811 1602 921 1636 habet
951 1613 993 1635 ex
1022 1601 1217 1642 nativitate,
1245 1612 1336 1634 unus
1365 1600 1474 1634 habet
1500 1600 1738 1646 aptitudinem
1764 1601 1808 1636 ad

252 1659 509 1700 miserendum,
532 1657 621 1692 alius
644 1657 687 1690 ad
708 1663 907 1702 temperate
929 1654 1136 1696 vivendum,
1159 1653 1248 1688 alius
1271 1654 1315 1688 ad
1337 1653 1447 1688 aliam
1468 1654 1649 1689 virtutem.

813 1813 1158 1858 ARTICULUS
1193 1813 1250 1856 11.
1745 1836 1809 1873 332

250 1938 403 1968 UTRUM
421 1936 587 1972 ALIQUA
602 1935 758 1965 VIRTUS
779 1934 1006 1964 CAUSETUR
1020 1933 1064 1963 IN
1078 1933 1206 1963 NOBIS
1222 1933 1279 1963 EX
1294 1932 1598 1964 ASSUETUDINE
1616 1933 1808 1964 OPERUM.

346 2037 460 2084 (Supr.
483 2048 512 2082 q.
531 2048 578 2082 51.
601 2040 665 2070 art.
685 2047 715 2070 2.
739 2040 766 2069 et
783 2047 810 2081 3.
834 2039 861 2068 et
879 2034 960 2080 infr.
983 2045 1012 2080 q.
1032 2034 1080 2079 65.
1096 2038 1159 2068 art.
1179 2045 1210 2068 2.
1226 2039 1317 2080 corp.
1336 2038 1366 2068 et
1379 2045 1408 2079 q.
1428 2044 1482 2079 92.
1501 2038 1566 2068 art.
1586 2045 1613 2068 r.
1631 2032 1674 2068 ad
1686 2045 1714 2069 r.

300 2097 328 2127 et
346 2103 376 2126 2.
396 2092 484 2125 Dist.
503 2101 558 2134 44.
575 2101 604 2135 q.
619 2101 646 2124 1.
667 2093 731 2123 art.
750 2101 778 2124 1.
797 2088 839 2122 ad
853 2088 885 2123 6.
901 2093 969 2134 613.
990 2088 1133 2134 Dist 33.
1154 2099 1183 2134 q.
1202 2099 1229 2122 ι.
1248 2092 1311 2121 art.
1331 2098 1361 2122 2.
1380 2091 1408 2122 et
1428 2087 1515 2122 Veri.
1534 2099 1565 2133 q.
1578 2099 1607 2122 1.
1621 2092 1684 2121 art.
1699 2088 1761 2134 9.).

324 2194 384 2228 An
412 2202 617 2227 SECUNDUM
640 2191 690 2225 sic
713 2190 929 2237 proceditur.
951 2189 1114 2230 Videtur,
1133 2188 1229 2234 quod
1246 2188 1395 2222 virtutes
1410 2187 1445 2221 in
1459 2187 1563 2222 nobis
1579 2188 1717 2222 causari
1735 2199 1809 2223 non

253 2247 390 2295 possint
412 2258 453 2280 ex
477 2245 704 2279 assuetudine
727 2255 896 2290 operum:
920 2243 1003 2289 quia
1026 2254 1131 2289 super
1148 2241 1236 2276 illud
1255 2241 1362 2275 Rom.
1394 2251 1463 2284 14:
1495 2241 1612 2283 Omne,
1633 2242 1718 2288 quod
1744 2254 1809 2277 non

253 2307 296 2337 est
317 2313 354 2336 cx
367 2300 444 2346 fide,
463 2304 635 2346 peccatum
657 2303 709 2339 est,
727 2298 811 2331 dicit
834 2296 953 2331 Gloss.
973 2297 1125 2342 August.
1141 2295 1229 2341 (ord.
1248 2307 1286 2329 ex
1300 2295 1355 2329 lib.
1369 2300 1446 2330 sent.
1463 2301 1536 2342 cap.
1551 2296 1642 2341 104.)
1657 2309 1667 2330 .·
1693 2296 1810 2331 Omnis

253 2355 431 2402 infidelitati
458 2355 529 2387 vita
551 2357 720 2399 peccatum
748 2356 811 2385 cst:
839 2356 866 2384 εἰ
891 2350 974 2384 nihil
1000 2355 1042 2384 cst
1065 2351 1184 2383 bonum
1211 2350 1279 2383 sine
1299 2360 1425 2383 summo
1449 2349 1552 2383 bono:
1579 2349 1637 2383 ubi
1657 2349 1738 2384 deest
1760 2361 1810 2384 co-

251 2410 354 2455 gnitio
376 2408 536 2449 veritalis,
552 2406 643 2452 salsa
670 2410 711 2439 cst
738 2406 844 2439 virtus
869 2405 966 2438 ctiam
991 2405 1023 2437 in
1047 2404 1178 2449 optimis
1206 2403 1373 2437 moribus:
1396 2402 1456 2436 sed
1479 2401 1568 2436 fides
1588 2413 1662 2436 non
1689 2410 1807 2449 potest

256 2461 392 2508 acquiri
415 2472 456 2495 ex
479 2459 656 2506 operibus,
679 2458 739 2492 sed
763 2465 929 2491 causatur
951 2457 984 2490 in
1008 2457 1112 2491 nobis
1135 2467 1153 2490 a
1172 2456 1265 2497 Deo,
1285 2455 1484 2490 secundum
1503 2455 1591 2490 illud
1610 2455 1741 2502 Ephes.
1756 2466 1806 2492 2.:

247 2517 379 2551 *Gratia
402 2515 472 2549 estis
494 2513 613 2548 salvati
628 2511 822 2558 pat-fidium,-
847 2521 933 2555 ergo
956 2509 1053 2544 nulla
1076 2510 1186 2544 virtus
1208 2517 1326 2556 potest
1347 2510 1381 2543 in
1403 2509 1506 2543 nobis
1534 2509 1669 2556 acquiri
1695 2521 1737 2544 ex
1759 2521 1810 2545 as-

255 2568 442 2603 suetudine
465 2577 627 2613 operum.

327 2632 357 2656 2.
380 2621 615 2655 mmmmm.
634 2619 841 2659 Peccatum,
858 2629 939 2652 cum
961 2617 1198 2651 contrarietur
1214 2616 1347 2659 virtuti,
1361 2627 1435 2651 non
1448 2616 1667 2663 compatitur
1683 2627 1806 2652 secum

255 2676 441 2709 virtutem:
465 2675 525 2708 sed
549 2674 663 2707 homo
690 2683 762 2706 non
790 2680 908 2717 potest
933 2672 1044 2705 vitare
1072 2678 1262 2715 peccatum
1288 2670 1356 2704 nisi
1383 2682 1446 2716 per
1471 2670 1623 2715 gratiam
1649 2671 1731 2712 Dei,
1758 2682 1808 2706 se-

256 2729 413 2764 cundum
437 2728 522 2762 illud
547 2728 629 2773 Sap.
653 2727 700 2760 8.:
734 2726 860 2767 Dida-i,
889 2725 974 2771 quod
996 2737 1058 2758 nou
1078 2731 1205 2770 possum
1233 2736 1291 2758 csse
1313 2724 1411 2759 ulfter
1435 2725 1613 2766 continens,
1635 2725 1698 2758 nisi
1718 2725 1808 2759 Deus

255 2783 375 2818 ‹lt-derit
399 2781 510 2827 [vulg.
534 2782 575 2815 Et
599 2785 632 2815 111
653 2781 746 2821 scivi,
767 2780 920 2825 qnoniam
944 2779 1039 2812 alim·
1062 2791 1123 2811 mor:
1144 2785 1230 2823 posse
1254 2790 1312 2811 csse
1328 2778 1506 2820 continens,
1528 2779 1591 2812 nisi
1612 2778 1701 2812 Deus
1717 2777 1806 2823 d‹·t];

256 2847 343 2880 ergo
371 2847 436 2869 nec
464 2835 612 2869 virtutes
639 2833 779 2880 aliquae
807 2842 953 2879 possunt
977 2832 1009 2865 iu
1038 2831 1141 2865 nobis
1169 2831 1307 2865 causari
1330 2842 1371 2865 cx
1395 2830 1621 2866 assuetudine
1643 2841 1806 2877 operum,

255 2890 315 2926 sed
339 2889 457 2924 solum
477 2889 574 2923 dono
594 2887 673 2922 Dei.
