1875 3198
237 168 321 221 640
612 180 834 214 QUAESTIO
869 180 1046 210 LXXXIX.
1080 180 1326 209 ARTICULUS
1361 179 1423 209 ΙΙΙ.

234 259 400 294 veniente
423 259 651 294 deformitate
673 261 952 302 inobedientiae,
975 260 1033 294 vel
1053 260 1140 302 voti,
1161 260 1220 294 vel
1242 260 1393 305 alicujus
1413 260 1636 306 hujusmodi,
1651 261 1748 307 quod
1769 261 1806 295 in

233 314 420 359 proposito
439 314 511 348 dici
527 326 601 348 non
617 323 746 360 potest3
764 315 857 348 unde
877 315 923 356 id,
940 314 1036 360 quod
1053 323 1106 348 est
1120 314 1162 348 de
1177 326 1214 348 se
1228 314 1381 356 veniale,
1396 325 1471 348 non
1489 315 1606 360 potuit
1622 314 1807 349 transferri

233 367 269 400 in
293 367 446 401 mortale
469 376 614 414 propter
636 368 849 413 dignitatem
864 369 1110 414 primistatus.
1127 368 1186 402 Sic
1211 379 1298 413 ergo
1320 368 1600 414 intelligendum
1622 377 1686 410 est,
1708 368 1806 415 quod

232 432 306 455 non
330 422 446 467 potuit
467 433 618 467 peccare
640 421 840 463 venialiter,
863 422 946 467 quia
972 433 1046 455 non
1073 422 1190 468 potuit
1217 432 1295 456 esse
1320 430 1359 455 ut
1387 423 1632 456 committeret
1659 421 1806 468 aliquid,

234 474 330 520 quod
353 483 445 509 esset
460 475 502 509 de
517 486 554 509 se
570 483 761 521 peccatum
782 475 936 517 veniale,
960 483 1155 521 antequam
1177 475 1421 521 integritatem
1443 475 1551 521 primi
1573 483 1685 510 status
1708 475 1809 510 amit-

233 536 334 569 teret,
357 528 543 574 peccando
566 528 778 563 mortaliter.
803 528 916 573 Cujus
938 529 1030 563 ratio
1054 537 1118 570 est,
1146 529 1229 574 quia
1254 536 1447 575 peccatum
1468 528 1612 563 veniale
1640 529 1676 563 in
1702 529 1808 563 nobis

234 582 422 627 contingit,
444 582 496 616 val
517 590 663 628 propter
684 581 1001 628 imperfectionem
1019 590 1131 624 actus,
1147 584 1238 616 sicut
1252 582 1359 616 subiti
1380 590 1502 616 motus
1523 582 1560 616 in
1582 593 1715 628 genere
1729 593 1809 629 pec-

234 643 400 669 catorum
427 635 651 677 mortalium,
677 636 730 670 vel
755 643 899 681 propter
926 636 1235 670 inordinationem
1263 635 1476 670 existentem
1511 636 1608 670 circa
1634 646 1687 678 ea,
1715 647 1809 682 quae

234 696 317 723 sunt
337 689 381 722 ad
403 688 526 731 finem,
541 696 686 723 servato
702 689 822 723 debito
846 689 972 723 ordine
992 690 1036 723 ad
1054 688 1185 724 finem:
1208 697 1402 735 utrumque
1427 697 1549 724 autem
1570 689 1704 724 horum
1727 700 1810 723 con-

232 742 338 787 tingit
358 750 503 788 propter
525 742 721 788 quemdam
743 742 926 777 defectum
949 742 1084 776 ordinis
1100 753 1142 776 ex
1157 753 1213 784 eo,
1233 743 1330 788 quod
1343 741 1492 777 inferius
1510 754 1586 777 non
1605 743 1809 777 continetur

234 794 384 829 firmiter
406 795 468 829 sub
492 795 686 841 superiori:
711 796 808 841 quod
831 796 930 830 enim
951 796 987 829 in
1009 796 1114 830 nobis
1135 796 1299 841 insurgat
1325 796 1462 830 subitus
1490 804 1611 830 motus
1638 795 1810 831 sensuali—

233 849 327 891 tatis,
342 849 521 894 contingit
536 860 577 883 ex
591 849 675 892 hoc,
690 850 787 895 quod
809 849 1023 883 sensualitas
1044 860 1119 883 non
1135 857 1188 884 est
1203 849 1355 883 omnino
1378 849 1520 884 subdita
1541 850 1692 885 rationi:
1712 849 1809 896 quod

233 913 320 936 vero
342 902 505 948 insurgat
525 903 662 936 subitus
685 910 806 937 motus
827 903 864 936 in
886 903 1026 937 ratione
1049 903 1138 949 ipsa,
1160 903 1327 949 provenit
1347 903 1383 936 in
1410 903 1514 937 nobis
1537 915 1580 938 ex
1605 903 1689 946 hoc,
1712 903 1810 950 quod

233 955 310 1002 ipsa
337 956 501 990 executio
530 964 629 990 actus
656 957 806 991 rationis
832 968 907 991 non
934 956 1097 991 subditur
1124 956 1388 998 deliberationi,
1416 968 1508 1003 quae
1539 964 1592 991 est
1623 968 1666 992 ex
1693 957 1811 991 altiori

232 1010 344 1052 bono,
366 1018 404 1044 ut
424 1021 533 1056 supra
555 1011 693 1044 dictum
715 1019 768 1045 est
792 1011 836 1056 (q.
857 1022 911 1056 74.
927 1016 992 1046 art.
1015 1012 1100 1052 10.):
1118 1010 1215 1056 quod
1236 1021 1324 1044 vero
1346 1010 1529 1045 humanus
1552 1010 1694 1045 animus
1716 1010 1810 1045 inor-

234 1063 374 1098 dinetur
397 1064 492 1098 circa
515 1075 557 1098 ea
579 1075 670 1110 quae
686 1071 768 1098 sunt
783 1065 826 1098 ad
841 1064 963 1106 finem,
979 1072 1121 1099 servato
1145 1063 1267 1098 debito
1290 1063 1417 1098 ordine
1439 1063 1484 1098 ad
1505 1063 1628 1108 finem,
1643 1064 1810 1110 provenit

233 1128 275 1150 ex
296 1118 380 1159 hoc,
403 1117 501 1163 quod
524 1129 565 1151 ea
588 1129 679 1164 quae
702 1126 784 1152 sunt
811 1118 854 1152 ad
881 1117 1004 1159 finem,
1031 1129 1106 1152 non
1133 1117 1347 1152 ordinantur
1372 1116 1609 1152 infallibiliter
1634 1117 1699 1152 sub
1727 1117 1809 1160 fine,

233 1171 294 1216 qui
314 1179 413 1205 tenet
439 1183 625 1205 summum
648 1171 771 1205 locum
795 1172 898 1218 quasi
919 1171 1137 1218 principium
1160 1171 1196 1205 in
1213 1170 1476 1217 appetibilibus,
1492 1179 1530 1205 ut
1543 1183 1651 1217 supra
1673 1171 1810 1206 dictum

233 1233 287 1259 est
309 1224 355 1270 (q.
375 1236 426 1271 72.
455 1230 518 1260 art.
541 1226 600 1271 5).
623 1225 663 1259 In
691 1233 784 1259 statu
808 1234 930 1259 autem
960 1225 1203 1267 innocentiae,
1232 1233 1270 1259 ut
1299 1224 1336 1258 in
1362 1235 1390 1258 1.
1418 1224 1583 1259 habiturn
1610 1233 1663 1259 est
1685 1225 1732 1271 (q.
1761 1236 1809 1271 95.

232 1283 296 1312 art.
316 1279 370 1322 L),
399 1286 473 1313 erat
494 1278 692 1313 infallibilis
714 1279 850 1314 ordinis
873 1279 1036 1321 firmitas,
1061 1287 1101 1313 ut
1127 1290 1271 1325 semper
1292 1277 1440 1313 inferius
1469 1278 1715 1314 contineretur
1741 1279 1809 1313 sub

232 1332 421 1378 superiori,
449 1332 622 1378 quamdiu
649 1344 836 1366 summum
863 1333 1025 1367 hominis
1053 1332 1297 1366 contineretur
1323 1332 1387 1366 sub
1415 1332 1515 1375 Deo;
1542 1340 1581 1367 ut
1607 1332 1717 1367 etiam
1739 1333 1812 1367 Au-

234 1387 396 1431 gustinus
419 1386 505 1420 dicit
530 1396 581 1429 14.
605 1386 647 1420 de
672 1386 751 1420 Civ.
775 1386 845 1420 Dei
867 1387 955 1433 (rap.
979 1387 1059 1433 13.);
1085 1394 1119 1420 et
1139 1386 1223 1420 ideo
1246 1386 1447 1432 oportebat,
1471 1387 1568 1432 quod
1589 1386 1809 1421 inordinatio

233 1439 269 1473 in
295 1439 446 1473 homine
473 1451 547 1473 non
575 1448 680 1482 esset,
707 1440 776 1474 nisi
802 1440 979 1486 inciperet
1011 1440 1052 1473 ab
1087 1440 1171 1481 hoc,
1206 1439 1303 1485 quod
1325 1451 1513 1474 summum
1547 1440 1708 1475 hominis
1734 1452 1809 1475 non

234 1493 444 1527 subderetur
470 1494 570 1535 Deo;
598 1494 695 1539 quod
723 1493 761 1528 fit
788 1505 849 1540 per
875 1503 1067 1540 peccatum
1086 1493 1260 1527 mortale:
1284 1505 1326 1527 ex
1349 1505 1421 1539 quo
1439 1501 1549 1540 patet,
1571 1494 1669 1540 quod
1694 1494 1810 1528 homo

233 1547 270 1580 in
292 1555 384 1581 statu
406 1547 637 1581 innocentiae
664 1559 739 1581 non
765 1547 882 1594 potuit
903 1558 1056 1594 peccare
1077 1547 1277 1589 venialiter,
1301 1555 1497 1593 antequam
1523 1556 1693 1594 peccaret
1718 1559 1812 1582 mor-

234 1600 363 1635 taliter.

304 1655 364 1689 AD
386 1665 536 1690 PRIMUM
551 1666 638 1701 ergo
662 1655 869 1697 dicendum,
885 1655 982 1701 quod
996 1654 1138 1689 veniale
1158 1666 1232 1689 non
1248 1655 1402 1689 sumitur
1419 1655 1480 1697 ibi,
1495 1655 1697 1690 secundum
1713 1655 1810 1702 quod

232 1720 327 1743 nunc
350 1709 393 1743 de
414 1709 550 1743 veniali
571 1709 774 1755 loquimur3
797 1709 859 1743 sed
882 1709 1011 1743 dicitur
1032 1709 1186 1751 veniale,
1209 1709 1306 1755 quod
1329 1717 1382 1744 est
1402 1708 1509 1743 facile
1535 1710 1762 1744 remissibile.

303 1763 363 1797 AD
386 1773 595 1797 SECUNDUM
615 1763 821 1804 dicendum,
835 1763 931 1809 quod
947 1762 1007 1797 illa
1024 1762 1145 1804 elatio,
1166 1774 1257 1809 quae
1276 1763 1472 1809 praecessit
1492 1763 1529 1797 in
1552 1763 1675 1798 animo
1695 1763 1811 1798 homi-

232 1819 298 1860 nis,
320 1817 386 1852 fuit
407 1819 566 1864 primum
580 1819 740 1853 hominis
763 1827 955 1865 peccatum
978 1818 1152 1853 mortale:
1170 1818 1300 1852 dicitur
1322 1826 1444 1853 autem
1459 1819 1700 1864 praecessisse
1720 1817 1811 1863 deje-

233 1872 393 1906 ctionem
409 1873 484 1917 ejus
500 1872 536 1906 in
551 1873 767 1907 exteriorem
785 1881 906 1906 actum
927 1872 1086 1919 peccati:
1109 1872 1321 1917 hujusmodi
1339 1879 1462 1906 autem
1481 1871 1680 1906 elationem
1693 1871 1812 1905 subse-

233 1934 315 1960 cuta
337 1934 391 1960 est
412 1934 447 1960 et
469 1926 676 1972 experiendi
699 1926 875 1972 cupiditas
898 1926 934 1959 in
956 1926 1046 1968 viro,
1070 1934 1104 1960 et
1126 1925 1300 1959 dubitatio
1323 1927 1359 1959 in
1382 1925 1547 1967 muliere,
1563 1936 1656 1971 quae
1674 1936 1717 1959 ex
1738 1925 1810 1959 hoc
1841 1961 1843 1964 Α

233 1979 313 2014 solo
336 1980 371 2013 in
394 1980 591 2026 quamdam
616 1979 725 2014 aliam
748 1979 946 2014 elationem
962 1981 1136 2026 prorupit,
1152 1979 1249 2026 quod
1263 1979 1447 2026 praecepti
1466 1979 1694 2014 mentionem
1709 1990 1729 2012 a
1743 1990 1812 2013 ser-

232 2042 338 2080 pente
362 2033 507 2075 audivit,
531 2035 632 2079 quasi
654 2033 769 2068 nollet
790 2034 853 2067 sub
876 2041 1072 2080 praecepto
1096 2033 1283 2067 contineri.

305 2087 364 2121 AD
387 2097 559 2121 TERTIUM
584 2087 790 2129 dicendum,
813 2088 910 2133 quod
933 2095 1126 2133 peccatum
1149 2086 1304 2121 mortale
1332 2087 1513 2121 intantum
1541 2086 1736 2133 opponitur
1763 2085 1812 2119 in·
1863 2085 1867 2093 “

232 2140 390 2186 tegritati
412 2141 517 2186 primi
539 2149 663 2183 status,
687 2141 783 2187 quod
807 2141 1008 2187 corrumpit
1028 2141 1165 2186 ipsum,
1188 2140 1285 2186 quod
1313 2148 1510 2186 peccatum·
1527 2139 1669 2174 veniale
1691 2138 1810 2173 facere

232 2206 307 2229 non
330 2202 465 2240 potest:
490 2203 523 2228 et
545 2195 628 2240 quia
650 2206 723 2229 non
746 2203 865 2241 potest
887 2194 996 2228 simul
1023 2206 1101 2229 esse
1123 2205 1377 2241 quaecumque
1403 2194 1625 2228 inordinatio
1655 2204 1739 2227 cum
1761 2193 1812 2226 in·
1862 2237 1864 2244 ,

232 2248 398 2294 tegritate
421 2248 528 2294 primi
550 2256 673 2290 status,
698 2260 925 2295 consequens
948 2256 1011 2290 est,
1035 2248 1132 2294 quod
1154 2248 1291 2293 primus
1314 2248 1430 2282 homo
1452 2259 1527 2282 non
1549 2247 1708 2294 potuerit
1730 2257 1812 2293 pec-

235 2314 317 2336 care
339 2301 539 2344 venialiter,
563 2310 759 2348 antequam
782 2310 952 2349 peccaret
977 2301 1190 2336 mortaliter.

793 2419 1143 2464 ARTICULUS
1172 2420 1247 2462 iv.
1739 2440 1808 2476 477

234 2516 388 2546 UTRUM
415 2516 612 2547 ANGELUS
641 2516 797 2556 BONUS,
828 2517 907 2546 VEL
935 2517 1079 2546 MALUS
1113 2516 1266 2546 POSSIT
1300 2516 1498 2546 PECCARE
1530 2515 1807 2546 VENIALITER.
1858 2511 1859 2514 ¹

833 2593 932 2635 (illul.
957 2605 985 2638 q.
1010 2604 1038 2639 7.
1061 2598 1126 2628 art.
1151 2593 1213 2639 9.).

306 2670 366 2704 An
383 2681 571 2709 QL’AR'I‘UM
587 2670 636 2704 sic
653 2670 869 2716 proceditur.
881 2670 1043 2713 Videtur,
1059 2671 1156 2716 quod
1173 2669 1322 2716 angelus
1337 2670 1466 2712 bonus,
1480 2669 1539 2704 vel
1553 2668 1683 2711 malus,
1698 2668 1810 2716 possit

235 2735 384 2770 peccare
408 2723 614 2759 venialiter:
636 2724 750 2757 homo
779 2724 875 2758 enim
905 2735 987 2758 cum
1025 2724 1162 2769 angelis
1193 2724 1364 2758 convenit
1391 2724 1426 2757 in
1461 2723 1638 2770 superiori
1666 2723 1808 2757 animae

237 2786 347 2824 parte,
370 2790 461 2823 quae
486 2790 586 2812 mens
609 2786 771 2819 vocatur,
805 2778 1005 2812 secundum
1034 2778 1120 2812 illud
1146 2778 1256 2824 Greg.
1279 2779 1314 2812 in
1348 2777 1486 2812 Homil.
1516 2778 1586 2824 (29.
1615 2779 1647 2812 1'11
1675 2778 1808 2822 Evang.

230 2839 354 2878 siarum
371 2833 543 2878 aprini-‚x
568 2832 679 2866 Homo
704 2832 856 2877 inttsllz'git
879 2845 950 2866 sum
971 2833 1106 2877 angelis:
1135 2833 1197 2867 sed
1219 2833 1334 2867 homo
1361 2832 1562 2867 secundum
1585 2831 1807 2878 superiorem

237 2894 375 2932 partem
399 2886 541 2920 animae
564 2893 681 2932 potest
703 2897 852 2932 peccare
875 2885 1074 2929 venialiter3
1093 2897 1180 2932 ergo
1208 2894 1243 2921 et
1265 2885 1425 2933 angelus.
