1907 3182
217 181 301 224 342
647 180 869 216 QUAESTIO
902 180 1018 209 XLIX.
1053 179 1300 209 ARTICULUS
1334 179 1362 207 1.

290 273 318 308 3.
340 262 577 297 PRAETEREA.
599 262 731 296 Omnis
750 261 892 295 habitus
912 269 965 295 est
983 260 1183 306 dispositio,
1202 267 1240 293 ut
1258 259 1388 293 dicitur
1402 259 1438 292 in
1453 258 1678 293 Praedicam.
1694 259 1786 305 (cap.

215 315 251 350 de
275 316 449 360 Qualit.):
481 316 543 350 sed
565 315 752 361 dispositio
777 323 829 349 est
851 315 940 348 ordo
963 314 1128 347 habentis
1150 321 1279 359 partes,
1302 321 1340 347 ut
1362 313 1491 347 dicitur
1511 313 1548 346 in
1574 323 1602 357 5.
1625 312 1786 359 Metaph.

215 370 296 414 (tex.
317 370 390 413 24.)
408 382 417 404 .-
439 369 510 403 hoc
534 377 655 412 autem
677 368 830 415 pertinet
852 367 895 401 ad
917 367 1254 413 praedicamentum
1275 366 1381 406 situs;
1417 377 1504 412 ergo
1537 365 1680 400 habitus
1712 377 1788 400 non

216 431 269 457 est
290 422 454 469 qualitas.

288 476 362 510 SED
386 486 543 511 CONTRA
566 483 628 517 est,
652 475 748 521 quod
771 473 986 519 Philosoph.
1010 473 1097 507 dicit
1117 473 1153 506 in
1175 472 1401 507 Praedicam.
1425 473 1494 518 (loc
1515 472 1588 516 cit.)
1610 471 1708 518 quod
1727 471 1790 506 ha-

214 529 308 563 bitus
331 537 384 563 est
405 528 558 575 qualitas
582 528 625 562 de
648 527 785 561 difficili
807 526 964 561 mobilis.

286 583 516 617 RESPONDEO
536 581 743 622 dicendum,
762 580 859 626 quod
877 580 949 613 hoc
968 591 1105 614 nomen
1125 579 1253 614 habitas
1271 579 1313 612 ab
1332 579 1501 613 habendo
1521 586 1574 613 est
1591 585 1788 624 sumptum:

217 647 237 670 a
259 648 331 682 quo
353 636 500 682 quidem
522 646 658 668 nomen
680 634 823 667 habitus
847 633 1022 681 dupliciter
1044 633 1240 666 derivatur:
1263 644 1329 666 uno
1351 632 1499 678 quidem
1519 632 1628 674 modo,
1664 642 1789 666 secun-

216 690 303 723 dum
325 690 422 735 quod
444 689 571 729 homo,
594 687 651 721 vel
673 698 926 733 quaecumque
950 686 1018 720 alia
1040 698 1096 720 res
1119 686 1248 719 dicitur
1267 685 1401 731 aliquid
1420 685 1572 720 habere:
1592 686 1659 720 alio
1677 684 1788 727 modo,

216 742 415 777 secundum
440 742 536 787 quod
560 741 679 787 aliqua
702 752 757 775 res
781 740 902 786 aliquo
927 741 1039 774 modo
1061 739 1171 773 habet
1192 750 1230 773 se
1258 740 1293 772 in
1327 738 1457 784 seipsa,
1483 738 1542 772 vel
1575 738 1620 772 ad
1655 738 1788 784 aliquid

216 795 323 830 aliud.
347 795 455 830 Circa
472 797 638 841 primum,
661 793 966 828 considerandum
989 801 1051 834 est,
1074 792 1172 839 quod
1186 793 1315 834 halvere,
1333 791 1535 826 secundum
1549 792 1647 838 quod
1661 792 1789 826 dicitur

215 856 380 895 respectu
404 850 676 893 cujuscumque,
700 847 796 893 quod
818 847 981 888 habetur,
1005 858 1202 880 commune
1225 854 1277 880 est
1300 845 1342 879 ad
1362 846 1502 879 diversa
1521 856 1675 891 genera3
1694 845 1788 879 unde

214 902 308 936 Phil.
330 903 421 936 inter
442 901 827 947 Postpraedicamenta
849 900 965 934 halma
986 900 1107 946 ponit;
1131 910 1223 945 quae
1246 898 1384 933 scilicet
1414 898 1555 933 diversa
1587 909 1709 932 rerum
1731 910 1790 944 ge-

214 967 300 989 nera
323 963 612 1001 consequuntur:
637 955 728 988 sicut
746 962 829 988 sunt
847 955 1011 1000 opposita,
1029 954 1182 1000 etprim,
1200 960 1234 987 et
1243 954 1417 999 posterius,
1435 960 1469 986 et
1484 951 1554 986 alia
1567 951 1788 997 hujusmodi.

216 1009 287 1043 Sed
309 1009 401 1042 inter
423 1020 475 1050 ea,
499 1019 590 1054 quae
612 1008 801 1049 habentur,
822 1006 903 1041 talis
926 1007 1067 1040 videtur
1089 1017 1165 1040 esse
1188 1006 1382 1048 distinctio,
1401 1005 1499 1052 quod
1518 1005 1678 1051 quaedam
1697 1014 1789 1047 sunt,

214 1062 251 1095 in
273 1062 400 1107 quibus
423 1061 514 1095 nihil
536 1068 599 1102 est,
622 1061 785 1095 medium
806 1060 898 1094 inter
919 1060 1068 1102 habens,
1084 1067 1117 1094 et
1130 1060 1166 1093 id
1181 1059 1278 1105 quod
1300 1059 1471 1093 habetur:
1495 1058 1586 1093 sicut
1604 1059 1696 1093 inter
1711 1059 1791 1093 sub-

214 1117 349 1161 jectum
367 1115 426 1160 [al.
440 1115 632 1160 olrjectnmL
648 1122 680 1148 et
696 1114 986 1160 qualitatem,vel
1003 1115 1240 1159 quantitatem
1259 1112 1350 1146 nihil
1369 1120 1421 1146 est
1439 1112 1784 1158 medium,qzcaedam

214 1180 301 1203 vero
324 1176 416 1210 sunt,
439 1169 474 1202 in
497 1168 625 1214 quibus
648 1179 722 1201 non
738 1176 790 1202 est
805 1167 952 1213 aliquod
966 1167 1129 1201 medium
1144 1167 1236 1200 inter
1255 1174 1460 1212 utrumque,
1476 1166 1539 1200 sed
1553 1165 1631 1199 sola
1646 1165 1789 1199 relatio:

216 1223 308 1257 sicut
329 1223 459 1256 dicitur
482 1223 610 1269 aliquis
632 1223 766 1256 habere
789 1222 943 1264 socium,
965 1221 1023 1256 vel
1046 1222 1225 1255 amicum:
1258 1221 1419 1266 quaedam
1451 1231 1538 1254 vero
1573 1228 1666 1262 sunt,
1699 1220 1792 1254 inter

215 1288 307 1323 quae
330 1284 383 1311 est
406 1276 541 1322 aliquid
564 1276 738 1317 medium,
761 1287 835 1310 non
859 1275 1005 1321 quidem
1028 1275 1136 1317 actio,
1158 1274 1216 1308 vel
1237 1274 1370 1320 passio,
1391 1274 1456 1308 sed
1478 1273 1613 1319 aliquid
1634 1284 1698 1320 per
1715 1284 1790 1307 mo-

215 1332 302 1364 dum
325 1330 491 1372 actionis,
513 1329 571 1364 vel
593 1329 788 1375 passionis;
811 1337 916 1375 prout
938 1328 1076 1362 scilicet
1098 1340 1212 1362 unum
1234 1335 1287 1362 est
1317 1339 1464 1369 ornans,
1498 1326 1556 1361 vel
1589 1338 1731 1373 regens,
1754 1335 1788 1361 et

215 1383 312 1417 aliud
339 1391 519 1424 ornatum,
543 1390 602 1416 aut
624 1390 782 1425 rectum;
806 1382 900 1416 unde
923 1381 1060 1416 Philos.
1085 1382 1171 1415 dicit
1192 1382 1228 1415 in
1254 1393 1281 1426 5.
1304 1381 1464 1427 Metaph.
1487 1381 1568 1426 (tex.
1590 1380 1669 1426 25.),
1693 1379 1790 1426 quod

214 1437 357 1472 habitus
379 1437 508 1471 dicitur
529 1445 717 1482 tamquam
741 1436 836 1470 actio
859 1435 1039 1481 quaedam
1060 1435 1237 1476 habentis,
1260 1442 1294 1468 et
1315 1434 1446 1468 habiti:
1470 1434 1563 1468 sicut
1584 1441 1635 1467 est
1654 1434 1690 1467 in
1708 1432 1791 1475 illis,

215 1502 306 1537 quae
330 1491 425 1524 circa
446 1502 513 1524 nos
534 1490 732 1531 habemus3
756 1497 791 1523 et
812 1489 895 1523 ideo
917 1489 954 1522 in
975 1489 1031 1522 his
1055 1488 1282 1522 constituitur
1301 1499 1414 1521 unum
1432 1485 1589 1533 speciale
1609 1498 1723 1532 genus
1741 1497 1793 1520 re-

215 1556 306 1586 rum,
330 1544 426 1590 quod
449 1544 578 1577 dicitur
595 1543 905 1589 praedicamentam
928 1543 1075 1576 habitus:
1099 1542 1142 1575 de
1165 1552 1236 1587 quo
1259 1541 1345 1574 dicit
1366 1540 1503 1574 Philos.
1523 1540 1559 1574 in
1583 1551 1610 1585 5.
1630 1539 1790 1585 Metaph.

214 1599 344 1643 (ibid),
367 1598 463 1644 quod
485 1598 577 1631 inter
598 1597 793 1631 habentem
816 1596 1083 1638 indumentum,
1103 1604 1136 1629 et
1154 1595 1420 1636 indumentum,
1440 1594 1537 1640 quod
1555 1593 1720 1635 habetur,
1739 1600 1792 1628 est

213 1652 357 1686 habitus
379 1652 531 1686 medius.
556 1650 595 1684 Si
617 1659 739 1684 autem
761 1658 924 1684 sumatur
946 1651 1076 1691 habere,
1100 1657 1207 1695 prout
1227 1660 1283 1683 res
1307 1647 1427 1694 aliqua
1457 1648 1586 1682 dicitur
1619 1647 1793 1694 quodam-

214 1706 326 1739 modo
349 1716 386 1739 se
407 1705 540 1739 habere
563 1706 598 1738 in
621 1705 750 1750 seipsa,
775 1703 833 1737 vel
855 1703 898 1736 ad
922 1703 1056 1749 aliquid
1080 1702 1189 1744 aliud,
1221 1714 1305 1736 cum
1327 1702 1394 1736 iste
1420 1701 1551 1736 modus
1573 1713 1612 1736 se
1633 1701 1791 1735 habendi

214 1759 258 1793 sit
279 1758 479 1793 secundum
502 1757 661 1803 aliquam
683 1756 907 1803 qualitatem,
929 1757 1000 1790 hoc
1024 1756 1136 1790 modo
1159 1756 1302 1790 habitus
1327 1755 1509 1802 quaedam
1535 1754 1689 1801 qualitas
1711 1763 1787 1797 est,

215 1812 258 1846 de
280 1823 350 1858 qua
372 1811 508 1845 Philos.
532 1811 567 1844 in
595 1822 621 1856 5.
645 1810 805 1856 Metaph.
829 1810 907 1854 (loc.
930 1816 1002 1856 sup.
1025 1810 1098 1854 cit.)
1121 1810 1218 1851 dicit,
1240 1809 1337 1855 quod
1359 1809 1502 1843 habitus
1524 1809 1654 1843 dicitur
1675 1808 1793 1855 dispo-

214 1865 308 1906 sitio,
330 1865 530 1899 secundum
552 1875 661 1910 quam
678 1864 782 1905 bene,
802 1862 860 1897 vel
879 1862 974 1897 male
994 1863 1194 1909 disponitur
1213 1862 1428 1908 dispositum
1447 1869 1508 1896 aut
1526 1862 1727 1897 secundum
1741 1873 1790 1904 se,

215 1926 275 1952 aut
298 1919 340 1952 ad
364 1918 478 1953 aliud:
502 1927 539 1952 ut
560 1918 693 1952 sanitas
716 1917 858 1951 habitus
880 1917 1026 1963 quidam
1051 1925 1118 1959 est;
1142 1925 1177 1951 et
1198 1917 1248 1951 sic
1268 1916 1453 1963 loquimur
1471 1927 1567 1950 nunc
1587 1915 1631 1950 de
1648 1915 1790 1957 habitu;

214 1973 308 2006 unde
330 1972 501 2007 dicendum
524 1977 577 2013 cst,
601 1971 686 2017 quod
706 1971 839 2006 habitus
860 1976 902 2005 est
919 1971 1073 2016 qualitas.

286 2026 345 2060 AD
364 2036 514 2060 PRIMUM
537 2036 624 2070 ergo
648 2025 853 2066 dicendum,
877 2024 973 2070 quod
996 2023 1154 2069 objectio
1176 2023 1238 2058 illa
1269 2023 1433 2069 procedit
1467 2022 1511 2056 de
1544 2022 1661 2058 habere
1695 2033 1793 2057 com-

216 2079 371 2113 muniter
392 2086 560 2124 sumpto:
588 2078 638 2112 sic
668 2078 764 2111 enim
792 2085 845 2111 est
872 2088 1068 2111 commune
1092 2077 1136 2110 ad
1155 2076 1269 2110 multa
1291 2087 1437 2123 genera,
1456 2084 1494 2110 ut
1512 2075 1649 2110 dictum
1668 2083 1721 2110 est
1741 2075 1789 2120 (in

215 2139 305 2178 corp.
328 2132 422 2176 art).

286 2185 346 2218 Ab
369 2195 575 2219 SECUNDUM
598 2184 804 2226 dicendum,
827 2183 923 2230 quod
947 2184 1037 2217 ratio
1061 2183 1121 2217 illa
1143 2183 1307 2230 procedit
1341 2182 1384 2217 de
1417 2182 1554 2225 habitu,
1588 2182 1788 2217 secundum

214 2238 311 2284 quod
334 2237 546 2282 intelligitur
568 2237 701 2283 aliquid
724 2237 886 2271 medium
910 2237 1001 2271 inter
1022 2237 1171 2279 habens,
1194 2244 1229 2271 et
1251 2236 1283 2270 id
1306 2237 1403 2283 quod
1424 2236 1595 2270 habetur:
1619 2236 1670 2270 sic
1693 2236 1790 2270 enim

216 2300 269 2326 cst
291 2291 475 2338 quoddam
500 2291 847 2336 praedicamentum,
871 2299 909 2324 ut
931 2291 1067 2324 dictum
1092 2299 1144 2325 est
1165 2291 1218 2335 (in
1241 2297 1332 2337 corp.
1355 2291 1448 2335 art).

287 2345 345 2379 AD
374 2355 546 2378 TERTIUM
569 2344 774 2385 dicendum,
797 2345 894 2390 quod
910 2344 1097 2390 dispositio
1113 2344 1259 2390 quidem
1275 2355 1418 2390 semper
1433 2343 1605 2390 importat
1624 2342 1790 2377 ordinem

215 2398 366 2443 alicujus
401 2398 565 2431 habentis
587 2405 722 2443 partes:
747 2398 809 2431 sed
831 2397 901 2431 hoc
927 2397 1104 2443 contingit
1138 2397 1326 2444 tripliciter,
1351 2405 1388 2431 ut
1409 2397 1531 2431 statim
1554 2396 1687 2430 ibidem
1709 2395 1791 2429 Phi—

214 2452 390 2498 losophus
413 2452 549 2485 subdit:
574 2450 712 2485 scilicet
734 2456 790 2485 unt
812 2452 1013 2484 secundum
1036 2450 1172 2492 locum,
1195 2456 1252 2485 ‹mt
1273 2451 1475 2484 secundum
1497 2450 1712 2496 potentiam,
1734 2454 1791 2483 au!

215 2506 417 2540 secundum
439 2505 618 2551 speciem:
642 2505 676 2538 in
700 2516 785 2550 quo,
808 2512 844 2537 ut
868 2504 1078 2550 Simplicius
1101 2504 1186 2538 dicit
1208 2504 1243 2537 in
1268 2504 1479 2538 Comment.
1514 2502 1790 2537 praedicamen-

215 2568 336 2593 torum
359 2559 410 2603 (in
433 2565 505 2605 sap.
529 2558 564 2592 du
585 2557 717 2602 Quid),
752 2557 1029 2603 comprehendit
1048 2568 1176 2591 omncs
1196 2557 1469 2603 dispositiones:
1489 2555 1698 2602 corporales
1717 2555 1792 2602 qui-

216 2613 299 2646 dem
314 2612 348 2646 in
365 2623 409 2646 eo
425 2611 520 2657 quod
536 2611 631 2651 dicit,
646 2610 819 2645 secundnm
840 2611 944 2644 Iocum
959 2624 968 2644 .·
989 2619 1023 2644 ct
1036 2611 1107 2645 hoc
1124 2611 1277 2657 pertinet
1292 2611 1334 2644 ad
1350 2609 1685 2656 praedicamentum
1699 2610 1789 2650 situs,

216 2666 275 2711 qui
298 2674 351 2700 est
373 2666 462 2699 ordo
483 2664 638 2711 partium
663 2666 695 2697 in
718 2663 819 2697 loco:
844 2665 939 2709 quod
964 2672 1084 2698 autem
1107 2664 1204 2706 dicit,
1225 2663 1400 2698 secundum
1419 2664 1615 2710 potentiam,
1639 2661 1791 2696 includit

216 2719 294 2754 illas
317 2719 584 2765 dispositiones,
605 2729 695 2764 quae
711 2718 841 2751 suntin
858 2718 1144 2763 praeparatione,
1163 2726 1198 2752 et
1217 2717 1412 2751 idoneitate
1430 2717 1595 2750 nondum
1613 2715 1789 2762 perfecte;

215 2774 309 2808 sicut
330 2773 491 2814 scientia,
514 2780 548 2806 et
570 2772 680 2805 virtus
703 2771 892 2805 inchoata:
915 2771 1010 2815 quod
1027 2780 1148 2806 autem
1167 2771 1263 2812 dicit,
1280 2770 1457 2805 ssi-undum.
1474 2771 1623 2817 speciem,
1639 2768 1790 2803 includit

215 2826 392 2873 perfectas
414 2826 680 2873 dispositiones,
703 2836 794 2871 quae
823 2824 988 2858 dicuntur
1018 2824 1165 2865 lnzlvilusJ
1196 2825 1289 2859 sicut
1317 2823 1479 2865 scientia,
1502 2831 1536 2858 et
1557 2823 1669 2857 virtus
1692 2832 1791 2856 com-

216 2880 321 2926 pletc.
