1907 3198
0 0 40 1412 Ι

519 191 742 230 Quas-no
775 190 864 222 cxx.
896 187 1143 221 Ακτιουιυε
1178 186 1238 217 111.
1573 172 1652 228 831

93 289 180 326 grae
198 276 435 314 dilectionem
455 276 511 312 sui
531 276 643 323 ipsius
664 274 839 310 referebat
857 274 899 308 ad
920 283 1086 308 amorem
1104 270 1175 306 Dei
1193 270 1286 305 sicut
1306 268 1350 303 ad
1372 267 1494 309 finem,
1513 276 1547 302 et
1565 267 1662 303 simi-

91 332 175 368 liter
192 330 426 367 dilectionem
448 330 614 365 omnium
636 328 790 364 aliarum
811 339 890 362 reru
907 338 950 369 ’.η
974 335 1009 362 et
1030 326 1077 360 ita
1098 325 1219 359 Deum
1247 322 1419 369 diligebat
1445 321 1524 368 plus
1550 332 1660 368 quam

91 385 264 434 seipsum,
284 392 322 421 et
339 395 448 431 super
467 384 606 419 omnia:
629 382 692 417 sed
714 382 749 416 in
771 390 864 416 statu
882 389 1032 415 naturae
1047 385 1239 425 corruptae
1255 376 1370 411 homo
1389 375 1432 409 ab
1448 375 1517 410 hoc
1541 374 1662 410 deficit

92 438 294 477 secundum
307 437 507 485 appetitum
526 435 722 471 voluntatis
740 433 936 476 rationalis,
951 444 1044 480 quae
1059 440 1205 479 propter
1226 429 1498 476 corruptionem
1513 436 1661 462 naturae

92 493 252 541 sequitur
276 492 415 527 bonurn
442 491 634 538 privatum,
661 489 728 524 nisi
754 496 900 523 sanetur
921 498 983 534 per
1004 486 1160 532 gratiam
1187 484 1274 519 Dei:
1298 492 1333 518 ct
1354 482 1436 517 idco
1463 482 1658 516 dicendum

92 554 160 591 est,
179 545 277 594 quod
298 545 413 580 homo
428 545 464 579 in
479 552 573 580 statu
586 551 736 578 naturae
750 542 911 588 integrae
925 551 999 576 non
1020 539 1202 586 indigebat
1219 538 1318 572 dono
1338 536 1474 583 gratiae
1496 535 1663 582 superad-

92 599 189 636 ditae
208 598 432 635 naturalibus
453 598 558 633 bonis
584 597 628 632 ad
655 596 880 642 diligendum
906 595 1027 629 Deum
1049 592 1259 628 naturaliter
1285 602 1392 638 super
1418 589 1555 630 omnia,
1581 588 1665 624 licet

93 653 273 700 indigeret
289 651 424 688 auxilio
443 651 513 687 Dei
528 651 573 686 ad
591 651 662 685 hoc
682 661 766 685 eum
782 649 982 684 moventis:
1005 647 1066 682 sed
1082 647 1118 681 in
1133 654 1226 681 statu
1241 654 1390 680 naturae
1405 651 1597 691 corruptae
1615 642 1665 677 in-

95 706 195 755 diget
210 706 328 742 homo
342 705 452 741 etiam
467 705 511 740 ad
529 704 601 739 hoc
624 702 758 738 auxilio
780 702 916 749 gratiae
938 709 1104 736 naturam
1126 699 1296 735 sanantis.

166 761 229 797 An
253 769 405 796 fumun
431 769 519 805 ergo
545 757 753 799 dicendum,
783 756 880 803 quod
907 755 1064 790 charitas
1091 753 1206 800 diligit
1238 753 1360 787 Deum
1394 762 1501 798 super
1534 749 1659 785 omnia

95 813 325 857 eminentius,
345 823 457 861 quam
477 819 622 847 natura:
645 819 772 846 natura
799 810 897 845 enim
919 809 1035 855 diligit
1056 808 1177 843 Deum
1200 818 1304 854 super
1326 806 1462 848 omnia,
1484 811 1591 852 prout
1611 812 1665 839 est

95 867 325 917 principium,
345 874 382 902 et
401 865 482 902 finis
502 864 675 900 naturalis
696 864 801 899 boni:
824 863 981 898 charitas
1003 870 1137 904 autem,
1159 860 1359 896 secundum
1373 859 1472 906 quod
1494 866 1547 894 est
1568 858 1665 904 obje-

96 928 198 958 ctum
216 920 458 963 beatitudinis,
479 927 516 955 et
536 918 738 955 secundum
759 917 855 965 quod
877 917 993 952 homo
1015 916 1124 950 habet
1145 914 1342 962 quamdam
1363 913 1577 949 societatem
1599 912 1667 958 spi-

92 973 266 1026 ritualem
294 985 380 1010 cum
404 973 506 1009 Deo:
533 972 632 1008 addit
658 973 768 1007 etiam
795 971 951 1006 charitas
973 981 1080 1017 super
1104 968 1308 1004 naturalem
1332 967 1568 1002 dilectionem
1594 965 1665 1001 Dei

97 1027 421 1078 promptitudinem
447 1026 658 1075 quamdam,
684 1034 720 1061 et
745 1024 1046 1060 delectationem:
1074 1023 1167 1058 sicut
1187 1022 1330 1057 habitus
1353 1020 1502 1068 quilibet
1527 1019 1667 1054 virtutis

97 1081 197 1119 addit
220 1092 329 1130 super
359 1090 482 1117 actum
515 1081 665 1122 bonum,
686 1079 747 1127 qui
769 1078 807 1115 fit
832 1090 875 1114 ex
897 1077 976 1114 sola
1001 1076 1158 1113 naturali
1180 1076 1319 1112 ratione
1346 1075 1506 1110 hominis
1527 1073 1667 1109 virtutis

97 1136 263 1173 habitum
283 1146 358 1172 non
378 1135 555 1171 habentis.

169 1190 232 1227 Al>
258 1199 467 1227 sncmmuu
493 1188 700 1230 dicendum,
729 1186 827 1234 quod
859 1197 941 1222 cum
977 1185 1117 1227 dicitur,
1147 1183 1245 1232 quod
1272 1183 1372 1218 nulla
1397 1191 1524 1218 natura
1551 1189 1670 1229 potest

98 1255 207 1294 supra
226 1244 396 1292 seipsam,
416 1253 492 1278 non
513 1251 568 1278 est
588 1241 878 1288 intelligendum,
899 1239 996 1287 quod
1015 1250 1089 1274 non
1105 1239 1218 1285 possit
1239 1237 1322 1272 ferri
1344 1237 1379 1272 in
1402 1235 1548 1283 aliquod
1570 1235 1670 1281 obje-

99 1307 212 1342 ctum,
231 1297 331 1347 quod
347 1306 403 1333 est
421 1307 530 1344 supra
550 1307 607 1332 se:
630 1294 862 1330 manifestum
885 1302 938 1329 est
959 1293 1069 1335 enim,
1091 1292 1188 1339 quod
1203 1291 1407 1326 intellectus
1429 1299 1553 1325 noster
1570 1297 1671 1324 natu·

98 1351 167 1389 tali
186 1351 397 1399 cognitione
417 1358 537 1399 potest
557 1348 677 1396 aliqua
699 1359 936 1395 cognoscere,
958 1358 1050 1394 quae
1073 1354 1155 1381 sunt
1181 1357 1288 1392 supra
1310 1345 1490 1391 seipsum;
1513 1351 1551 1378 ut
1571 1351 1671 1390 patet

100 1406 138 1442 in
150 1404 306 1442 naturali
322 1403 534 1452 cognitione
550 1403 639 1438 Dei:
658 1402 720 1438 sed
734 1401 821 1436 illud
837 1400 1114 1446 intelligendum
1130 1407 1195 1441 est,
1211 1399 1307 1445 quod
1321 1407 1448 1433 natura
1463 1408 1537 1432 non
1553 1405 1671 1444 potest

100 1458 185 1496 ferri
203 1459 241 1495 in
261 1466 385 1495 actum
404 1457 640 1493 excedentem
656 1457 930 1503 proportionem
953 1465 1039 1489 suae
1060 1453 1215 1488 virtutis:
1236 1452 1317 1487 talis
1334 1461 1455 1486 autem
1474 1459 1574 1486 actus
1595 1461 1669 1485 non

101 1520 157 1550 at
167 1511 318 1561 diligere
329 1511 465 1555 Deum,
479 1522 586 1559 super
600 1510 744 1546 omnia:
760 1510 830 1544 hoc
844 1509 941 1544 enim
956 1517 1010 1543 est
1022 1507 1185 1543 naturale
1197 1506 1344 1542 cuilibet
1353 1514 1502 1541 naturae
1517 1513 1670 1546 creatae,

44 1574 48 1578 ’
101 1574 142 1604 nt
159 1565 298 1603 dicmm
318 1573 374 1602 est
393 1565 446 1611 (in
466 1571 556 1613 corp.
579 1565 675 1610 art).

171 1620 235 1657 Al>
255 1629 429 1656 mrum
442 1619 649 1661 dicendum,
671 1618 768 1665 quod
791 1628 896 1652 amor
916 1617 1046 1652 dicitur
1066 1626 1232 1651 summus
1254 1626 1328 1650 non
1351 1613 1471 1649 solum
1490 1621 1668 1661 quantum

102 1674 149 1711 ad
168 1673 323 1722 gradum
353 1672 570 1715 dilectionis,
599 1672 662 1708 sed
689 1672 799 1707 etiam
826 1679 1003 1718 quantum
1038 1670 1082 1704 ad
1103 1669 1283 1704 rationem
1312 1668 1496 1715 diligendi,
1527 1675 1563 1702 et
1588 1667 1673 1702 dile-

103 1727 236 1764 ctionis
255 1727 428 1763 modum:
454 1734 490 1762 et
510 1726 710 1762 secundum
732 1725 803 1760 hoc
831 1735 996 1759 summus
1018 1723 1151 1769 gradus
1177 1722 1381 1758 dilectionis
1403 1730 1467 1763 est,
1495 1732 1568 1768 quo
1590 1720 1674 1756 cha·

104 1781 191 1818 ritas
209 1780 328 1829 diligit
343 1780 466 1817 Deum
486 1788 526 1816 ut
545 1779 825 1822 beatificantem,
847 1778 938 1813 sicut
961 1778 1098 1812 dictum
1120 1786 1172 1812 est
1197 1777 1245 1821 (iu
1268 1783 1358 1824 corp.
1379 1779 1475 1822 arn).

647 1908 993 1955 ARthtJLUS
1029 1907 1105 1952 IV.
1610 1927 1674 1963 579

322 2019 478 2052 UTRUM
505 2018 636 2050 HOMO
664 2018 759 2049 SINE
782 2017 945 2048 GRATIA
973 2018 1050 2047 PER
1077 2016 1160 2046 sUA
1192 2015 1443 2046 NATURALIA

482 2084 606 2115 LEGIS
634 2084 886 2115 PRAECEPTA
914 2082 1097 2113 IMPLERE
1124 2081 1290 2112 POSSIT.

226 2172 330 2222 (Insr.
349 2178 418 2210 art.
434 2184 465 2220 5.
482 2172 526 2208 ad
545 2184 575 2209 1.
595 2178 625 2208 ee
646 2184 677 2208 a.
695 2177 725 2208 ct
749 2183 776 2218 3.
799 2172 888 2207 Dist.
909 2171 963 2207 28.
986 2176 1051 2206 art.
1070 2182 1097 2217 3.
1119 2176 1149 2206 et
1177 2170 1264 2205 Veri.
1287 2181 1317 2216 q.
1336 2181 1393 2214 24.
1419 2174 1484 2203 art.
1502 2168 1567 2213 4.).

181 2263 243 2300 Al>
262 2272 453 2304 αυΑκτυκ
473 2263 525 2298 sic
546 2261 765 2310 proceditur.
781 2259 944 2303 Videtur,
965 2259 1062 2308 quod
1084 2260 1200 2295 homo
1222 2259 1298 2294 sine
1318 2258 1431 2305 gratia
1453 2270 1515 2305 per
1536 2268 1599 2292 sua
1617 2268 1676 2291 na-

109 2316 240 2354 turalia
258 2316 375 2368 possit
393 2323 584 2364 praecepta
605 2315 696 2362 legis
715 2314 881 2362 implere:
901 2314 987 2349 dicit
1004 2314 1100 2349 enim
1121 2313 1321 2360 Apostolus
1342 2313 1383 2347 ad
1404 2312 1510 2347 Rom.
1529 2322 1559 2346 2.
1579 2310 1675 2357 quod

108 2376 228 2420 geum,
252 2381 336 2418 quae
360 2370 458 2417 legem
485 2381 549 2405 non
570 2370 700 2412 habent,
724 2369 923 2404 naturaliter
943 2380 980 2403 cu
1002 2380 1083 2415 quac
1104 2368 1180 2413 legis
1201 2373 1286 2408 sunt,
1303 2367 1458 2413 νγάιίἰιηῌ
1486 2365 1548 2400 scd
1577 2364 1676 2405 illud,

111 2424 210 2474 quod
228 2424 439 2461 naturaliter
466 2423 582 2459 homo
603 2422 699 2465 facit,
726 2434 788 2469 per
814 2422 972 2470 seipsum
999 2430 1117 2469 potest
1137 2421 1256 2456 facere
1276 2422 1410 2467 absque
1433 2419 1565 2466 gratian
1588 2430 1676 2465 ergo

111 2479 229 2516 homo
248 2485 369 2528 potest
386 2476 478 2525 legis
499 2486 690 2525 praecepta
712 2476 830 2512 facere
846 2477 979 2524 absque
1002 2476 1128 2521 gratia.

183 2542 216 2569 2.
236 2531 475 2570 ΡιΑετειε-Α.
491 2531 737 2578 Hieronymus
754 2529 958 2577 (Pelagius)
976 2530 1062 2565 dicit
1077 2530 1111 2564 in
1127 2529 1352 2576 expositione
1375 2527 1577 2563 catholicae
1596 2526 1679 2561 fidei

113 2587 219 2636 (epist.
244 2597 276 2634 7.
295 2585 341 2622 ad
359 2585 503 2622 Damas.
524 2586 609 2620 inter
628 2585 747 2620 ascitit.
769 2585 826 2619 sub
839 2585 932 2631 fin),
955 2583 1037 2619 illos
1059 2595 1136 2619 esse
1159 2582 1441 2623 maledicendos,
1476 2581 1536 2628 qui
1558 2581 1678 2615 Deum

112 2639 340 2689 praecepisse
363 2639 507 2675 homini
533 2638 667 2686 aliquid
694 2638 918 2685 impossibile
944 2638 1087 2672 dicunt:
1110 2637 1172 2672 scd
1200 2635 1422 2684 impossibile
1445 2644 1497 2670 cst
1524 2634 1678 2675 homini,

112 2693 212 2743 quod
233 2704 295 2740 per
315 2693 473 2742 seipsum
489 2691 639 2740 implere
654 2703 728 2727 non
743 2699 880 2739 potest;
901 2703 989 2738 ergo
1004 2691 1119 2727 homo
1134 2699 1252 2738 potest
1272 2689 1422 2737 implere
1438 2689 1561 2723 onmia
1584 2699 1681 2735 prac-

113 2754 220 2797 cepta
238 2746 330 2795 legis
348 2757 415 2796 per
429 2747 601 2794 seipsum.

188 2811 220 2850 3.
249 2800 489 2839 Ρωτειεᾼ.
523 2800 620 2836 Inter
639 2799 764 2835 omnia
785 2808 977 2847 praecepta
1003 2798 1094 2845 legis
1121 2798 1321 2833 maximum
1349 2805 1402 2832 cst
1424 2796 1530 2831 illud:
1555 2795 1680 2842 Diliges

116 2854 428 2892 DomimDaem
442 2859 537 2891 tuum
556 2865 597 2890 α
617 2858 683 2890 toto
698 2852 872 2896 cordetuo,
888 2862 926 2889 ut
947 2850 1044 2901 paQet
1065 2852 1192 2887 Matth.
1210 2862 1283 2887 22.:
1300 2851 1360 2887 sed
1379 2851 1450 2886 hoc
1467 2850 1679 2885 mandatum

114 2913 235 2957 potest
252 2906 369 2944 homo
388 2906 540 2956 implere
562 2918 605 2943 ex
625 2906 714 2943 solis
738 2906 973 2949 naturalibus,
993 2906 1178 2953 diligendo
1204 2905 1324 2941 Deum
1352 2915 1458 2952 super
1479 2904 1616 2946 omnia,
1643 2911 1681 2938 ut
