1907 3182
254 132 335 172 166
675 142 894 177 QUAESTIO
930 142 1016 172 XIX.
1050 141 1294 171 ARTICULUS
1328 142 1384 172 VI.

246 223 389 265 tarium,
412 222 629 268 quandoque
652 229 772 256 autem
798 233 884 255 non.
907 221 951 255 Et
972 223 1055 267 quia
1081 221 1230 262 bonurn,
1258 228 1293 254 et
1314 220 1452 254 malum
1479 222 1617 256 morale
1646 221 1809 256 consistit

247 277 283 310 in
305 284 398 318 actu,
412 276 625 322 inquantum
641 283 693 309 est
706 274 943 316 voluntarius,
966 282 1004 308 ut
1025 286 1067 308 ex
1082 273 1287 320 praemissis
1304 281 1401 319 patet
1417 274 1499 319 (art.
1522 287 1552 310 2.
1568 276 1636 321 huj.
1659 276 1722 321 q.),
1736 286 1810 308 ma-

246 328 417 363 nifestum
440 337 503 371 est,
527 328 623 375 quod
642 328 703 362 illa
718 328 934 373 ignorantia,
957 339 1047 373 quae
1064 335 1186 361 causat
1201 326 1497 370 involuntarium,
1519 328 1614 362 tollit
1630 329 1809 362 rationem

245 382 342 424 boni,
366 391 400 417 et
421 382 507 416 mali
526 381 689 423 moralis3
705 393 779 415 non
796 389 917 414 autem
933 380 1005 423 illa,
1021 392 1112 427 quae
1128 380 1412 414 involuntarium
1427 392 1501 415 non
1517 390 1658 424 causat3
1673 382 1809 416 dictum

247 443 300 469 est
322 436 431 470 etiam
454 447 561 481 supra
583 435 630 480 (q.
654 435 686 469 6.
710 439 772 468 art.
795 435 857 479 8.),
881 435 977 480 quod
1000 434 1217 479 ignorantia,
1234 445 1324 479 quae
1343 441 1395 468 est
1410 434 1530 480 aliquo
1553 435 1665 469 modo
1686 434 1810 476 volita,

246 489 321 523 sive
345 489 490 531 directe,
512 489 586 522 sive
613 488 797 529 indirecte,
824 498 899 521 non
927 495 1051 521 causat
1076 487 1372 521 involuntarium.
1394 487 1438 521 Et
1459 488 1540 522 dico
1567 488 1811 534 ignorantiam

247 542 379 576 directe
393 542 649 583 voluntariam,
671 541 707 575 in
726 552 835 587 quam
859 549 957 575 actus
972 541 1168 575 voluntatis
1191 540 1319 575 fertur:
1334 540 1507 575 indirecte
1522 550 1644 576 autem
1665 549 1811 588 propter

249 594 523 641 negligentiam,
546 607 588 629 ex
611 606 654 628 eo
677 594 773 640 quod
797 593 924 640 aliquis
947 605 1021 628 non
1042 594 1118 627 vult
1139 593 1226 627 illud
1246 593 1347 635 scire,
1370 594 1466 639 quod
1488 594 1578 628 scire
1598 602 1750 637 tenetur,
1772 602 1811 630 ut

248 660 353 695 supra
384 649 519 682 dictum
543 656 595 682 est
618 647 742 691 (ibid).
771 647 809 681 Si
839 647 946 692 igitur
975 647 1066 681 ratio
1088 646 1147 681 vel
1174 646 1398 680 conscientia
1420 655 1513 681 erret
1539 659 1660 682 errore
1685 647 1812 682 volun-

248 702 352 744 tario,
374 701 433 736 vel
452 702 597 743 directe,
619 700 678 735 vel
699 700 872 735 indirecte
895 709 1039 747 propter
1060 700 1333 745 negligentiam,
1352 700 1435 746 quia
1458 708 1510 734 est
1529 712 1627 735 error
1650 701 1745 735 circa
1762 700 1810 744 id,

247 755 343 801 quod
366 756 443 801 quis
467 755 557 789 scire
579 762 732 796 tenetur,
754 762 838 788 tunc
861 753 942 787 talis
966 765 1065 788 error
1083 753 1244 795 rationis,
1266 752 1324 786 vel
1347 753 1591 788 conscientiae
1612 766 1688 789 non
1709 766 1812 789 excu-

245 817 310 851 sat,
334 809 418 855 quin
440 808 607 842 voluntas
630 808 857 842 concordans
885 807 1027 849 rationi,
1053 806 1111 841 vel
1135 806 1379 841 conscientiae
1405 809 1455 841 sic
1479 808 1610 842 erranti
1631 808 1677 843 sit
1696 808 1809 843 mala:

245 862 274 897 si
297 870 418 896 autem
442 862 486 895 sit
513 873 623 903 error,
651 862 710 907 qui
739 869 861 895 causet
887 860 1185 902 involontarium,
1211 860 1428 906 proveniens
1454 872 1496 895 ex
1521 861 1726 907 ignorantia
1753 861 1812 896 ali-

247 917 348 961 cujus
371 916 663 949 circumstantiae
687 914 819 960 absque
843 914 944 948 omni
965 913 1200 959 negligentia,
1227 921 1311 947 tunc
1333 913 1414 949 talis
1442 925 1542 948 error
1567 914 1728 956 rationis,
1753 914 1811 949 vel

246 969 489 1003 conscientiae
513 976 670 1009 excusat,
697 976 735 1002 ut
761 967 929 1001 voluntas
959 967 1187 1001 concordans
1215 967 1346 1000 rationi
1373 967 1506 1001 erranti
1531 978 1605 1002 non
1632 969 1677 1002 sit
1696 967 1810 1002 mala:

245 1031 341 1069 puta,
364 1024 391 1056 si
414 1022 505 1056 ratio
529 1033 650 1056 errans
674 1022 780 1063 dicat,
804 1021 899 1067 quod
921 1021 1035 1055 homo
1055 1028 1219 1055 teneatur
1235 1021 1277 1054 ad
1292 1031 1443 1054 uxorem
1466 1020 1611 1055 alterius
1626 1021 1810 1063 accedere,

245 1076 413 1110 voluntas
437 1075 664 1109 concordans
687 1075 771 1108 huic
799 1074 931 1108 rationi
953 1074 1085 1108 erranti
1111 1082 1164 1108 est
1185 1072 1298 1107 mala:
1328 1085 1371 1108 eo
1399 1073 1495 1119 quod
1522 1085 1623 1108 error
1647 1074 1712 1108 iste
1733 1085 1812 1121 pro-

247 1130 346 1163 venit
368 1141 409 1163 ex
432 1129 637 1174 ignorantia
655 1128 745 1174 legis
768 1128 849 1168 Dei,
869 1139 977 1173 quam
1000 1127 1091 1162 scire
1113 1135 1272 1161 tenetur:
1289 1127 1318 1160 si
1333 1135 1455 1161 autem
1473 1127 1565 1161 ratio
1579 1136 1674 1162 erret
1685 1127 1722 1162 in
1739 1128 1811 1162 hoc

246 1184 343 1229 quod
367 1183 499 1224 credat,
520 1182 677 1228 aliquam
693 1181 883 1215 mulierem
906 1181 1123 1215 submissam
1146 1192 1223 1215 esse
1246 1192 1350 1214 suam
1372 1192 1536 1222 uxorem,
1551 1189 1586 1215 et
1604 1193 1646 1215 ea
1667 1189 1810 1227 petente

247 1236 419 1278 debitum,
450 1235 536 1270 velit
566 1247 647 1270 eam
671 1246 907 1281 cognoscere,
939 1243 1130 1268 excusatur
1149 1233 1319 1268 voluntas
1350 1234 1439 1279 ejus,
1469 1242 1508 1268 ut
1527 1245 1602 1268 non
1631 1234 1676 1269 sit
1697 1234 1809 1268 mala:

246 1290 328 1335 quia
348 1301 447 1323 error
468 1289 533 1323 iste
556 1301 597 1323 ex
620 1289 825 1335 ignorantia
848 1288 1139 1322 circumstantiae
1162 1287 1338 1333 provenit,
1361 1298 1453 1333 quae
1477 1295 1635 1330 excusat,
1655 1295 1690 1322 et
1713 1288 1812 1322 invo-

244 1343 439 1378 luntarium
460 1351 593 1377 causat.

312 1397 372 1431 AD
394 1407 543 1431 PmMUM
565 1407 652 1441 ergo
675 1395 879 1436 dicendum,
902 1394 1010 1441 quod,
1026 1395 1117 1428 sicut
1137 1393 1290 1440 Dionys.
1319 1393 1404 1428 dicit
1430 1394 1465 1427 in
1492 1404 1524 1437 4.
1555 1405 1631 1440 cap.
1655 1394 1698 1429 de
1726 1395 1809 1429 Div.

245 1450 354 1484 Nom.
379 1452 482 1497 (part.
506 1461 537 1494 4.
561 1450 629 1483 lect.
659 1451 742 1493 22.),
777 1449 916 1482 bonum
944 1456 1111 1482 causatur
1138 1459 1179 1481 ex
1207 1449 1346 1492 integra
1374 1458 1493 1488 causa,
1520 1447 1659 1481 malum
1686 1455 1808 1482 autem

245 1516 287 1538 ex
309 1503 548 1549 singularibus
573 1502 790 1543 defectibus;
813 1509 846 1535 et
868 1502 949 1535 ideo
973 1502 1015 1535 ad
1037 1501 1109 1534 hoc
1132 1500 1229 1546 quod
1252 1500 1389 1534 dicatur
1410 1499 1550 1534 malum
1576 1500 1623 1542 id,
1650 1500 1687 1534 in
1713 1501 1810 1547 quod

244 1556 353 1591 fertur
374 1557 552 1598 voluntas,
576 1555 716 1597 sufficit,
741 1556 815 1589 sive
839 1555 934 1601 quod
958 1555 1156 1588 secundum
1179 1565 1282 1588 suam
1304 1561 1470 1587 naturam
1492 1554 1537 1588 sit
1557 1553 1708 1596 malum,
1735 1554 1810 1589 sive

244 1611 340 1656 quod
364 1609 651 1656 apprehendatur
673 1616 711 1642 ut
733 1607 890 1642 malum:
912 1608 972 1642 sed
997 1607 1040 1641 ad
1061 1607 1132 1641 hoc
1156 1607 1252 1653 quod
1267 1608 1310 1641 sit
1327 1607 1478 1649 bonum,
1492 1607 1695 1653 requiritur,
1714 1607 1810 1654 quod

245 1672 397 1710 utroque
424 1663 535 1697 modo
555 1663 599 1696 sit
619 1663 768 1696 bonum.

315 1718 375 1751 AD
398 1727 605 1752 SECUNDUM
628 1715 833 1756 dicendum,
856 1714 952 1760 quod
974 1713 1031 1748 lex
1054 1721 1199 1748 aeterna
1221 1724 1340 1747 errare
1366 1724 1441 1747 non
1467 1721 1603 1759 potest:
1632 1714 1695 1748 sed
1719 1714 1811 1749 ratio

245 1771 406 1805 humana
427 1778 547 1817 potest
577 1780 712 1804 errare:
745 1777 779 1803 et
808 1769 889 1802 ideo
918 1767 1086 1801 voluntas
1118 1766 1345 1801 concordans
1374 1767 1507 1801 rationi
1532 1767 1716 1802 humanae
1737 1779 1811 1802 non

243 1836 387 1870 semper
409 1832 462 1858 est
482 1831 591 1865 recta,
613 1834 679 1856 nec
702 1833 842 1868 semper
865 1829 918 1856 est
939 1820 1165 1855 concordans
1187 1819 1260 1866 legi
1282 1828 1461 1855 aeternae.

315 1878 374 1912 AD
391 1888 563 1912 TERT1UM
578 1876 784 1917 dicendum,
800 1875 897 1921 quod
917 1875 1006 1908 sicut
1021 1874 1057 1908 in
1073 1873 1317 1920 syllogisticis,
1333 1885 1406 1908 uno
1425 1874 1696 1909 inconvenienti
1714 1874 1811 1917 dato,

244 1942 393 1966 necesse
416 1939 469 1965 est
492 1930 560 1965 alia
583 1930 702 1976 sequi:
726 1930 774 1963 ita
798 1929 832 1962 in
852 1928 1061 1970 moralibus,
1084 1939 1157 1962 uno
1180 1928 1451 1962 inconvenienti
1473 1928 1604 1974 posito,
1623 1939 1665 1962 ex
1692 1940 1813 1963 neces-

244 1985 346 2019 sitate
371 1984 438 2018 alia
461 1991 674 2030 sequuntur:
699 1983 791 2017 sicut
812 1982 998 2028 supposito
1022 1981 1119 2027 quod
1141 1981 1269 2027 aliquis
1300 1989 1449 2027 quaerat
1471 1981 1618 2016 inanem
1645 1981 1810 2028 gloriam,

244 2039 319 2073 sive
340 2045 485 2084 propter
507 2038 653 2071 inanem
676 2036 829 2082 gloriam
846 2035 964 2077 faciat,
980 2035 1077 2081 quod
1090 2034 1210 2068 facere
1223 2042 1377 2076 tenetur,
1392 2034 1466 2069 sive
1483 2034 1648 2077 dimittat,
1668 2047 1812 2082 semper

248 2092 426 2138 peccabit:
455 2103 521 2125 nec
548 2099 671 2125 tamen
700 2099 752 2124 est
778 2088 986 2136 pcrplexus3
1014 2090 1096 2134 quia
1123 2095 1241 2134 potest
1268 2088 1507 2122 intentionem
1534 2088 1670 2122 malam
1697 2089 1813 2123 dimit-

244 2154 338 2179 tere:
361 2152 395 2179 et
417 2144 591 2186 similiter,
614 2143 800 2190 supposito
824 2154 944 2177 errore
967 2142 1128 2184 rationis,
1151 2141 1209 2176 vel
1231 2141 1486 2184 conscientiae,
1508 2142 1570 2188 qui
1591 2142 1755 2188 procedit
1769 2154 1811 2177 ex

244 2198 449 2245 ignorantia
471 2209 545 2231 non
567 2205 772 2238 excusante,
794 2208 942 2230 necesse
966 2204 1030 2238 est,
1052 2195 1149 2242 quod
1176 2203 1345 2242 sequatur
1374 2195 1512 2229 malum
1542 2195 1577 2229 in
1606 2195 1809 2231 voluntate:

246 2264 313 2286 nec
335 2260 457 2286 tamen
481 2260 532 2285 est
552 2251 667 2285 homo
689 2249 893 2297 perplexus:
922 2249 1006 2296 quia
1031 2256 1150 2296 potest
1177 2248 1218 2282 ab
1246 2260 1367 2284 errore
1394 2249 1573 2291 recedere,
1601 2260 1685 2284 curn
1711 2249 1812 2295 igno-

246 2305 360 2340 rantia
382 2305 425 2340 sit
446 2304 636 2346 vincibilis,
660 2312 694 2338 et
715 2303 929 2338 voluntaria.

796 2432 1142 2477 ARTICULUS
1171 2433 1270 2476 VII.
1746 2454 1806 2479 121

301 2544 454 2573 UTRUM
485 2541 767 2572 VOLUNTATIS
800 2540 987 2570 BONITAS
1021 2541 1064 2570 IN
1098 2540 1183 2580 HIS,
1217 2541 1335 2577 QUAE
1368 2540 1483 2571 SUNT
1515 2541 1573 2570 AD
1607 2541 1753 2581 FINEM,

622 2607 885 2636 DEPENDEAT
919 2606 974 2635 Ex
1008 2606 1281 2636 INTENTIONE
1314 2606 1438 2636 FINIS.

310 2696 356 2740 (2.
379 2696 466 2730 Dist.
485 2696 536 2742 38.
560 2699 623 2729 arc.
645 2706 677 2739 4.
701 2694 742 2728 ad
763 2706 795 2738 4.
819 2699 847 2729 ct
869 2699 933 2728 art.
952 2705 980 2739 5.
1003 2700 1092 2740 corp.
1111 2699 1140 2728 ct
1163 2695 1248 2728 Dist.
1268 2705 1324 2738 40.
1347 2699 1410 2729 art.
1429 2706 1458 2729 ι.
1475 2699 1503 2729 ct
1525 2695 1558 2728 in
1580 2700 1651 2741 exp.
1674 2693 1750 2739 lit).

321 2785 379 2819 An
403 2794 594 2819 SEPTIMUM
617 2784 666 2818 sic
690 2783 906 2829 proceditur.
929 2781 1091 2822 Videtur,
1114 2782 1210 2828 quod
1225 2782 1367 2817 bonitas
1386 2781 1582 2817 voluntatis
1597 2792 1670 2816 non
1687 2782 1814 2828 depen-

251 2839 331 2874 deat
354 2851 395 2872 cx
418 2838 616 2873 intentione
640 2836 737 2872 linis:
762 2836 895 2871 dictum
920 2844 972 2870 est
994 2835 1089 2870 enim
1112 2847 1218 2882 supra
1241 2836 1323 2881 (art.
1343 2847 1373 2871 2.
1396 2836 1464 2882 huj.
1480 2837 1540 2882 q.),
1560 2835 1656 2884 quod
1671 2835 1814 2873 bonitas
