1907 3182
253 206 336 249 242
652 199 877 237 QUAESTIO
910 197 1029 228 XXXI.
1064 194 1308 227 ARTICULUS
1340 193 1430 223 v111.

252 288 482 323 inveniuntur
504 284 576 319 duo
599 284 778 318 contraria
799 281 902 316 vitia:
925 291 999 315 non
1021 287 1142 314 autem
1165 276 1344 311 invenitur
1356 275 1467 309 virtus
1482 272 1662 308 contraria
1674 271 1817 306 virtuti:

252 342 289 376 in
312 341 390 375 aliis
411 347 533 374 autem
550 337 601 372 nil
619 336 796 384 prohibet,
819 335 890 369 duo
907 334 1004 368 bona
1019 343 1096 367 esse
1111 331 1155 365 ad
1169 331 1328 364 invicem
1344 329 1541 370 contraria3
1555 328 1648 361 sicut
1660 324 1817 366 calidum,

254 403 289 430 et
294 394 478 441 frigidum,
499 403 654 439 quorum
669 402 781 424 unum
798 396 850 423 est
863 389 1001 422 bonum
1016 386 1102 432 igni,
1118 385 1271 420 alterum
1287 393 1415 429 aquae:
1432 390 1467 416 et
1480 393 1542 428 per
1555 381 1652 415 hunc
1667 379 1818 413 modum

255 447 447 483 delectatio
470 453 589 493 potest
606 456 683 479 esse
700 441 930 477 delectationi
947 439 1145 475 contraria:
1168 438 1229 472 sed
1243 437 1316 472 hoc
1331 438 1366 471 in
1383 436 1481 470 bono
1495 435 1634 470 virtutis
1652 443 1731 467 esse
1744 443 1819 466 non

254 509 389 549 potest:
414 500 498 546 quia
518 500 656 533 bonum
678 496 818 531 virtutis
840 506 915 529 non
937 493 1122 540 accipitur,
1144 491 1213 525 nisi
1233 501 1296 537 per
1317 489 1609 524 convenientiam
1628 486 1671 521 ad
1687 485 1820 532 aliquid

254 567 378 597 unum,
401 554 539 589 scilicet
559 553 749 586 rationem.

326 609 386 643 AD
414 616 622 643 SECUNDUM
644 604 850 645 dicendum,
873 601 969 648 quod
992 599 1184 635 delectatio
1207 609 1244 633 se
1265 597 1375 632 habet
1391 597 1427 630 in
1450 595 1636 630 affectibus
1664 593 1819 634 animae,

257 664 348 698 sicut
371 662 471 708 quies
492 659 664 694 naturalis
686 658 722 692 in
745 656 974 702 corporibus:
999 662 1052 689 est
1073 653 1170 687 enim
1192 652 1228 686 in
1251 651 1372 697 aliquo
1394 649 1635 689 convenienti,
1663 655 1698 681 et
1717 645 1819 693 quasi

258 714 504 751 connaturali:
527 712 669 747 tristitia
692 719 813 745 autem
835 721 872 744 se
895 709 1014 750 habet,
1036 708 1128 742 sicut
1150 706 1249 752 quies
1270 704 1450 738 violenta:
1470 701 1643 736 tristabile
1662 700 1760 735 enim
1773 709 1824 733 re-

257 777 395 816 pugnat
417 768 586 814 appetitui
605 766 700 800 anim
708 764 764 807 ali,
785 764 876 798 sicut
890 762 992 797 locus
1008 760 1135 808 quietis
1149 759 1331 794 violentae
1346 756 1514 804 appetitui
1528 754 1698 789 naturali:
1713 752 1825 800 quieti

258 832 380 858 autem
401 820 554 856 naturali
575 820 767 866 opponitur
789 826 824 852 et
846 818 945 864 quies
966 815 1126 850 violenta
1149 813 1310 860 ejusdem
1339 811 1513 857 corporis,
1540 816 1574 843 et
1599 808 1700 854 quies
1726 814 1826 841 natu-

258 877 341 911 ralis
364 876 520 917 alterius,
542 882 581 908 ut
601 874 730 907 dicitur
751 873 786 906 in
813 882 840 916 5.
864 871 973 917 Phys.
997 870 1076 915 (tex.
1095 879 1147 915 54.
1170 872 1198 902 et
1217 866 1317 913 seq.);
1340 864 1435 899 unde
1457 862 1689 898 delectationi
1715 870 1826 907 oppo-

259 932 355 965 nitur
377 938 411 964 et
432 927 637 969 delectatio,
660 934 693 961 et
714 925 866 960 tristitia.

332 984 391 1018 AD
414 992 586 1017 TERTIUM
608 979 814 1021 dicendum,
837 977 933 1024 quod
957 988 1009 1018 ea,
1032 976 1067 1010 in
1090 974 1217 1022 quibus
1240 972 1475 1013 delectamur,
1494 981 1579 1005 curn
1599 969 1670 1004 sint
1684 967 1826 1013 obiecta

261 1036 525 1078 delectationis,
540 1046 613 1069 non
629 1034 748 1069 solum
762 1032 900 1067 faciunt
913 1030 1153 1065 differentiam
1167 1026 1406 1068 materialem,
1421 1025 1482 1060 sed
1497 1025 1607 1059 etiarn
1620 1021 1825 1063 formalem,

259 1092 289 1127 si
310 1091 355 1126 sit
377 1091 519 1124 diversa
540 1089 630 1123 ratio
653 1085 961 1122 delectabilitatis:
984 1084 1124 1118 diversa
1146 1082 1244 1117 enim
1266 1081 1357 1116 ratio
1374 1079 1506 1126 objecti
1524 1076 1740 1113 diversificat
1752 1086 1827 1122 spe-

263 1146 357 1180 ciem
381 1152 494 1186 actus,
515 1143 576 1178 vel
595 1142 784 1190 passionis,
807 1148 846 1175 ut
867 1151 907 1174 ex
930 1137 1143 1184 supradictis
1165 1144 1263 1184 patet
1283 1135 1331 1181 (q.
1353 1146 1400 1182 23.
1423 1138 1488 1169 art.
1509 1133 1566 1178 1.).

740 1406 1096 1471 QUAESTIO
1137 1404 1350 1453 XXXII.

359 1541 423 1572 DE
450 1538 603 1571 CAUSA
629 1532 1020 1571 DELECTATIONIS,
1052 1531 1102 1562 IN
1130 1530 1220 1562 OCT
1223 1529 1252 1561 O
1279 1526 1542 1560 ARTICULOS
1568 1524 1743 1556 DIVISA.

338 1679 478 1717 Deinde
501 1676 806 1714 considerandum
829 1682 882 1709 est
903 1673 946 1708 de
969 1671 1086 1708 causis
1108 1669 1370 1706 delectationis.

766 1767 809 1801 Et
831 1767 921 1801 circa
943 1765 1001 1799 hoc
1024 1767 1230 1810 quaeruntur
1251 1764 1332 1795 octo.

336 1843 472 1878 Primo.
499 1841 632 1876 Utrum
654 1838 816 1886 operatio
839 1837 884 1872 sit
905 1847 1014 1871 causa
1035 1833 1180 1882 propria
1202 1829 1462 1867 delectationis.

339 1896 520 1932 Secundo.
549 1895 681 1929 Utrum
703 1900 824 1927 motus
847 1891 891 1925 sit
913 1901 1021 1924 causa
1043 1885 1303 1923 delectationis.

338 1951 476 1986 Tertio.
503 1949 635 1984 Utrum
657 1958 748 1994 speS,
771 1954 805 1980 et
826 1944 1015 1980 memoria.

340 2005 494 2046 Quarto.
521 2003 651 2037 Utrum
674 2000 825 2035 tristitia.

341 2059 492 2100 Quinto.
522 2057 655 2091 Utrum
679 2054 840 2089 actiones
862 2051 1018 2086 aliorum
1040 2050 1109 2085 sint
1129 2048 1234 2083 nobis
1256 2044 1506 2082 delectationis
1528 2054 1647 2078 causa.

341 2114 462 2148 Sexto.
486 2111 618 2146 Utrum
638 2108 850 2143 benefacere
874 2106 975 2140 alteri
997 2106 1042 2139 sit
1064 2115 1171 2138 causa
1194 2100 1457 2136 delectationis.

343 2167 519 2213 Septimo.
546 2164 677 2199 Utrum
700 2160 897 2197 similitudo
921 2160 965 2194 sit
987 2169 1095 2193 causa
1117 2154 1380 2191 delectationis.

345 2221 500 2256 Octavo.
528 2218 659 2253 Utrum
680 2215 871 2251 admiratio
893 2214 938 2248 sit
960 2223 1067 2247 causa
1089 2209 1350 2245 delectationis.

845 2352 1190 2401 ARTICULUS
1224 2352 1257 2395 I.
1775 2357 1838 2392 182

417 2469 570 2501 UTRUM
603 2467 820 2498 OPERATIO
854 2466 920 2494 SIT
955 2464 1095 2494 CAUSA
1127 2460 1308 2492 PROPRIA
1340 2455 1711 2489 DELECTATIONIS.

697 2555 746 2600 (4.
769 2556 856 2589 Dixi.
879 2565 935 2599 49.
959 2565 988 2599 q.
1008 2564 1035 2598 3.
1059 2555 1123 2585 art.
1142 2562 1170 2597 5.
1193 2561 1223 2596 q.
1245 2560 1277 2593 4.
1301 2548 1418 2594 corp).

347 2652 408 2686 AD
428 2659 576 2685 PRIMUM
595 2647 643 2681 sic
660 2644 878 2693 proceditur.
890 2642 1051 2682 Videtur,
1067 2639 1164 2687 q'uod
1180 2638 1342 2686 operatio
1356 2647 1430 2670 non
1450 2635 1494 2669 sit
1507 2632 1664 2680 propria,
1679 2639 1713 2666 et
1726 2630 1842 2678 prima

277 2716 385 2739 causa
408 2700 674 2737 delectationis:
698 2707 735 2732 ut
758 2697 854 2732 enim
878 2695 1013 2729 Philos.
1038 2694 1124 2728 dicit
1146 2693 1180 2726 in
1208 2703 1235 2726 1.
1259 2691 1364 2725 Rhet.
1389 2689 1477 2735 (cap.
1499 2700 1544 2723 ιι.
1568 2698 1587 2720 α
1603 2685 1756 2732 princ.).·
1779 2683 1844 2717 Dc-

277 2759 392 2794 l.¹‹·lari
413 2757 553 2792 consistit
577 2756 609 2788 in
628 2754 698 2794 hoc,
723 2751 807 2797 quod
828 2761 933 2784 sensus
955 2748 1081 2794 aliquid
1101 2747 1271 2794 patiatur:
1293 2743 1484 2790 requiritur
1505 2740 1603 2775 enim
1626 2739 1669 2773 ad
1691 2737 1844 2772 delecta-

276 2813 415 2847 tionem
439 2808 612 2855 cognitio,
634 2807 726 2841 sicut
748 2805 885 2838 dictum
908 2811 959 2837 cst
983 2802 1028 2848 (q.
1050 2814 1094 2847 31.
1118 2806 1182 2835 art.
1206 2800 1274 2844 1.):
1303 2798 1363 2832 sed
1390 2808 1452 2843 per
1479 2795 1576 2842 prius
1603 2801 1685 2828 sunt
1711 2801 1844 2837 cogno·

278 2866 415 2901 scibilia
438 2865 578 2909 objecta
602 2860 869 2908 operationum,
891 2868 998 2904 quam
1022 2856 1120 2902 ipsae
1141 2853 1390 2901 operationes3
1413 2861 1501 2897 ergo
1523 2847 1686 2896 operatio
1703 2857 1776 2880 non
1791 2851 1844 2880 est

279 2920 421 2967 propria
444 2928 551 2952 causa
574 2913 834 2950 delectationis.
