1907 3182
232 193 314 235 412
669 191 891 226 QUAESTIO
926 190 1010 218 LIX.
1046 188 1290 218 ARTICULUS
1323 189 1363 218 V.

302 273 531 307 RESPONDEO
556 271 760 313 dicendum,
785 271 881 317 quod
908 271 937 304 si
963 269 1149 316 passiones
1176 269 1340 302 dicamus
1368 268 1576 303 inordinatas
1602 268 1796 313 affectiones,

232 326 324 360 sicut
346 326 460 360 Stoici
481 332 689 371 posuerunt,
711 325 761 358 sic
784 323 1017 357 manifestum
1039 330 1103 364 est,
1125 322 1222 368 quod
1243 322 1355 356 virtus
1376 321 1534 368 perfecta
1556 329 1610 356 est
1627 321 1702 355 sine
1720 332 1797 367 pas-

232 379 404 413 sionibus.
425 379 461 413 Si
477 390 563 412 vero
579 379 765 424 passiones
789 377 950 410 dicamus
973 388 1080 410 omnes
1100 380 1206 409 motus
1227 376 1389 421 appetitus
1405 376 1563 416 wmstivi,
1579 374 1629 409 sic
1647 373 1795 421 planum

232 441 296 474 est,
318 432 414 478 quod
436 432 583 465 virtutes
606 431 774 471 morales,
802 441 892 475 quae
920 436 1002 462 sunt
1028 429 1123 462 circa
1149 428 1346 473 passiones,
1373 428 1465 462 sicut
1491 428 1586 462 circa
1612 427 1796 474 propriam

232 485 435 526 materiam,
450 485 526 518 sine
545 484 772 530 passionibus
793 493 869 516 esse
884 493 957 515 non
978 489 1142 527 possunt:
1168 482 1268 526 cujus
1291 481 1381 515 ratio
1404 489 1467 523 est,
1490 481 1572 527 quia
1594 480 1796 515 secundum

231 538 303 572 hoc
338 545 556 583 sequeretur,
583 537 679 582 quod
706 536 817 569 virtus
845 534 993 569 moralis
1020 534 1153 568 faceret
1180 535 1377 580 appetitum
1404 535 1615 568 sensitivum
1642 533 1793 568 omnino

233 592 410 626 otiosum:
433 603 505 625 non
534 599 654 624 autern
682 590 725 623 ad
747 590 915 623 virtutem
944 589 1107 635 pertinet,
1134 590 1231 634 quod
1259 600 1312 631 ea,
1339 601 1431 635 quae
1453 597 1535 624 sunt
1561 589 1721 635 subjecta
1747 599 1798 622 ra-

231 645 332 686 tioni,
349 657 367 678 a
381 645 532 691 propriis
556 644 691 677 actibus
712 651 860 684 vacent,
880 643 942 676 sed
965 642 1062 688 quod
1085 650 1306 688 exequantur
1327 642 1521 688 imperium
1540 643 1700 684 rationis,
1719 653 1798 688 pro-

232 698 328 744 prios
351 706 451 732 actus
474 697 635 742 agendo,
658 696 752 730 unde
771 696 863 730 sicut
881 696 992 729 virtus
1013 695 1176 729 membra
1196 695 1357 741 corporis
1376 695 1519 730 ordinat
1533 696 1576 730 ad
1592 703 1691 730 actus
1706 703 1798 729 exte-

232 753 344 785 riores
364 751 513 791 debitos,
528 750 577 783 ita
596 749 794 795 appetitum
813 749 1024 783 sensitivum
1041 749 1083 782 ad
1100 756 1219 782 motus
1243 749 1407 794 proprios
1427 749 1623 783 ordinatos.
1637 748 1798 782 Virtutes

233 812 354 838 autem
377 803 545 844 morales,
560 814 651 848 quae
670 813 743 836 non
763 810 844 836 sunt
859 803 953 836 circa
972 802 1171 847 passiones,
1185 802 1247 835 sed
1270 802 1364 836 circa
1387 802 1628 848 operationes,
1647 809 1798 848 possunt

232 867 309 891 esse
331 856 406 890 sine
428 856 672 902 passionibus:
697 863 731 889 et
756 855 965 900 hujusmodi
986 855 1098 888 virtus
1126 862 1178 888 est
1203 855 1356 900 justitia,
1378 855 1461 901 quia
1487 866 1549 901 per
1576 866 1658 889 earn
1686 854 1795 901 appli-

233 918 333 944 catur
353 909 519 943 voluntas
544 909 586 942 ad
609 909 796 954 proprium
819 917 950 949 actum,
971 908 1031 953 qui
1052 919 1125 941 non
1149 917 1201 942 est
1222 908 1361 954 passio:
1382 908 1443 942 sed
1464 916 1587 942 tamen
1609 908 1654 942 ad
1676 916 1796 942 actum

232 962 386 1007 justitiae
409 962 568 1007 sequitur
590 962 774 1007 gaudium,
797 962 840 995 ad
863 961 980 995 minus
996 961 1032 994 in
1046 960 1244 1002 voluntate,
1268 961 1364 1006 quod
1386 972 1460 995 non
1482 969 1535 996 est
1551 961 1690 1008 passio:
1714 969 1748 996 et
1769 961 1798 995 si

233 1016 303 1049 hoc
327 1016 499 1061 gaudium
518 1014 775 1060 multiplicetur
796 1026 859 1061 per
880 1014 1034 1060 justitiae
1057 1013 1328 1060 perfectionem,
1343 1014 1404 1049 fiet
1422 1015 1544 1060 gaudii
1562 1015 1798 1049 redundantia

234 1080 344 1114 usque
372 1068 415 1102 ad
443 1069 640 1114 appetitum
667 1068 897 1110 sensitivum3
920 1067 1119 1102 secundum
1146 1068 1243 1113 quod
1268 1067 1362 1102 vires
1388 1067 1576 1102 inferiores
1602 1076 1800 1114 sequuntur

234 1130 375 1156 motum
397 1122 636 1167 superiorum,
660 1129 697 1155 ut
715 1132 821 1167 supra
843 1121 980 1155 dictum
1004 1129 1056 1154 est
1079 1120 1123 1166 (q.
1143 1132 1192 1166 17.
1215 1126 1279 1155 art.
1303 1132 1332 1167 7.
1355 1126 1385 1156 et
1402 1133 1431 1167 q.
1454 1133 1509 1165 24.
1532 1126 1598 1156 art.
1612 1122 1674 1168 3.),·
1691 1129 1726 1156 et
1747 1123 1796 1156 sic

234 1187 296 1221 per
317 1175 594 1210 redundantiam
615 1175 836 1220 hujusmodi,
856 1183 991 1220 quanto
1014 1174 1129 1219 magis
1151 1173 1256 1208 fuerit
1276 1173 1446 1220 perfecta,
1464 1183 1565 1209 tanto
1585 1175 1701 1220 magis
1723 1186 1801 1220 pas-

234 1229 377 1263 sionem
401 1237 532 1263 causat.

306 1283 365 1316 AD
392 1293 541 1317 PRIMUM
569 1293 655 1328 ergo
683 1281 888 1323 dicendum,
917 1281 1013 1327 quod
1040 1281 1151 1314 virtus
1182 1281 1368 1327 passiones
1396 1281 1619 1316 inordinatas
1644 1288 1799 1327 superat,

234 1337 439 1370 moderatas
463 1344 583 1370 autem
606 1335 782 1382 producit.

304 1390 363 1423 AD
387 1400 593 1423 SECUNDUM
614 1388 818 1430 dicendum,
835 1387 930 1434 quod
950 1388 1136 1434 passiones
1155 1388 1380 1422 inordinatae
1398 1388 1574 1422 inducunt
1592 1388 1635 1422 ad
1650 1399 1800 1435 peccan-

234 1442 332 1484 dum,
355 1453 429 1476 non
452 1450 573 1476 autem
593 1442 622 1475 si
644 1442 712 1476 sint
734 1443 953 1476 moderatae.

305 1496 364 1530 AD
382 1506 553 1530 TERTIUM
569 1495 774 1537 dicendum,
789 1495 886 1541 quod
900 1495 1038 1529 bonum
1054 1496 1089 1528 in
1105 1506 1326 1541 unoquoque
1342 1495 1589 1529 consideratur
1599 1495 1800 1529 secundum

235 1549 483 1583 conditionem
506 1560 591 1583 suae
614 1557 782 1582 naturae:
806 1549 841 1582 in
862 1549 944 1582 Deo
968 1556 1101 1590 autem,
1124 1556 1157 1582 et
1179 1548 1330 1593 Angelis
1352 1559 1425 1582 non
1448 1556 1501 1582 est
1522 1549 1700 1594 appetitus
1722 1559 1801 1582 sen-

234 1604 368 1644 sitivus‚
391 1603 483 1636 sicut
503 1602 538 1635 in
561 1602 729 1635 homine:
759 1609 792 1636 et
819 1601 900 1635 ideo
928 1602 1022 1635 bona
1050 1601 1212 1647 operatio
1239 1601 1320 1643 Dei,
1348 1609 1383 1635 et
1404 1601 1537 1647 Angeli
1565 1609 1618 1635 est
1644 1601 1803 1636 omnino.

234 1655 310 1689 sine
332 1656 511 1701 passione,
534 1656 626 1689 sicut
647 1662 682 1688 et
703 1655 778 1689 sine
802 1666 970 1700 corpore:
993 1655 1088 1688 bona
1111 1663 1231 1689 autem
1258 1655 1421 1701 operatio
1447 1655 1608 1689 hominis
1635 1663 1688 1689 est
1715 1666 1798 1688 cum

234 1709 413 1755 passione,
436 1709 528 1743 sicut
550 1717 583 1742 et
606 1719 689 1742 cum
712 1708 874 1754 corporis
897 1708 1108 1742 ministerio.

762 1965 1117 2025 QUAESTIO
1160 1965 1266 2012 LX.

305 2087 367 2117 DE
408 2086 744 2118 DIs'l'INCTIONE
784 2087 1066 2119 VIRTUTUUM
1112 2088 1367 2119 MORALIUM
1407 2088 1466 2118 AB
1506 2087 1722 2125 INVICEM,

622 2158 671 2188 IN
698 2158 915 2198 QUINQUE
943 2158 1204 2190 ARTICULOS
1231 2159 1405 2189 DIVISA.

308 2292 448 2326 Deinde
484 2292 786 2326 considerandum
822 2302 875 2328 cst
909 2294 951 2328 de
986 2294 1214 2328 distinctione
1246 2294 1418 2328 virtutum
1446 2293 1640 2328 moralium
1676 2293 1718 2328 ab
1751 2294 1801 2328 in-

235 2356 364 2379 vicem.

701 2430 741 2463 Et
763 2431 852 2463 circa
874 2430 932 2464 hoc
953 2435 1158 2475 quaeruntur
1180 2431 1330 2475 quinque.

307 2506 442 2540 Primo.
467 2506 597 2540 Utrum
620 2506 663 2540 sit
685 2514 824 2540 tantum
849 2518 917 2540 uua
941 2507 1050 2540 virtus
1071 2506 1230 2541 moralis.

309 2559 490 2593 Secundo.
515 2560 643 2593 Utrum
672 2559 936 2605 distinguantur
957 2560 1104 2594 virtutes
1131 2559 1301 2601 morales,
1329 2571 1420 2606 quae
1449 2567 1530 2594 sunt
1557 2559 1651 2593 circa
1679 2569 1803 2605 opera-

236 2613 365 2654 t10nes,
388 2614 429 2646 ab
452 2613 507 2647 his
530 2625 620 2659 quac
644 2621 724 2646 sunt
747 2613 840 2646 circa
865 2614 1060 2658 passiones.

310 2666 447 2700 Tertio.
473 2666 601 2700 Utrum
626 2666 718 2699 circa
743 2666 970 2711 operationes
993 2667 1035 2700 sit
1059 2677 1127 2700 una
1150 2674 1289 2700 tantum
1319 2665 1466 2700 moralis
1490 2666 1611 2700 virtus.

311 2719 464 2760 Quarto.
489 2719 618 2753 Utrum
642 2721 734 2753 circa
757 2719 916 2753 diversas
937 2720 1121 2764 passiones
1140 2719 1209 2754 sint
1230 2720 1393 2754 diversae
1414 2719 1572 2753 morales
1594 2718 1754 2753 virtutes.

311 2773 460 2813 Quinto.
487 2773 616 2807 Utrum
640 2773 786 2806 virtutes
811 2772 967 2806 morales
991 2773 1254 2817 distinguantur
1276 2773 1475 2807 secundum
1499 2772 1638 2806 diversa
1661 2771 1801 2816 objecta

239 2838 458 2872 passionum.
