1907 3198
519 175 742 212 Quans’rlo
776 174 907 205 Lxxx.
935 173 1182 205 Ain-murus
1215 174 1259 204 11.
1589 174 1671 216 579

175 258 407 294 Rnspounzo
425 257 634 300 dicendum,
655 257 753 304 quod
775 256 924 292 interior
946 267 1027 304 pars
1050 256 1194 291 animae
1213 263 1267 290 est
1287 254 1519 297 intellectiva,
1542 262 1578 290 ct
1598 265 1676 289 sen-

101 313 224 349 sitiva:
247 311 468 347 intellectiva
491 319 614 346 autem
640 311 803 346 continet
828 309 1066 353 intellectum,
1094 318 1130 345 et
1149 309 1396 351 voluntatem3
1424 316 1459 343 et
1480 308 1524 343 de
1550 307 1677 343 volun-

99 374 174 402 tate
189 365 336 413 quidem
351 366 426 411 jam
441 365 577 399 dictum
593 373 646 399 est
661 364 860 412 (arhpracc.
871 369 1004 412 etpart.
1020 376 1046 399 I.
1063 375 1092 410 q.
1105 375 1168 399 ιιι.
1184 369 1248 398 art.
1263 362 1520 409 r.),quomodo
1532 362 1575 396 ad
1591 373 1673 397 eam

101 418 269 456 diabolus
290 429 328 454 se
348 419 469 454 habet.
492 417 700 453 Intellectus
723 426 844 453 autem
872 429 936 465 per
962 429 999 452 se
1021 417 1169 464 quidem
1196 424 1364 451 movetur
1386 416 1428 450 ab
1452 415 1574 463 aliquo
1596 415 1674 450 illu-

101 474 263 509 minante
281 473 401 520 ipsum
417 473 460 507 ad
476 472 727 518 cognitionem
742 473 920 515 veritatis3
936 472 1032 519 quod
1044 471 1209 506 diabolus
1222 472 1317 506 circa
1328 471 1520 505 hominem
1535 482 1610 505 non
1626 471 1676 504 in-

101 527 227 570 tendit,
249 526 311 562 sed
333 526 451 573 magis
473 526 686 561 obtenebrat
707 527 887 562 rationem
906 527 982 572 ejus
1001 526 1045 560 ad
1061 525 1364 560 consentiendum
1387 533 1559 571 peccato:
1582 535 1674 571 quae

101 580 250 629 quidem
271 580 522 615 obtenebratio
544 580 712 626 provenit
733 592 775 614 ex
797 580 1000 626 phantasia,
1027 587 1062 614 et
1081 579 1240 626 appetitu
1267 579 1459 614 sensitivo:
1483 578 1577 612 unde
1598 586 1676 612 tota

101 634 252 670 interior
271 633 435 681 operatio
457 633 594 668 diaboli
615 645 693 668 esse
715 634 856 669 videtur
879 634 975 668 circa
996 633 1239 681 phantasiam,
1263 641 1298 668 et
1319 633 1517 679 appetitum
1540 632 1677 667 sensiti-

101 699 210 732 vum;
227 698 384 735 quorum
406 695 600 734 utrumque
623 688 895 723 commovendo
917 695 1037 735 potest
1057 687 1230 722 inducere
1253 687 1297 721 ad
1319 694 1523 734 peccatum.

173 741 300 778 Potest
319 741 417 776 enim
443 741 585 788 operari
608 741 651 776 ad
674 742 758 784 hoc,
780 742 878 788 quod
900 741 1155 788 imaginationi
1174 740 1316 788 aliquae
1338 739 1479 775 formae
1502 739 1678 787 imagina-

102 796 177 832 riae
197 803 489 843 praesententur:
517 803 636 842 potest
654 796 762 830 etiam
783 794 914 837 facere,
937 795 1034 842 quod
1057 795 1235 842 appetitus
1257 794 1450 830 sensitivus
1472 794 1677 828 concitetur

103 849 148 885 ad
175 848 335 897 aliquam
359 849 584 896 passionem:
613 848 748 884 dictum
777 857 831 883 est
857 849 955 884 enim
981 849 1018 883 in
1040 849 1159 896 primo
1182 848 1241 882 lib.
1264 848 1311 895 (q.
1334 860 1404 884 1ιο.
1426 853 1491 882 art.
1510 849 1555 894 3.)
1579 847 1677 894 quod

102 911 231 939 natura
257 902 457 950 corporalis
483 902 659 950 spirituali
687 902 898 937 naturaliter
924 902 1047 937 obedit
1074 902 1117 936 ad
1145 910 1289 936 motum
1315 900 1496 944 localem;
1521 901 1618 936 unde
1643 908 1680 935 et

103 956 270 993 diabolus
290 956 416 992 omnia
436 955 499 991 illa
514 967 663 991 causare
682 965 811 1003 potest,
831 966 923 1003 quae
938 967 982 990 ex
995 963 1101 990 motu
1121 955 1232 990 locali
1251 966 1448 1002 corporum
1463 954 1677 990 inferiorum

102 1010 293 1058 provenire
314 1018 474 1058 possent,
492 1010 561 1045 nisi
575 1010 705 1045 virtute
727 1010 850 1044 divina
870 1010 1099 1056 reprimatur,
1121 1010 1219 1056 quod
1242 1018 1363 1044 autem
1378 1009 1521 1056 aliquae
1536 1008 1677 1044 formae

102 1071 418 1112 repraesententur
438 1064 706 1110 imaginationi,
727 1064 887 1110 sequitur
907 1063 1126 1110 quandoque
1149 1063 1192 1098 ad
1221 1075 1364 1098 motum
1387 1062 1563 1098 localem:
1592 1063 1679 1098 dicit

103 1118 203 1154 enim
223 1117 502 1165 Philosophus'
494 1129 531 1152 in
545 1117 638 1152 libro
657 1118 701 1152 de
723 1117 879 1160 Somno,
901 1126 936 1152 et
953 1117 1088 1164 vigilia
1109 1116 1139 1162 (τ,
1141 1118 1176 1152 el
1193 1118 1250 1152 lib.
1264 1117 1300 1152 dc
1318 1117 1464 1152 Insomn.
1484 1118 1542 1163 qui
1560 1117 1610 1152 illi
1623 1128 1680 1152 an-

102 1174 257 1215 nectitur,
280 1178 354 1219 cap.
370 1183 401 1219 3.
421 1177 454 1208 et
472 1172 535 1217 4.),
557 1171 655 1218 quod
677 1183 761 1206 cum
785 1171 921 1206 animal
936 1171 1136 1213 dormierit,
1158 1171 1399 1206 descendente
1421 1170 1583 1231 plurimo
1602 1182 1680 1206 san-

104 1226 215 1274 guine
233 1226 278 1261 ad
299 1226 516 1274 principium
538 1225 762 1268 sensitivum,
784 1225 894 1260 simul
915 1225 1140 1260 descendunt
1166 1233 1300 1266 motus,
1322 1225 1397 1260 sive
1420 1225 1679 1272 impressiones

103 1279 253 1316 relictae
272 1291 315 1315 ex
336 1279 562 1315 sensibilium
577 1279 814 1321 motionibus,
837 1290 928 1326 quae
951 1279 988 1313 in
1010 1279 1238 1313 sensibilibus
1254 1278 1442 1339 speciebus
1465 1290 1617 1314 conserv
1621 1291 1682 1313 an-

103 1342 174 1378 tur,
194 1342 231 1370 et
250 1342 402 1370 movent
415 1333 631 1381 principium
644 1333 981 1380 apprehensivum,
973 1342 1021 1367 ita
1032 1333 1129 1379 quod
1146 1341 1332 1380 apparent,
1349 1344 1390 1367 ac
1409 1333 1439 1367 si
1451 1342 1537 1368 tunc
1553 1333 1681 1380 princi-

104 1388 206 1436 pium
219 1388 432 1424 sensitivum
444 1398 465 1422 a
475 1387 582 1422 rebus
592 1387 678 1434 ipsis
689 1387 926 1422 exterioribus
937 1387 1209 1429 immutaretur3
1221 1387 1315 1421 unde
1326 1386 1408 1421 talis
1420 1395 1542 1422 motus
1553 1386 1682 1422 localis

103 1441 307 1489 spirituum,
319 1440 379 1476 vel
399 1441 598 1476 humorum
619 1441 806 1488 procurari
817 1448 967 1487 potesta
979 1440 1231 1483 daemonibus,
1242 1440 1319 1475 sive
1333 1440 1528 1484 dormiant,
1540 1442 1614 1476 sive
1633 1441 1681 1475 vi—

104 1494 218 1543 gilent
231 1495 420 1539 homines;
434 1502 470 1530 et
482 1494 533 1530 sic
555 1494 726 1541 sequitur,
749 1495 846 1541 quod
865 1495 980 1529 horno
997 1494 1116 1541 aliqua
1131 1494 1361 1541 imaginetur.
1376 1494 1552 1530 Similiter
1570 1497 1680 1530 etiam

105 1548 284 1597 appetitus
297 1549 489 1584 sensitivus
503 1549 707 1584 concitatur
722 1549 765 1582 ad
784 1548 922 1595 aliquas
939 1548 1126 1595 passiones
1137 1549 1339 1583 secundum
1352 1549 1549 1595 quemdam
1568 1549 1682 1584 deter-

105 1603 285 1638 minatum
305 1610 450 1638 motum
464 1602 597 1645 cordis,
611 1610 647 1637 et
659 1602 868 1649 spirituum:
891 1603 986 1637 unde
1003 1602 1047 1637 ad
1065 1603 1137 1637 hoc
1153 1604 1263 1638 etiam
1278 1602 1444 1638 diabolus
1459 1611 1580 1650 potest
1597 1615 1681 1638 coo-

104 1657 240 1705 perari;
265 1663 302 1692 et
321 1667 365 1692 ex
390 1656 463 1692 hoc
489 1656 588 1704 quod
614 1656 802 1703 passiones
824 1655 966 1703 aliquae
994 1656 1225 1691 concitantur
1245 1657 1282 1691 in
1305 1658 1465 1704 appetitu
1492 1657 1679 1700 sensitivo,

106 1710 278 1758 sequitur,
299 1709 398 1757 quod
419 1718 455 1745 et
475 1718 631 1752 motum,
650 1710 724 1745 sive
743 1710 983 1745 intentionem
1007 1709 1215 1745 sensibilem
1237 1711 1423 1757 praedicto
1446 1711 1558 1746 modo
1582 1711 1682 1746 redu-

106 1772 204 1799 ctam
225 1763 271 1799 ad
291 1763 509 1811 principium
532 1763 838 1811 apprehensivum
859 1764 976 1810 magis
990 1764 1106 1799 homo
1129 1764 1320 1811 percipiat:
1339 1765 1434 1811 quia,
1457 1774 1495 1800 ut
1517 1765 1683 1801 Philoso-

105 1817 199 1866 phus
220 1817 258 1852 in
278 1817 410 1853 eodem
437 1816 529 1852 libro
553 1817 603 1862 (ut
622 1824 692 1865 sup.
716 1825 790 1866 cap.
812 1829 843 1853 2.
864 1829 978 1853 versus
994 1818 1074 1863 fin.)
1096 1818 1200 1852 dicit:
1224 1819 1384 1853 Amant—ss
1410 1819 1541 1854 modica
1566 1820 1682 1855 simili-

107 1871 218 1907 tudine
237 1873 273 1907 in
293 1871 584 1920 apprehensionem
605 1873 654 1906 rei
679 1877 811 1906 amatae
837 1877 1033 1906 moventur:
1061 1871 1240 1918 contingit
1266 1872 1375 1907 etiarn
1403 1884 1446 1907 ex
1473 1873 1556 1916 hoc,
1583 1873 1681 1920 quod

106 1925 228 1974 passio
242 1933 296 1962 est
309 1925 504 1968 concitata,
525 1933 564 1960 ut
585 1925 620 1960 id
642 1925 739 1972 quod
758 1926 973 1972 proponitur
988 1925 1254 1972 imaginationi,
1268 1926 1446 1972 judicetur
1464 1938 1683 1974 prosequen-

107 1979 214 2023 dum;
235 1979 320 2027 quia
341 1979 386 2022 ei,
406 1979 469 2026 qui
491 1990 511 2014 a
532 1979 702 2026 passione
724 1979 914 2022 detinetur,
935 1979 1076 2014 videtur
1098 1990 1177 2014 esse
1203 1979 1342 2014 bonum
1363 1980 1411 2022 id,
1434 1981 1478 2015 ad
1500 1981 1598 2028 quod
1617 1993 1682 2028 per

106 2033 317 2081 passionem
343 2032 552 2068 inclinatur:
580 2041 615 2068 et
637 2044 700 2080 per
720 2032 817 2068 hunc
838 2032 991 2068 modum
1014 2033 1162 2068 interius
1185 2033 1352 2068 diabolus
1375 2034 1513 2070 inducit
1535 2035 1579 2070 ad
1602 2046 1682 2082 pec·

108 2086 278 2123 candum.

178 2141 240 2178 AD
260 2151 412 2178 PRIMUM
433 2152 522 2188 ergo
544 2141 752 2184 dicendum,
775 2142 873 2188 quod
900 2141 966 2177 etsi
988 2152 1099 2189 opera
1120 2142 1214 2176 vitae
1233 2153 1377 2189 semper
1398 2143 1469 2178 sint
1491 2144 1533 2178 ab
1557 2143 1680 2191 aliquo

107 2194 287 2243 principio
312 2194 522 2238 intrinseco,
548 2202 672 2230 tamen
699 2195 742 2230 ad
770 2206 813 2230 ea
834 2203 954 2242 potest
980 2195 1170 2242 cooperari
1197 2195 1344 2242 aliquod
1371 2197 1527 2232 exterius
1549 2209 1679 2244 agens:

107 2248 201 2284 sicut
217 2248 329 2284 etiam
343 2248 388 2284 ad
409 2259 518 2296 opera
541 2249 684 2284 animae
706 2248 917 2296 vegetabilis
935 2257 1104 2296 operatur
1118 2249 1219 2284 calor
1240 2250 1407 2293 exterior,
1422 2259 1460 2286 ut
1475 2250 1615 2287 facilius
1633 2252 1682 2287 di·

109 2309 256 2350 geratur
275 2302 390 2338 cibus.

180 2355 242 2391 AD
262 2366 472 2393 SECUNDUM
493 2355 702 2398 dicendum,
729 2356 826 2402 quod
847 2356 1058 2403 hujusmodi
1080 2359 1258 2404 apparitio
1279 2359 1481 2395 formarum
1509 2359 1683 2405 imagina-

109 2408 239 2445 bilium
258 2421 335 2446 non
355 2419 410 2446 est
427 2411 581 2446 omnino
595 2419 737 2458 praeter
750 2410 916 2446 ordinem
930 2420 1092 2454 naturae,
1106 2423 1172 2447 nec
1192 2422 1245 2449 est
1258 2426 1322 2461 per
1336 2413 1457 2449 solum
1472 2413 1679 2461 imperium,

109 2462 173 2499 sed
194 2474 259 2511 per
278 2472 422 2501 motum
443 2463 614 2507 localem,
637 2472 675 2499 ut
695 2464 833 2499 dictum
855 2473 910 2500 est
930 2465 982 2511 (in
1005 2472 1098 2513 corp.
1117 2467 1211 2513 art).

182 2516 290 2553 Unde
310 2526 408 2566 patet
428 2518 618 2565 responsio
636 2528 688 2553 AD
710 2528 901 2554 Tamum:
927 2519 1011 2566 quia
1031 2518 1171 2555 formae
1194 2521 1277 2556 illae
1299 2529 1383 2556 sunt
1404 2532 1423 2555 a
1446 2521 1608 2557 sensibus
1627 2533 1683 2557 ac-

111 2578 239 2619 ceptae
259 2571 553 2620 primordialiter.
