1907 3182
230 119 312 174 378
673 130 891 165 QUAESTIO
926 130 993 159 Lv.
1027 129 1272 160 ARTicULUS
1305 129 1333 157 1.

804 297 1148 342 ARTICULUS
1187 297 1220 339 I.
1719 317 1783 356 291

583 371 736 435 UTRUM
755 405 912 435 VIRTUS
936 404 1122 434 HUMANA
1144 405 1210 433 SIT
1235 403 1436 434 HABITUS·

231 494 330 540 (Insr.
354 506 383 540 q.
402 494 455 540 56.
471 499 533 528 art.
553 505 580 540 3.
605 499 692 539 corp.
715 498 746 527 et
766 504 797 527 2.
819 493 908 527 Dist.
930 504 982 538 27.
1002 498 1066 527 art.
1089 505 1116 527 1.
1136 497 1165 526 et
1182 503 1209 537 3.
1228 492 1316 526 Dist.
1331 503 1379 538 23.
1398 503 1428 537 q.
1446 503 1474 526 1.
1490 495 1552 526 art.
1567 503 1594 537 3.
1617 502 1647 536 q.
1662 503 1690 526 1.
1712 496 1742 527 et
1758 503 1786 538 3.

805 551 833 580 et
861 546 947 580 Veri.
970 557 988 591 q
1021 558 1050 581 1.
1071 550 1135 580 art.
1152 547 1210 590 1.).

299 635 358 669 AD
380 645 528 670 PRIMUM
550 634 599 668 sic
623 634 838 680 proceditur.
858 633 1020 676 Videtur,
1044 633 1140 680 quod
1161 633 1272 667 virtus
1295 633 1454 667 humana
1469 644 1543 667 non
1561 632 1607 667 sit
1623 632 1786 667 habitus²

228 689 338 722 virtus
361 688 457 722 enirn
485 695 537 721 est
565 687 719 722 ultimum
741 688 918 733 potentiae,
947 695 986 721 ut
1016 687 1145 721 dicitur
1168 686 1203 720 in
1230 697 1257 720 1.
1281 686 1324 720 de
1347 685 1466 721 Coelo
1489 686 1568 731 (tex.
1591 686 1699 730 116.).·
1727 685 1790 720 sed

228 741 396 776 ultimum
427 741 704 786 uniuscujusque
726 740 907 774 reducitur
936 740 979 774 ad
1007 751 1120 785 genus
1148 739 1246 782 illud,
1279 740 1379 785 cujus
1406 747 1459 773 est
1483 739 1672 782 ultimum3
1699 739 1791 773 sicut

228 803 404 842 punctum
426 793 469 827 ad
492 805 605 839 genus
623 793 758 836 lineae3
779 804 866 839 ergo
885 793 996 827 virtus
1011 804 1085 827 non
1100 792 1281 826 reducitur
1296 792 1339 826 ad
1354 804 1466 839 genus
1480 792 1623 827 habitus
1638 791 1700 838 [al.
1715 803 1790 838 ergo

228 850 333 883 virtus
355 847 522 881 reducitur
543 846 585 880 ad
603 858 701 892 genus
716 848 879 893 potentiae
897 851 927 881 et
947 858 1012 880 non
1034 846 1076 880 ad
1095 858 1194 892 genus
1216 846 1373 891 habitus]

300 911 331 934 2.
353 900 589 935 PRAETEREA.
621 899 774 945 August.
797 899 883 933 dicit
908 899 944 933 in
967 909 997 933 2.
1021 899 1064 933 de
1087 899 1163 933 Lib.
1187 899 1273 933 Arb.
1303 898 1443 945 (implic.
1466 904 1536 945 cap.
1558 910 1609 946 19.
1636 910 1657 933 a
1677 900 1790 946 princ.

227 954 279 990 sed
311 961 445 1000 express.
468 966 495 989 Ι.
519 955 660 989 Reti-act.
683 959 752 1000 cap.
776 965 808 999 9.
825 960 950 999 parum
972 959 1046 988 anta
1059 954 1152 999 fi¹²·)›
1175 952 1273 999 quod
1293 954 1401 988 virtus
1421 957 1464 987 est
1486 954 1586 988 bonus
1603 965 1678 988 usus
1695 953 1792 987 liberi

229 1009 365 1043 arbitrii
374 1021 383 1042 .·
398 1007 459 1041 sed
475 1018 559 1041 usus
573 1006 676 1040 liberi
694 1006 829 1040 arbitrii
843 1014 895 1041 est
910 1014 1029 1049 actus3
1052 1017 1138 1052 ergo
1153 1007 1265 1040 virtus
1278 1017 1353 1040 non
1368 1013 1420 1040 est
1433 1005 1587 1048 habitus,
1602 1006 1664 1040 sed
1679 1014 1791 1040 actus.

303 1073 332 1107 3.
355 1061 590 1095 PRAETEREA.
615 1059 803 1094 Habitibus
824 1071 899 1093 non
921 1071 1115 1102 meremur,
1138 1060 1199 1094 sed
1223 1059 1378 1102 actibus;
1401 1058 1562 1106 alioquin
1582 1059 1698 1094 homo
1720 1070 1792 1093 me-

228 1123 365 1149 reretur
383 1113 564 1155 continue,
580 1113 689 1147 etiam
704 1113 939 1147 dormiendo:
955 1113 1017 1147 sed
1031 1113 1220 1148 virtutibus
1234 1124 1437 1156 meremur;
1456 1124 1543 1159 ergo
1557 1112 1704 1147 virtutes
1718 1123 1792 1147 non

229 1175 310 1202 sunt
330 1167 484 1209 habitus,
507 1166 568 1201 sed
588 1174 698 1200 actus.

299 1231 331 1264 4.
354 1220 589 1255 PRAETEREA.
619 1219 842 1265 Augustinus
865 1219 951 1254 dicit
971 1219 1007 1254 in
1029 1219 1088 1253 lib.
1112 1219 1154 1254 de
1176 1219 1339 1254 Moribus
1360 1217 1544 1254 Ecclesiae
1570 1219 1662 1266 (cap.
1687 1230 1731 1265 15.
1758 1219 1793 1252 in

224 1275 373 1321 princ.);
398 1274 494 1320 quod
516 1275 623 1308 virtus
644 1278 686 1307 est
708 1272 788 1307 ordo
811 1274 944 1308 amoris.
967 1272 1012 1307 Et
1032 1273 1068 1306 in
1091 1272 1150 1306 lib.
1166 1272 1221 1319 83.
1239 1272 1328 1313 QQ.
1344 1272 1392 1318 (q.
1410 1284 1464 1319 30.
1477 1278 1604 1319 parum
1621 1283 1642 1306 a
1663 1271 1793 1318 princ.)

230 1328 326 1369 dicit,
349 1327 445 1373 quod
467 1326 646 1369 ordinatio,
670 1338 751 1372 quae
772 1327 881 1361 virtus
902 1332 1056 1368 vocatur,
1080 1331 1122 1361 est
1135 1326 1290 1372 fruendis
1303 1326 1394 1372 frui,
1422 1330 1450 1360 et
1470 1325 1595 1360 utendis
1615 1327 1683 1360 uti:
1703 1325 1793 1359 ordo

231 1389 363 1423 autern,
385 1392 447 1414 seu
470 1380 648 1414 ordinatio
670 1380 836 1414 nominat
853 1379 910 1414 vel
929 1388 1065 1422 actum,
1083 1379 1142 1414 vel
1159 1379 1392 1422 relationem3
1415 1390 1502 1426 ergo
1519 1379 1631 1413 virtus
1649 1390 1723 1413 non
1742 1385 1794 1413 est

230 1435 384 1476 habitus,
407 1433 469 1468 sed
492 1442 603 1475 actus,
624 1433 683 1467 vel
705 1433 843 1468 relatio.

305 1499 332 1533 5.
343 1488 578 1522 PRAETEREA.
591 1487 692 1521 Sicut
705 1487 934 1521 inveniuntur
951 1486 1098 1521 virtutes
1109 1487 1303 1528 humanae,
1319 1486 1368 1521 ita
1384 1494 1419 1520 et
1431 1485 1579 1520 virtutes
1592 1484 1792 1520 naturales:

231 1541 293 1576 sed
313 1541 461 1575 virtutes
484 1540 664 1574 naturales
685 1551 759 1574 non
781 1548 864 1575 sunt
884 1540 1038 1583 habitus,
1061 1540 1123 1575 sed
1144 1539 1327 1586 potentiae
1349 1538 1547 1586 quaedam;
1574 1549 1661 1585 ergo
1684 1539 1794 1573 etiam

230 1606 346 1641 neque
369 1595 515 1628 virtutes
536 1594 729 1628 humanae.

303 1648 377 1682 SED
400 1659 555 1682 CONTRA
570 1656 633 1690 est,
655 1647 752 1694 quod
770 1647 907 1682 Philos.
927 1647 963 1682 in
977 1647 1037 1681 lib.
1052 1647 1255 1682 Predicam.
1272 1647 1362 1694 (cap.
1378 1646 1414 1682 de
1429 1645 1578 1692 Qualit.)
1592 1646 1794 1689 scientiam,

232 1710 266 1736 et
286 1702 455 1736 virtutem
477 1701 579 1747 ponit
601 1713 677 1735 esse
700 1701 854 1736 habitus.

302 1756 530 1790 RESPONDEO
554 1755 759 1797 dicendum,
782 1755 878 1801 quod
895 1755 1006 1790 virtus
1021 1755 1187 1790 nominat
1202 1754 1399 1802 quamdam
1412 1754 1595 1802 potentiae
1609 1753 1795 1802 perfectio-

230 1821 332 1843 nem:
357 1809 636 1854 uniuscujusque
658 1809 755 1842 enim
775 1808 946 1854 perfectio
962 1809 1154 1855 praecipue
1174 1809 1422 1844 consideratur
1439 1809 1475 1842 in
1491 1808 1615 1842 ordine
1631 1808 1674 1842 ad
1689 1819 1795 1843 suum

231 1862 359 1896 finem:
384 1862 462 1896 finis
485 1870 605 1896 autem
628 1862 810 1908 potentiae
834 1870 934 1896 actus
957 1871 1032 1905 est,
1055 1863 1148 1897 unde
1175 1863 1337 1909 potentia
1364 1862 1493 1896 dicitur
1519 1873 1598 1897 esse
1623 1861 1794 1909 perfecta,

232 1916 431 1950 secundum
457 1915 553 1961 quod
582 1915 842 1950 determinatur
862 1916 905 1949 ad
924 1927 1029 1950 suum
1050 1924 1182 1950 actum.
1211 1916 1302 1950 Sunt
1329 1924 1450 1950 autem
1476 1915 1655 1962 quaedam
1674 1923 1796 1962 poten-

231 1969 312 2011 tiae,
335 1981 425 2015 quae
444 1969 645 2003 secundum
664 1969 799 2015 seipsas
818 1977 900 2003 sunt
918 1969 1177 2004 determinatae
1197 1970 1240 2004 ad
1259 1980 1343 2003 suos
1364 1977 1483 2004 actus:
1501 1969 1594 2004 sicut
1611 1970 1794 2016 potentiae

232 2022 412 2056 naturales
435 2022 587 2056 activae:
611 2030 646 2056 et
659 2022 741 2056 ideo
756 2022 965 2068 hujusmodi
980 2023 1162 2069 potentiae
1180 2022 1362 2057 naturales
1380 2024 1581 2057 secundum
1599 2023 1733 2068 seipsas
1747 2022 1797 2056 di-

233 2085 361 2110 cuntur
381 2077 541 2110 virtutes:
565 2076 724 2122 potentia
747 2084 868 2110 autem
890 2076 1095 2118 rationales,
1118 2088 1209 2122 quae
1232 2085 1313 2111 sunt
1335 2076 1500 2122 propriae
1522 2076 1693 2118 hominis,
1719 2087 1794 2110 non

234 2138 315 2164 sunt
337 2129 595 2163 determinatae
619 2129 661 2162 ad
684 2141 808 2171 unum,
830 2130 891 2163 sed
914 2140 950 2163 se
973 2129 1107 2164 habent
1121 2129 1396 2164 indeterminate
1420 2129 1463 2163 ad
1483 2128 1611 2163 multa:
1631 2129 1797 2164 determi-

235 2190 365 2217 nantur
385 2190 506 2217 autem
522 2182 565 2216 ad
585 2191 683 2216 actus
703 2194 766 2228 per
780 2183 934 2224 habitus,
957 2183 1049 2217 sicut
1071 2194 1112 2217 ex
1134 2182 1347 2230 supradictis
1369 2191 1467 2229 patet
1489 2183 1536 2229 (q.
1555 2194 1612 2229 49.
1633 2188 1698 2218 art.
1719 2182 1794 2227 4.);

235 2245 268 2271 et
290 2236 370 2270 ideo
392 2238 531 2271 virtutes
552 2236 715 2271 lmnnzmzc
741 2236 869 2271 habitus
889 2242 974 2271 sunt.

307 2289 366 2324 An
390 2300 538 2324 pumen
569 2300 655 2333 ergo
688 2289 893 2331 dicendum,
913 2289 1009 2336 quod
1033 2289 1250 2336 quandoque
1272 2291 1384 2324 virtus
1405 2289 1533 2324 dicitur
1559 2289 1606 2331 id,
1629 2288 1673 2323 ad
1699 2288 1796 2335 quod

235 2350 286 2377 est
308 2344 436 2384 virtus;
460 2342 596 2376 scilicet
623 2342 680 2376 vel
711 2343 893 2388 objectum
923 2343 1073 2384 virtutis,
1096 2342 1154 2377 vel
1185 2352 1284 2377 actus
1318 2343 1413 2388 ejus:
1442 2342 1533 2377 sicut
1555 2341 1642 2376 fides
1668 2341 1797 2376 dicitur

235 2396 450 2442 quandoque
463 2395 508 2438 id,
519 2395 614 2442 quod
631 2396 785 2430 creditur
795 2408 802 2438 ;
814 2396 1030 2442 quandoque
1042 2407 1128 2430 vero
1141 2396 1258 2443 ipsum
1270 2396 1431 2430 credere:
1447 2395 1663 2442 quandoque
1675 2403 1795 2430 autem

234 2450 308 2496 ipse
330 2449 483 2491 habitus,
506 2460 576 2495 quo
600 2449 775 2491 creditur3
800 2450 892 2484 unde
916 2450 1060 2496 quando
1084 2450 1222 2492 dicitur,
1245 2449 1341 2496 quod
1363 2451 1473 2484 virtus
1494 2454 1536 2484 est
1565 2449 1717 2484 ultimum
1734 2454 1795 2495 po-

235 2504 361 2545 tentiae,
385 2503 536 2536 sumitur
558 2502 668 2536 virtus
692 2514 755 2548 pro
780 2503 922 2547 objecto
945 2503 1102 2537 virtutis:
1126 2503 1159 2537 id
1182 2503 1291 2544 enim,
1306 2503 1341 2537 in
1358 2502 1455 2549 quod
1482 2501 1610 2537 ultimo
1637 2502 1796 2549 potentia

235 2564 363 2602 potest,
390 2564 443 2590 est
468 2556 514 2598 id,
542 2556 584 2589 ad
612 2556 707 2601 quod
730 2556 857 2589 dicitur
875 2556 985 2590 virtus
1006 2557 1072 2590 rei:
1101 2558 1192 2590 sicut
1211 2557 1239 2590 si
1258 2555 1386 2602 aliquis
1405 2564 1522 2602 potest
1541 2554 1630 2590 ferre
1650 2563 1795 2589 centum

235 2609 353 2651 libras,
381 2618 414 2643 et
440 2620 513 2642 non
541 2609 630 2655 plus,
657 2609 768 2643 virtus
799 2610 873 2653 ejus
897 2609 1144 2643 consideratur
1170 2610 1370 2644 secundum
1398 2617 1544 2644 centum
1576 2608 1695 2650 libras,
1721 2619 1794 2642 non

237 2671 356 2697 autem
385 2663 583 2697 secundun]
615 2663 814 2707 sexaginta:
851 2663 1005 2708 objectio
1030 2671 1150 2697 autent
1179 2663 1410 2710 procedebat,
1441 2674 1481 2697 ac
1504 2663 1533 2697 si
1560 2661 1796 2697 essentialiter

236 2717 346 2750 virtus
368 2725 459 2750 essct
481 2716 631 2750 ultimum
651 2717 828 2762 potentius.

308 2770 367 2804 Ao
390 2781 595 2805 SECUNDUM
619 2770 823 2811 dicendum,
839 2769 933 2815 quod
949 2770 1063 2803 bonus
1079 2781 1162 2804 usus
1177 2769 1278 2804 liberi
1295 2769 1429 2804 arbitrii
1444 2769 1574 2804 dicitur
1589 2781 1665 2804 esse
1679 2769 1791 2804 virtus

238 2824 437 2858 secundum
461 2824 627 2858 eamdem
652 2823 848 2865 rationem3
871 2823 952 2869 quia
976 2823 1111 2858 scilicet
1134 2832 1184 2858 est
1208 2823 1253 2865 id,
1276 2824 1318 2858 ad
1342 2823 1438 2870 quod
1461 2823 1646 2858 ordinatur
1672 2823 1795 2865 virtus,
