1907 3198
498 186 721 224 QUAESTIO
755 186 861 216 XXII.
895 185 1144 217 ARTICULUS
1177 185 1238 215 111.
1573 173 1652 229 189

149 271 210 306 AD
228 279 438 306 SECUNDUM
460 269 670 313 dicendum,
691 269 789 317 quod
811 267 1029 316 magnitudo
1046 268 1225 316 passionis
1243 279 1320 302 non
1341 267 1462 302 solum
1478 267 1658 314 dependet

79 336 121 361 ex
140 325 272 359 virtute
299 324 452 371 agentis,
474 324 537 359 sed
559 324 670 359 etiam
697 335 739 358 ex
761 322 1000 370 possibilitate
1022 322 1208 369 patientis:
1233 322 1317 369 quia
1342 333 1435 369 quae
1462 330 1545 356 sunt
1563 321 1657 356 bene

77 378 260 427 passibilia
281 378 438 413 multum
461 379 660 426 patiuntiur
681 378 791 413 etiarn
811 390 830 412 a
852 378 973 425 parvis
996 377 1142 420 activis;
1169 376 1255 411 licet
1281 388 1370 423 ergo
1393 376 1578 422 objectum
1601 387 1659 422 ap-

76 433 209 481 petitus
238 432 453 467 intellectivi
485 433 529 467 sit
562 434 680 479 magis
713 432 885 474 activum,
917 443 1027 478 quam
1053 432 1239 477 objectum
1269 431 1448 478 appetitus
1475 430 1657 473 sensitivi3

76 495 200 523 tamen
223 487 401 534 appetitus
423 487 617 522 sensitivus
640 494 694 521 est
716 487 833 533 magis
854 488 1030 533 passivus.

146 541 208 576 AD
227 551 400 577 TERTmM
423 541 632 584 dicendum,
654 540 752 587 quod
775 552 891 583 amor,
914 548 948 575 et
970 539 1157 587 gaudium,
1179 547 1215 574 et
1235 539 1306 574 alia
1324 539 1549 585 hujusmodi,
1573 550 1657 573 cum

77 594 316 630 attribuuntur
336 595 432 638 Deo,
449 595 508 629 vel
531 595 683 642 angelis,
706 603 768 629 aut
787 595 1000 629 hominibus
1023 594 1225 629 secundum
1253 594 1452 641 appetitum
1471 593 1659 628 intellecti-

19 660 33 686 .·.
74 660 174 692 vum,
189 649 396 696 significant
409 649 615 697 simplicem
632 658 755 684 actum
769 648 969 684 voluntatis
985 660 1069 683 cum
1092 648 1329 683 similitudine
1352 648 1502 683 effectus
1522 648 1657 694 absque

75 703 255 751 passione.
283 703 391 738 Unde
418 703 505 738 dicit
526 704 682 750 August.
704 715 736 751 9.
760 698 811 738 de
828 703 908 738 Civ.
931 703 1003 738 Dei
1026 703 1114 750 (cap.
1133 715 1162 750 5.
1190 704 1224 737 in
1242 703 1318 749 fin.)
1334 716 1344 738 .·
1363 703 1479 738 Sancti
1500 703 1609 750 angeli
1630 707 1658 737 el

28 776 37 781 -
74 759 143 793 sine
159 759 214 792 ira
232 759 394 806 puniunt,
416 763 447 794 et
461 760 531 793 sine
550 760 701 793 miseriae
722 759 947 805 compassione
960 759 1171 800 subveniunt,
1191 763 1219 792 et
1233 763 1343 792 tamen
1360 759 1500 793 istarum
1518 758 1658 792 nomina

27 856 29 867 A
68 813 263 861 passionum
281 812 512 848 consuetudine
526 812 701 848 locutionis
715 813 881 848 humanae
895 814 995 847 etiam
1019 813 1053 847 in
1073 824 1125 848 eos
1142 817 1363 859 usurpantur,
1380 817 1522 860 propter
1543 823 1658 859 quam-

0 863 3 912 ζ
27 879 29 883 ⁴
74 863 152 902 dam
174 873 313 915 operum
333 867 597 910 similitudinem,
625 879 691 902 non
707 872 848 915 propter
869 867 1079 914 affectionmn
1104 867 1344 914 infirmitatem.

16 573 31 600 ,4

574 1135 935 1198 QUAESTIO
977 1134 1162 1183 xxm.

314 1260 379 1293 DE
417 1260 743 1293 DIFFERENTIA
780 1260 1055 1293 PASSIONUM
1094 1261 1155 1292 AB
1193 1260 1412 1301 INVICEM,

441 1333 493 1365 IN
532 1333 765 1374 QUATUOR
803 1332 1070 1366 ARTICULOS
1109 1333 1287 1366 DIVISA.

146 1463 291 1500 Deinde
313 1464 621 1500 considerandum
644 1472 698 1500 est
719 1464 764 1499 de
785 1464 1001 1512 passionum
1023 1463 1227 1500 differentia
1249 1464 1292 1499 ab
1315 1464 1485 1500 invicem.

541 1557 586 1591 Et
603 1557 697 1592 circa
719 1557 778 1592 hoc
800 1561 1009 1603 quaeruntur
1029 1561 1184 1603 quatuor.

145 1627 283 1663 Primo.
306 1627 440 1663 Utrum
461 1628 663 1675 passiones,
682 1640 775 1676 quae
797 1637 881 1664 sunt
901 1630 938 1664 in
960 1628 1250 1677 concupiscibili,
1265 1629 1336 1664 sint
1353 1628 1517 1664 diversae
1532 1629 1574 1664 ab
1590 1629 1659 1673 his,

76 1693 170 1730 quae
192 1691 276 1718 sunt
295 1682 333 1717 in
354 1682 537 1718 irascibili.

147 1737 331 1772 Secundo.
355 1737 490 1772 Utrum
513 1738 790 1774 contrarietates
811 1738 1025 1786 passionum
1043 1738 1235 1774 irascibilis
1257 1738 1328 1774 sint
1350 1739 1554 1774 secundum
1576 1750 1660 1774 con-

25 1812 32 1816 -
73 1792 308 1832 trarietatem,
329 1791 418 1826 boni
439 1799 473 1827 et
491 1792 591 1827 mali.

148 1845 288 1882 Tertio.
311 1846 446 1882 Utrum
468 1847 514 1882 sit
536 1846 657 1894 aliqua
678 1847 800 1894 passio
822 1859 898 1883 non
919 1847 1059 1883 habens
1082 1848 1320 1883 contrarium.

148 1900 304 1943 Quarto.
324 1901 458 1937 Utrum
472 1903 544 1937 sint
565 1901 708 1949 aliquae
722 1904 911 1950 passiones
926 1901 1133 1938 differentes
1151 1903 1272 1950 specie
1287 1902 1324 1937 in
1339 1902 1469 1938 eadem
1484 1903 1659 1950 potentia,

74 1967 151 1992 non
168 1956 375 1992 contrariae
396 1957 442 1992 ad
462 1957 634 1992 invicem.

657 2089 1007 2136 ARTICULUS
1043 2091 1101 2135 1..
1592 2103 1658 2150 ηε

267 2199 423 2231 UTRUM
448 2183 697 2240 PASSIONES,
727 2201 848 2237 QUAE
875 2201 990 2231 SUNT
1018 2201 1063 2231 IN
1091 2200 1461 2241 CONCUPISCIBILI,

77 2266 208 2297 SINT
245 2267 539 2298 DIVERSAE
576 2267 640 2296 AB
681 2267 794 2307 HIS,
837 2268 989 2303 QUAE
1029 2267 1175 2298 SUNT
1216 2248 1657 2298 {NIRASCIBIL1.

663 2357 773 2402 (Veri.
797 2369 826 2404 q.
846 2356 902 2392 26.
925 2362 990 2392 art.
1012 2357 1074 2402 4.).

147 2446 208 2483 AD
228 2457 380 2483 PR1MUM
401 2447 452 2482 sic
474 2447 693 2494 proceditur.
711 2446 876 2489 Videtur,
889 2447 987 2494 quod
1009 2447 1198 2494 passiones
1221 2447 1374 2482 eaedem
1390 2447 1461 2482 sint
1482 2448 1517 2482 in
1539 2447 1660 2482 irasci-

76 2499 151 2544 bili,
161 2501 243 2536 etin
259 2500 554 2548 concupiscibili:
570 2501 658 2536 dicit
668 2501 765 2536 enim
776 2501 915 2536 Philos.
931 2501 968 2535 in
983 2511 1015 2536 2.
1031 2501 1191 2536 Ethicor.
1206 2501 1285 2546 (art.
1297 2513 1325 2548 5.
1342 2503 1403 2536 cir.
1414 2502 1545 2549 princ.)
1561 2502 1659 2548 quod

75 2556 264 2602 passiones
286 2556 431 2591 animae
453 2564 546 2598 sunt,
569 2567 658 2602 quas
680 2556 842 2603 sequitur
867 2550 1055 2602 gaudium,
1083 2564 1117 2590 et
1141 2555 1300 2590 tristitia:
1328 2556 1392 2590 sed
1415 2556 1602 2602 gaudium,
1625 2564 1660 2590 et

74 2610 220 2647 tristitia
245 2619 329 2647 sunt
354 2611 390 2646 in
409 2610 704 2658 concupiscibili;
727 2622 815 2657 ergo
839 2622 968 2646 omnes
990 2611 1180 2658 passiones
1202 2619 1284 2645 sunt
1306 2610 1342 2645 in
1365 2610 1659 2658 concupiscibili,

76 2674 152 2701 non
173 2677 263 2714 ergo
284 2673 369 2707 sunt
389 2665 482 2700 aliae
504 2666 540 2700 in
563 2664 747 2708 irascibili,
769 2674 805 2700 et
827 2665 918 2700 aliae
940 2666 977 2700 in
1000 2664 1288 2712 concupiscibili.

149 2720 429 2756 2.PRAETEREA.
441 2719 570 2754 Matth.
586 2731 637 2766 13.
648 2731 754 2767 super
763 2719 853 2754 illud
865 2733 872 2755 :
883 2720 998 2755 Simile
1012 2725 1057 2755 est
1067 2732 1203 2767 regnum
1219 2719 1385 2755 coelorum
1392 2719 1572 2766 fei-nimio,
1590 2726 1658 2754 etc.

78 2773 165 2810 dicit
185 2774 308 2810 Gloss.
332 2774 524 2819 (ordinaria
551 2775 732 2819 Hieron.):
762 2775 802 2809 In
827 2776 958 2810 ratione
981 2774 1207 2822 possideamus
1228 2773 1460 2822 prudentiam,
1488 2775 1524 2808 in
1546 2775 1660 2809 irasci-

78 2827 141 2864 bai
166 2828 281 2864 odium
305 2830 482 2871 vitiorum,
513 2829 549 2863 in
579 2829 827 2876 concupiscibili
855 2828 1050 2864 desiderium
1082 2830 1268 2864 virtutum:
1301 2828 1362 2862 sed
1390 2828 1515 2862 odium
1543 2836 1598 2863 est
1623 2830 1659 2863 in

80 2882 364 2930 concupiscibili,
386 2883 480 2918 sicut
501 2890 535 2918 et
557 2893 672 2925 amor,
695 2883 753 2918 cui
775 2883 1026 2926 contrariatur,
1045 2890 1083 2917 ut
1105 2883 1235 2918 dicitur
1256 2883 1291 2916 in
1315 2892 1346 2916 2.
1372 2881 1502 2930 Topic.
1526 2882 1614 2931 (cap.
1629 2895 1659 2931 3.

80 2935 141 2973 loc.
162 2937 250 2984 25.);
273 2948 362 2985 ergo
383 2937 513 2973 eadem
535 2937 656 2985 passio
679 2945 733 2972 est
754 2938 789 2972 in
813 2936 1099 2985 concupiscibili,
1121 2945 1157 2972 et
1178 2935 1357 2972 irascibili.
