1907 3182
259 149 345 203 276
657 159 877 194 QUAESTIO
911 158 1058 188 XXXVI.
1091 158 1336 188 ARTICULUS
1370 158 1414 187 ΙΙ.

256 241 325 275 alia
347 240 439 275 sicut
460 239 553 274 unde
568 247 621 274 est
634 239 851 286 principium
866 247 1004 273 motus:
1020 238 1113 272 sicut
1126 238 1372 272 descensionis
1387 238 1549 284 corporis
1563 239 1682 285 gravis
1697 250 1819 282 causa,

256 294 348 328 sicut
368 294 459 335 finis,
482 301 534 327 est
555 293 658 327 locus
680 293 869 327 deorsum:
893 292 1110 338 principium
1133 299 1254 325 autem
1281 299 1402 325 motus
1429 300 1481 326 est
1507 292 1694 326 inclinatio
1719 301 1819 327 natu-

257 347 351 390 ralis,
373 358 464 393 quae
487 355 539 381 est
561 358 603 380 ex
625 346 818 392 gravitate:
842 357 949 379 causa
973 353 1091 378 autem
1115 352 1237 378 motus
1260 345 1443 390 appetitivi
1464 356 1526 391 per
1548 345 1700 379 modum
1726 346 1818 388 finis,

257 409 310 435 est
331 401 406 446 ejus
428 400 623 445 objectum,
646 408 681 433 et
699 399 748 433 sic
772 410 877 444 supra
905 398 1042 431 dictum
1070 405 1122 431 est
1145 397 1223 441 (art.
1241 400 1387 444 praec),
1411 398 1508 444 quod
1535 410 1644 432 causa
1670 398 1819 441 doloris,

256 465 319 488 seu
340 454 502 488 tristitiae
524 460 577 487 est
598 452 737 486 malum
759 453 1005 495 conjunctum.
1030 450 1150 484 Causa
1172 459 1293 485 autem
1312 451 1404 485 sicut
1421 451 1515 486 unde
1534 459 1586 486 est
1603 452 1819 498 principium

256 506 336 541 talis
358 515 490 548 motus,
513 514 565 540 est
586 505 733 539 interior
754 504 941 538 inclinatio
965 504 1159 549 appetitus:
1183 504 1242 549 qui
1261 504 1407 550 quidem
1429 516 1492 550 per
1512 505 1609 551 prius
1626 504 1820 539 inclinatur

258 560 301 594 ad
322 560 470 601 bonum,
494 567 528 593 et
546 571 587 592 ex
615 558 851 603 consequenti
878 557 922 591 ad
948 557 1211 602 repudiandum
1238 557 1376 591 malum
1404 558 1648 592 contrarium:
1677 566 1711 593 et
1735 558 1818 593 ideo

257 614 467 659 hujusmodi
489 621 608 646 motus
631 611 814 657 appetitivi
840 611 998 656 primum
1025 610 1241 656 principium
1264 618 1317 645 est
1339 622 1452 653 amor,
1474 612 1535 657 qui
1557 619 1609 646 est
1630 611 1745 657 prima
1771 611 1820 645 in-

258 667 404 701 clinatio
425 667 601 711 appetitus
621 665 663 698 ad
682 665 818 698 bonum
840 663 1152 709 consequendum:
1176 664 1375 698 secundum
1395 672 1515 698 autem
1533 665 1750 711 principium
1768 672 1821 699 est

259 720 394 761 odium,
417 719 514 765 quod
536 726 588 752 est
610 718 795 752 inclinatio
819 718 935 763 prima
957 717 1134 763 appetitus
1157 718 1200 750 ad
1222 716 1361 750 malum
1381 717 1605 763 fugiendum.

329 773 399 807 Sed
422 773 503 818 quia
537 771 840 817 concupiscentia,
862 770 920 805 vel
942 770 1117 816 cupiditas
1139 778 1191 804 est
1212 770 1348 815 primus
1382 769 1531 804 effectus
1567 771 1713 813 amoris,
1747 782 1820 817 quo

258 827 414 860 maxime
438 825 670 866 delectamur,
693 832 730 858 ut
751 835 858 869 supra
877 824 1012 857 dictum
1032 831 1084 857 est
1104 823 1148 868 (q.
1164 835 1214 869 32.
1230 828 1293 857 art.
1310 823 1360 867 6.)
1375 835 1387 864 ,·
1403 823 1485 857 ideo
1499 823 1703 869 frequenter
1722 824 1818 869 Aug.

258 880 502 925 cupiditatem,
523 877 581 911 vel
603 877 934 923 concupiscentiam
958 888 1022 922 pro
1046 888 1169 910 amore
1192 876 1303 922 ponit,
1319 884 1357 910 ut
1370 887 1476 921 supra
1490 877 1627 910 dictum
1642 885 1694 911 est
1708 877 1755 923 (q.
1767 889 1819 923 30.

257 938 319 968 art.
342 945 372 967 2.
397 933 439 966 ad
459 944 489 967 2.
509 937 536 966 et
558 932 617 966 loc.
641 932 779 976 August.
802 933 850 965 ibi
872 932 956 975 cit.);
981 938 1015 964 et
1036 930 1106 964 hoc
1131 929 1242 963 modo
1265 930 1598 975 concupiscentiam
1628 930 1713 965 dicit
1743 942 1820 965 esse

258 985 496 1020 universalem
519 996 666 1018 causam
688 985 843 1018 doloris:
867 984 928 1018 sed
943 984 1020 1030 ipsa
1036 983 1330 1029 concupiscentia
1349 983 1550 1018 secundum
1568 984 1751 1030 propriam
1770 995 1821 1017 ra-

257 1040 395 1074 tionem
418 1039 645 1073 considerata
668 1046 720 1072 est
742 1038 922 1072 interdum
947 1048 1053 1071 causa
1076 1036 1230 1071 doloris:
1265 1048 1374 1070 omne
1405 1037 1514 1078 enim,
1544 1037 1641 1082 quod
1671 1037 1822 1082 impedit

257 1101 410 1133 motum,
432 1103 476 1125 ne
500 1093 684 1137 perveniat
707 1092 749 1125 ad
772 1093 980 1132 terminum,
1003 1099 1055 1124 est
1077 1090 1298 1123 contrarium
1320 1090 1454 1124 motui:
1469 1089 1557 1123 illud
1573 1098 1705 1132 autem,
1724 1090 1821 1136 quod

257 1154 309 1180 est
328 1145 550 1180 contrarium
569 1145 684 1178 motui
707 1144 895 1190 appetitus,
919 1152 972 1178 est
994 1144 1228 1177 contristans:
1252 1151 1286 1177 et
1307 1143 1356 1177 sic
1372 1155 1435 1189 per
1450 1154 1676 1189 consequens
1692 1154 1822 1177 concu-

257 1199 429 1245 piscentia
451 1199 489 1232 fit
515 1210 621 1232 causa
651 1198 824 1239 tristitiae,
852 1198 1065 1243 inquantum
1087 1197 1130 1230 de
1157 1196 1398 1230 retardatione
1430 1196 1517 1230 boni
1549 1197 1743 1242 concupiti,
1764 1196 1823 1230 vel

255 1253 358 1287 totali
381 1252 561 1286 ablatione
583 1251 784 1285 tristamur:
808 1250 1019 1284 universalis
1042 1258 1163 1284 autem
1195 1261 1302 1284 causa
1336 1249 1471 1284 doloris
1497 1260 1575 1284 esse
1596 1261 1671 1283 non
1692 1258 1821 1295 potest,

257 1307 340 1352 quia
361 1305 476 1351 magis
498 1305 664 1339 dolemus
687 1305 728 1339 de
759 1304 1003 1338 subtractione
1036 1304 1217 1337 bonorum
1251 1303 1507 1348 praesentium,
1528 1303 1565 1337 in
1588 1303 1715 1349 quibus
1748 1305 1821 1349 jam

257 1359 489 1400 delectamur,
511 1370 621 1404 quam
642 1358 857 1399 futurorum,
881 1369 971 1403 quae
995 1357 1299 1403 concupiscimus.

327 1413 387 1447 AD
405 1423 554 1447 PRIMUM
576 1423 663 1457 ergo
686 1411 891 1452 dicendum,
913 1411 1009 1456 quod
1044 1410 1229 1444 inclinatio
1264 1410 1440 1456 appetitus
1463 1410 1506 1444 ad
1528 1409 1666 1444 bonum
1699 1421 1823 1444 conse-

257 1466 439 1512 quendum
463 1473 516 1499 est
537 1477 644 1499 causa
666 1464 910 1498 inclinationis
933 1465 1108 1510 appetitus
1124 1464 1167 1497 ad
1183 1463 1321 1496 malum
1336 1462 1560 1509 fugiendum,
1575 1463 1668 1497 sicut
1685 1463 1821 1498 dictum

257 1528 310 1553 est
331 1520 382 1564 (in
404 1525 494 1565 corp.
517 1519 612 1563 art),
636 1526 671 1552 et
693 1529 733 1552 ex
755 1518 826 1551 hoc
850 1517 1038 1562 contingit,
1061 1517 1156 1562 quod
1180 1524 1300 1550 motus
1334 1516 1522 1562 appetitus,
1546 1517 1606 1562 qui
1627 1517 1822 1562 respiciunt

256 1573 404 1614 bonum,
426 1580 607 1618 ponuntur
628 1583 736 1605 causa
758 1580 924 1605 motuum
947 1571 1134 1616 appetitus,
1158 1570 1217 1616 qui
1240 1570 1434 1615 respiciunt
1455 1569 1604 1603 malum.

327 1627 386 1660 AD
409 1636 615 1661 SECUNDUM
638 1625 842 1666 dicendum,
865 1624 961 1670 quod
983 1623 1071 1657 illud
1094 1624 1191 1669 quod
1227 1623 1504 1669 concupiscitur,
1527 1623 1593 1657 etsi
1614 1623 1756 1658 realiter
1777 1624 1822 1658 sit

255 1680 426 1721 futurum,
449 1687 502 1713 est
523 1687 644 1713 tamen
667 1677 940 1724 quodammodo
964 1688 1144 1723 praesens,
1166 1677 1379 1722 inquantum
1402 1684 1574 1722 speratur.
1603 1676 1672 1711 Vel
1704 1685 1823 1723 potest

256 1734 337 1775 dici,
361 1733 456 1779 quod
479 1732 562 1766 licet
582 1733 719 1766 bonum
743 1731 978 1776 concupitum
998 1730 1041 1764 sit
1059 1729 1230 1772 futurum,
1257 1737 1379 1764 tamen
1405 1729 1707 1776 impedimentum
1725 1743 1822 1778 prae-

255 1786 450 1820 sentialiter
471 1786 673 1831 apponitur,
696 1786 792 1830 quod
815 1784 981 1819 dolorem
1004 1792 1137 1818 causat.

326 1840 386 1874 AD
409 1850 579 1873 TERTIUM
606 1839 811 1880 dicendum,
839 1838 935 1884 quod
970 1837 1263 1883 concupiscentia
1297 1844 1349 1871 est
1383 1835 1616 1879 delectabilis,
1649 1838 1821 1884 quamdiu

256 1901 378 1927 manet
399 1904 478 1939 spes
501 1892 731 1938 adipiscendi,
755 1892 850 1938 quod
874 1891 1158 1936 concupiscitur:
1181 1891 1254 1932 sed,
1277 1890 1456 1925 subtracta
1485 1901 1547 1935 spe
1582 1902 1643 1937 per
1676 1892 1823 1938 impedi-

257 1955 420 1981 mentum
443 1947 659 1992 appositum,
682 1945 975 1992 concupiscentia
997 1944 1162 1979 dolorem
1187 1953 1320 1979 causat.

808 2087 1151 2133 ARTICULUS
1188 2088 1267 2131 ΙΙΙ.
1754 2100 1821 2135 208

464 2198 616 2228 UTRUM
642 2197 880 2226 APPETITUS
907 2196 1115 2227 UNITATIS
1145 2195 1211 2225 SIT
1240 2195 1380 2225 CAUSA
1406 2195 1612 2226 DoLoms.

692 2285 732 2332 (3.
756 2287 844 2320 Dist.
867 2297 910 2332 15.
933 2298 962 2331 q.
985 2297 1016 2320 2.
1039 2290 1102 2320 art.
1123 2297 1150 2331 3.
1173 2296 1202 2330 q.
1226 2296 1252 2319 1.
1276 2285 1383 2330 corp.)

327 2377 386 2411 AD
403 2385 573 2410 TERTIUM
595 2375 644 2409 sic
668 2375 881 2420 proceditur.
905 2374 1066 2415 Videtur,
1085 2373 1181 2420 quod
1199 2373 1376 2419 appetitus
1396 2372 1540 2406 unitatis
1558 2383 1631 2406 non
1650 2372 1695 2407 sit
1713 2385 1820 2409 causa

257 2430 412 2465 doloris:
436 2430 521 2463 dicit
543 2429 639 2463 enim
664 2429 799 2462 Philos.
822 2429 856 2461 in
886 2439 934 2462 xo.
958 2428 1073 2462 Etliic.
1097 2429 1184 2474 (sap.
1204 2439 1232 2473 3.
1256 2428 1287 2460 in
1311 2426 1410 2471 med.)
1431 2426 1529 2472 quod
1559 2426 1649 2460 hacc
1684 2427 1820 2473 opinio,

256 2496 347 2530 quae
370 2483 499 2529 posuit,
522 2482 758 2528 repletionem
783 2493 858 2516 esse
882 2493 1029 2515 causam
1046 2480 1308 2522 delectationis,
1324 2488 1358 2514 et
1372 2479 1587 2514 incisionem
1603 2491 1751 2514 causam
1765 2481 1823 2515 tri—

255 2538 382 2580 stitiae,
404 2537 543 2571 videtur
564 2547 641 2570 esse
664 2535 756 2570 sacta
771 2548 812 2569 ex
827 2535 1137 2576 delectationibus,
1152 2542 1186 2568 et
1199 2533 1360 2575 tristitiis,
1376 2544 1468 2579 quae
1482 2540 1565 2567 sunt
1579 2532 1674 2567 circa
1688 2533 1818 2568 cibum:

256 2592 317 2626 sed
339 2603 412 2625 non
435 2590 553 2624 omnis
576 2589 779 2630 delectatio,
802 2588 859 2622 vel
880 2589 1019 2622 tristitia
1043 2596 1095 2622 est
1116 2587 1344 2632 hujusmodi;
1367 2597 1453 2632 ergo
1476 2586 1654 2632 appetitus
1675 2587 1819 2622 unitatis

256 2657 328 2679 non
351 2653 404 2679 est
425 2655 532 2678 causa
554 2642 764 2677 universalis
778 2642 930 2683 doloris3
958 2653 1041 2675 cuni
1057 2641 1207 2687 repletio
1223 2641 1266 2675 ad
1287 2641 1462 2674 unitatem
1485 2639 1670 2685 pertineat,
1692 2640 1819 2676 incisio

256 2711 341 2733 vero
365 2698 630 2732 multitudinem
653 2696 808 2730 inducat.

329 2764 359 2786 2.
383 2753 616 2786 PRAErEREA.
643 2749 836 2790 Quaelibet
857 2749 1034 2794 separatio
1059 2749 1183 2782 unitati
1206 2748 1416 2794 opponitur:
1440 2747 1468 2781 si
1491 2757 1577 2793 crgo
1605 2746 1710 2781 dolor
1739 2758 1819 2782 cau-

257 2815 392 2840 saretur
413 2818 454 2839 ex
477 2805 633 2851 appetitu
656 2803 811 2844 unitatis,
834 2802 930 2836 nulla
950 2802 1128 2848 separatio
1148 2811 1241 2837 esset
1259 2801 1492 2842 delectabilis,
1511 2801 1607 2847 quod
1627 2809 1726 2847 patet·
1741 2812 1818 2836 esse

258 2860 387 2895 salsum
410 2860 444 2893 in
467 2859 692 2905 separatione
715 2857 880 2892 oninium
903 2856 1178 2901 superlluoruin.
