1907 3182
231 195 317 238 304
659 195 880 230 QUAESTIO
914 195 1000 223 XLI.
1035 193 1279 224 ARTICULUS
1313 194 1370 222 IV.

229 277 408 322 spondere
431 276 619 322 speciebus
640 277 824 310 tristitiae:
848 283 930 309 sunt
953 283 1074 308 autem
1096 282 1252 320 quatuor
1274 275 1411 320 species
1437 273 1612 314 tristitiae,
1634 281 1672 307 ut
1692 285 1800 319 supra

229 329 368 364 dictum
390 338 443 364 est
458 330 502 375 (q.
519 342 562 376 35.
579 335 641 364 art.
658 331 705 375 S.)
719 342 730 369 ;
754 340 841 375 ergo
865 328 985 362 solum
1005 328 1135 362 debent
1157 339 1234 361 esse
1258 336 1413 374 quatuor
1435 327 1572 373 species
1593 327 1734 361 timoris
1749 327 1800 362 eis

230 384 568 429 correspondentes.

302 447 332 470 2.
355 437 592 471 PRAETEREA.
615 435 707 469 Illud
726 435 822 481 quod
845 435 882 468 in
905 443 986 468 actu
1004 442 1130 468 nostro
1154 434 1328 476 consistit,
1347 442 1492 468 nostrae
1511 434 1680 479 potestati
1697 434 1802 479 subji-

230 490 339 524 citur:
363 490 424 523 sed
446 490 557 523 timor
584 497 636 523 est
664 490 706 522 de
734 488 845 530 malo,
868 488 965 534 quod
993 488 1133 521 excedit
1159 496 1377 534 potestatem
1402 497 1577 529 nostram,
1599 496 1638 521 ut
1663 487 1800 522 dictum

229 551 284 577 est
306 543 384 587 (art.
408 555 437 577 2.
461 544 528 587 huj.
552 544 597 588 q.)
610 555 621 583 ,·
646 553 719 576 non
743 553 831 586 ergo
853 543 1011 587 segnities,
1036 549 1070 575 et
1089 542 1322 584 erubescentia,
1346 549 1380 575 et
1399 541 1612 583 verecundia,
1633 552 1725 587 quae
1751 552 1802 575 re-

229 596 385 642 spiciunt
407 596 659 642 operationem
682 602 856 636 nostram,
880 594 1012 628 debent
1033 594 1119 640 poni
1140 594 1279 640 species
1300 594 1451 628 timoris.

306 661 333 695 3.
357 650 594 683 PRAETEREA.
620 648 751 682 Timor
778 656 831 682 est
853 647 897 681 de
919 647 1053 689 futuro,
1081 656 1119 682 ut
1145 648 1282 681 dictum
1309 655 1362 682 est
1390 648 1470 691 (art.
1490 661 1516 683 I.
1539 653 1569 683 et
1589 660 1620 683 2.
1643 648 1711 694 huj.
1730 647 1800 694 q.):

229 703 291 737 sed
318 703 536 737 verecundia
564 710 616 736 est
643 701 686 735 de
713 701 807 747 turpi
835 709 918 735 actu
945 702 1018 746 jam
1047 701 1258 742 commisso,
1286 709 1325 734 ut
1352 701 1462 746 Greg.
1488 701 1594 747 Nyss.
1622 701 1709 735 dicit
1736 700 1803 745 (vel

230 758 358 792 Nemes.
380 757 437 791 lib.
458 756 494 790 de
516 757 597 790 Nat.
618 755 722 789 Hom.
744 762 815 801 cap.
838 756 909 800 20.)
920 767 932 795 ;
958 766 1045 800 ergo
1066 755 1267 789 verecundia
1285 765 1359 788 non
1381 762 1435 788 est
1456 755 1592 800 species
1613 755 1767 789 timoris.

301 820 333 853 4.
356 810 593 844 PRAETEREA.
619 808 751 842 Timor
773 820 848 842 non
871 816 924 842 est
944 808 1012 842 nisi
1028 809 1070 842 de
1085 807 1203 842 malo:
1223 808 1285 842 sed
1305 804 1509 849 admiratio,
1529 815 1564 842 et
1577 815 1702 854 stupor
1721 816 1804 842 sunt

231 864 274 899 de
297 875 445 910 magno,
468 871 502 898 et
522 862 683 904 insolito,
707 863 784 896 sive
807 863 918 903 bono,
947 862 1020 896 sive
1047 861 1167 904 n1a103
1195 873 1281 907 ergo
1309 862 1503 904 admiratio,
1532 869 1566 896 et
1590 866 1704 908 stupor
1728 873 1803 896 non

231 926 313 953 sunt
334 918 472 963 species
494 917 648 951 timoris.

306 982 332 1016 5.
356 971 592 1005 PRAETEREA.
615 969 835 1015 Philosophi
859 980 900 1003 ex
924 969 1165 1003 admiratione
1189 977 1271 1003 sunt
1292 969 1385 1002 moti
1406 968 1723 1015 adinquirendum
1748 980 1806 1003 ve-

230 1025 384 1069 ritatem,
407 1032 444 1058 ut
466 1023 596 1057 dicitur
617 1023 654 1056 in
677 1023 854 1069 principio
877 1022 1036 1068 Metaph.
1062 1022 1148 1069 (cap.
1171 1034 1202 1057 2.
1230 1033 1250 1056 a
1271 1023 1416 1068 princ.):
1443 1022 1555 1056 timor
1581 1030 1704 1056 autem
1729 1033 1804 1057 non

230 1086 354 1112 movet
384 1077 427 1111 ad
457 1076 725 1123 inquirendum,
752 1076 813 1110 sed
844 1076 962 1122 magis
990 1075 1033 1109 ad
1058 1075 1291 1122 fugiendum3
1319 1086 1406 1121 ergo
1435 1075 1615 1110 admiratio
1647 1087 1722 1110 non
1749 1083 1804 1110 est

234 1132 372 1177 species
394 1131 546 1164 timoris.

304 1185 378 1219 SED
401 1195 440 1219 IN
464 1194 722 1218 CONTRARIUM
737 1182 891 1217 sufficiat
906 1183 1102 1217 auctoritas
1116 1183 1224 1216 Dam.
1242 1191 1275 1217 et
1291 1182 1401 1229 Greg.
1416 1182 1524 1229 Nyss.
1544 1183 1623 1228 (loc.
1636 1188 1705 1230 sup.
1721 1183 1804 1228 cit).

302 1238 532 1272 RESPONDEO
563 1237 771 1278 dicendum,
791 1236 900 1282 quod,
922 1237 1015 1270 sicut
1040 1236 1178 1270 dictum
1205 1244 1258 1270 est
1284 1237 1366 1281 (art.
1389 1248 1420 1271 2.
1443 1237 1511 1282 huj.
1531 1236 1593 1282 q.),
1616 1236 1728 1270 timor
1753 1243 1807 1270 est

231 1292 274 1326 de
297 1291 416 1325 futuro
440 1290 551 1332 malo,
575 1290 672 1336 quod
700 1290 841 1324 excedit
866 1297 1082 1336 potestatem
1105 1289 1276 1331 timentis,
1303 1297 1342 1323 ut
1367 1289 1506 1323 scilicet
1531 1289 1564 1323 ei
1589 1289 1706 1323 resisti
1730 1300 1805 1323 non

230 1345 359 1391 possit:
383 1345 475 1379 sicut
497 1353 621 1378 autem
643 1344 781 1377 bonum
804 1343 976 1385 hominis,
1002 1343 1051 1377 ita
1079 1350 1112 1377 et
1138 1342 1278 1376 malum
1300 1351 1419 1389 potest
1445 1343 1678 1385 considerari,
1696 1343 1749 1377 vel
1769 1343 1805 1376 in

232 1399 444 1445 operatione
467 1398 590 1444 ipsius,
612 1398 664 1431 vel
690 1398 725 1430 in
754 1397 989 1431 exterioribus
1012 1397 1127 1431 rebus.
1156 1397 1195 1430 In
1223 1397 1434 1443 operatione
1463 1404 1583 1430 autern
1610 1397 1721 1442 ipsius
1742 1396 1808 1430 ho-

233 1452 341 1486 minis
363 1459 482 1498 potest
504 1452 624 1498 duplex
647 1450 786 1484 malum
807 1451 949 1484 timeri:
966 1452 1079 1496 primo
1103 1450 1250 1496 quidem
1271 1449 1375 1484 labor
1393 1461 1546 1496 gravans
1564 1458 1751 1484 naturam:
1772 1457 1807 1483 et

232 1507 278 1540 sic
301 1510 459 1540 causatur
475 1506 633 1550 segnities,
649 1516 733 1537 curn
748 1503 887 1538 scilicet
902 1503 1028 1550 aliquis
1043 1503 1175 1549 refugit
1192 1504 1334 1550 operari
1353 1511 1499 1549 propter
1516 1503 1688 1537 timorem
1708 1514 1807 1537 exce-

234 1559 350 1593 dentis
364 1558 516 1593 laboris:
534 1558 670 1593 sectando
684 1557 868 1603 turpitudo
884 1557 1030 1591 laedens
1045 1557 1276 1603 opinionem:
1298 1566 1332 1591 et
1349 1557 1399 1590 sic
1417 1558 1444 1591 si
1461 1556 1631 1603 turpitudo
1651 1558 1807 1591 timeatur

233 1614 268 1646 in
290 1618 366 1647 actu
388 1611 631 1653 committendo,
654 1616 698 1646 est
717 1611 982 1645 erubescentia:
1004 1612 1030 1645 si
1051 1616 1160 1645 autem
1186 1612 1226 1645 sit
1251 1611 1287 1644 de
1314 1612 1404 1657 turpi
1425 1612 1499 1656 jam
1514 1611 1622 1656 facto,
1646 1615 1690 1645 est
1708 1620 1808 1644 vere-

233 1666 374 1700 cundia.
398 1665 537 1699 Malum
561 1673 695 1706 autem,
718 1664 815 1710 quod
838 1664 873 1697 in
898 1664 1132 1698 exterioribus
1158 1664 1263 1698 rebus
1291 1664 1466 1705 consistit,
1489 1663 1663 1710 tripliciter
1687 1670 1807 1709 potest

233 1720 406 1754 excedere
425 1719 587 1753 hominis
605 1717 817 1752 facultatem
837 1718 881 1751 ad
900 1718 1150 1751 resistendum.
1170 1718 1286 1752 Primo
1306 1717 1453 1763 quidem
1470 1717 1610 1751 ratione
1629 1727 1715 1751 suae
1734 1728 1808 1751 ma-

233 1773 449 1819 gnitudini53
473 1784 556 1806 cum
585 1772 713 1818 aliquis
741 1772 881 1806 scilicet
911 1771 1117 1806 considerat
1143 1771 1290 1818 aliquod
1320 1783 1496 1817 magnum
1526 1770 1677 1813 malum,
1705 1771 1806 1816 cuius

231 1827 368 1861 exitum
391 1826 621 1860 considerare
643 1837 718 1860 non
743 1824 892 1859 sufficit:
917 1833 951 1859 et
971 1827 1017 1859 sic
1039 1831 1082 1860 est
1104 1825 1306 1859 admiratio.
1333 1825 1480 1860 Secundo
1507 1825 1647 1859 ratione
1675 1824 1808 1858 dissue-

229 1881 382 1922 tudinis;
405 1880 487 1926 quia
510 1879 648 1914 scilicet
671 1878 819 1925 aliquod
842 1878 981 1912 malum
1002 1879 1258 1913 inconsuetum
1280 1886 1425 1913 nostrae
1448 1877 1731 1912 considerationi
1754 1876 1804 1911 of-

230 1933 352 1975 fertur,
376 1942 410 1968 et
431 1934 482 1967 sic
506 1941 558 1967 est
580 1944 757 1978 magnum
780 1940 903 1966 nostra
924 1933 1167 1978 reputatione:
1191 1941 1225 1966 et
1246 1933 1305 1967 hoc
1326 1932 1421 1966 modo
1443 1937 1486 1967 est
1503 1940 1640 1978 stupor,
1659 1933 1715 1978 qui
1732 1943 1808 1966 cau-

229 1992 323 2022 satur
345 2000 383 2021 ex
408 1987 535 2021 insolita
559 1988 809 2031 imaginatione.
836 1987 947 2021 Tertio
969 1986 1065 2020 modo
1084 1986 1223 2020 ratione
1244 1986 1536 2032 improvisionis3
1559 1985 1643 2032 quia
1665 1985 1805 2019 scilicet

232 2041 414 2087 provideri
433 2052 507 2074 non
531 2048 666 2086 potest;
689 2040 782 2074 sicut
802 2039 921 2074 futura
952 2039 1149 2074 infortunia
1177 2040 1367 2074 timentur:
1400 2047 1433 2074 et
1461 2040 1536 2074 talis
1563 2041 1663 2074 timor
1683 2039 1807 2074 dicitur

234 2095 378 2141 agonia.

302 2148 361 2182 AD
388 2158 539 2182 PRIMUM
566 2158 654 2192 ergo
678 2147 885 2190 dicendum,
908 2147 1005 2193 quod
1028 2147 1111 2181 illae
1133 2147 1271 2193 species
1297 2146 1472 2189 tristitiae,
1495 2157 1587 2193 quae
1614 2157 1720 2193 supra
1747 2156 1808 2192 po-

230 2201 319 2235 sitae
341 2209 424 2235 sunt
445 2203 489 2246 (q.
510 2213 553 2246 35.
576 2206 641 2235 art.
664 2202 725 2246 8.),
750 2212 825 2234 non
850 2201 1076 2247 accipiuntur
1098 2200 1299 2235 secundum
1317 2200 1562 2234 diversitatem
1581 2200 1725 2245 objecti,
1744 2199 1806 2234 sed

230 2255 432 2289 secundum
460 2253 620 2295 effectus,
653 2262 687 2288 et
717 2255 922 2288 secundum
953 2255 1127 2300 quasdam
1151 2254 1325 2300 speciales
1349 2254 1526 2296 rationes3
1558 2261 1593 2288 et
1622 2253 1705 2288 ideo
1731 2264 1806 2287 non

231 2316 386 2355 oportet,
409 2308 504 2353 quod
527 2307 610 2341 illae
634 2308 772 2353 species
797 2308 961 2342 tristitiae
984 2307 1227 2354 respondeant
1244 2308 1319 2341 istis
1338 2307 1526 2353 speciebus
1542 2307 1695 2349 timoris,
1715 2317 1806 2353 quae

231 2362 456 2408 accipiuntur
478 2361 678 2394 secundum
703 2362 922 2395 divisionem
946 2362 1131 2408 propriam
1153 2361 1285 2406 objecti
1306 2361 1416 2407 ipsius
1437 2361 1590 2395 timoris.

304 2416 363 2449 AD
383 2425 590 2449 SECUNDUM
611 2415 818 2456 dicendum,
838 2416 935 2461 quod
955 2415 1131 2461 operatio,
1149 2415 1350 2448 secundum
1370 2414 1466 2460 quod
1484 2415 1558 2460 jam
1577 2413 1626 2456 fit,
1646 2413 1808 2448 subditur

231 2469 400 2515 potestati
431 2469 631 2515 operantis:
657 2469 718 2502 sed
742 2468 878 2514 aliquid
902 2469 998 2502 circa
1020 2468 1273 2514 operationem
1304 2468 1526 2502 considerari
1547 2475 1677 2514 potest,
1699 2465 1809 2501 facul-

230 2531 342 2556 tatem
359 2522 542 2568 operantis
558 2522 749 2563 excedens,
769 2530 915 2567 propter
935 2522 1032 2567 quod
1049 2521 1176 2568 aliquis
1193 2520 1324 2567 refugit
1339 2521 1520 2555 actionem
1536 2533 1542 2554 :
1560 2529 1595 2555 et
1606 2520 1807 2555 secundum

230 2576 301 2609 hoc
323 2577 482 2621 segnities,
510 2576 742 2616 erulwsrcntia,
768 2583 802 2608 et
824 2575 1025 2609 verecundia
1047 2583 1230 2621 ponuntur
1251 2575 1389 2620 species
1415 2574 1568 2609 timoris.

302 2629 362 2663 AD
386 2639 557 2663 TERTmM
580 2628 787 2669 dicendum,
807 2629 903 2673 quod
927 2629 969 2662 de
993 2636 1074 2662 actu
1097 2629 1290 2674 praeterito
1312 2636 1431 2674 potest
1451 2627 1572 2662 timeri
1593 2627 1807 2669 convitium,

231 2682 288 2716 vel
310 2682 547 2728 opprobrium
570 2681 750 2723 futurum3
775 2689 808 2715 et
832 2681 1031 2715 secundum
1055 2682 1125 2716 hoc
1148 2681 1347 2716 wrm-unalia
1370 2689 1423 2715 est
1444 2681 1583 2727 species
1605 2680 1758 2715 timoris.

303 2736 363 2770 AD
386 2746 575 2774 QUARTUM
598 2735 806 2775 dicendum,
827 2735 924 2780 quod
947 2746 1020 2768 non
1043 2735 1224 2781 quaelibet
1246 2734 1438 2776 αᾰηιίναιίο,
1456 2742 1490 2769 et
1503 2739 1618 2781 stupor
1632 2742 1715 2768 sunt
1732 2744 1809 2780 spe-

233 2789 304 2823 cies
326 2790 480 2831 timoris,
496 2790 556 2824 sed
576 2789 770 2831 admiratio,
788 2799 879 2834 quae
903 2797 954 2822 est
973 2789 1016 2823 de
1035 2800 1172 2834 magno
1195 2788 1306 2830 malo,
1321 2797 1355 2823 et
1368 2793 1491 2835 stupor,
1507 2788 1568 2835 qui
1582 2796 1635 2822 est
1648 2787 1692 2822 de
1707 2786 1806 2822 malo

234 2843 391 2877 insolito.
415 2843 483 2876 Vel
506 2851 625 2889 potest
643 2843 725 2883 dici,
741 2842 837 2888 quod
862 2842 953 2875 sicut
973 2844 1119 2886 svgnities
1141 2842 1271 2888 refugit
1292 2842 1454 2876 laborem
1478 2841 1665 2876 exterioris
1684 2851 1808 2888 opera-

232 2896 362 2938 tionis;
385 2896 432 2930 ita
456 2896 648 2937 admiratio,
673 2904 707 2930 et
729 2901 844 2942 stupor
867 2894 1047 2941 refugiunt
1070 2895 1320 2930 difficultatem
1338 2895 1639 2930 considerationis
1662 2895 1713 2930 rei
1735 2905 1807 2929 ma-
