1907 3198
504 187 727 224 QUAESTIO
762 186 912 218 LXVIII.
946 185 1190 215 ARTICULUS
1225 184 1281 214 IV.
1598 183 1681 226 475

178 271 409 306 Rsssponnsso
437 269 644 312 dicendum,
666 269 776 316 quod,
798 270 891 304 sicut
913 268 1052 303 dictum
1074 275 1128 302 est
1149 267 1232 312 (art.
1242 265 1388 313 praec),
1405 266 1501 300 dona
1516 273 1599 299 sunt
1614 265 1688 311 qui-

107 325 190 360 dam
206 325 347 360 habitus
363 323 589 371 perficientes
604 323 794 358 hominem
811 323 854 357 ad
874 323 957 364 hoc,
980 322 1077 368 quod
1094 329 1261 368 prompte
1284 327 1456 366 sequatur
1474 319 1686 354 instinctum

107 379 262 426 Spiritus
296 378 439 413 Sancti:
467 379 559 412 sicut
585 378 734 412 virtutes
761 377 919 411 morales
946 375 1136 423 perficiunt
1162 375 1257 409 vires
1285 374 1499 420 appetitivas
1527 374 1570 407 ad
1606 373 1689 407 obe-

107 433 280 468 diendum
302 432 444 466 rationi.
469 432 570 466 Sicut
593 440 714 466 autem
736 432 830 466 vires
854 431 1070 478 appetitivae
1092 438 1198 464 natae
1222 437 1304 463 sunt
1326 429 1467 463 moveri
1490 439 1552 474 per
1574 428 1687 474 impe-

106 487 201 521 rium
223 486 391 521 rationis:
414 486 463 520 ita
485 496 614 519 omnes
635 486 729 520 vires
752 485 935 519 humanae
954 492 1059 519 natae
1079 491 1162 518 sunt
1176 483 1316 517 moveri
1332 494 1394 529 per
1410 482 1593 516 istinctum
1606 481 1687 523 Dei,

107 540 200 575 sicut
220 551 240 575 a
261 540 419 586 quadam
442 539 620 585 superiori
641 539 822 586 potentia;
842 547 877 573 et
898 539 980 573 ideo
1003 538 1039 572 in
1062 537 1231 571 omnibus
1250 537 1385 570 viribus
1407 536 1579 578 hominis,
1596 546 1688 582 quae

106 602 258 642 possunt
279 605 356 629 esse
378 593 552 640 principia
574 593 820 627 humanorum
845 601 1004 634 actuum,
1026 591 1119 627 sicut
1140 599 1223 626 sunt
1243 592 1404 632 virtutes,
1419 590 1467 625 ita
1483 590 1593 624 etiam
1606 597 1689 624 sunt

109 649 216 690 dona,
238 646 378 683 scilicet
398 647 433 681 in
456 647 608 689 ratione,
631 655 666 681 et
687 647 723 681 in
745 647 781 680 vi
803 646 1008 693 appetitiva.
1033 645 1141 680 Ratio
1165 653 1284 679 autem
1309 653 1362 679 est
1389 643 1624 690 speculativa,
1653 651 1688 677 et

110 702 265 750 pratica:
289 709 326 737 et
346 701 382 735 in
404 708 555 747 utraque
583 700 834 735 consideratur
864 699 1104 747 apprehensio
1135 699 1306 741 veritatis,
1339 710 1431 745 quae
1462 698 1618 744 pertinet
1645 697 1689 731 ad

109 757 370 798 inventionem,
394 763 429 790 et
449 755 624 801 judicium
648 755 690 789 de
712 755 881 796 veritate;
905 754 948 788 ad
971 753 1301 800 apprehensionem
1314 753 1424 799 igitur
1438 751 1597 786 veritatis
1613 762 1689 798 per-

109 810 226 846 ficitur
246 809 469 857 speculativa
492 808 584 844 ratio
606 820 669 856 per
692 809 903 851 intellectum,
927 809 1063 855 pratica
1090 818 1178 841 vero
1202 818 1265 853 per
1291 807 1476 850 consilium.
1505 806 1562 840 Ad
1590 813 1687 839 recte

110 872 232 899 autem
253 863 490 910 judicandum
513 862 734 909 speculativa
756 862 902 909 quidem
927 873 990 908 per
1006 863 1216 908 sapientiam,
1232 860 1392 908 practica
1407 871 1494 894 vero
1513 870 1576 906 per
1590 860 1688 894 scien-

111 920 192 954 tiam
215 917 416 965 perficitur:
437 917 632 964 appetitiva
655 924 776 951 autem
799 917 910 951 virtus
932 916 968 950 in
991 916 1046 950 his
1070 915 1230 962 quidem,
1253 926 1345 961 quae
1365 922 1448 949 sunt
1463 914 1505 948 ad
1522 914 1689 955 alterurn,

111 971 293 1019 perficitur
314 982 378 1018 per
397 972 577 1018 pietatem:
605 971 641 1004 in
668 970 724 1005 his
753 978 888 1012 autem,
915 981 1007 1016 quae
1035 977 1118 1004 sunt
1143 969 1187 1003 ad
1215 969 1388 1015 seipsum,
1416 967 1600 1015 perficitur
1626 978 1690 1014 per

104 1025 341 1073 fortitudinem
364 1032 491 1059 contra
512 1024 684 1060 timorem
707 1023 974 1071 periculorum;
997 1031 1124 1058 contra
1140 1022 1477 1069 concupiscentiam
1492 1033 1579 1056 vero
1596 1022 1689 1055 inor-

111 1082 272 1116 dinatam
292 1080 563 1116 delectabilium
585 1091 647 1126 per
669 1081 832 1121 timorem,
856 1079 1058 1114 secundum
1085 1078 1173 1112 illud
1200 1077 1372 1112 Proverb.
1405 1087 1477 1122 15.:
1505 1076 1544 1110 In
1568 1077 1687 1111 timore

113 1135 189 1184 (per
207 1135 378 1180 timorem)
399 1135 543 1169 Domini
563 1134 705 1169 declinat
727 1135 832 1168 omnis
853 1145 873 1167 ιι
894 1133 1005 1174 malo;
1030 1140 1064 1167 et
1086 1132 1121 1166 in
1144 1132 1202 1166 Ps.
1230 1131 1325 1166 118.:
1350 1130 1483 1176 Confige
1503 1132 1620 1165 timore
1635 1134 1689 1164 tuo

112 1201 227 1226 carnes
247 1201 346 1231 meas,
369 1200 390 1223 a
404 1188 540 1234 judiciis
560 1189 648 1223 enim
671 1189 734 1222 tuis
753 1189 860 1222 timui.
883 1187 928 1221 Et
948 1187 999 1221 sic
1023 1194 1131 1233 patet,
1155 1186 1252 1232 quod
1271 1185 1362 1221 haec
1380 1185 1477 1219 dona
1493 1184 1690 1218 extendunt

112 1255 149 1279 se
177 1244 222 1278 ad
248 1243 385 1285 omnia,
412 1242 455 1276 ad
483 1253 574 1288 quae
601 1253 639 1277 se
667 1241 865 1276 extendunt
890 1241 1039 1275 virtutes
1064 1248 1141 1275 tam
1168 1239 1444 1281 intellectuales,
1473 1250 1583 1286 quam
1610 1249 1686 1272 mo-

111 1297 214 1332 rales.

181 1351 242 1386 AD
263 1361 413 1386 PRIMUM
428 1361 516 1396 ergo
532 1349 739 1391 dicendum,
755 1348 852 1396 quod
867 1348 964 1383 dona
980 1348 1134 1395 Spiritus
1151 1347 1277 1382 Sancti
1290 1346 1480 1394 perficiunt
1494 1346 1686 1381 hominem

110 1404 147 1439 in
168 1404 236 1447 his,
258 1415 350 1451 quae
370 1404 551 1450 pertinent
573 1403 616 1437 ad
638 1403 729 1438 bene
751 1402 962 1445 vivendum,
986 1402 1029 1436 ad
1052 1413 1144 1448 quae
1166 1412 1241 1436 non
1264 1401 1452 1435 ordinatur
1474 1412 1543 1443 ars,
1565 1401 1627 1435 sed
1644 1400 1687 1434 ad

108 1458 285 1494 exteriora
306 1457 497 1492 factibilia:
521 1465 574 1492 est
595 1457 693 1492 enim
716 1468 772 1492 ars
795 1457 887 1491 ratio
910 1464 1008 1491 recta
1029 1467 1104 1491 non
1136 1455 1335 1502 agibilium,
1366 1455 1428 1490 sed
1460 1454 1689 1497 factibilium,

109 1520 148 1547 ut
168 1512 298 1546 dicitur
319 1511 355 1546 in
377 1509 409 1546 6.
432 1511 549 1546 Ethic.
572 1511 663 1558 (cap.
685 1511 760 1556 4.).·
783 1519 903 1558 potest
923 1518 1048 1545 tamen
1071 1510 1182 1545 etiam
1205 1510 1288 1552 dici,
1307 1509 1417 1557 quod,
1437 1516 1614 1556 quantum
1643 1509 1686 1543 ad

106 1565 328 1601 infusionem
349 1565 545 1608 donorum,
562 1577 617 1600 ars
635 1566 790 1612 pertinet
812 1565 855 1599 ad
879 1565 1054 1612 Spiritum
1078 1564 1267 1607 Sanctum,
1289 1565 1351 1611 qui
1370 1571 1423 1599 est
1441 1563 1688 1611 principaliter

107 1631 280 1664 movens;
301 1631 377 1655 non
399 1628 521 1655 autem
544 1620 588 1655 ad
610 1620 793 1663 homines,
816 1619 877 1666 qui
899 1627 983 1654 sunt
1005 1619 1185 1666 quaedam
1208 1630 1346 1665 organa
1369 1619 1456 1664 ejus,
1474 1618 1559 1652 dum
1577 1618 1619 1652 ab
1642 1629 1686 1652 eo

108 1682 312 1710 moventur:
335 1675 597 1721 temperantiae
618 1682 739 1709 autem
757 1673 954 1720 respondet
967 1673 1245 1720 quodammodo
1261 1673 1400 1707 donum
1416 1672 1576 1707 timoris:
1596 1672 1690 1707 sicut

107 1731 204 1765 enim
226 1729 270 1764 ad
291 1729 463 1764 virtutem
484 1728 746 1776 temperantiae
769 1728 924 1775 pertinet
945 1727 1148 1762 secundum
1176 1728 1252 1773 ejus
1279 1727 1465 1774 propriam
1491 1727 1685 1768 rationem,

106 1791 145 1818 ut
166 1783 294 1830 aliquis
315 1783 462 1818 recedat
488 1794 507 1817 a
536 1782 837 1818 delectationibus
867 1782 987 1828 pravis
1017 1790 1165 1828 propter
1194 1781 1333 1816 bonum
1365 1781 1535 1816 rationis:
1567 1781 1616 1815 ita
1644 1781 1688 1815 ad

107 1837 246 1872 donum
265 1837 408 1872 timoris
429 1837 595 1884 pertinet,
618 1836 716 1884 quod
739 1835 868 1883 aliquis
885 1836 1032 1871 recedat
1055 1847 1074 1870 a
1089 1835 1391 1871 delectationibus
1405 1836 1526 1883 pravis
1541 1844 1689 1883 propter

106 1891 176 1926 Dei
196 1891 381 1926 timorem.

178 1945 239 1980 AD
261 1955 469 1980 SECUNDUM
492 1944 700 1987 dicendum,
723 1944 821 1991 quod
843 1956 981 1979 nomen
1011 1944 1167 1990 justitiae
1197 1943 1397 1991 imponitur
1427 1955 1447 1978 a
1475 1943 1689 1978 rectitudine

107 1999 274 2034 rationis:
297 2007 332 2034 et
353 1999 436 2034 ideo
464 2009 601 2034 nomen
628 1999 768 2033 virtutis
796 2007 850 2033 est
877 1999 1165 2040 convenientius,
1193 2010 1303 2045 quam
1330 2010 1467 2033 nomen
1495 1999 1597 2034 doni:
1626 1999 1687 2033 sed

106 2063 243 2088 nomen
265 2053 408 2100 pietatis
430 2053 604 2100 importat
621 2053 876 2094 reverentiam,
904 2064 1014 2099 quam
1041 2052 1219 2087 habemus
1248 2053 1291 2087 ad
1319 2061 1472 2099 patrem,
1499 2061 1533 2087 et
1561 2052 1604 2087 ad
1631 2064 1690 2099 pa-

106 2106 231 2150 triam;
253 2115 289 2142 et
309 2107 393 2154 quia
415 2115 516 2154 pater
537 2107 705 2141 omniurn
727 2107 827 2141 Deus
851 2115 914 2149 est,
938 2107 1047 2141 etiam
1068 2105 1185 2141 cultus
1206 2107 1394 2154 Deipiatas
1407 2107 1630 2149 nominatur,
1651 2115 1689 2141 ut

108 2160 262 2207 August.
296 2161 384 2195 dicit
403 2160 440 2195 in
467 2171 518 2196 10.
542 2161 585 2196 de
608 2160 689 2195 Civ.
712 2161 781 2195 Dei
804 2161 895 2208 (cap.
923 2173 949 2196 ι.
977 2173 1090 2195 versus
1116 2162 1215 2207 sin.);
1248 2169 1282 2195 et
1311 2161 1393 2196 ideo
1428 2161 1689 2196 convenienter

108 2213 258 2257 donum,
280 2225 352 2262 quo
376 2213 505 2262 aliquis
525 2222 673 2261 propter
687 2215 928 2250 reverentiam
944 2215 1015 2249 Dei
1034 2215 1172 2250 bonum
1188 2224 1358 2263 operatur
1373 2216 1417 2250 ad
1436 2227 1564 2250 omnes
1581 2217 1689 2263 pietas

107 2278 327 2304 nominatur.

179 2323 240 2359 AD
273 2333 446 2359 TERTIUM
477 2323 684 2369 dicendum,
712 2323 809 2370 quod
837 2325 978 2358 animus
1007 2323 1168 2359 hominis
1194 2335 1269 2359 non
1297 2332 1466 2359 movetur
1498 2335 1518 2358 a
1553 2323 1687 2370 Spiritu

111 2376 259 2421 Sancto,
280 2377 350 2412 nisi
371 2378 404 2412 ei
425 2377 629 2412 secundum
653 2377 812 2424 aliquem
834 2378 986 2412 modum
1008 2378 1167 2412 uniatur:
1188 2379 1280 2413 sicut
1302 2379 1584 2413 instrumentum
1611 2388 1685 2412 non

109 2440 277 2467 movetur
304 2431 346 2466 ab
375 2431 524 2474 artifice,
550 2432 619 2466 nisi
646 2443 709 2478 per
736 2440 960 2474 contactum,
988 2441 1049 2466 aut
1076 2444 1139 2479 per
1166 2432 1327 2479 aliquam
1357 2432 1465 2466 aliam
1494 2432 1686 2466 unionem:

109 2486 224 2532 prima
246 2496 368 2521 autern
395 2486 481 2521 unio
509 2486 671 2520 hominis
694 2494 747 2520 est
773 2497 835 2533 per
862 2486 982 2529 fidem,
1011 2498 1124 2533 spem,
1153 2495 1188 2521 et
1215 2487 1448 2529 charitatem;
1477 2486 1571 2520 unde
1599 2486 1687 2520 istae

108 2540 257 2575 virtutes
283 2548 626 2586 praesupponuntur
653 2540 696 2574 ad
725 2540 833 2583 dona,
861 2540 952 2575 sicut
979 2541 1118 2575 radices
1146 2541 1326 2587 quaedam
1355 2541 1557 2582 donorum3
1593 2539 1688 2574 unde

110 2593 234 2628 omnia
255 2593 351 2628 dona
373 2594 553 2641 pertinent
575 2594 619 2628 ad
641 2594 707 2628 has
730 2602 801 2629 tres
822 2595 984 2636 virtutes,
1004 2595 1096 2629 sicut
1119 2595 1298 2641 quaedam
1321 2594 1564 2629 derivationes
1592 2605 1689 2640 prae-

109 2646 287 2682 dictarum
309 2647 495 2682 virtutum.

179 2701 240 2736 AD
257 2712 447 2742 QUARTUM
470 2702 677 2744 dicendum,
700 2702 796 2749 quod
818 2714 933 2745 amor,
949 2714 1040 2750 spes,
1061 2711 1096 2738 et
1111 2703 1302 2738 delectatio
1318 2703 1453 2737 habent
1466 2702 1604 2736 bonum
1622 2713 1686 2748 pro

109 2755 271 2802 objecto:
294 2767 481 2791 summum
504 2765 626 2791 autem
649 2757 787 2791 bonum
809 2757 909 2792 Deus
932 2766 1002 2800 cst;
1026 2758 1119 2792 unde
1142 2758 1293 2792 nomina
1316 2758 1445 2791 harum
1475 2756 1687 2803 passionum

109 2809 370 2845 transferuntur
388 2811 432 2845 ad
454 2811 606 2846 virtutes
628 2810 870 2856 theologicas,
893 2812 1021 2857 quibus
1038 2812 1159 2846 anima
1176 2812 1410 2857 conjungitur
1425 2811 1525 2845 Deo:
1546 2811 1688 2845 timoris

111 2871 232 2898 autem
254 2864 438 2910 objectum
461 2872 514 2900 est
532 2864 684 2907 malum,
706 2865 803 2911 quod
827 2865 908 2900 Deo
931 2865 1032 2900 nullo
1056 2867 1168 2901 modo
1192 2865 1387 2911 competit3
1411 2865 1504 2899 unde
1526 2876 1600 2898 non
1624 2865 1688 2899 im-

111 2925 229 2964 portat
239 2919 538 2964 conjunctionem
554 2919 597 2953 ad
611 2919 745 2961 Deum,
761 2919 822 2954 sed
839 2919 956 2966 magis
972 2931 1156 2955 recessum
1172 2920 1214 2954 ab
1231 2919 1409 2966 aliquibus
1424 2919 1528 2953 rebus
1543 2927 1688 2965 propter
