1907 3198
481 198 708 235 Qum-:sno
742 197 887 228 Lxxxt.
923 196 1166 228 ARTICULUS
1199 197 1238 227 v.
1556 183 1638 238 589

144 280 206 316 An
225 289 376 316 Panum
396 289 485 326 ergo
507 279 714 322 dicendum,
735 279 833 326 quod
861 278 896 313 in
918 286 1018 326 patre
1040 277 1246 325 praeexistit
1263 275 1370 318 filius,
1391 276 1483 311 sicut
1497 275 1532 310 in
1549 275 1640 323 prin-

73 333 170 381 cipio
191 334 322 376 activo,
344 333 406 368 sed
428 333 464 367 in
486 341 601 368 matre
623 333 714 368 sicut
737 334 770 368 in
793 332 970 380 principio
993 331 1182 373 materiali,
1210 339 1244 366 et
1263 330 1426 377 passiv03
1448 329 1543 364 unde
1565 339 1640 364 non

73 394 129 423 est
144 386 271 422 similis
291 386 394 421 ratio.

145 440 208 476 AD
228 449 436 476 SECUNDUM
454 439 662 482 dicendum,
683 440 780 487 quod
801 439 1014 487 quibusdam
1037 438 1189 480 videtur,
1204 438 1301 484 quod
1316 437 1389 472 Eva
1405 444 1591 484 peccante,
1614 436 1641 471 si

73 492 195 530 Adam
215 504 290 530 non
312 502 510 541 peccasset,
532 493 593 528 filii
616 502 735 528 essent
758 494 938 528 immunes
961 505 979 528 a
1003 492 1127 540 culpa:
1151 500 1356 539 paterentur
1376 499 1498 525 tamen
1521 501 1643 525 neces-

73 546 218 583 sitatem
238 547 430 589 moriendi,
452 554 489 582 et
509 546 598 581 alias
620 547 871 594 passibilitates
890 546 1142 594 provenientes
1165 556 1207 580 ex
1229 545 1443 580 necessitate
1458 543 1643 585 materiae,

74 610 186 649 quam
207 608 324 636 mater
343 600 534 642 ministrat,
556 611 631 635 non
653 601 716 635 sub
739 602 878 636 ratione
893 611 1045 648 poenae,
1064 599 1126 634 sed
1148 600 1241 634 sicut
1261 598 1439 645 quosdam
1461 597 1643 632 naturales

74 652 255 690 defectus:
277 654 340 689 sed
362 654 434 689 hoc
456 665 530 689 non
548 654 689 689 videtur
711 655 952 690 conveniens:
975 652 1231 688 immortalitas
1257 652 1367 695 enim,
1389 660 1425 687 et
1445 650 1644 698 impassibi-

74 707 157 744 litas
176 707 285 756 primi
305 715 418 744 status
435 718 509 743 non
525 716 602 743 erat
615 719 657 743 ex
677 708 887 743 conditione
905 709 1090 750 materiae,
1109 715 1148 742 ut
1162 706 1280 754 primo
1294 705 1431 740 dictum
1450 713 1503 740 est
1520 704 1568 751 (q.
1588 715 1643 751 97.

74 765 141 798 art.
154 761 215 808 1.),
229 761 293 797 sed
305 771 348 797 ex
362 760 531 808 originali
545 761 690 807 justitia,
705 773 768 809 per
782 772 891 809 quam
907 772 1038 809 corpus
1061 760 1278 796 subdebatur
1293 761 1448 802 animae,
1470 758 1643 806 quamdiu

75 814 197 852 anima
217 822 312 850 esset
331 814 491 862 subiecta
512 814 605 850 Deo.
634 814 808 850 Defectus
835 824 955 850 autem
982 813 1169 860 originalis
1194 813 1351 861 justitiae
1378 821 1432 848 est
1452 819 1642 859 peccatum

16 872 18 875 ’
76 868 273 917 originale:
295 869 325 906 si
346 869 466 917 igitur,
488 869 608 904 Adam
624 880 697 904 non
712 877 900 916 peccante,
915 877 1108 916 peccatum
1130 866 1308 914 orIginale
1329 878 1403 901 non
1424 865 1645 901 transfunde-

74 930 172 959 retur
191 923 227 959 in
248 930 415 971 posteros
437 931 584 971 propter
607 932 798 971 peccatum
814 923 924 966 Evae,
947 921 1179 957 manifestum
1203 929 1268 964 est,
1291 921 1388 968 quod
1409 920 1445 955 in
1467 919 1549 955 filiis
1569 930 1643 954 non

75 984 170 1013 esset
188 976 350 1013 defectus
370 976 558 1024 originalis
575 977 750 1024 justitiae3
773 977 868 1013 unde
882 987 956 1012 non
969 984 1062 1012 esset
1084 976 1120 1010 in
1142 975 1193 1011 eis
1207 974 1434 1022 passibilitas,
1447 973 1507 1009 vel
1523 984 1646 1009 neces-

75 1030 163 1068 sitas
182 1031 375 1067 moriendi.

146 1084 208 1121 An
221 1094 395 1121 TERTIUM
414 1085 621 1128 dicendum,
643 1085 740 1132 quod
768 1084 829 1119 illa
851 1084 1019 1132 purgatio
1041 1083 1277 1131 praeveniens
1305 1083 1340 1117 in
1362 1083 1473 1117 Beata
1494 1081 1645 1128 Virgine

77 1136 141 1186 [al.
161 1140 391 1187 superveniens
411 1140 445 1174 in
460 1140 596 1174 Beatam
615 1138 801 1185 Virginem]
822 1149 896 1173 non
919 1138 1166 1185 requirebatur
1184 1137 1226 1172 ad
1246 1135 1478 1172 auferendam
1497 1134 1646 1171 transfu-

24 1190 26 1195 ’
75 1191 219 1229 sionem
241 1192 430 1240 originalis
447 1193 599 1241 peccati,
621 1193 683 1228 sed
706 1192 790 1240 quia
812 1192 1004 1240 oportebat
1022 1200 1061 1227 ut
1082 1192 1198 1226 Mater
1219 1191 1289 1226 Dei
1311 1191 1470 1225 maxima
1491 1189 1645 1237 puritate

75 1245 224 1282 niteret:
246 1257 322 1282 non
343 1246 442 1282 enim
463 1254 518 1282 est
542 1246 678 1293 aliquid
700 1246 808 1292 digne
829 1245 1101 1293 receptaculum
1120 1245 1201 1287 Dei,
1223 1245 1292 1279 nisi
1313 1245 1358 1280 sit
1380 1244 1570 1286 mundum,
1591 1254 1645 1279 se-

76 1299 237 1336 cundum
258 1299 347 1336 illud
367 1299 462 1336 Psal.
483 1310 558 1348 92.:
581 1300 731 1336 Domum
754 1304 856 1343 tuam,
877 1300 1035 1342 Domine,
1058 1299 1146 1335 decet
1162 1298 1356 1334 sanctimdo.

532 1605 891 1668 QUAESTIO
932 1605 1190 1653 LXXXII.

163 1731 227 1764 DE
252 1730 504 1764 ORIGINALI
532 1730 744 1763 PECCATO
770 1729 1008 1771 QUANTUM
1036 1729 1102 1761 AD
1133 1729 1263 1762 SUAM
1290 1729 1570 1764 ESSENTIAM.

459 1802 511 1834 IN
538 1802 768 1843 QUATUOR
796 1801 1058 1834 ARTICULOS
1086 1801 1263 1835 DIVISA.

148 1945 292 1982 Deinde
321 1945 626 1982 considerandum
655 1952 710 1981 est
738 1945 782 1980 de
807 1953 960 1992 peccato
988 1943 1157 1991 originali
1184 1951 1359 1990 quantum
1395 1943 1437 1977 ad
1467 1954 1570 1978 suam
1597 1954 1648 1978 es-

80 2000 247 2036 sentiam.

535 2083 578 2119 Et
598 2083 690 2118 circa
716 2083 775 2118 hoc
801 2087 1007 2129 quaeruntur
1031 2086 1184 2128 quatuor.

151 2160 289 2197 Primo.
310 2160 442 2196 Utrum
464 2159 642 2207 originale
663 2168 854 2207 peccatum
877 2159 921 2194 sit
938 2159 1092 2194 habitus.

153 2214 336 2250 Secundo.
358 2213 491 2250 Utrum
513 2214 559 2249 sit
579 2225 690 2248 unum
713 2222 852 2248 tantum
876 2213 911 2247 in
933 2224 1006 2248 uno
1028 2212 1189 2248 homine.

154 2267 294 2304 Tertio.
317 2267 448 2304 Utrum
471 2267 516 2303 sit
537 2267 843 2315 concupiscentia.

154 2320 310 2364 Quarto.
332 2320 464 2358 Utrum
486 2321 686 2369 aequaliter
706 2321 750 2356 sit
768 2321 803 2355 in
826 2320 1005 2356 omnibus.

660 2462 1005 2508 ARTICULUS
1041 2464 1073 2507 I.
1577 2485 1647 2519 440

361 2572 516 2605 UTRUM
542 2572 780 2604 ORIGINALE
806 2573 1043 2604 PECCATUM
1070 2573 1138 2604 SIT
1167 2573 1369 2604 HABITUS.

68 2658 130 2708 ,(ι.
151 2659 239 2698 Disc.
253 2671 283 2708 5.
301 2672 332 2709 q.
346 2672 374 2697 1.
390 2665 455 2696 art.
474 2672 500 2697 1.
519 2666 549 2696 ct
571 2661 657 2696 Dist.
680 2671 711 2707 7.
732 2672 763 2708 q.
786 2672 812 2697 1.
835 2666 898 2696 art.
918 2673 944 2697 1.
967 2660 1009 2696 ud
1027 2673 1058 2697 2.
1072 2667 1101 2696 ct
1116 2673 1146 2697 2.
1167 2661 1253 2696 Disl.
1273 2673 1324 2707 30.
1347 2674 1377 2708 q.
1399 2673 1423 2696 1.
1439 2666 1542 2708 ‹zrt.3.
1561 2660 1603 2695 ad
1617 2672 1648 2697 2.

380 2718 410 2750 et
440 2714 527 2750 Veri.
548 2726 578 2760 q.
601 2725 655 2750 20.
677 2719 740 2749 art.
765 2726 790 2749 ι.
812 2713 854 2749 ad
875 2726 905 2750 2.
927 2718 956 2750 et
979 2715 1061 2750 Mal.
1084 2727 1114 2761 q.
1136 2726 1168 2759 4.
1191 2720 1255 2749 art.
1278 2716 1338 2759 2).

156 2803 217 2840 AD
238 2813 389 2841 mulum
411 2803 460 2839 sic
480 2803 695 2851 proceditur.
718 2802 880 2846 Videtur,
901 2804 999 2851 quod
1018 2804 1194 2849 originale
1217 2813 1408 2851 peccatum
1428 2816 1500 2839 non
1524 2805 1566 2840 sit
1589 2805 1649 2840 lia-

75 2855 196 2895 'bitusz
217 2856 396 2906 originale
417 2857 514 2893 enim
537 2865 728 2905 peccatum
750 2866 803 2893 est
825 2857 981 2893 carentia
1004 2857 1190 2905 originalis
1205 2858 1371 2903 justitiae,
1394 2867 1430 2893 ut
1453 2858 1650 2894 Anselmus

79 2910 174 2954 didt
185 2911 222 2948 in
235 2910 296 2948 lib.
310 2909 355 2947 de
369 2910 561 2958 Conceptu
577 2910 742 2957 virginali
761 2911 851 2958 (cap.
869 2922 898 2947 2.
914 2916 943 2946 ct
957 2923 984 2958 3.
999 2910 1129 2958 1426),
1147 2920 1181 2947 et
1199 2911 1249 2946 sic
1265 2911 1442 2957 originale
1458 2920 1647 2959 peccatum
