<?xml version="1.0" encoding="UTF-8"?>
<!DOCTYPE html PUBLIC "-//W3C//DTD XHTML 1.0 Transitional//EN"
    "http://www.w3.org/TR/xhtml1/DTD/xhtml1-transitional.dtd">
<html xmlns="http://www.w3.org/1999/xhtml" xml:lang="en" lang="en">
 <head>
  <title>
</title>
<meta http-equiv="Content-Type" content="text/html;charset=utf-8" />
  <meta name='ocr-system' content='tesseract 3.04.00' />
  <meta name='ocr-capabilities' content='ocr_page ocr_carea ocr_par ocr_line ocrx_word'/>
</head>
<body>
  <div class='ocr_page' id='page_1' title='image "./divithomaeaquina02thomuoft_0016.png"; bbox 0 0 1955 3182; ppageno 0'>
   <div class='ocr_carea' id='block_1_1' title="bbox 224 197 273 226">
    <p class='ocr_par' dir='ltr' id='par_1_1' title="bbox 224 197 273 226">
     <span class='ocr_line' id='line_1_1' title="bbox 224 197 273 226; baseline 0.02 -1"><span class='ocrx_word' id='word_1_1' title='bbox 224 197 273 226; x_wconf 89' lang='lat'>12</span> 
     </span>
    </p>
   </div>
   <div class='ocr_carea' id='block_1_2' title="bbox 221 286 233 310">
    <p class='ocr_par' dir='ltr' id='par_1_2' title="bbox 221 286 233 310">
     <span class='ocr_line' id='line_1_2' title="bbox 221 286 233 310; textangle 90"><span class='ocrx_word' id='word_1_2' title='bbox 221 286 233 310; x_wconf 56' lang='grc' dir='ltr'>ψ)</span> 
     </span>
    </p>
   </div>
   <div class='ocr_carea' id='block_1_3' title="bbox 220 566 247 713">
    <p class='ocr_par' dir='ltr' id='par_1_3' title="bbox 220 566 247 713">
     <span class='ocr_line' id='line_1_3' title="bbox 220 566 247 713; textangle 90"><span class='ocrx_word' id='word_1_3' title='bbox 220 566 247 713; x_wconf 45' lang='lat' dir='ltr'>{stupf-</span> 
     </span>
    </p>
   </div>
   <div class='ocr_carea' id='block_1_4' title="bbox 239 273 972 383">
    <p class='ocr_par' dir='ltr' id='par_1_4' title="bbox 239 273 972 383">
     <span class='ocr_line' id='line_1_4' title="bbox 239 273 676 302; baseline -0.009 -1"><span class='ocrx_word' id='word_1_4' title='bbox 239 297 245 302; x_wconf 87' lang='lat'>.</span> <span class='ocrx_word' id='word_1_5' title='bbox 266 277 307 301; x_wconf 90' lang='lat' dir='ltr'>De</span> <span class='ocrx_word' id='word_1_6' title='bbox 328 283 441 300; x_wconf 89' lang='lat' dir='ltr'>numero</span> <span class='ocrx_word' id='word_1_7' title='bbox 462 273 676 299; x_wconf 81' lang='lat' dir='ltr'>beatitudinum.</span> 
     </span>
     <span class='ocr_line' id='line_1_5' title="bbox 239 311 972 349; baseline -0.01 -7"><span class='ocrx_word' id='word_1_8' title='bbox 239 338 244 342; x_wconf 98' lang='lat'>.</span> <span class='ocrx_word' id='word_1_9' title='bbox 265 317 306 342; x_wconf 86' lang='lat' dir='ltr'>De</span> <span class='ocrx_word' id='word_1_10' title='bbox 327 315 520 342; x_wconf 83' lang='lat' dir='ltr'>convenientia</span> <span class='ocrx_word' id='word_1_11' title='bbox 538 314 733 349; x_wconf 81' lang='lat' dir='ltr'>praemiorum,</span> <span class='ocrx_word' id='word_1_12' title='bbox 754 320 822 346; x_wconf 87' lang='lat' dir='ltr'>quae</span> <span class='ocrx_word' id='word_1_13' title='bbox 843 311 883 336; x_wconf 86' lang='lat' dir='ltr'>eis</span> <span class='ocrx_word' id='word_1_14' title='bbox 897 311 972 336; x_wconf 76' lang='lat' dir='ltr'>attri-</span> 
     </span>
     <span class='ocr_line' id='line_1_6' title="bbox 292 358 421 383; baseline -0.008 0"><span class='ocrx_word' id='word_1_15' title='bbox 292 358 421 383; x_wconf 88' lang='lat' dir='ltr'>buuntur.</span> 
     </span>
    </p>
   </div>
   <div class='ocr_carea' id='block_1_5' title="bbox 446 436 748 531">
    <p class='ocr_par' dir='ltr' id='par_1_5' title="bbox 446 436 748 531">
     <span class='ocr_line' id='line_1_7' title="bbox 446 436 748 469; baseline -0.01 -5"><span class='ocrx_word' id='word_1_16' title='bbox 446 436 640 469; x_wconf 84' lang='lat' dir='ltr'>QUAESTIO</span> <span class='ocrx_word' id='word_1_17' title='bbox 659 436 748 462; x_wconf 84' lang='lat' dir='ltr'>LXX.</span> 
     </span>
     <span class='ocr_line' id='line_1_8' title="bbox 502 495 693 531; baseline -0.005 -10"><span class='ocrx_word' id='word_1_18' title='bbox 502 496 542 521; x_wconf 82' lang='lat' dir='ltr'>De</span> <span class='ocrx_word' id='word_1_19' title='bbox 557 495 693 531; x_wconf 77' lang='lat' dir='ltr'>fructibus,</span> 
     </span>
    </p>
   </div>
   <div class='ocr_carea' id='block_1_6' title="bbox 243 552 920 714">
    <p class='ocr_par' dir='ltr' id='par_1_6' title="bbox 268 552 920 624">
     <span class='ocr_line' id='line_1_9' title="bbox 268 552 920 589; baseline -0.011 -6"><span class='ocrx_word' id='word_1_20' title='bbox 268 557 366 583; x_wconf 85' lang='lat' dir='ltr'>Utrum</span> <span class='ocrx_word' id='word_1_21' title='bbox 385 555 489 581; x_wconf 86' lang='lat' dir='ltr'>fructus</span> <span class='ocrx_word' id='word_1_22' title='bbox 510 554 625 589; x_wconf 81' lang='lat' dir='ltr'>Spiritus</span> <span class='ocrx_word' id='word_1_23' title='bbox 645 553 738 578; x_wconf 81' lang='lat' dir='ltr'>Sancti</span> <span class='ocrx_word' id='word_1_24' title='bbox 759 552 814 577; x_wconf 89' lang='lat' dir='ltr'>sint</span> <span class='ocrx_word' id='word_1_25' title='bbox 833 557 920 577; x_wconf 90' lang='lat' dir='ltr'>actus.</span> 
     </span>
     <span class='ocr_line' id='line_1_10' title="bbox 268 594 790 624; baseline -0.011 0"><span class='ocrx_word' id='word_1_26' title='bbox 268 598 366 624; x_wconf 85' lang='lat' dir='ltr'><strong>Utrum</strong></span> <span class='ocrx_word' id='word_1_27' title='bbox 386 597 511 622; x_wconf 79' lang='lat' dir='ltr'>differant</span> <span class='ocrx_word' id='word_1_28' title='bbox 531 605 545 621; x_wconf 90' lang='lat' dir='ltr'>a</span> <span class='ocrx_word' id='word_1_29' title='bbox 566 594 790 620; x_wconf 82' lang='lat' dir='ltr'>beatitudinibus.</span> 
     </span>
    </p>

    <p class='ocr_par' dir='ltr' id='par_1_7' title="bbox 243 639 571 664">
     <span class='ocr_line' id='line_1_11' title="bbox 243 639 571 664; baseline -0.006 0"><span class='ocrx_word' id='word_1_30' title='bbox 243 660 248 664; x_wconf 86' lang='lat'>.</span> <span class='ocrx_word' id='word_1_31' title='bbox 268 639 309 664; x_wconf 91' lang='lat' dir='ltr'>De</span> <span class='ocrx_word' id='word_1_32' title='bbox 330 647 444 664; x_wconf 88' lang='lat' dir='ltr'>numero</span> <span class='ocrx_word' id='word_1_33' title='bbox 465 646 571 663; x_wconf 88' lang='lat' dir='ltr'>eorum.</span> 
     </span>
    </p>

    <p class='ocr_par' dir='ltr' id='par_1_8' title="bbox 268 676 889 714">
     <span class='ocr_line' id='line_1_12' title="bbox 268 676 889 714; baseline -0.008 -9"><span class='ocrx_word' id='word_1_34' title='bbox 268 680 309 705; x_wconf 92' lang='lat' dir='ltr'>De</span> <span class='ocrx_word' id='word_1_35' title='bbox 329 679 507 714; x_wconf 89' lang='lat' dir='ltr'>oppositione</span> <span class='ocrx_word' id='word_1_36' title='bbox 526 686 622 703; x_wconf 89' lang='lat' dir='ltr'>eorum</span> <span class='ocrx_word' id='word_1_37' title='bbox 636 677 669 702; x_wconf 86' lang='lat' dir='ltr'>ad</span> <span class='ocrx_word' id='word_1_38' title='bbox 689 685 772 711; x_wconf 87' lang='lat' dir='ltr'>opera</span> <span class='ocrx_word' id='word_1_39' title='bbox 791 676 889 701; x_wconf 85' lang='lat' dir='ltr'>carnis.</span> 
     </span>
    </p>
   </div>
   <div class='ocr_carea' id='block_1_7' title="bbox 436 759 755 792">
    <p class='ocr_par' dir='ltr' id='par_1_9' title="bbox 436 759 755 792">
     <span class='ocr_line' id='line_1_13' title="bbox 436 759 755 792; baseline -0.009 -5"><span class='ocrx_word' id='word_1_40' title='bbox 436 759 631 792; x_wconf 83' lang='lat' dir='ltr'>QUAESTIO</span> <span class='ocrx_word' id='word_1_41' title='bbox 651 759 755 785; x_wconf 84' lang='lat' dir='ltr'>LXXI.</span> 
     </span>
    </p>
   </div>
   <div class='ocr_carea' id='block_1_8' title="bbox 347 817 851 855">
    <p class='ocr_par' dir='ltr' id='par_1_10' title="bbox 347 817 851 855">
     <span class='ocr_line' id='line_1_14' title="bbox 347 817 851 855; baseline -0.008 -9"><span class='ocrx_word' id='word_1_42' title='bbox 347 820 385 846; x_wconf 81' lang='lat' dir='ltr'>De</span> <span class='ocrx_word' id='word_1_43' title='bbox 402 820 518 855; x_wconf 66' lang='lat' dir='ltr'>peccati-t,</span> <span class='ocrx_word' id='word_1_44' title='bbox 539 824 562 845; x_wconf 77' lang='lat' dir='ltr'>et</span> <span class='ocrx_word' id='word_1_45' title='bbox 580 819 649 844; x_wconf 79' lang='lat' dir='ltr'>vitiis</span> <span class='ocrx_word' id='word_1_46' title='bbox 666 817 799 843; x_wconf 80' lang='lat' dir='ltr'>secundum</span> <span class='ocrx_word' id='word_1_47' title='bbox 817 825 851 843; x_wconf 84' lang='lat' dir='ltr'>se.</span> 
     </span>
    </p>
   </div>
   <div class='ocr_carea' id='block_1_9' title="bbox 224 883 980 1207">
    <p class='ocr_par' dir='ltr' id='par_1_11' title="bbox 226 883 805 913">
     <span class='ocr_line' id='line_1_15' title="bbox 226 883 805 913; baseline -0.009 -1"><span class='ocrx_word' id='word_1_48' title='bbox 226 896 249 913; x_wconf 90' lang='lat'>1.</span> <span class='ocrx_word' id='word_1_49' title='bbox 271 886 369 912; x_wconf 89' lang='lat' dir='ltr'>Utrum</span> <span class='ocrx_word' id='word_1_50' title='bbox 382 886 480 911; x_wconf 84' lang='lat' dir='ltr'>vitium</span> <span class='ocrx_word' id='word_1_51' title='bbox 501 885 682 910; x_wconf 87' lang='lat' dir='ltr'>contrarietur</span> <span class='ocrx_word' id='word_1_52' title='bbox 701 883 805 909; x_wconf 88' lang='lat' dir='ltr'>virtuti.</span> 
     </span>
    </p>

    <p class='ocr_par' dir='ltr' id='par_1_12' title="bbox 225 927 814 954">
     <span class='ocr_line' id='line_1_16' title="bbox 225 927 814 954; baseline -0.008 -1"><span class='ocrx_word' id='word_1_53' title='bbox 225 936 250 954; x_wconf 89' lang='lat'>2.</span> <span class='ocrx_word' id='word_1_54' title='bbox 273 927 371 953; x_wconf 81' lang='lat' dir='ltr'>Utrum</span> <span class='ocrx_word' id='word_1_55' title='bbox 390 928 488 952; x_wconf 91' lang='lat' dir='ltr'>vitium</span> <span class='ocrx_word' id='word_1_56' title='bbox 508 927 544 951; x_wconf 86' lang='lat' dir='ltr'>sit</span> <span class='ocrx_word' id='word_1_57' title='bbox 565 932 661 951; x_wconf 83' lang='lat' dir='ltr'>contra</span> <span class='ocrx_word' id='word_1_58' title='bbox 681 931 814 950; x_wconf 89' lang='lat' dir='ltr'>naturam.</span> 
     </span>
    </p>

    <p class='ocr_par' dir='ltr' id='par_1_13' title="bbox 225 965 978 1002">
     <span class='ocr_line' id='line_1_17' title="bbox 225 965 978 1002; baseline -0.007 -8"><span class='ocrx_word' id='word_1_59' title='bbox 225 978 250 1002; x_wconf 82' lang='lat'>3.</span> <span class='ocrx_word' id='word_1_60' title='bbox 271 968 369 994; x_wconf 86' lang='lat' dir='ltr'>Utrum</span> <span class='ocrx_word' id='word_1_61' title='bbox 389 969 486 993; x_wconf 90' lang='lat' dir='ltr'>vitium</span> <span class='ocrx_word' id='word_1_62' title='bbox 507 968 543 992; x_wconf 85' lang='lat' dir='ltr'>sit</span> <span class='ocrx_word' id='word_1_63' title='bbox 562 967 648 1001; x_wconf 83' lang='lat' dir='ltr'>pejus,</span> <span class='ocrx_word' id='word_1_64' title='bbox 665 974 745 1000; x_wconf 84' lang='lat' dir='ltr'>quam</span> <span class='ocrx_word' id='word_1_65' title='bbox 759 972 836 990; x_wconf 85' lang='lat' dir='ltr'>actus</span> <span class='ocrx_word' id='word_1_66' title='bbox 850 965 978 990; x_wconf 91' lang='lat' dir='ltr'>vitiosus.</span> 
     </span>
    </p>

    <p class='ocr_par' dir='ltr' id='par_1_14' title="bbox 224 1005 978 1076">
     <span class='ocr_line' id='line_1_18' title="bbox 224 1005 978 1042; baseline -0.007 -7"><span class='ocrx_word' id='word_1_67' title='bbox 224 1018 250 1042; x_wconf 91' lang='lat'>4.</span> <span class='ocrx_word' id='word_1_68' title='bbox 272 1009 370 1035; x_wconf 88' lang='lat' dir='ltr'>Utrum</span> <span class='ocrx_word' id='word_1_69' title='bbox 390 1015 466 1034; x_wconf 83' lang='lat' dir='ltr'>actus</span> <span class='ocrx_word' id='word_1_70' title='bbox 485 1009 603 1034; x_wconf 88' lang='lat' dir='ltr'>vitiosus</span> <span class='ocrx_word' id='word_1_71' title='bbox 623 1008 711 1042; x_wconf 87' lang='lat' dir='ltr'>possit</span> <span class='ocrx_word' id='word_1_72' title='bbox 734 1015 794 1032; x_wconf 87' lang='lat' dir='ltr'>esse</span> <span class='ocrx_word' id='word_1_73' title='bbox 815 1005 896 1031; x_wconf 87' lang='lat' dir='ltr'>simul</span> <span class='ocrx_word' id='word_1_74' title='bbox 917 1014 978 1031; x_wconf 89' lang='lat' dir='ltr'>cum</span> 
     </span>
     <span class='ocr_line' id='line_1_19' title="bbox 313 1051 424 1076; baseline 0 -1"><span class='ocrx_word' id='word_1_75' title='bbox 313 1051 424 1076; x_wconf 78' lang='lat' dir='ltr'>virtute.</span> 
     </span>
    </p>

    <p class='ocr_par' dir='ltr' id='par_1_15' title="bbox 227 1088 980 1158">
     <span class='ocr_line' id='line_1_20' title="bbox 227 1088 980 1125; baseline -0.007 -8"><span class='ocrx_word' id='word_1_76' title='bbox 227 1100 251 1125; x_wconf 82' lang='lat'>5.</span> <span class='ocrx_word' id='word_1_77' title='bbox 273 1091 370 1117; x_wconf 84' lang='lat' dir='ltr'>Utrum</span> <span class='ocrx_word' id='word_1_78' title='bbox 390 1092 419 1116; x_wconf 86' lang='lat' dir='ltr'>in</span> <span class='ocrx_word' id='word_1_79' title='bbox 439 1091 514 1116; x_wconf 87' lang='lat' dir='ltr'>omni</span> <span class='ocrx_word' id='word_1_80' title='bbox 534 1096 649 1125; x_wconf 86' lang='lat' dir='ltr'>peccato</span> <span class='ocrx_word' id='word_1_81' title='bbox 670 1090 706 1114; x_wconf 89' lang='lat' dir='ltr'>sit</span> <span class='ocrx_word' id='word_1_82' title='bbox 726 1089 824 1123; x_wconf 84' lang='lat' dir='ltr'>aliquis</span> <span class='ocrx_word' id='word_1_83' title='bbox 845 1094 922 1113; x_wconf 85' lang='lat' dir='ltr'>actus</span> <span class='ocrx_word' id='word_1_84' title='bbox 941 1088 980 1114; x_wconf 89' lang='lat' dir='ltr'>vi-</span> 
     </span>
     <span class='ocr_line' id='line_1_21' title="bbox 313 1133 413 1158; baseline -0.01 0"><span class='ocrx_word' id='word_1_85' title='bbox 313 1133 413 1158; x_wconf 89' lang='lat' dir='ltr'>tiosus.</span> 
     </span>
    </p>

    <p class='ocr_par' dir='ltr' id='par_1_16' title="bbox 226 1171 980 1207">
     <span class='ocr_line' id='line_1_22' title="bbox 226 1171 980 1207; baseline -0.005 -8"><span class='ocrx_word' id='word_1_86' title='bbox 226 1174 251 1199; x_wconf 86' lang='lat'>6.</span> <span class='ocrx_word' id='word_1_87' title='bbox 272 1173 313 1198; x_wconf 91' lang='lat' dir='ltr'>De</span> <span class='ocrx_word' id='word_1_88' title='bbox 334 1174 494 1198; x_wconf 83' lang='lat' dir='ltr'>definitione</span> <span class='ocrx_word' id='word_1_89' title='bbox 514 1173 630 1207; x_wconf 86' lang='lat' dir='ltr'>peccati,</span> <span class='ocrx_word' id='word_1_90' title='bbox 652 1180 733 1206; x_wconf 90' lang='lat' dir='ltr'>quam</span> <span class='ocrx_word' id='word_1_91' title='bbox 746 1171 918 1206; x_wconf 84' lang='lat' dir='ltr'>Augustinus</span> <span class='ocrx_word' id='word_1_92' title='bbox 932 1179 980 1205; x_wconf 90' lang='lat' dir='ltr'>po-</span> 
     </span>
    </p>
   </div>
   <div class='ocr_carea' id='block_1_10' title="bbox 230 1845 246 1903">
    <p class='ocr_par' dir='ltr' id='par_1_17' title="bbox 230 1845 246 1903">
     <span class='ocr_line' id='line_1_23' title="bbox 230 1845 246 1903; textangle 90"><span class='ocrx_word' id='word_1_93' title='bbox 230 1845 246 1903; x_wconf 47' lang='grc' dir='ltr'>αντ</span> 
     </span>
    </p>
   </div>
   <div class='ocr_carea' id='block_1_11' title="bbox 229 1970 244 2078">
    <p class='ocr_par' dir='ltr' id='par_1_18' title="bbox 229 1970 244 2078">
     <span class='ocr_line' id='line_1_24' title="bbox 229 1970 244 2078; textangle 90"><span class='ocrx_word' id='word_1_94' title='bbox 229 2053 244 2078; x_wconf 65' lang='grc' dir='ltr'><strong>Ὁ</strong></span> <span class='ocrx_word' id='word_1_95' title='bbox 229 1970 244 2029; x_wconf 42' lang='grc' dir='ltr'>ΟΟκῖ</span> 
     </span>
    </p>
   </div>
   <div class='ocr_carea' id='block_1_12' title="bbox 241 2855 250 2872">
    <p class='ocr_par' dir='ltr' id='par_1_19' title="bbox 241 2855 250 2872">
     <span class='ocr_line' id='line_1_25' title="bbox 241 2855 250 2872; baseline 0 0"><span class='ocrx_word' id='word_1_96' title='bbox 241 2855 250 2872; x_wconf 85' lang='lat'>1</span> 
     </span>
    </p>
   </div>
   <div class='ocr_carea' id='block_1_13' title="bbox 314 1212 981 1332">
    <p class='ocr_par' dir='ltr' id='par_1_20' title="bbox 314 1212 981 1332">
     <span class='ocr_line' id='line_1_26' title="bbox 314 1212 981 1246; baseline -0.006 -6"><span class='ocrx_word' id='word_1_97' title='bbox 314 1215 355 1240; x_wconf 90' lang='lat' dir='ltr'>nit</span> <span class='ocrx_word' id='word_1_98' title='bbox 375 1223 417 1240; x_wconf 84' lang='lat'>22.</span> <span class='ocrx_word' id='word_1_99' title='bbox 435 1221 530 1239; x_wconf 88' lang='lat' dir='ltr'>contra</span> <span class='ocrx_word' id='word_1_100' title='bbox 542 1214 683 1244; x_wconf 82' lang='lat' dir='ltr'>Faustum,</span> <span class='ocrx_word' id='word_1_101' title='bbox 699 1212 816 1244; x_wconf 88' lang='lat' dir='ltr'>scilicet,</span> <span class='ocrx_word' id='word_1_102' title='bbox 832 1212 906 1246; x_wconf 89' lang='lat' dir='ltr'>quod</span> <span class='ocrx_word' id='word_1_103' title='bbox 919 1220 981 1246; x_wconf 85' lang='lat' dir='ltr'>pec-</span> 
     </span>
     <span class='ocr_line' id='line_1_27' title="bbox 314 1253 981 1287; baseline -0.003 -6"><span class='ocrx_word' id='word_1_104' title='bbox 314 1262 405 1282; x_wconf 87' lang='lat' dir='ltr'>catum</span> <span class='ocrx_word' id='word_1_105' title='bbox 426 1262 468 1281; x_wconf 89' lang='lat' dir='ltr'>est</span> <span class='ocrx_word' id='word_1_106' title='bbox 487 1256 601 1287; x_wconf 86' lang='lat' dir='ltr'>dictum,</span> <span class='ocrx_word' id='word_1_107' title='bbox 618 1254 661 1281; x_wconf 85' lang='lat' dir='ltr'>vel</span> <span class='ocrx_word' id='word_1_108' title='bbox 681 1254 796 1286; x_wconf 83' lang='lat' dir='ltr'>factum,</span> <span class='ocrx_word' id='word_1_109' title='bbox 816 1253 860 1280; x_wconf 85' lang='lat' dir='ltr'>vel</span> <span class='ocrx_word' id='word_1_110' title='bbox 880 1262 981 1279; x_wconf 86' lang='lat' dir='ltr'>concu-</span> 
     </span>
     <span class='ocr_line' id='line_1_28' title="bbox 314 1296 797 1332; baseline -0.006 -9"><span class='ocrx_word' id='word_1_111' title='bbox 314 1298 400 1332; x_wconf 88' lang='lat' dir='ltr'>pitum</span> <span class='ocrx_word' id='word_1_112' title='bbox 422 1303 517 1322; x_wconf 88' lang='lat' dir='ltr'>contra</span> <span class='ocrx_word' id='word_1_113' title='bbox 536 1296 626 1331; x_wconf 89' lang='lat' dir='ltr'>legem</span> <span class='ocrx_word' id='word_1_114' title='bbox 647 1302 797 1321; x_wconf 77' lang='lat' dir='ltr'>aeternam.</span> 
     </span>
    </p>
   </div>
   <div class='ocr_carea' id='block_1_14' title="bbox 435 1378 768 1411">
    <p class='ocr_par' dir='ltr' id='par_1_21' title="bbox 435 1378 768 1411">
     <span class='ocr_line' id='line_1_29' title="bbox 435 1378 768 1411; baseline -0.006 -5"><span class='ocrx_word' id='word_1_115' title='bbox 435 1379 628 1411; x_wconf 87' lang='lat' dir='ltr'>QUAESTIO</span> <span class='ocrx_word' id='word_1_116' title='bbox 649 1378 768 1404; x_wconf 85' lang='lat' dir='ltr'>LXXII.</span> 
     </span>
    </p>
   </div>
   <div class='ocr_carea' id='block_1_15' title="bbox 305 1438 900 1474">
    <p class='ocr_par' dir='ltr' id='par_1_22' title="bbox 305 1438 900 1474">
     <span class='ocr_line' id='line_1_30' title="bbox 305 1438 900 1474; baseline -0.005 -9"><span class='ocrx_word' id='word_1_117' title='bbox 305 1439 344 1465; x_wconf 78' lang='lat' dir='ltr'>De</span> <span class='ocrx_word' id='word_1_118' title='bbox 364 1439 521 1465; x_wconf 77' lang='lat' dir='ltr'>distinctione</span> <span class='ocrx_word' id='word_1_119' title='bbox 537 1443 707 1474; x_wconf 74' lang='lat' dir='ltr'>peccatorum,</span> <span class='ocrx_word' id='word_1_120' title='bbox 728 1443 751 1463; x_wconf 81' lang='lat' dir='ltr'>et</span> <span class='ocrx_word' id='word_1_121' title='bbox 769 1438 900 1464; x_wconf 82' lang='lat' dir='ltr'>vitiorum.</span> 
     </span>
    </p>
   </div>
   <div class='ocr_carea' id='block_1_16' title="bbox 247 1501 986 2070">
    <p class='ocr_par' dir='ltr' id='par_1_23' title="bbox 247 1501 983 1581">
     <span class='ocr_line' id='line_1_31' title="bbox 247 1501 983 1539; baseline -0.007 -8"><span class='ocrx_word' id='word_1_122' title='bbox 247 1526 252 1531; x_wconf 98' lang='lat'>.</span> <span class='ocrx_word' id='word_1_123' title='bbox 274 1505 373 1531; x_wconf 81' lang='lat' dir='ltr'>Utrum</span> <span class='ocrx_word' id='word_1_124' title='bbox 386 1510 498 1539; x_wconf 81' lang='lat' dir='ltr'>peccata</span> <span class='ocrx_word' id='word_1_125' title='bbox 510 1504 714 1538; x_wconf 81' lang='lat' dir='ltr'>distinguantur</span> <span class='ocrx_word' id='word_1_126' title='bbox 726 1503 817 1538; x_wconf 87' lang='lat' dir='ltr'>specie</span> <span class='ocrx_word' id='word_1_127' title='bbox 831 1501 983 1527; x_wconf 86' lang='lat' dir='ltr'>secundum</span> 
     </span>
     <span class='ocr_line' id='line_1_32' title="bbox 320 1547 439 1581; baseline 0 -9"><span class='ocrx_word' id='word_1_128' title='bbox 320 1547 439 1581; x_wconf 86' lang='lat' dir='ltr'>objecta.</span> 
     </span>
    </p>

    <p class='ocr_par' dir='ltr' id='par_1_24' title="bbox 247 1586 984 1664">
     <span class='ocr_line' id='line_1_33' title="bbox 247 1586 984 1621; baseline -0.007 -6"><span class='ocrx_word' id='word_1_129' title='bbox 247 1589 373 1615; x_wconf 86' lang='lat' dir='ltr'>.Utrum</span> <span class='ocrx_word' id='word_1_130' title='bbox 407 1588 604 1614; x_wconf 86' lang='lat' dir='ltr'>convenienter</span> <span class='ocrx_word' id='word_1_131' title='bbox 635 1586 840 1621; x_wconf 81' lang='lat' dir='ltr'>distinguantur</span> <span class='ocrx_word' id='word_1_132' title='bbox 871 1591 984 1620; x_wconf 84' lang='lat' dir='ltr'>peccata</span> 
     </span>
     <span class='ocr_line' id='line_1_34' title="bbox 316 1628 689 1664; baseline -0.005 -9"><span class='ocrx_word' id='word_1_133' title='bbox 316 1629 468 1664; x_wconf 85' lang='lat' dir='ltr'>spiritualia</span> <span class='ocrx_word' id='word_1_134' title='bbox 488 1638 503 1654; x_wconf 91' lang='lat' dir='ltr'>a</span> <span class='ocrx_word' id='word_1_135' title='bbox 524 1628 689 1654; x_wconf 82' lang='lat' dir='ltr'>carnalibus.</span> 
     </span>
    </p>

    <p class='ocr_par' dir='ltr' id='par_1_25' title="bbox 248 1668 984 1738">
     <span class='ocr_line' id='line_1_35' title="bbox 248 1668 984 1706; baseline -0.005 -9"><span class='ocrx_word' id='word_1_136' title='bbox 248 1692 253 1697; x_wconf 98' lang='lat'>.</span> <span class='ocrx_word' id='word_1_137' title='bbox 275 1671 374 1697; x_wconf 85' lang='lat' dir='ltr'>Utrum</span> <span class='ocrx_word' id='word_1_138' title='bbox 388 1678 500 1706; x_wconf 80' lang='lat' dir='ltr'>peccata</span> <span class='ocrx_word' id='word_1_139' title='bbox 513 1671 718 1705; x_wconf 85' lang='lat' dir='ltr'>distinguantur</span> <span class='ocrx_word' id='word_1_140' title='bbox 729 1670 820 1704; x_wconf 85' lang='lat' dir='ltr'>specie</span> <span class='ocrx_word' id='word_1_141' title='bbox 831 1668 984 1694; x_wconf 85' lang='lat' dir='ltr'>secundum</span> 
     </span>
     <span class='ocr_line' id='line_1_36' title="bbox 317 1721 422 1738; baseline 0 0"><span class='ocrx_word' id='word_1_142' title='bbox 317 1721 422 1738; x_wconf 83' lang='lat' dir='ltr'>causaS.</span> 
     </span>
    </p>

    <p class='ocr_par' dir='ltr' id='par_1_26' title="bbox 249 1751 985 1828">
     <span class='ocr_line' id='line_1_37' title="bbox 249 1751 985 1787; baseline -0.005 -8"><span class='ocrx_word' id='word_1_143' title='bbox 249 1775 254 1779; x_wconf 94' lang='lat'>.</span> <span class='ocrx_word' id='word_1_144' title='bbox 276 1753 374 1779; x_wconf 89' lang='lat' dir='ltr'>Utrum</span> <span class='ocrx_word' id='word_1_145' title='bbox 395 1753 546 1778; x_wconf 88' lang='lat' dir='ltr'>secundum</span> <span class='ocrx_word' id='word_1_146' title='bbox 567 1761 626 1784; x_wconf 87' lang='lat' dir='ltr'>eos,</span> <span class='ocrx_word' id='word_1_147' title='bbox 647 1753 674 1778; x_wconf 90' lang='lat' dir='ltr'>in</span> <span class='ocrx_word' id='word_1_148' title='bbox 695 1761 765 1786; x_wconf 88' lang='lat' dir='ltr'>quos</span> <span class='ocrx_word' id='word_1_149' title='bbox 779 1758 918 1787; x_wconf 86' lang='lat' dir='ltr'>peccatur,</span> <span class='ocrx_word' id='word_1_150' title='bbox 933 1751 985 1776; x_wconf 89' lang='lat' dir='ltr'>sci—</span> 
     </span>
     <span class='ocr_line' id='line_1_38' title="bbox 318 1794 936 1828; baseline -0.005 -8"><span class='ocrx_word' id='word_1_151' title='bbox 318 1795 383 1820; x_wconf 88' lang='lat' dir='ltr'>licet</span> <span class='ocrx_word' id='word_1_152' title='bbox 403 1796 431 1820; x_wconf 91' lang='lat' dir='ltr'>in</span> <span class='ocrx_word' id='word_1_153' title='bbox 451 1795 551 1825; x_wconf 84' lang='lat' dir='ltr'>Deum,</span> <span class='ocrx_word' id='word_1_154' title='bbox 572 1794 737 1828; x_wconf 80' lang='lat' dir='ltr'>proximum,</span> <span class='ocrx_word' id='word_1_155' title='bbox 758 1800 785 1818; x_wconf 89' lang='lat' dir='ltr'>et</span> <span class='ocrx_word' id='word_1_156' title='bbox 805 1794 936 1828; x_wconf 85' lang='lat' dir='ltr'>seipsum.</span> 
     </span>
    </p>

    <p class='ocr_par' dir='ltr' id='par_1_27' title="bbox 249 1834 965 1869">
     <span class='ocr_line' id='line_1_39' title="bbox 249 1834 965 1869; baseline -0.004 -7"><span class='ocrx_word' id='word_1_157' title='bbox 249 1856 255 1862; x_wconf 92' lang='lat'>.</span> <span class='ocrx_word' id='word_1_158' title='bbox 276 1836 375 1862; x_wconf 82' lang='lat' dir='ltr'>Utrum</span> <span class='ocrx_word' id='word_1_159' title='bbox 394 1836 512 1867; x_wconf 83' lang='lat' dir='ltr'>veniale,</span> <span class='ocrx_word' id='word_1_160' title='bbox 534 1842 561 1860; x_wconf 89' lang='lat' dir='ltr'>et</span> <span class='ocrx_word' id='word_1_161' title='bbox 581 1834 696 1860; x_wconf 82' lang='lat' dir='ltr'>mortale</span> <span class='ocrx_word' id='word_1_162' title='bbox 718 1834 844 1860; x_wconf 83' lang='lat' dir='ltr'>differant</span> <span class='ocrx_word' id='word_1_163' title='bbox 864 1834 965 1869; x_wconf 86' lang='lat' dir='ltr'>specie.</span> 
     </span>
    </p>

    <p class='ocr_par' dir='ltr' id='par_1_28' title="bbox 250 1876 986 1945">
     <span class='ocr_line' id='line_1_40' title="bbox 250 1876 986 1908; baseline -0.004 -4"><span class='ocrx_word' id='word_1_164' title='bbox 250 1878 374 1904; x_wconf 85' lang='lat' dir='ltr'>.Utrurn</span> <span class='ocrx_word' id='word_1_165' title='bbox 401 1878 551 1903; x_wconf 85' lang='lat' dir='ltr'>secundum</span> <span class='ocrx_word' id='word_1_166' title='bbox 581 1877 772 1908; x_wconf 89' lang='lat' dir='ltr'>omissionem,</span> <span class='ocrx_word' id='word_1_167' title='bbox 801 1882 828 1901; x_wconf 91' lang='lat' dir='ltr'>et</span> <span class='ocrx_word' id='word_1_168' title='bbox 858 1876 986 1901; x_wconf 90' lang='lat' dir='ltr'>commis-</span> 
     </span>
     <span class='ocr_line' id='line_1_41' title="bbox 319 1920 437 1945; baseline 0 -1"><span class='ocrx_word' id='word_1_169' title='bbox 319 1920 437 1945; x_wconf 90' lang='lat' dir='ltr'>sionem.</span> 
     </span>
    </p>

    <p class='ocr_par' dir='ltr' id='par_1_29' title="bbox 250 1959 985 1993">
     <span class='ocr_line' id='line_1_42' title="bbox 250 1959 985 1993; baseline -0.005 -6"><span class='ocrx_word' id='word_1_170' title='bbox 250 1983 255 1987; x_wconf 97' lang='lat'>.</span> <span class='ocrx_word' id='word_1_171' title='bbox 277 1961 375 1987; x_wconf 83' lang='lat' dir='ltr'>Utrum</span> <span class='ocrx_word' id='word_1_172' title='bbox 386 1960 537 1986; x_wconf 85' lang='lat' dir='ltr'>secundum</span> <span class='ocrx_word' id='word_1_173' title='bbox 550 1960 685 1985; x_wconf 80' lang='lat' dir='ltr'>diversum</span> <span class='ocrx_word' id='word_1_174' title='bbox 697 1959 802 1993; x_wconf 85' lang='lat' dir='ltr'>peccati</span> <span class='ocrx_word' id='word_1_175' title='bbox 814 1967 985 1993; x_wconf 81' lang='lat' dir='ltr'>processum.</span> 
     </span>
    </p>

    <p class='ocr_par' dir='ltr' id='par_1_30' title="bbox 250 1999 974 2032">
     <span class='ocr_line' id='line_1_43' title="bbox 250 1999 974 2032; baseline -0.004 -4"><span class='ocrx_word' id='word_1_176' title='bbox 250 2023 255 2028; x_wconf 85' lang='lat'>.</span> <span class='ocrx_word' id='word_1_177' title='bbox 278 2002 376 2028; x_wconf 85' lang='lat' dir='ltr'>Utrum</span> <span class='ocrx_word' id='word_1_178' title='bbox 390 2002 540 2027; x_wconf 86' lang='lat' dir='ltr'>secundum</span> <span class='ocrx_word' id='word_1_179' title='bbox 560 2001 767 2032; x_wconf 82' lang='lat' dir='ltr'>abundantiam,</span> <span class='ocrx_word' id='word_1_180' title='bbox 783 2007 810 2025; x_wconf 91' lang='lat' dir='ltr'>et</span> <span class='ocrx_word' id='word_1_181' title='bbox 824 1999 974 2025; x_wconf 87' lang='lat' dir='ltr'>defectum.</span> 
     </span>
    </p>

    <p class='ocr_par' dir='ltr' id='par_1_31' title="bbox 250 2042 937 2070">
     <span class='ocr_line' id='line_1_44' title="bbox 250 2042 937 2070; baseline -0.004 0"><span class='ocrx_word' id='word_1_182' title='bbox 250 2065 255 2070; x_wconf 89' lang='lat'>.</span> <span class='ocrx_word' id='word_1_183' title='bbox 276 2044 374 2070; x_wconf 88' lang='lat' dir='ltr'>Utrum</span> <span class='ocrx_word' id='word_1_184' title='bbox 394 2044 544 2069; x_wconf 87' lang='lat' dir='ltr'>secundum</span> <span class='ocrx_word' id='word_1_185' title='bbox 565 2043 685 2068; x_wconf 78' lang='lat' dir='ltr'>diversas</span> <span class='ocrx_word' id='word_1_186' title='bbox 706 2042 937 2068; x_wconf 76' lang='lat' dir='ltr'>circumstantias.</span> 
     </span>
    </p>
   </div>
   <div class='ocr_carea' id='block_1_17' title="bbox 436 2136 783 2168">
    <p class='ocr_par' dir='ltr' id='par_1_32' title="bbox 436 2136 783 2168">
     <span class='ocr_line' id='line_1_45' title="bbox 436 2136 783 2168; baseline -0.006 -5"><span class='ocrx_word' id='word_1_187' title='bbox 436 2136 630 2168; x_wconf 89' lang='lat' dir='ltr'>QUAESTIO</span> <span class='ocrx_word' id='word_1_188' title='bbox 651 2136 783 2162; x_wconf 83' lang='lat' dir='ltr'>LXXIII.</span> 
     </span>
    </p>
   </div>
   <div class='ocr_carea' id='block_1_18' title="bbox 304 2195 910 2233">
    <p class='ocr_par' dir='ltr' id='par_1_33' title="bbox 304 2195 910 2233">
     <span class='ocr_line' id='line_1_46' title="bbox 304 2195 910 2233; baseline -0.003 -10"><span class='ocrx_word' id='word_1_189' title='bbox 304 2197 342 2223; x_wconf 79' lang='lat' dir='ltr'>De</span> <span class='ocrx_word' id='word_1_190' title='bbox 363 2197 547 2233; x_wconf 75' lang='lat' dir='ltr'>comparatione</span> <span class='ocrx_word' id='word_1_191' title='bbox 563 2201 722 2231; x_wconf 76' lang='lat' dir='ltr'>peccatorum</span> <span class='ocrx_word' id='word_1_192' title='bbox 741 2195 774 2220; x_wconf 77' lang='lat' dir='ltr'>acl</span> <span class='ocrx_word' id='word_1_193' title='bbox 793 2196 910 2221; x_wconf 80' lang='lat' dir='ltr'>invicem.</span> 
     </span>
    </p>
   </div>
   <div class='ocr_carea' id='block_1_19' title="bbox 251 2267 993 2923">
    <p class='ocr_par' dir='ltr' id='par_1_34' title="bbox 251 2267 993 2923">
     <span class='ocr_line' id='line_1_47' title="bbox 253 2267 988 2302; baseline -0.005 -7"><span class='ocrx_word' id='word_1_194' title='bbox 253 2278 276 2295; x_wconf 80' lang='lat'>1.</span> <span class='ocrx_word' id='word_1_195' title='bbox 295 2268 393 2295; x_wconf 91' lang='lat' dir='ltr'>Utrum</span> <span class='ocrx_word' id='word_1_196' title='bbox 414 2268 507 2293; x_wconf 75' lang='lat' dir='ltr'>omnia</span> <span class='ocrx_word' id='word_1_197' title='bbox 521 2273 644 2302; x_wconf 78' lang='lat' dir='ltr'>peccata,</span> <span class='ocrx_word' id='word_1_198' title='bbox 660 2273 687 2292; x_wconf 93' lang='lat' dir='ltr'>et</span> <span class='ocrx_word' id='word_1_199' title='bbox 704 2267 770 2292; x_wconf 85' lang='lat' dir='ltr'>vitia</span> <span class='ocrx_word' id='word_1_200' title='bbox 784 2267 839 2292; x_wconf 83' lang='lat' dir='ltr'>sint</span> <span class='ocrx_word' id='word_1_201' title='bbox 854 2275 988 2292; x_wconf 84' lang='lat' dir='ltr'>connexa.</span> 
     </span>
     <span class='ocr_line' id='line_1_48' title="bbox 251 2309 691 2343; baseline -0.007 -7"><span class='ocrx_word' id='word_1_202' title='bbox 251 2319 277 2336; x_wconf 90' lang='lat'>2.</span> <span class='ocrx_word' id='word_1_203' title='bbox 301 2309 399 2336; x_wconf 87' lang='lat' dir='ltr'>Utrum</span> <span class='ocrx_word' id='word_1_204' title='bbox 420 2310 512 2334; x_wconf 87' lang='lat' dir='ltr'>omnia</span> <span class='ocrx_word' id='word_1_205' title='bbox 533 2309 587 2333; x_wconf 90' lang='lat' dir='ltr'>sint</span> <span class='ocrx_word' id='word_1_206' title='bbox 608 2309 691 2343; x_wconf 80' lang='lat' dir='ltr'>paria.</span> 
     </span>
     <span class='ocr_line' id='line_1_49' title="bbox 253 2350 990 2386; baseline -0.004 -9"><span class='ocrx_word' id='word_1_207' title='bbox 253 2361 277 2386; x_wconf 84' lang='lat'>3.</span> <span class='ocrx_word' id='word_1_208' title='bbox 299 2351 397 2377; x_wconf 87' lang='lat' dir='ltr'>Utrum</span> <span class='ocrx_word' id='word_1_209' title='bbox 417 2351 536 2385; x_wconf 82' lang='lat' dir='ltr'>gravitas</span> <span class='ocrx_word' id='word_1_210' title='bbox 560 2356 735 2384; x_wconf 82' lang='lat' dir='ltr'>peccatorum</span> <span class='ocrx_word' id='word_1_211' title='bbox 765 2350 921 2375; x_wconf 81' lang='lat' dir='ltr'>attendatur</span> <span class='ocrx_word' id='word_1_212' title='bbox 948 2357 990 2374; x_wconf 86' lang='lat' dir='ltr'>se-</span> 
     </span>
     <span class='ocr_line' id='line_1_50' title="bbox 324 2392 582 2425; baseline -0.008 -7"><span class='ocrx_word' id='word_1_213' title='bbox 324 2392 442 2418; x_wconf 86' lang='lat' dir='ltr'>cundum</span> <span class='ocrx_word' id='word_1_214' title='bbox 463 2392 582 2425; x_wconf 73' lang='lat' dir='ltr'>objecta.</span> 
     </span>
     <span class='ocr_line' id='line_1_51' title="bbox 251 2433 990 2467; baseline -0.003 -8"><span class='ocrx_word' id='word_1_215' title='bbox 251 2443 277 2467; x_wconf 88' lang='lat'>4.</span> <span class='ocrx_word' id='word_1_216' title='bbox 300 2433 397 2459; x_wconf 90' lang='lat' dir='ltr'>Utrum</span> <span class='ocrx_word' id='word_1_217' title='bbox 418 2433 567 2458; x_wconf 76' lang='lat' dir='ltr'>secundum</span> <span class='ocrx_word' id='word_1_218' title='bbox 588 2433 750 2467; x_wconf 85' lang='lat' dir='ltr'>dignitatem</span> <span class='ocrx_word' id='word_1_219' title='bbox 771 2433 912 2464; x_wconf 81' lang='lat' dir='ltr'>virtutum,</span> <span class='ocrx_word' id='word_1_220' title='bbox 931 2433 990 2467; x_wconf 88' lang='lat' dir='ltr'>qui-</span> 
     </span>
     <span class='ocr_line' id='line_1_52' title="bbox 325 2475 712 2508; baseline 0 -9"><span class='ocrx_word' id='word_1_221' title='bbox 325 2475 374 2500; x_wconf 89' lang='lat' dir='ltr'>bus</span> <span class='ocrx_word' id='word_1_222' title='bbox 395 2480 506 2508; x_wconf 80' lang='lat' dir='ltr'>peccata</span> <span class='ocrx_word' id='word_1_223' title='bbox 527 2481 712 2508; x_wconf 87' lang='lat' dir='ltr'>opponuntur.</span> 
     </span>
     <span class='ocr_line' id='line_1_53' title="bbox 254 2515 991 2550; baseline -0.003 -8"><span class='ocrx_word' id='word_1_224' title='bbox 254 2524 277 2550; x_wconf 78' lang='grc' dir='ltr'>ς.</span> <span class='ocrx_word' id='word_1_225' title='bbox 300 2516 397 2542; x_wconf 90' lang='lat' dir='ltr'>Utrum</span> <span class='ocrx_word' id='word_1_226' title='bbox 417 2522 530 2549; x_wconf 77' lang='lat' dir='ltr'>peccata</span> <span class='ocrx_word' id='word_1_227' title='bbox 546 2515 664 2540; x_wconf 75' lang='lat' dir='ltr'>carnalia</span> <span class='ocrx_word' id='word_1_228' title='bbox 685 2516 739 2540; x_wconf 90' lang='lat' dir='ltr'>sint</span> <span class='ocrx_word' id='word_1_229' title='bbox 759 2515 895 2549; x_wconf 81' lang='lat' dir='ltr'>graviora,</span> <span class='ocrx_word' id='word_1_230' title='bbox 911 2523 991 2550; x_wconf 83' lang='lat' dir='ltr'>quam</span> 
     </span>
     <span class='ocr_line' id='line_1_54' title="bbox 324 2557 485 2592; baseline -0.006 -9"><span class='ocrx_word' id='word_1_231' title='bbox 324 2557 485 2592; x_wconf 81' lang='lat' dir='ltr'>spiritualia.</span> 
     </span>
     <span class='ocr_line' id='line_1_55' title="bbox 253 2599 991 2633; baseline -0.001 -8"><span class='ocrx_word' id='word_1_232' title='bbox 253 2600 278 2625; x_wconf 85' lang='lat'>6.</span> <span class='ocrx_word' id='word_1_233' title='bbox 301 2599 399 2625; x_wconf 85' lang='lat' dir='ltr'>Utrum</span> <span class='ocrx_word' id='word_1_234' title='bbox 419 2599 570 2624; x_wconf 86' lang='lat' dir='ltr'>secundum</span> <span class='ocrx_word' id='word_1_235' title='bbox 592 2607 688 2624; x_wconf 81' lang='lat' dir='ltr'>causas</span> <span class='ocrx_word' id='word_1_236' title='bbox 709 2605 885 2633; x_wconf 80' lang='lat' dir='ltr'>pcccatorum</span> <span class='ocrx_word' id='word_1_237' title='bbox 901 2605 991 2624; x_wconf 86' lang='lat' dir='ltr'>atten—</span> 
     </span>
     <span class='ocr_line' id='line_1_56' title="bbox 325 2641 694 2674; baseline -0.003 -9"><span class='ocrx_word' id='word_1_238' title='bbox 325 2641 403 2666; x_wconf 82' lang='lat' dir='ltr'>datur</span> <span class='ocrx_word' id='word_1_239' title='bbox 422 2641 541 2674; x_wconf 82' lang='lat' dir='ltr'>gravitas</span> <span class='ocrx_word' id='word_1_240' title='bbox 562 2641 694 2674; x_wconf 90' lang='lat' dir='ltr'>ipsorum.</span> 
     </span>
     <span class='ocr_line' id='line_1_57' title="bbox 276 2681 823 2707; baseline 0 -1"><span class='ocrx_word' id='word_1_241' title='bbox 276 2703 280 2707; x_wconf 92' lang='lat'>.</span> <span class='ocrx_word' id='word_1_242' title='bbox 303 2681 400 2707; x_wconf 88' lang='lat' dir='ltr'>Utrum</span> <span class='ocrx_word' id='word_1_243' title='bbox 421 2682 571 2706; x_wconf 82' lang='lat' dir='ltr'>secundum</span> <span class='ocrx_word' id='word_1_244' title='bbox 593 2682 823 2707; x_wconf 74' lang='lat' dir='ltr'>circumstantias.</span> 
     </span>
     <span class='ocr_line' id='line_1_58' title="bbox 303 2723 964 2757; baseline 0.002 -10"><span class='ocrx_word' id='word_1_245' title='bbox 303 2723 399 2748; x_wconf 88' lang='lat' dir='ltr'>Utrum</span> <span class='ocrx_word' id='word_1_246' title='bbox 420 2723 570 2748; x_wconf 86' lang='lat' dir='ltr'>secundum</span> <span class='ocrx_word' id='word_1_247' title='bbox 591 2723 771 2757; x_wconf 73' lang='lat' dir='ltr'>quantitatem</span> <span class='ocrx_word' id='word_1_248' title='bbox 793 2724 964 2749; x_wconf 78' lang='lat' dir='ltr'>nocumenti.</span> 
     </span>
     <span class='ocr_line' id='line_1_59' title="bbox 275 2764 992 2799; baseline -0.001 -9"><span class='ocrx_word' id='word_1_249' title='bbox 275 2785 280 2790; x_wconf 96' lang='lat'>.</span> <span class='ocrx_word' id='word_1_250' title='bbox 303 2764 400 2790; x_wconf 87' lang='lat' dir='ltr'>Utrum</span> <span class='ocrx_word' id='word_1_251' title='bbox 420 2765 570 2790; x_wconf 85' lang='lat' dir='ltr'>secundum</span> <span class='ocrx_word' id='word_1_252' title='bbox 592 2765 782 2790; x_wconf 80' lang='lat' dir='ltr'>conditionem</span> <span class='ocrx_word' id='word_1_253' title='bbox 799 2773 943 2799; x_wconf 84' lang='lat' dir='ltr'>personae,</span> <span class='ocrx_word' id='word_1_254' title='bbox 965 2766 992 2790; x_wconf 92' lang='lat' dir='ltr'>in</span> 
     </span>
     <span class='ocr_line' id='line_1_60' title="bbox 327 2812 565 2840; baseline -0.004 -9"><span class='ocrx_word' id='word_1_255' title='bbox 327 2815 406 2840; x_wconf 87' lang='lat' dir='ltr'>quam</span> <span class='ocrx_word' id='word_1_256' title='bbox 427 2812 565 2840; x_wconf 82' lang='lat' dir='ltr'>peccatur.</span> 
     </span>
     <span class='ocr_line' id='line_1_61' title="bbox 256 2846 993 2882; baseline 0.001 -11"><span class='ocrx_word' id='word_1_257' title='bbox 256 2854 282 2872; x_wconf 91' lang='grc' dir='ltr'>ο.</span> <span class='ocrx_word' id='word_1_258' title='bbox 304 2846 402 2872; x_wconf 86' lang='lat' dir='ltr'>Utrum</span> <span class='ocrx_word' id='word_1_259' title='bbox 423 2853 533 2881; x_wconf 82' lang='lat' dir='ltr'>propter</span> <span class='ocrx_word' id='word_1_260' title='bbox 552 2847 769 2881; x_wconf 72' lang='lat' dir='ltr'>magnitudinem</span> <span class='ocrx_word' id='word_1_261' title='bbox 784 2855 917 2882; x_wconf 82' lang='lat' dir='ltr'>personae</span> <span class='ocrx_word' id='word_1_262' title='bbox 932 2855 993 2882; x_wconf 84' lang='lat' dir='ltr'>pcc-</span> 
     </span>
     <span class='ocr_line' id='line_1_62' title="bbox 327 2889 772 2923; baseline 0.002 -10"><span class='ocrx_word' id='word_1_263' title='bbox 327 2889 414 2913; x_wconf 80' lang='lat' dir='ltr'>cantis</span> <span class='ocrx_word' id='word_1_264' title='bbox 434 2895 598 2923; x_wconf 76' lang='lat' dir='ltr'>aggravetur</span> <span class='ocrx_word' id='word_1_265' title='bbox 618 2896 772 2923; x_wconf 80' lang='lat' dir='ltr'>peccatum.</span> 
     </span>
    </p>
   </div>
   <div class='ocr_carea' id='block_1_20' title="bbox 254 2691 279 2798">
    <p class='ocr_par' dir='ltr' id='par_1_35' title="bbox 254 2691 279 2798">
     <span class='ocr_line' id='line_1_63' title="bbox 254 2691 279 2798; textangle 90"><span class='ocrx_word' id='word_1_266' title='bbox 255 2774 270 2798; x_wconf 66' lang='grc' dir='ltr'><strong>Ὁ</strong></span> <span class='ocrx_word' id='word_1_267' title='bbox 254 2691 279 2748; x_wconf 43' lang='grc' dir='ltr'>193κὶ</span> 
     </span>
    </p>
   </div>
   <div class='ocr_carea' id='block_1_21' title="bbox 1038 1156 1078 1174">
    <p class='ocr_par' dir='ltr' id='par_1_36' title="bbox 1038 1156 1078 1174">
     <span class='ocr_line' id='line_1_64' title="bbox 1038 1156 1078 1174; baseline 0 0"><span class='ocrx_word' id='word_1_268' title='bbox 1038 1156 1078 1174; x_wconf 88' lang='lat'>10.</span> 
     </span>
    </p>
   </div>
   <div class='ocr_carea' id='block_1_22' title="bbox 1038 1511 1055 1660">
    <p class='ocr_par' dir='ltr' id='par_1_37' title="bbox 1038 1511 1055 1660">
     <span class='ocr_line' id='line_1_65' title="bbox 1038 1511 1055 1660; textangle 90"><span class='ocrx_word' id='word_1_269' title='bbox 1038 1511 1055 1660; x_wconf 60' lang='grc' dir='ltr'>ᾼωυκ</span> 
     </span>
    </p>
   </div>
   <div class='ocr_carea' id='block_1_23' title="bbox 1040 1911 1057 2060">
    <p class='ocr_par' dir='ltr' id='par_1_38' title="bbox 1040 1911 1057 2060">
     <span class='ocr_line' id='line_1_66' title="bbox 1040 1911 1057 2060; textangle 90"><span class='ocrx_word' id='word_1_270' title='bbox 1040 1911 1057 2060; x_wconf 50' lang='lat' dir='ltr'>absunt-⁴</span> 
     </span>
    </p>
   </div>
   <div class='ocr_carea' id='block_1_24' title="bbox 1048 2813 1063 2873">
    <p class='ocr_par' dir='ltr' id='par_1_39' title="bbox 1048 2813 1063 2873">
     <span class='ocr_line' id='line_1_67' title="bbox 1048 2813 1063 2873; textangle 90"><span class='ocrx_word' id='word_1_271' title='bbox 1048 2813 1063 2873; x_wconf 47' lang='lat' dir='ltr'>mx!</span> 
     </span>
    </p>
   </div>
   <div class='ocr_carea' id='block_1_25' title="bbox 604 186 1388 221">
    <p class='ocr_par' dir='ltr' id='par_1_40' title="bbox 604 186 1388 221">
     <span class='ocr_line' id='line_1_68' title="bbox 604 186 1388 221; baseline -0.009 0"><span class='ocrx_word' id='word_1_272' title='bbox 604 192 738 221; x_wconf 80' lang='lat' dir='ltr'>INDEX</span> <span class='ocrx_word' id='word_1_273' title='bbox 771 189 927 219; x_wconf 90' lang='lat' dir='ltr'>PRIMAE</span> <span class='ocrx_word' id='word_1_274' title='bbox 960 187 1190 217; x_wconf 89' lang='lat' dir='ltr'>SECUNDAE</span> <span class='ocrx_word' id='word_1_275' title='bbox 1223 186 1388 216; x_wconf 81' lang='lat' dir='ltr'>PARTIS.</span> 
     </span>
    </p>
   </div>
   <div class='ocr_carea' id='block_1_26' title="bbox 1230 266 1574 298">
    <p class='ocr_par' dir='ltr' id='par_1_41' title="bbox 1230 266 1574 298">
     <span class='ocr_line' id='line_1_69' title="bbox 1230 266 1574 298; baseline 0 -6"><span class='ocrx_word' id='word_1_276' title='bbox 1230 266 1423 298; x_wconf 87' lang='lat' dir='ltr'>QUAESTIO</span> <span class='ocrx_word' id='word_1_277' title='bbox 1444 267 1574 293; x_wconf 90' lang='lat' dir='ltr'>LXXIV.</span> 
     </span>
    </p>
   </div>
   <div class='ocr_carea' id='block_1_27' title="bbox 1125 332 1690 366">
    <p class='ocr_par' dir='ltr' id='par_1_42' title="bbox 1125 332 1690 366">
     <span class='ocr_line' id='line_1_70' title="bbox 1125 332 1690 366; baseline 0 -10"><span class='ocrx_word' id='word_1_278' title='bbox 1125 332 1164 357; x_wconf 77' lang='lat' dir='ltr'>De</span> <span class='ocrx_word' id='word_1_279' title='bbox 1183 332 1290 366; x_wconf 78' lang='lat' dir='ltr'>subjecto</span> <span class='ocrx_word' id='word_1_280' title='bbox 1306 336 1474 366; x_wconf 82' lang='lat' dir='ltr'>peccatorum,</span> <span class='ocrx_word' id='word_1_281' title='bbox 1494 332 1544 357; x_wconf 78' lang='lat' dir='ltr'>sive</span> <span class='ocrx_word' id='word_1_282' title='bbox 1562 332 1690 358; x_wconf 79' lang='lat' dir='ltr'>viliorum.</span> 
     </span>
    </p>
   </div>
   <div class='ocr_carea' id='block_1_28' title="bbox 1065 402 1781 437">
    <p class='ocr_par' dir='ltr' id='par_1_43' title="bbox 1065 402 1781 437">
     <span class='ocr_line' id='line_1_71' title="bbox 1065 402 1781 437; baseline -0.003 -8"><span class='ocrx_word' id='word_1_283' title='bbox 1065 423 1071 429; x_wconf 84' lang='lat'>.</span> <span class='ocrx_word' id='word_1_284' title='bbox 1093 402 1191 428; x_wconf 88' lang='lat' dir='ltr'>Utrum</span> <span class='ocrx_word' id='word_1_285' title='bbox 1212 402 1340 428; x_wconf 88' lang='lat' dir='ltr'>voluntas</span> <span class='ocrx_word' id='word_1_286' title='bbox 1361 403 1450 437; x_wconf 89' lang='lat' dir='ltr'>possit</span> <span class='ocrx_word' id='word_1_287' title='bbox 1471 410 1531 427; x_wconf 87' lang='lat' dir='ltr'>esse</span> <span class='ocrx_word' id='word_1_288' title='bbox 1553 402 1706 436; x_wconf 87' lang='lat' dir='ltr'>subjectum</span> <span class='ocrx_word' id='word_1_289' title='bbox 1719 410 1781 436; x_wconf 88' lang='lat' dir='ltr'>pec-</span> 
     </span>
    </p>
   </div>
   <div class='ocr_carea' id='block_1_29' title="bbox 1121 445 1184 469">
    <p class='ocr_par' dir='ltr' id='par_1_44' title="bbox 1121 445 1184 469">
     <span class='ocr_line' id='line_1_72' title="bbox 1121 445 1184 469; baseline 0 0"><span class='ocrx_word' id='word_1_290' title='bbox 1121 445 1184 469; x_wconf 89' lang='lat' dir='ltr'>cati.</span> 
     </span>
    </p>
   </div>
   <div class='ocr_carea' id='block_1_30' title="bbox 1067 485 1782 520">
    <p class='ocr_par' dir='ltr' id='par_1_45' title="bbox 1067 485 1782 520">
     <span class='ocr_line' id='line_1_73' title="bbox 1067 485 1782 520; baseline -0.004 -8"><span class='ocrx_word' id='word_1_291' title='bbox 1067 506 1072 512; x_wconf 95' lang='lat'>.</span> <span class='ocrx_word' id='word_1_292' title='bbox 1093 485 1191 511; x_wconf 89' lang='lat' dir='ltr'>Utrum</span> <span class='ocrx_word' id='word_1_293' title='bbox 1211 485 1271 511; x_wconf 87' lang='lat' dir='ltr'>sola</span> <span class='ocrx_word' id='word_1_294' title='bbox 1290 485 1418 511; x_wconf 87' lang='lat' dir='ltr'>voluntas</span> <span class='ocrx_word' id='word_1_295' title='bbox 1438 485 1526 520; x_wconf 85' lang='lat' dir='ltr'>possit</span> <span class='ocrx_word' id='word_1_296' title='bbox 1545 493 1605 510; x_wconf 87' lang='lat' dir='ltr'>esse</span> <span class='ocrx_word' id='word_1_297' title='bbox 1629 485 1782 520; x_wconf 80' lang='lat' dir='ltr'>subjectum</span> 
     </span>
    </p>
   </div>
   <div class='ocr_carea' id='block_1_31' title="bbox 1119 527 1234 561">
    <p class='ocr_par' dir='ltr' id='par_1_46' title="bbox 1119 527 1234 561">
     <span class='ocr_line' id='line_1_74' title="bbox 1119 527 1234 561; baseline 0 -9"><span class='ocrx_word' id='word_1_298' title='bbox 1119 527 1234 561; x_wconf 87' lang='lat' dir='ltr'>peccati.</span> 
     </span>
    </p>
   </div>
   <div class='ocr_carea' id='block_1_32' title="bbox 1067 568 1784 603">
    <p class='ocr_par' dir='ltr' id='par_1_47' title="bbox 1067 568 1784 603">
     <span class='ocr_line' id='line_1_75' title="bbox 1067 568 1784 603; baseline -0.001 -9"><span class='ocrx_word' id='word_1_299' title='bbox 1067 589 1072 594; x_wconf 93' lang='lat'>.</span> <span class='ocrx_word' id='word_1_300' title='bbox 1096 568 1194 594; x_wconf 88' lang='lat' dir='ltr'>Utrum</span> <span class='ocrx_word' id='word_1_301' title='bbox 1206 568 1369 593; x_wconf 83' lang='lat' dir='ltr'>sensualitas</span> <span class='ocrx_word' id='word_1_302' title='bbox 1383 569 1471 602; x_wconf 88' lang='lat' dir='ltr'>possit</span> <span class='ocrx_word' id='word_1_303' title='bbox 1485 576 1544 594; x_wconf 86' lang='lat' dir='ltr'>esse</span> <span class='ocrx_word' id='word_1_304' title='bbox 1557 568 1711 602; x_wconf 85' lang='lat' dir='ltr'>subjectum</span> <span class='ocrx_word' id='word_1_305' title='bbox 1722 576 1784 603; x_wconf 84' lang='lat' dir='ltr'>pec-</span> 
     </span>
    </p>
   </div>
   <div class='ocr_carea' id='block_1_33' title="bbox 1120 611 1184 635">
    <p class='ocr_par' dir='ltr' id='par_1_48' title="bbox 1120 611 1184 635">
     <span class='ocr_line' id='line_1_76' title="bbox 1120 611 1184 635; baseline 0 0"><span class='ocrx_word' id='word_1_306' title='bbox 1120 611 1184 635; x_wconf 86' lang='lat' dir='ltr'>cati.</span> 
     </span>
    </p>
   </div>
   <div class='ocr_carea' id='block_1_34' title="bbox 1068 650 1785 686">
    <p class='ocr_par' dir='ltr' id='par_1_49' title="bbox 1068 650 1785 686">
     <span class='ocr_line' id='line_1_77' title="bbox 1068 650 1785 686; baseline -0.003 -9"><span class='ocrx_word' id='word_1_307' title='bbox 1068 672 1074 678; x_wconf 86' lang='lat'>.</span> <span class='ocrx_word' id='word_1_308' title='bbox 1096 651 1194 677; x_wconf 91' lang='lat' dir='ltr'>Utrum</span> <span class='ocrx_word' id='word_1_309' title='bbox 1213 652 1302 686; x_wconf 86' lang='lat' dir='ltr'>possit</span> <span class='ocrx_word' id='word_1_310' title='bbox 1322 659 1382 676; x_wconf 87' lang='lat' dir='ltr'>esse</span> <span class='ocrx_word' id='word_1_311' title='bbox 1412 650 1566 685; x_wconf 88' lang='lat' dir='ltr'>subjectum</span> <span class='ocrx_word' id='word_1_312' title='bbox 1586 651 1694 685; x_wconf 87' lang='lat' dir='ltr'>peccati</span> <span class='ocrx_word' id='word_1_313' title='bbox 1713 658 1785 676; x_wconf 85' lang='lat' dir='ltr'>mor·</span> 
     </span>
    </p>
   </div>
   <div class='ocr_carea' id='block_1_35' title="bbox 1119 693 1194 719">
    <p class='ocr_par' dir='ltr' id='par_1_50' title="bbox 1119 693 1194 719">
     <span class='ocr_line' id='line_1_78' title="bbox 1119 693 1194 719; baseline 0.013 -1"><span class='ocrx_word' id='word_1_314' title='bbox 1119 693 1194 719; x_wconf 86' lang='lat' dir='ltr'>talis.</span> 
     </span>
    </p>
   </div>
   <div class='ocr_carea' id='block_1_36' title="bbox 1069 733 1787 809">
    <p class='ocr_par' dir='ltr' id='par_1_51' title="bbox 1069 733 1787 809">
     <span class='ocr_line' id='line_1_79' title="bbox 1069 733 1784 768; baseline -0.001 -9"><span class='ocrx_word' id='word_1_315' title='bbox 1069 755 1074 760; x_wconf 94' lang='lat'>.</span> <span class='ocrx_word' id='word_1_316' title='bbox 1096 733 1194 759; x_wconf 91' lang='lat' dir='ltr'>Utrum</span> <span class='ocrx_word' id='word_1_317' title='bbox 1215 734 1285 759; x_wconf 84' lang='lat' dir='ltr'>ratio</span> <span class='ocrx_word' id='word_1_318' title='bbox 1306 734 1394 768; x_wconf 89' lang='lat' dir='ltr'>possit</span> <span class='ocrx_word' id='word_1_319' title='bbox 1413 741 1473 758; x_wconf 85' lang='lat' dir='ltr'>esse</span> <span class='ocrx_word' id='word_1_320' title='bbox 1494 734 1649 768; x_wconf 85' lang='lat' dir='ltr'>subjectum</span> <span class='ocrx_word' id='word_1_321' title='bbox 1667 733 1784 768; x_wconf 86' lang='lat' dir='ltr'>peccati.</span> 
     </span>
     <span class='ocr_line' id='line_1_80' title="bbox 1069 773 1787 809; baseline -0.003 -8"><span class='ocrx_word' id='word_1_322' title='bbox 1069 796 1075 801; x_wconf 94' lang='lat'>.</span> <span class='ocrx_word' id='word_1_323' title='bbox 1098 775 1196 801; x_wconf 93' lang='lat' dir='ltr'>Utrum</span> <span class='ocrx_word' id='word_1_324' title='bbox 1216 782 1359 809; x_wconf 85' lang='lat' dir='ltr'>peccatum</span> <span class='ocrx_word' id='word_1_325' title='bbox 1380 774 1572 800; x_wconf 83' lang='lat' dir='ltr'>delectationis</span> <span class='ocrx_word' id='word_1_326' title='bbox 1585 782 1723 806; x_wconf 85' lang='lat' dir='ltr'>morosae,</span> <span class='ocrx_word' id='word_1_327' title='bbox 1742 773 1787 799; x_wconf 85' lang='lat' dir='ltr'>vel</span> 
     </span>
    </p>
   </div>
   <div class='ocr_carea' id='block_1_37' title="bbox 1121 816 1788 892">
    <p class='ocr_par' dir='ltr' id='par_1_52' title="bbox 1121 816 1788 892">
     <span class='ocr_line' id='line_1_81' title="bbox 1121 816 1788 847; baseline -0.001 -5"><span class='ocrx_word' id='word_1_328' title='bbox 1121 826 1178 842; x_wconf 91' lang='lat' dir='ltr'>non</span> <span class='ocrx_word' id='word_1_329' title='bbox 1197 825 1324 842; x_wconf 85' lang='lat' dir='ltr'>morosae</span> <span class='ocrx_word' id='word_1_330' title='bbox 1343 817 1378 842; x_wconf 91' lang='lat' dir='ltr'>sit</span> <span class='ocrx_word' id='word_1_331' title='bbox 1397 817 1425 841; x_wconf 89' lang='lat' dir='ltr'>in</span> <span class='ocrx_word' id='word_1_332' title='bbox 1442 817 1550 842; x_wconf 85' lang='lat' dir='ltr'>ratione</span> <span class='ocrx_word' id='word_1_333' title='bbox 1565 816 1701 847; x_wconf 84' lang='lat' dir='ltr'>inferiori,</span> <span class='ocrx_word' id='word_1_334' title='bbox 1715 816 1788 841; x_wconf 85' lang='lat' dir='ltr'>sicut</span> 
     </span>
     <span class='ocr_line' id='line_1_82' title="bbox 1121 859 1461 892; baseline 0 -9"><span class='ocrx_word' id='word_1_335' title='bbox 1121 859 1148 884; x_wconf 87' lang='lat' dir='ltr'>in</span> <span class='ocrx_word' id='word_1_336' title='bbox 1169 859 1305 892; x_wconf 89' lang='lat' dir='ltr'>subjecto.</span> <span class='ocrx_word' id='word_1_337' title='bbox 1456 862 1461 867; x_wconf 86' lang='lat'><em>&#39;</em></span> 
     </span>
    </p>
   </div>
   <div class='ocr_carea' id='block_1_38' title="bbox 1070 899 1788 934">
    <p class='ocr_par' dir='ltr' id='par_1_53' title="bbox 1070 899 1788 934">
     <span class='ocr_line' id='line_1_83' title="bbox 1070 899 1788 934; baseline -0.004 -8"><span class='ocrx_word' id='word_1_338' title='bbox 1070 920 1076 926; x_wconf 96' lang='lat'>.</span> <span class='ocrx_word' id='word_1_339' title='bbox 1098 899 1195 926; x_wconf 88' lang='lat' dir='ltr'>Utrum</span> <span class='ocrx_word' id='word_1_340' title='bbox 1212 906 1353 934; x_wconf 87' lang='lat' dir='ltr'>peccatum</span> <span class='ocrx_word' id='word_1_341' title='bbox 1369 908 1521 925; x_wconf 84' lang='lat' dir='ltr'>consensus</span> <span class='ocrx_word' id='word_1_342' title='bbox 1545 900 1573 924; x_wconf 86' lang='lat' dir='ltr'>in</span> <span class='ocrx_word' id='word_1_343' title='bbox 1593 905 1685 924; x_wconf 81' lang='lat' dir='ltr'>actum</span> <span class='ocrx_word' id='word_1_344' title='bbox 1705 899 1741 924; x_wconf 88' lang='lat' dir='ltr'>sit</span> <span class='ocrx_word' id='word_1_345' title='bbox 1760 899 1788 923; x_wconf 89' lang='lat' dir='ltr'>in</span> 
     </span>
    </p>
   </div>
   <div class='ocr_carea' id='block_1_39' title="bbox 1121 941 1690 976">
    <p class='ocr_par' dir='ltr' id='par_1_54' title="bbox 1121 941 1690 976">
     <span class='ocr_line' id='line_1_84' title="bbox 1121 941 1690 976; baseline 0.002 -9"><span class='ocrx_word' id='word_1_346' title='bbox 1121 943 1228 967; x_wconf 83' lang='lat' dir='ltr'>ratione</span> <span class='ocrx_word' id='word_1_347' title='bbox 1249 942 1394 976; x_wconf 85' lang='lat' dir='ltr'>superiori,</span> <span class='ocrx_word' id='word_1_348' title='bbox 1415 942 1488 966; x_wconf 87' lang='lat' dir='ltr'>sicut</span> <span class='ocrx_word' id='word_1_349' title='bbox 1506 942 1533 966; x_wconf 91' lang='lat' dir='ltr'>in</span> <span class='ocrx_word' id='word_1_350' title='bbox 1554 941 1690 975; x_wconf 85' lang='lat' dir='ltr'>subjecto.</span> 
     </span>
    </p>
   </div>
   <div class='ocr_carea' id='block_1_40' title="bbox 1069 982 1789 1015">
    <p class='ocr_par' dir='ltr' id='par_1_55' title="bbox 1069 982 1789 1015">
     <span class='ocr_line' id='line_1_85' title="bbox 1069 982 1789 1015; baseline -0.004 -6"><span class='ocrx_word' id='word_1_351' title='bbox 1069 982 1197 1010; x_wconf 70' lang='lat' dir='ltr'>.&#39;Utrum</span> <span class='ocrx_word' id='word_1_352' title='bbox 1219 991 1371 1008; x_wconf 88' lang='lat' dir='ltr'>consensus</span> <span class='ocrx_word' id='word_1_353' title='bbox 1392 983 1420 1007; x_wconf 92' lang='lat' dir='ltr'>in</span> <span class='ocrx_word' id='word_1_354' title='bbox 1440 982 1654 1007; x_wconf 83' lang='lat' dir='ltr'>delectationem</span> <span class='ocrx_word' id='word_1_355' title='bbox 1673 982 1710 1007; x_wconf 91' lang='lat' dir='ltr'>sit</span> <span class='ocrx_word' id='word_1_356' title='bbox 1727 988 1789 1015; x_wconf 86' lang='lat' dir='ltr'>pec·</span> 
     </span>
    </p>
   </div>
   <div class='ocr_carea' id='block_1_41' title="bbox 1123 1023 1358 1050">
    <p class='ocr_par' dir='ltr' id='par_1_56' title="bbox 1123 1023 1358 1050">
     <span class='ocr_line' id='line_1_86' title="bbox 1123 1023 1358 1050; baseline 0 -1"><span class='ocrx_word' id='word_1_357' title='bbox 1123 1030 1213 1049; x_wconf 89' lang='lat' dir='ltr'>catum</span> <span class='ocrx_word' id='word_1_358' title='bbox 1233 1023 1358 1050; x_wconf 87' lang='lat' dir='ltr'>mortale.</span> 
     </span>
    </p>
   </div>
   <div class='ocr_carea' id='block_1_42' title="bbox 1072 1063 1790 1099">
    <p class='ocr_par' dir='ltr' id='par_1_57' title="bbox 1072 1063 1790 1099">
     <span class='ocr_line' id='line_1_87' title="bbox 1072 1063 1790 1099; baseline -0.003 -8"><span class='ocrx_word' id='word_1_359' title='bbox 1072 1086 1077 1091; x_wconf 90' lang='lat'>.</span> <span class='ocrx_word' id='word_1_360' title='bbox 1099 1065 1197 1090; x_wconf 88' lang='lat' dir='ltr'>Utrum</span> <span class='ocrx_word' id='word_1_361' title='bbox 1218 1066 1287 1090; x_wconf 86' lang='lat' dir='ltr'>ratio</span> <span class='ocrx_word' id='word_1_362' title='bbox 1308 1065 1432 1099; x_wconf 85' lang='lat' dir='ltr'>superior</span> <span class='ocrx_word' id='word_1_363' title='bbox 1451 1065 1540 1099; x_wconf 86' lang='lat' dir='ltr'>possit</span> <span class='ocrx_word' id='word_1_364' title='bbox 1559 1073 1622 1090; x_wconf 86' lang='lat' dir='ltr'>esse</span> <span class='ocrx_word' id='word_1_365' title='bbox 1637 1063 1790 1098; x_wconf 85' lang='lat' dir='ltr'>subjectum</span> 
     </span>
    </p>
   </div>
   <div class='ocr_carea' id='block_1_43' title="bbox 1101 1105 1791 1299">
    <p class='ocr_par' dir='ltr' id='par_1_58' title="bbox 1124 1105 1376 1141">
     <span class='ocr_line' id='line_1_88' title="bbox 1124 1105 1376 1141; baseline 0 -10"><span class='ocrx_word' id='word_1_366' title='bbox 1124 1107 1229 1141; x_wconf 86' lang='lat' dir='ltr'>peccati</span> <span class='ocrx_word' id='word_1_367' title='bbox 1250 1105 1376 1132; x_wconf 89' lang='lat' dir='ltr'>venialis.</span> 
     </span>
    </p>

    <p class='ocr_par' dir='ltr' id='par_1_59' title="bbox 1101 1147 1791 1299">
     <span class='ocr_line' id='line_1_89' title="bbox 1101 1147 1791 1182; baseline -0.001 -9"><span class='ocrx_word' id='word_1_368' title='bbox 1101 1147 1200 1173; x_wconf 86' lang='lat' dir='ltr'>Utrum</span> <span class='ocrx_word' id='word_1_369' title='bbox 1219 1148 1247 1172; x_wconf 89' lang='lat' dir='ltr'>in</span> <span class='ocrx_word' id='word_1_370' title='bbox 1267 1148 1374 1173; x_wconf 85' lang='lat' dir='ltr'>ratione</span> <span class='ocrx_word' id='word_1_371' title='bbox 1394 1148 1528 1182; x_wconf 81' lang='lat' dir='ltr'>superiori</span> <span class='ocrx_word' id='word_1_372' title='bbox 1549 1147 1637 1182; x_wconf 86' lang='lat' dir='ltr'>possit</span> <span class='ocrx_word' id='word_1_373' title='bbox 1652 1155 1713 1172; x_wconf 86' lang='lat' dir='ltr'>esse</span> <span class='ocrx_word' id='word_1_374' title='bbox 1729 1155 1791 1181; x_wconf 85' lang='lat' dir='ltr'>pec-</span> 
     </span>
     <span class='ocr_line' id='line_1_90' title="bbox 1126 1188 1790 1224; baseline -0.002 -10"><span class='ocrx_word' id='word_1_375' title='bbox 1126 1195 1216 1214; x_wconf 90' lang='lat' dir='ltr'>catum</span> <span class='ocrx_word' id='word_1_376' title='bbox 1235 1188 1342 1215; x_wconf 84' lang='lat' dir='ltr'>veniale</span> <span class='ocrx_word' id='word_1_377' title='bbox 1369 1190 1442 1214; x_wconf 89' lang='lat' dir='ltr'>circa</span> <span class='ocrx_word' id='word_1_378' title='bbox 1470 1189 1610 1224; x_wconf 85' lang='lat' dir='ltr'>proprium</span> <span class='ocrx_word' id='word_1_379' title='bbox 1640 1189 1790 1223; x_wconf 85' lang='lat' dir='ltr'>objectum,</span> 
     </span>
     <span class='ocr_line' id='line_1_91' title="bbox 1124 1230 1791 1264; baseline -0.001 -9"><span class='ocrx_word' id='word_1_380' title='bbox 1124 1231 1195 1255; x_wconf 88' lang='lat' dir='ltr'>idest</span> <span class='ocrx_word' id='word_1_381' title='bbox 1232 1230 1382 1255; x_wconf 89' lang='lat' dir='ltr'>secundum</span> <span class='ocrx_word' id='word_1_382' title='bbox 1418 1230 1492 1264; x_wconf 92' lang='lat' dir='ltr'>quod</span> <span class='ocrx_word' id='word_1_383' title='bbox 1524 1230 1636 1264; x_wconf 88' lang='lat' dir='ltr'>inspicit</span> <span class='ocrx_word' id='word_1_384' title='bbox 1669 1230 1791 1255; x_wconf 86' lang='lat' dir='ltr'>rationes</span> 
     </span>
     <span class='ocr_line' id='line_1_92' title="bbox 1125 1278 1259 1299; baseline -0.007 -2"><span class='ocrx_word' id='word_1_385' title='bbox 1125 1278 1259 1299; x_wconf 80' lang='lat' dir='ltr'>aeternas.</span> 
     </span>
    </p>
   </div>
   <div class='ocr_carea' id='block_1_44' title="bbox 1253 1366 1581 1397">
    <p class='ocr_par' dir='ltr' id='par_1_60' title="bbox 1253 1366 1581 1397">
     <span class='ocr_line' id='line_1_93' title="bbox 1253 1366 1581 1397; baseline 0 -5"><span class='ocrx_word' id='word_1_386' title='bbox 1253 1366 1446 1397; x_wconf 83' lang='lat' dir='ltr'>QUAESTIO</span> <span class='ocrx_word' id='word_1_387' title='bbox 1465 1366 1581 1392; x_wconf 86' lang='lat' dir='ltr'>LXXV.</span> 
     </span>
    </p>
   </div>
   <div class='ocr_carea' id='block_1_45' title="bbox 1170 1431 1667 1467">
    <p class='ocr_par' dir='ltr' id='par_1_61' title="bbox 1170 1431 1667 1467">
     <span class='ocr_line' id='line_1_94' title="bbox 1170 1431 1667 1467; baseline 0.004 -11"><span class='ocrx_word' id='word_1_388' title='bbox 1170 1431 1208 1457; x_wconf 86' lang='lat' dir='ltr'>De</span> <span class='ocrx_word' id='word_1_389' title='bbox 1229 1433 1305 1457; x_wconf 78' lang='lat' dir='ltr'>causis</span> <span class='ocrx_word' id='word_1_390' title='bbox 1321 1437 1479 1467; x_wconf 80' lang='lat' dir='ltr'>peccatorum</span> <span class='ocrx_word' id='word_1_391' title='bbox 1499 1433 1526 1457; x_wconf 82' lang='lat' dir='ltr'>in</span> <span class='ocrx_word' id='word_1_392' title='bbox 1544 1431 1667 1467; x_wconf 77' lang='lat' dir='ltr'>generali.</span> 
     </span>
    </p>
   </div>
   <div class='ocr_carea' id='block_1_46' title="bbox 1058 1503 1641 1662">
    <p class='ocr_par' dir='ltr' id='par_1_62' title="bbox 1058 1503 1606 1541">
     <span class='ocr_line' id='line_1_95' title="bbox 1058 1503 1606 1541; baseline 0.002 -13"><span class='ocrx_word' id='word_1_393' title='bbox 1058 1523 1064 1529; x_wconf 90' lang='lat'>.</span> <span class='ocrx_word' id='word_1_394' title='bbox 1086 1503 1185 1529; x_wconf 90' lang='lat' dir='ltr'>Utrum</span> <span class='ocrx_word' id='word_1_395' title='bbox 1204 1510 1347 1541; x_wconf 71' lang='lat' dir='ltr'>peccatum</span> <span class='ocrx_word' id='word_1_396' title='bbox 1367 1503 1466 1529; x_wconf 87' lang='lat' dir='ltr'>habeat</span> <span class='ocrx_word' id='word_1_397' title='bbox 1485 1512 1606 1529; x_wconf 86' lang='lat' dir='ltr'>causam.</span> 
     </span>
    </p>

    <p class='ocr_par' dir='ltr' id='par_1_63' title="bbox 1059 1544 1641 1662">
     <span class='ocr_line' id='line_1_96' title="bbox 1059 1544 1626 1570; baseline 0.002 -1"><span class='ocrx_word' id='word_1_398' title='bbox 1059 1565 1064 1570; x_wconf 94' lang='lat'>.</span> <span class='ocrx_word' id='word_1_399' title='bbox 1086 1544 1184 1570; x_wconf 90' lang='lat' dir='ltr'>Utrum</span> <span class='ocrx_word' id='word_1_400' title='bbox 1205 1545 1304 1570; x_wconf 83' lang='lat' dir='ltr'>habeat</span> <span class='ocrx_word' id='word_1_401' title='bbox 1325 1553 1434 1570; x_wconf 88' lang='lat' dir='ltr'>causam</span> <span class='ocrx_word' id='word_1_402' title='bbox 1455 1546 1626 1570; x_wconf 87' lang='lat' dir='ltr'>interiorem.</span> 
     </span>
     <span class='ocr_line' id='line_1_97' title="bbox 1059 1585 1628 1614; baseline 0.002 -2"><span class='ocrx_word' id='word_1_403' title='bbox 1059 1605 1065 1612; x_wconf 86' lang='lat'>.</span> <span class='ocrx_word' id='word_1_404' title='bbox 1088 1585 1185 1611; x_wconf 85' lang='lat' dir='ltr'>Utrum</span> <span class='ocrx_word' id='word_1_405' title='bbox 1205 1586 1305 1611; x_wconf 91' lang='lat' dir='ltr'>habeat</span> <span class='ocrx_word' id='word_1_406' title='bbox 1325 1595 1435 1612; x_wconf 88' lang='lat' dir='ltr'>causam</span> <span class='ocrx_word' id='word_1_407' title='bbox 1456 1587 1628 1614; x_wconf 88' lang='lat' dir='ltr'>exteriorem.</span> 
     </span>
     <span class='ocr_line' id='line_1_98' title="bbox 1059 1626 1641 1662; baseline 0.002 -10"><span class='ocrx_word' id='word_1_408' title='bbox 1059 1647 1065 1653; x_wconf 92' lang='lat'>.</span> <span class='ocrx_word' id='word_1_409' title='bbox 1088 1626 1185 1653; x_wconf 89' lang='lat' dir='ltr'>Utrum</span> <span class='ocrx_word' id='word_1_410' title='bbox 1206 1634 1350 1662; x_wconf 84' lang='lat' dir='ltr'>peccatum</span> <span class='ocrx_word' id='word_1_411' title='bbox 1370 1629 1406 1653; x_wconf 88' lang='lat' dir='ltr'>sit</span> <span class='ocrx_word' id='word_1_412' title='bbox 1426 1636 1507 1653; x_wconf 87' lang='lat' dir='ltr'>causa</span> <span class='ocrx_word' id='word_1_413' title='bbox 1526 1629 1641 1662; x_wconf 89' lang='lat' dir='ltr'>peccati.</span> 
     </span>
    </p>
   </div>
   <div class='ocr_carea' id='block_1_47' title="bbox 1244 1722 1588 1753">
    <p class='ocr_par' dir='ltr' id='par_1_64' title="bbox 1244 1722 1588 1753">
     <span class='ocr_line' id='line_1_99' title="bbox 1244 1722 1588 1753; baseline 0.003 -5"><span class='ocrx_word' id='word_1_414' title='bbox 1244 1722 1437 1753; x_wconf 84' lang='lat' dir='ltr'>QUAESTIO</span> <span class='ocrx_word' id='word_1_415' title='bbox 1459 1723 1588 1749; x_wconf 85' lang='lat' dir='ltr'>LXXVI.</span> 
     </span>
    </p>
   </div>
   <div class='ocr_carea' id='block_1_48' title="bbox 1141 1787 1700 1865">
    <p class='ocr_par' dir='ltr' id='par_1_65' title="bbox 1141 1787 1700 1865">
     <span class='ocr_line' id='line_1_100' title="bbox 1141 1787 1700 1824; baseline 0.002 -11"><span class='ocrx_word' id='word_1_416' title='bbox 1141 1787 1180 1814; x_wconf 81' lang='lat' dir='ltr'>De</span> <span class='ocrx_word' id='word_1_417' title='bbox 1200 1789 1357 1823; x_wconf 77' lang='lat' dir='ltr'>ignorantia,</span> <span class='ocrx_word' id='word_1_418' title='bbox 1377 1797 1439 1823; x_wconf 73' lang='lat' dir='ltr'>quae</span> <span class='ocrx_word' id='word_1_419' title='bbox 1459 1793 1493 1814; x_wconf 72' lang='lat' dir='ltr'>est</span> <span class='ocrx_word' id='word_1_420' title='bbox 1513 1797 1587 1814; x_wconf 78' lang='lat' dir='ltr'>causa</span> <span class='ocrx_word' id='word_1_421' title='bbox 1601 1789 1700 1824; x_wconf 80' lang='lat' dir='ltr'>peccati</span> 
     </span>
     <span class='ocr_line' id='line_1_101' title="bbox 1295 1830 1547 1865; baseline 0.004 -10"><span class='ocrx_word' id='word_1_422' title='bbox 1295 1839 1323 1855; x_wconf 77' lang='lat' dir='ltr'>ex</span> <span class='ocrx_word' id='word_1_423' title='bbox 1339 1835 1412 1865; x_wconf 72' lang='lat' dir='ltr'>parte</span> <span class='ocrx_word' id='word_1_424' title='bbox 1430 1830 1547 1856; x_wconf 74' lang='lat' dir='ltr'>rau&#39;onis.</span> 
     </span>
    </p>
   </div>
   <div class='ocr_carea' id='block_1_49' title="bbox 1059 1902 1658 2062">
    <p class='ocr_par' dir='ltr' id='par_1_66' title="bbox 1059 1902 1658 1978">
     <span class='ocr_line' id='line_1_102' title="bbox 1059 1902 1658 1937; baseline -0.002 -9"><span class='ocrx_word' id='word_1_425' title='bbox 1059 1922 1066 1928; x_wconf 92' lang='lat'>.</span> <span class='ocrx_word' id='word_1_426' title='bbox 1090 1902 1188 1928; x_wconf 89' lang='lat' dir='ltr'>Utrum</span> <span class='ocrx_word' id='word_1_427' title='bbox 1210 1902 1366 1937; x_wconf 83' lang='lat' dir='ltr'>ignorantia</span> <span class='ocrx_word' id='word_1_428' title='bbox 1386 1903 1421 1927; x_wconf 90' lang='lat' dir='ltr'>sit</span> <span class='ocrx_word' id='word_1_429' title='bbox 1442 1911 1523 1927; x_wconf 81' lang='lat' dir='ltr'>causa</span> <span class='ocrx_word' id='word_1_430' title='bbox 1542 1902 1658 1936; x_wconf 88' lang='lat' dir='ltr'>peccati.</span> 
     </span>
     <span class='ocr_line' id='line_1_103' title="bbox 1061 1943 1589 1978; baseline -0.004 -8"><span class='ocrx_word' id='word_1_431' title='bbox 1061 1964 1067 1970; x_wconf 92' lang='lat'>.</span> <span class='ocrx_word' id='word_1_432' title='bbox 1090 1943 1190 1969; x_wconf 90' lang='lat' dir='ltr'>Utrum</span> <span class='ocrx_word' id='word_1_433' title='bbox 1205 1944 1361 1978; x_wconf 79' lang='lat' dir='ltr'>ignorantia</span> <span class='ocrx_word' id='word_1_434' title='bbox 1381 1944 1416 1968; x_wconf 90' lang='lat' dir='ltr'>sit</span> <span class='ocrx_word' id='word_1_435' title='bbox 1436 1950 1589 1978; x_wconf 88' lang='lat' dir='ltr'>peccatum.</span> 
     </span>
    </p>

    <p class='ocr_par' dir='ltr' id='par_1_67' title="bbox 1061 1984 1641 2062">
     <span class='ocr_line' id='line_1_104' title="bbox 1061 1984 1641 2020; baseline 0 -10"><span class='ocrx_word' id='word_1_436' title='bbox 1061 2006 1066 2011; x_wconf 94' lang='lat'>.</span> <span class='ocrx_word' id='word_1_437' title='bbox 1089 1984 1188 2011; x_wconf 88' lang='lat' dir='ltr'>Utrum</span> <span class='ocrx_word' id='word_1_438' title='bbox 1207 1985 1331 2011; x_wconf 81' lang='lat' dir='ltr'>totaliter</span> <span class='ocrx_word' id='word_1_439' title='bbox 1349 1991 1462 2010; x_wconf 83' lang='lat' dir='ltr'>excuset</span> <span class='ocrx_word' id='word_1_440' title='bbox 1481 1994 1496 2010; x_wconf 84' lang='lat' dir='ltr'>a</span> <span class='ocrx_word' id='word_1_441' title='bbox 1515 1991 1641 2020; x_wconf 87' lang='lat' dir='ltr'>peccato.</span> 
     </span>
     <span class='ocr_line' id='line_1_105' title="bbox 1061 2026 1518 2062; baseline 0 -10"><span class='ocrx_word' id='word_1_442' title='bbox 1061 2047 1066 2052; x_wconf 98' lang='lat'>.</span> <span class='ocrx_word' id='word_1_443' title='bbox 1089 2026 1187 2053; x_wconf 88' lang='lat' dir='ltr'>Utrum</span> <span class='ocrx_word' id='word_1_444' title='bbox 1210 2027 1343 2052; x_wconf 86' lang='lat' dir='ltr'>diminuat</span> <span class='ocrx_word' id='word_1_445' title='bbox 1363 2033 1518 2062; x_wconf 89' lang='lat' dir='ltr'>peccatum.</span> 
     </span>
    </p>
   </div>
   <div class='ocr_carea' id='block_1_50' title="bbox 1238 2127 1598 2158">
    <p class='ocr_par' dir='ltr' id='par_1_68' title="bbox 1238 2127 1598 2158">
     <span class='ocr_line' id='line_1_106' title="bbox 1238 2127 1598 2158; baseline 0 -5"><span class='ocrx_word' id='word_1_446' title='bbox 1238 2127 1433 2158; x_wconf 79' lang='lat' dir='ltr'>QUAESTIO</span> <span class='ocrx_word' id='word_1_447' title='bbox 1454 2127 1598 2154; x_wconf 77' lang='lat' dir='ltr'>Lxxvu.</span> 
     </span>
    </p>
   </div>
   <div class='ocr_carea' id='block_1_51' title="bbox 1090 2193 1754 2229">
    <p class='ocr_par' dir='ltr' id='par_1_69' title="bbox 1090 2193 1754 2229">
     <span class='ocr_line' id='line_1_107' title="bbox 1090 2193 1754 2229; baseline 0 -11"><span class='ocrx_word' id='word_1_448' title='bbox 1090 2193 1130 2220; x_wconf 83' lang='lat' dir='ltr'>De</span> <span class='ocrx_word' id='word_1_449' title='bbox 1149 2202 1223 2219; x_wconf 81' lang='lat' dir='ltr'>causa</span> <span class='ocrx_word' id='word_1_450' title='bbox 1239 2194 1336 2229; x_wconf 78' lang='lat' dir='ltr'>pcccati</span> <span class='ocrx_word' id='word_1_451' title='bbox 1356 2202 1384 2219; x_wconf 76' lang='lat' dir='ltr'>ex</span> <span class='ocrx_word' id='word_1_452' title='bbox 1400 2198 1473 2229; x_wconf 75' lang='lat' dir='ltr'>parte</span> <span class='ocrx_word' id='word_1_453' title='bbox 1493 2193 1616 2229; x_wconf 77' lang='lat' dir='ltr'>appetitus</span> <span class='ocrx_word' id='word_1_454' title='bbox 1633 2193 1754 2219; x_wconf 73' lang='lat' dir='ltr'>sensitivi.</span> 
     </span>
    </p>
   </div>
   <div class='ocr_carea' id='block_1_52' title="bbox 1063 2265 1801 2300">
    <p class='ocr_par' dir='ltr' id='par_1_70' title="bbox 1063 2265 1801 2300">
     <span class='ocr_line' id='line_1_108' title="bbox 1063 2265 1801 2300; baseline -0.003 -8"><span class='ocrx_word' id='word_1_455' title='bbox 1063 2286 1069 2292; x_wconf 93' lang='lat'>.</span> <span class='ocrx_word' id='word_1_456' title='bbox 1092 2265 1191 2291; x_wconf 87' lang='lat' dir='ltr'>Utrum</span> <span class='ocrx_word' id='word_1_457' title='bbox 1211 2266 1304 2300; x_wconf 82' lang='lat' dir='ltr'>passio</span> <span class='ocrx_word' id='word_1_458' title='bbox 1325 2266 1461 2300; x_wconf 78' lang='lat' dir='ltr'>appetitus</span> <span class='ocrx_word' id='word_1_459' title='bbox 1481 2265 1608 2291; x_wconf 84' lang='lat' dir='ltr'>sensitivi</span> <span class='ocrx_word' id='word_1_460' title='bbox 1631 2265 1720 2299; x_wconf 83' lang='lat' dir='ltr'>possit</span> <span class='ocrx_word' id='word_1_461' title='bbox 1739 2272 1801 2290; x_wconf 88' lang='lat' dir='ltr'>mo-</span> 
     </span>
    </p>
   </div>
   <div class='ocr_carea' id='block_1_53' title="bbox 1132 2306 1626 2339">
    <p class='ocr_par' dir='ltr' id='par_1_71' title="bbox 1132 2306 1626 2339">
     <span class='ocr_line' id='line_1_109' title="bbox 1132 2306 1626 2339; baseline 0 -7"><span class='ocrx_word' id='word_1_462' title='bbox 1132 2316 1205 2339; x_wconf 85' lang='lat' dir='ltr'>vere,</span> <span class='ocrx_word' id='word_1_463' title='bbox 1226 2307 1269 2332; x_wconf 91' lang='lat' dir='ltr'>vel</span> <span class='ocrx_word' id='word_1_464' title='bbox 1289 2307 1421 2332; x_wconf 84' lang='lat' dir='ltr'>inclinare</span> <span class='ocrx_word' id='word_1_465' title='bbox 1441 2306 1626 2332; x_wconf 87' lang='lat' dir='ltr'>voluntatem.</span> 
     </span>
    </p>
   </div>
   <div class='ocr_carea' id='block_1_54' title="bbox 1064 2347 1802 2383">
    <p class='ocr_par' dir='ltr' id='par_1_72' title="bbox 1064 2347 1802 2383">
     <span class='ocr_line' id='line_1_110' title="bbox 1064 2347 1802 2383; baseline -0.004 -8"><span class='ocrx_word' id='word_1_466' title='bbox 1064 2370 1069 2376; x_wconf 94' lang='lat'>.</span> <span class='ocrx_word' id='word_1_467' title='bbox 1092 2349 1189 2375; x_wconf 90' lang='lat' dir='ltr'>Utrum</span> <span class='ocrx_word' id='word_1_468' title='bbox 1209 2349 1299 2383; x_wconf 85' lang='lat' dir='ltr'>possit</span> <span class='ocrx_word' id='word_1_469' title='bbox 1318 2356 1444 2383; x_wconf 83' lang='lat' dir='ltr'>superare</span> <span class='ocrx_word' id='word_1_470' title='bbox 1464 2348 1601 2374; x_wconf 83' lang='lat' dir='ltr'>rationem.</span> <span class='ocrx_word' id='word_1_471' title='bbox 1628 2354 1724 2373; x_wconf 81' lang='lat' dir='ltr'>contra</span> <span class='ocrx_word' id='word_1_472' title='bbox 1744 2347 1802 2382; x_wconf 85' lang='lat' dir='ltr'>ejus</span> 
     </span>
    </p>
   </div>
   <div class='ocr_carea' id='block_1_55' title="bbox 1139 2391 1293 2416">
    <p class='ocr_par' dir='ltr' id='par_1_73' title="bbox 1139 2391 1293 2416">
     <span class='ocr_line' id='line_1_111' title="bbox 1139 2391 1293 2416; baseline 0 -1"><span class='ocrx_word' id='word_1_473' title='bbox 1139 2391 1293 2416; x_wconf 82' lang='lat' dir='ltr'>scientiam.</span> 
     </span>
    </p>
   </div>
   <div class='ocr_carea' id='block_1_56' title="bbox 1065 2430 1803 2466">
    <p class='ocr_par' dir='ltr' id='par_1_74' title="bbox 1065 2430 1803 2466">
     <span class='ocr_line' id='line_1_112' title="bbox 1065 2430 1803 2466; baseline -0.003 -8"><span class='ocrx_word' id='word_1_474' title='bbox 1065 2453 1070 2458; x_wconf 92' lang='lat'>.</span> <span class='ocrx_word' id='word_1_475' title='bbox 1093 2431 1193 2458; x_wconf 85' lang='lat' dir='ltr'>Utrum</span> <span class='ocrx_word' id='word_1_476' title='bbox 1209 2438 1363 2466; x_wconf 79' lang='lat' dir='ltr'>peccatum,</span> <span class='ocrx_word' id='word_1_477' title='bbox 1379 2430 1452 2466; x_wconf 89' lang='lat' dir='ltr'>quod</span> <span class='ocrx_word' id='word_1_478' title='bbox 1472 2439 1504 2457; x_wconf 88' lang='lat' dir='ltr'>ex</span> <span class='ocrx_word' id='word_1_479' title='bbox 1524 2431 1653 2466; x_wconf 74' lang='lat' dir='ltr'>passione</span> <span class='ocrx_word' id='word_1_480' title='bbox 1665 2431 1803 2465; x_wconf 82' lang='lat' dir='ltr'>provenit,</span> 
     </span>
    </p>
   </div>
   <div class='ocr_carea' id='block_1_57' title="bbox 1093 2472 1805 2591">
    <p class='ocr_par' dir='ltr' id='par_1_75' title="bbox 1093 2472 1805 2591">
     <span class='ocr_line' id='line_1_113' title="bbox 1135 2472 1576 2508; baseline 0 -10"><span class='ocrx_word' id='word_1_481' title='bbox 1135 2474 1171 2499; x_wconf 88' lang='lat' dir='ltr'>sit</span> <span class='ocrx_word' id='word_1_482' title='bbox 1191 2480 1335 2508; x_wconf 82' lang='lat' dir='ltr'>peccatum</span> <span class='ocrx_word' id='word_1_483' title='bbox 1356 2481 1388 2498; x_wconf 82' lang='lat' dir='ltr'>ex</span> <span class='ocrx_word' id='word_1_484' title='bbox 1408 2472 1576 2498; x_wconf 84' lang='lat' dir='ltr'>infirmitate.</span> 
     </span>
     <span class='ocr_line' id='line_1_114' title="bbox 1093 2514 1805 2549; baseline -0.001 -9"><span class='ocrx_word' id='word_1_485' title='bbox 1093 2514 1191 2541; x_wconf 84' lang='lat' dir='ltr'>Utrum</span> <span class='ocrx_word' id='word_1_486' title='bbox 1211 2515 1278 2540; x_wconf 82' lang='lat' dir='ltr'>haec</span> <span class='ocrx_word' id='word_1_487' title='bbox 1299 2515 1402 2549; x_wconf 75' lang='lat' dir='ltr'>passio,</span> <span class='ocrx_word' id='word_1_488' title='bbox 1423 2523 1490 2549; x_wconf 82' lang='lat' dir='ltr'>quae</span> <span class='ocrx_word' id='word_1_489' title='bbox 1515 2521 1557 2540; x_wconf 81' lang='lat' dir='ltr'>eSt</span> <span class='ocrx_word' id='word_1_490' title='bbox 1586 2522 1664 2540; x_wconf 86' lang='lat' dir='ltr'>amor</span> <span class='ocrx_word' id='word_1_491' title='bbox 1689 2514 1742 2546; x_wconf 87' lang='lat' dir='ltr'>sui,</span> <span class='ocrx_word' id='word_1_492' title='bbox 1768 2515 1805 2540; x_wconf 88' lang='lat' dir='ltr'>sit</span> 
     </span>
     <span class='ocr_line' id='line_1_115' title="bbox 1137 2556 1464 2591; baseline -0.003 -9"><span class='ocrx_word' id='word_1_493' title='bbox 1137 2565 1218 2582; x_wconf 75' lang='lat' dir='ltr'>causa</span> <span class='ocrx_word' id='word_1_494' title='bbox 1238 2557 1329 2582; x_wconf 89' lang='lat' dir='ltr'>omnis</span> <span class='ocrx_word' id='word_1_495' title='bbox 1348 2556 1464 2591; x_wconf 80' lang='lat' dir='ltr'>pcccati.</span> 
     </span>
    </p>
   </div>
   <div class='ocr_carea' id='block_1_58' title="bbox 1067 2596 1803 2633">
    <p class='ocr_par' dir='ltr' id='par_1_76' title="bbox 1067 2596 1803 2633">
     <span class='ocr_line' id='line_1_116' title="bbox 1067 2596 1803 2633; baseline -0.003 -9"><span class='ocrx_word' id='word_1_496' title='bbox 1067 2619 1072 2624; x_wconf 90' lang='lat'>.</span> <span class='ocrx_word' id='word_1_497' title='bbox 1093 2598 1135 2624; x_wconf 84' lang='lat' dir='ltr'>De</span> <span class='ocrx_word' id='word_1_498' title='bbox 1147 2598 1190 2623; x_wconf 84' lang='lat' dir='ltr'>his</span> <span class='ocrx_word' id='word_1_499' title='bbox 1201 2598 1288 2623; x_wconf 86' lang='lat' dir='ltr'>tribus</span> <span class='ocrx_word' id='word_1_500' title='bbox 1299 2598 1388 2623; x_wconf 77' lang='lat' dir='ltr'>causis</span> <span class='ocrx_word' id='word_1_501' title='bbox 1403 2606 1471 2632; x_wconf 85' lang='lat' dir='ltr'>quae</span> <span class='ocrx_word' id='word_1_502' title='bbox 1488 2604 1628 2632; x_wconf 89' lang='lat' dir='ltr'>ponuntur</span> <span class='ocrx_word' id='word_1_503' title='bbox 1644 2605 1667 2623; x_wconf 92' lang='lat'>1.</span> <span class='ocrx_word' id='word_1_504' title='bbox 1680 2596 1762 2633; x_wconf 76' lang='lat' dir='ltr'>Joan.</span> <span class='ocrx_word' id='word_1_505' title='bbox 1780 2605 1803 2630; x_wconf 82' lang='lat'>3.</span> 
     </span>
    </p>
   </div>
   <div class='ocr_carea' id='block_1_59' title="bbox 1135 2638 1806 2716">
    <p class='ocr_par' dir='ltr' id='par_1_77' title="bbox 1135 2638 1806 2716">
     <span class='ocr_line' id='line_1_117' title="bbox 1135 2638 1806 2674; baseline 0 -10"><span class='ocrx_word' id='word_1_506' title='bbox 1135 2639 1258 2665; x_wconf 81' lang='lat' dir='ltr'>scilicet:</span> <span class='ocrx_word' id='word_1_507' title='bbox 1279 2639 1507 2674; x_wconf 79' lang='lat' dir='ltr'>concupiscentia</span> <span class='ocrx_word' id='word_1_508' title='bbox 1527 2638 1682 2670; x_wconf 88' lang='lat' dir='ltr'>oculorum,</span> <span class='ocrx_word' id='word_1_509' title='bbox 1704 2646 1806 2664; x_wconf 86' lang='lat' dir='ltr'>concu-</span> 
     </span>
     <span class='ocr_line' id='line_1_118' title="bbox 1136 2680 1687 2716; baseline -0.002 -10"><span class='ocrx_word' id='word_1_510' title='bbox 1136 2681 1270 2716; x_wconf 83' lang='lat' dir='ltr'>piscentia</span> <span class='ocrx_word' id='word_1_511' title='bbox 1291 2681 1390 2711; x_wconf 81' lang='lat' dir='ltr'>carnis,</span> <span class='ocrx_word' id='word_1_512' title='bbox 1411 2687 1439 2706; x_wconf 83' lang='lat' dir='ltr'>ct</span> <span class='ocrx_word' id='word_1_513' title='bbox 1459 2680 1587 2715; x_wconf 82' lang='lat' dir='ltr'>superbia</span> <span class='ocrx_word' id='word_1_514' title='bbox 1605 2681 1687 2706; x_wconf 81' lang='lat' dir='ltr'>vitae.</span> 
     </span>
    </p>
   </div>
   <div class='ocr_carea' id='block_1_60' title="bbox 1067 2721 1805 2757">
    <p class='ocr_par' dir='ltr' id='par_1_78' title="bbox 1067 2721 1805 2757">
     <span class='ocr_line' id='line_1_119' title="bbox 1067 2721 1805 2757; baseline -0.001 -10"><span class='ocrx_word' id='word_1_515' title='bbox 1067 2743 1072 2748; x_wconf 97' lang='lat'>.</span> <span class='ocrx_word' id='word_1_516' title='bbox 1095 2721 1192 2748; x_wconf 90' lang='lat' dir='ltr'>Utrum</span> <span class='ocrx_word' id='word_1_517' title='bbox 1214 2723 1316 2757; x_wconf 77' lang='lat' dir='ltr'>passio,</span> <span class='ocrx_word' id='word_1_518' title='bbox 1338 2731 1405 2756; x_wconf 85' lang='lat' dir='ltr'>quac</span> <span class='ocrx_word' id='word_1_519' title='bbox 1426 2729 1468 2747; x_wconf 80' lang='lat' dir='ltr'>est</span> <span class='ocrx_word' id='word_1_520' title='bbox 1488 2731 1570 2747; x_wconf 81' lang='lat' dir='ltr'>causa</span> <span class='ocrx_word' id='word_1_521' title='bbox 1589 2722 1705 2757; x_wconf 78' lang='lat' dir='ltr'>peccati,</span> <span class='ocrx_word' id='word_1_522' title='bbox 1727 2721 1805 2747; x_wconf 87' lang='lat' dir='ltr'>dimi-</span> 
     </span>
    </p>
   </div>
   <div class='ocr_carea' id='block_1_61' title="bbox 1136 2770 1375 2798">
    <p class='ocr_par' dir='ltr' id='par_1_79' title="bbox 1136 2770 1375 2798">
     <span class='ocr_line' id='line_1_120' title="bbox 1136 2770 1375 2798; baseline 0 -9"><span class='ocrx_word' id='word_1_523' title='bbox 1136 2771 1201 2789; x_wconf 68' lang='lat' dir='ltr'>nuat</span> <span class='ocrx_word' id='word_1_524' title='bbox 1222 2770 1375 2798; x_wconf 57' lang='lat' dir='ltr'>pcccatunl.</span> 
     </span>
    </p>
   </div>
   <div class='ocr_carea' id='block_1_62' title="bbox 1068 2805 1806 2881">
    <p class='ocr_par' dir='ltr' id='par_1_80' title="bbox 1068 2805 1806 2881">
     <span class='ocr_line' id='line_1_121' title="bbox 1068 2805 1588 2840; baseline 0 -10"><span class='ocrx_word' id='word_1_525' title='bbox 1068 2826 1074 2831; x_wconf 94' lang='lat'>.</span> <span class='ocrx_word' id='word_1_526' title='bbox 1096 2805 1194 2831; x_wconf 87' lang='lat' dir='ltr'>Utrum</span> <span class='ocrx_word' id='word_1_527' title='bbox 1215 2806 1302 2840; x_wconf 85' lang='lat' dir='ltr'>ipsum</span> <span class='ocrx_word' id='word_1_528' title='bbox 1324 2805 1447 2831; x_wconf 81' lang='lat' dir='ltr'>totaliter</span> <span class='ocrx_word' id='word_1_529' title='bbox 1466 2812 1588 2830; x_wconf 78' lang='lat' dir='ltr'>excuset.</span> 
     </span>
     <span class='ocr_line' id='line_1_122' title="bbox 1069 2846 1806 2881; baseline 0 -9"><span class='ocrx_word' id='word_1_530' title='bbox 1069 2867 1074 2873; x_wconf 97' lang='lat'>.</span> <span class='ocrx_word' id='word_1_531' title='bbox 1098 2846 1194 2873; x_wconf 85' lang='lat' dir='ltr'>Utrum</span> <span class='ocrx_word' id='word_1_532' title='bbox 1216 2853 1368 2881; x_wconf 78' lang='lat' dir='ltr'>peccatum,</span> <span class='ocrx_word' id='word_1_533' title='bbox 1389 2847 1463 2881; x_wconf 88' lang='lat' dir='ltr'>quod</span> <span class='ocrx_word' id='word_1_534' title='bbox 1483 2853 1526 2872; x_wconf 86' lang='lat' dir='ltr'>est</span> <span class='ocrx_word' id='word_1_535' title='bbox 1543 2855 1575 2872; x_wconf 82' lang='lat' dir='ltr'>ex</span> <span class='ocrx_word' id='word_1_536' title='bbox 1589 2846 1728 2881; x_wconf 80' lang='lat' dir='ltr'>passione,</span> <span class='ocrx_word' id='word_1_537' title='bbox 1744 2854 1806 2881; x_wconf 87' lang='lat' dir='ltr'>pos-</span> 
     </span>
    </p>
   </div>
   <div class='ocr_carea' id='block_1_63' title="bbox 1142 2888 1407 2914">
    <p class='ocr_par' dir='ltr' id='par_1_81' title="bbox 1142 2888 1407 2914">
     <span class='ocr_line' id='line_1_123' title="bbox 1142 2888 1407 2914; baseline 0 -1"><span class='ocrx_word' id='word_1_538' title='bbox 1142 2889 1178 2914; x_wconf 87' lang='lat' dir='ltr'>sit</span> <span class='ocrx_word' id='word_1_539' title='bbox 1199 2897 1259 2913; x_wconf 83' lang='lat' dir='ltr'>essc</span> <span class='ocrx_word' id='word_1_540' title='bbox 1281 2888 1407 2914; x_wconf 80' lang='lat' dir='ltr'>mortale.</span> 
     </span>
    </p>
   </div>
  </div>
 </body>
</html>
