1875 3198
214 201 300 254 614
602 210 825 245 QUAESTIO
859 210 1020 239 LXXXV.
1054 209 1301 239 ARTICULUS
1334 210 1391 240 VI.

211 293 295 335 bile,
316 301 351 327 et
368 293 572 338 rubiginem
596 292 827 333 contrahens,
850 292 1081 337 consequitur
1105 302 1147 325 ex
1168 290 1323 325 naturali
1344 290 1581 336 dispositione
1601 290 1702 326 ferri:
1717 302 1784 325 nec

212 347 284 381 hoc
308 346 409 392 eligit
427 345 551 380 artifex
570 346 606 379 in
628 346 736 387 terro,
759 345 821 379 sed
844 345 961 390 magis
983 345 1199 390 repudiaret,
1221 345 1251 378 si
1272 352 1412 391 posset:
1436 344 1531 378 unde
1552 345 1644 379 haec
1667 345 1786 391 dispo-

213 400 294 435 sitio
310 400 483 434 materiae
505 411 580 433 non
603 406 655 433 est
676 398 951 445 proportionata
974 398 1167 432 intentioni
1189 398 1346 440 artificis,
1372 409 1440 432 nec
1467 398 1660 432 intentioni
1687 398 1783 433 artis.

214 453 388 488 Similiter
403 465 533 499 corpus
548 453 752 486 humanum
775 460 828 486 est
849 452 1002 485 materia
1018 451 1133 486 electa
1155 463 1174 485 a
1195 460 1324 486 natura
1339 459 1515 498 quantum
1530 452 1573 485 ad
1587 452 1671 495 hoc,
1687 452 1784 498 quod

213 515 267 541 est
298 514 520 552 temperatae
552 505 829 552 complexionis,
859 513 897 539 ut
926 505 1039 551 possit
1073 517 1152 539 esse
1185 505 1571 539 convenientissimum
1606 516 1783 552 organum

212 568 341 602 tactim,
365 568 399 594 et
422 560 574 593 aliarum
601 560 775 593 virtutum
806 559 1072 600 sensitivarum,
1101 567 1135 592 et
1164 559 1403 592 motivarum:
1431 558 1493 592 sed
1520 558 1617 604 quod
1639 559 1684 593 sit
1711 570 1787 593 cor-

214 613 391 660 ruptibile,
410 614 480 647 hoc
502 621 554 647 est
577 624 619 646 ex
642 612 851 646 conditione
871 613 1061 653 materiae3
1084 623 1150 646 nec
1167 620 1221 646 est
1234 612 1391 646 electum
1415 623 1435 645 a
1455 619 1601 654 natura;
1624 612 1710 658 quin
1724 623 1786 658 po-

212 668 281 701 tius
296 676 422 701 natura
439 666 589 711 eligeret
604 666 795 700 materiam
810 665 1134 711 incorruptibilem,
1149 665 1179 699 si
1194 673 1334 711 posset:
1350 665 1413 699 sed
1427 665 1539 707 Deus,
1555 665 1613 699 cui
1627 665 1788 711 subjacet

216 721 335 755 omnis
351 728 489 761 natura,
505 720 541 753 in
557 721 632 765 ipsa
652 720 876 753 institutione
892 719 1052 753 hominis
1067 719 1247 765 supplevit
1261 719 1443 753 defectum
1457 727 1626 762 naturae3
1641 727 1676 753 et
1689 719 1786 754 dono

212 775 366 819 justitiae
394 773 580 818 originalis
607 773 703 807 dedit
731 774 875 819 corpori
902 773 1280 819 incorruptibilitatem
1308 772 1517 819 quamdam,
1539 780 1579 807 ut
1603 773 1640 806 in
1666 773 1785 819 primo

213 828 350 861 dictum
373 834 425 861 est
446 827 494 872 (q.
523 838 576 872 97.
604 832 669 861 art.
697 827 765 871 r.):
789 834 824 860 et
846 827 1047 860 secundum
1068 826 1140 860 hoc
1164 826 1303 869 dicitur,
1325 826 1423 872 quod
1443 827 1534 861 Deus
1559 831 1699 862 mortem
1721 838 1787 861 non

205 882 308 928 sucin
333 889 367 914 et
389 881 485 926 quod
508 891 608 914 mors
631 888 683 914 est
704 891 821 925 poena
844 880 995 925 peccati.

286 934 392 969 Unde
414 941 510 979 patet
530 934 720 980 responsio
741 944 792 968 AD
815 943 992 980 OBJECTA.

658 1208 1016 1269 QUAESTIo
1052 1207 1340 1255 LXXXVI.

371 1333 434 1363 DE
461 1332 660 1364 MACULA
685 1332 896 1372 PECCATI,
926 1333 977 1363 IN
1003 1332 1129 1364 DUOS
1156 1332 1419 1364 ARTICULOS
1446 1332 1620 1364 DIVISA.

284 1467 426 1503 Deinde
451 1467 757 1503 considerandum
779 1475 832 1503 est
854 1468 898 1502 da
921 1467 1066 1502 macula
1087 1468 1239 1514 peccati.

717 1559 760 1593 Et
781 1560 872 1593 circa
893 1559 952 1593 hoc
974 1563 1182 1604 quaeruntur
1202 1558 1277 1592 duo.

284 1630 421 1664 Primo.
442 1630 576 1665 Utrum
599 1630 742 1664 macula
766 1630 910 1665 animae
933 1630 977 1664 sit
999 1629 1149 1665 effectus
1171 1629 1324 1676 peccati.

285 1683 466 1718 Secundo.
491 1684 624 1718 Utrum
644 1692 832 1719 remaneat
853 1684 889 1718 in
912 1686 1034 1718 anima
1056 1691 1138 1730 post
1160 1691 1282 1718 actum
1303 1683 1455 1730 peccati.

791 1825 1140 1871 ARTICULUS
1169 1826 1203 1869 1.
1712 1838 1781 1884 453

329 1934 484 1964 UTRUM
509 1934 749 1964 PECCATUM
776 1935 947 1965 CAUSET
971 1935 1172 1971 ALIQUAM
1194 1934 1413 1965 MACULAM
1439 1934 1485 1965 IN
1510 1934 1662 1966 ANIMA.

260 2021 361 2068 (Insr.
376 2034 406 2068 q.
422 2023 478 2069 89.
494 2027 557 2057 art.
577 2035 604 2058 I.
624 2028 653 2058 et
673 2035 739 2058 2-2.
755 2035 784 2069 q.
801 2024 854 2069 87.
871 2028 934 2057 art.
951 2024 983 2058 6.
1000 2029 1089 2070 corp.
1104 2029 1132 2058 et
1145 2034 1177 2068 4.
1194 2024 1282 2058 Dist.
1305 2023 1355 2058 18.
1378 2034 1409 2069 q.
1430 2035 1458 2058 Ι.
1477 2027 1541 2058 art.
1565 2034 1597 2058 2.
1615 2023 1735 2070 corp).

281 2111 341 2145 AD
363 2122 513 2146 PRIMUM
535 2112 585 2146 sic
608 2112 824 2157 proceditur.
848 2111 1012 2154 Videtur,
1042 2112 1140 2158 quod
1167 2119 1359 2158 peccatum
1380 2123 1456 2146 non
1479 2119 1603 2147 causet
1624 2111 1783 2159 aliquam

210 2165 395 2199 maculam
417 2166 452 2199 in
475 2166 615 2199 anima:
639 2174 766 2200 natura
794 2166 892 2200 enim
919 2166 1083 2212 superior
1108 2177 1184 2200 non
1206 2173 1326 2212 potest
1347 2165 1527 2212 inquinari
1549 2177 1591 2200 ex
1613 2173 1785 2201 contactu
1824 2202 1829 2207 ,

209 2227 358 2253 naturae
380 2218 580 2261 inferioris;
604 2220 697 2254 unde
721 2220 833 2254 radius
854 2220 971 2254 solaris
992 2232 1059 2254 non
1082 2221 1278 2266 inquinatur
1297 2225 1356 2266 per
1379 2224 1504 2254 tactum
1523 2225 1701 2266 corporum
1711 2220 1782 2266 foe-

210 2272 366 2315 tidormn,
388 2280 426 2306 ut
444 2273 669 2319 Augustinus
685 2273 771 2307 dicit
791 2273 827 2307 in
842 2273 934 2308 libro
963 2281 1087 2308 contra
1115 2274 1274 2319 quinque
1291 2273 1461 2307 haereses
1485 2272 1573 2319 (cap.
1587 2285 1616 2319 5.
1634 2285 1654 2307 a
1668 2273 1783 2319 med.),·

209 2326 271 2360 sed
287 2327 407 2360 anima
422 2326 583 2360 humana
606 2335 659 2361 est
681 2327 796 2361 multo
819 2327 1014 2373 superioris
1033 2335 1195 2369 naturae,
1212 2338 1321 2373 quam
1345 2337 1399 2361 res
1422 2326 1714 2369 commutabiles,
1737 2327 1780 2362 ad

209 2391 297 2426 quas
319 2380 504 2426 peccando
528 2381 769 2423 convertitur;
793 2392 880 2426 ergo
903 2392 945 2415 ex
968 2381 1018 2415 eis
1042 2380 1226 2415 maculam
1247 2391 1322 2415 non
1345 2380 1528 2415 contrahit
1553 2381 1751 2427 peccando.

281 2443 312 2467 2.
340 2433 578 2468 PRAETEREA.
605 2434 803 2468 Peccatum
826 2442 878 2468 est
900 2434 1146 2481 principaliter
1169 2435 1203 2468 in
1225 2433 1426 2476 voluntate,
1448 2442 1486 2469 ut
1508 2445 1615 2480 supra
1642 2434 1780 2469 dictum

210 2495 263 2521 est
284 2489 330 2533 (q.
354 2498 406 2533 74.
435 2492 498 2521 art.
526 2500 553 2522 ι.
581 2493 610 2522 ct
636 2488 700 2532 2.);
724 2487 892 2522 voluntas
916 2496 1037 2522 autem
1065 2496 1118 2522 est
1144 2488 1181 2521 in
1209 2489 1360 2530 ratione,
1390 2496 1427 2522 ut
1457 2488 1587 2522 dicitur
1607 2488 1643 2522 in
1677 2500 1705 2534 3.
1737 2488 1780 2523 de

210 2541 345 2575 Anima
370 2543 447 2584 (tur.
467 2541 562 2586 42.):
587 2541 648 2575 sed
671 2541 774 2583 ratio,
797 2542 871 2575 sive
896 2541 1099 2576 intellectus
1122 2553 1196 2576 non
1215 2541 1419 2576 maculatur
1434 2552 1474 2575 ex
1491 2542 1782 2576 consideratione

209 2606 523 2640 quarumcumque
554 2606 685 2637 rerum,
713 2595 774 2629 sed
807 2596 923 2639 magis
946 2595 1148 2640 perficitur3
1171 2606 1258 2641 ergo
1281 2607 1347 2630 nec
1370 2596 1539 2630 voluntas
1561 2607 1603 2630 ex
1630 2604 1781 2642 peccato

210 2648 423 2682 maculatur.

286 2713 313 2747 3.
337 2702 573 2736 PRAETEREA.
590 2702 629 2736 Si
651 2710 841 2747 peccatum
865 2702 1049 2736 maculam
1073 2711 1208 2745 causat,
1232 2710 1293 2737 aut
1314 2702 1459 2736 macula
1485 2702 1546 2737 illa
1568 2710 1621 2738 est
1648 2702 1780 2749 aliquid

210 2756 373 2801 positive,
397 2764 457 2789 aut
487 2764 540 2790 est
567 2756 720 2802 privatio
749 2767 854 2800 pura:
878 2756 906 2789 si
936 2756 980 2789 sit
1010 2756 1143 2802 aliquid
1175 2757 1341 2801 positive,
1368 2767 1442 2790 non
1470 2764 1589 2804 potest
1610 2767 1687 2791 esse
1714 2756 1783 2790 nisi

210 2810 412 2854 dispositio,
433 2809 490 2843 vel
513 2810 673 2843 habitus:
698 2809 786 2843 nihil
816 2809 914 2843 enim
945 2809 1039 2843 :iliud
1063 2810 1204 2844 videtur
1231 2821 1273 2844 ex
1302 2818 1383 2844 actu
1410 2810 1568 2844 causari:
1591 2809 1780 2855 dispositio

211 2871 344 2904 autem,
367 2871 401 2897 et
422 2863 564 2896 habitus
588 2874 660 2897 non
685 2871 755 2897 est:
785 2863 963 2907 contingit
990 2863 1087 2896 enim
1116 2871 1255 2897 remota
1283 2863 1534 2909 dispositione,
1560 2863 1619 2898 vel
1644 2863 1779 2906 habitu,

211 2916 327 2951 adhuc
351 2928 538 2951 remanere
561 2916 765 2958 maculam3
788 2924 825 2950 ut
848 2924 944 2961 patet
966 2917 1001 2950 in
1025 2928 1082 2958 eo,
1100 2917 1160 2963 qui
1182 2917 1346 2963 peccavit
1368 2916 1569 2952 mortaliter
1589 2915 1780 2963 prodigali-
