1907 3198
503 201 727 238 QUAESTIO
759 199 850 231 vm.
883 200 1132 232 ARTICULUS
1164 200 1227 231 111.
1591 202 1642 245 91

80 283 248 321 similiter
267 283 575 331 quandocumque
596 283 676 330 quis
700 283 779 318 vult
804 294 847 319 ea
873 294 966 331 quae
987 291 1071 319 sunt
1092 283 1137 318 ad
1159 282 1281 326 finem,
1307 282 1385 318 vult
1411 283 1544 319 eodem
1571 292 1653 320 actu

81 337 211 381 finem;
227 348 302 372 non
323 345 446 372 tamen
463 348 483 372 e
505 347 695 372 converso.

150 391 212 427 An
235 401 407 426 ‘reanum
421 390 740 437 dicendum‚quod
754 391 791 425 in
805 391 1021 426 executione
1040 391 1159 439 operis
1181 402 1224 426 ea
1245 401 1338 438 quae
1360 400 1443 426 sunt
1463 391 1508 426 ad
1531 391 1654 435 finem,

82 444 216 481 habent
227 456 266 480 se
283 453 322 480 ut
343 445 473 486 media,
495 452 530 479 et
551 443 631 479 finis
653 453 691 478 ut
707 444 902 479 terminus:
925 445 1020 480 unde
1042 445 1135 480 sicut
1149 453 1270 480 motus
1285 445 1458 480 naturalis
1472 446 1653 480 interdum

82 499 173 535 sistit
190 499 228 534 in
249 499 383 541 medio,
410 506 445 534 et
470 509 544 533 non
566 498 737 545 pertingit
767 498 812 532 ad
838 499 1053 533 terminum:
1082 499 1129 533 ita
1156 499 1374 546 quandoque
1400 507 1570 546 operatur
1596 500 1657 534 ali-

82 553 161 601 quis
180 553 216 588 id
237 553 335 600 quod
357 561 411 588 est
432 552 476 587 ad
498 551 619 594 finem,
642 560 677 587 et
693 561 816 587 tamen
838 563 913 586 non
936 553 1171 600 consequitur
1195 552 1322 587 finem:
1351 553 1413 588 sed
1436 555 1472 588 in
1493 553 1654 588 volendo

82 613 138 643 &t
155 617 175 642 e
195 617 386 642 converso.
409 605 504 640 Nam
526 606 694 641 voluntas
715 616 779 653 per
800 605 911 641 finem
933 606 1078 641 devenit
1097 607 1140 641 ad
1162 606 1360 642 volendum
1387 617 1430 641 ea
1450 618 1544 654 quae
1570 615 1655 642 sunt

83 659 128 696 ad
141 659 268 696 finem:
288 660 380 695 sicut
394 667 429 694 et
443 659 645 694 intellectus
659 660 804 695 devenit
817 659 853 694 in
868 659 1126 695 conclusiones
1140 672 1203 707 per
1217 660 1405 708 principia,
1427 671 1519 707 quae
1533 662 1654 696 media

0 731 5 744 ι
29 719 33 724 “
82 712 267 758 ἀίειιῐιώη
288 714 383 749 unde
405 713 609 749 intellectus
631 713 828 761 aliquando
849 713 1017 761 intelligit
1035 714 1210 757 medium,
1226 722 1261 749 et
1275 725 1318 749 ex
1333 725 1377 749 eo
1395 725 1470 749 non
1490 715 1656 762 procedit

11 762 46 811 ³,
81 767 128 805 ad
145 767 439 804 conclusionem:
462 776 497 804 et
517 766 683 803 similiter
709 767 880 803 voluntas
911 767 1107 815 aliquando
1129 768 1206 804 vult
1227 768 1350 811 finem,
1372 777 1408 804 et
1428 777 1551 804 tamen
1578 781 1654 804 non

9 837 29 852 ι»
81 811 246 872 procedit
265 822 310 858 ad
330 821 530 858 volendum
551 822 586 856 id
608 822 706 869 quod
728 829 782 857 est
803 822 847 857 ad
868 821 991 857 finem.
1022 822 1081 858 Ad
1102 822 1191 857 illud
1212 833 1312 865 vero,
1335 823 1463 870 quod
1455 835 1491 858 m
1513 831 1655 858 contra·

11 878 33 934 Q
80 876 177 913 rium
197 877 375 924 objicitur,
396 885 494 925 patet
514 876 648 912 solutio
669 888 733 924 per
754 887 807 920 ea,
829 888 922 924 quae
943 889 1051 925 supra
1072 877 1168 913 dicta
1186 885 1270 912 sunt
1295 877 1375 922 (art.
1392 884 1507 925 praec.
1526 878 1570 913 ad
1590 891 1609 915 2
1614 880 1653 923 .:)

80 941 169 967 nam
188 931 278 975 utile,
300 939 336 966 et
354 931 522 966 honestum
542 941 617 966 non
638 938 721 966 sunt
741 931 880 978 species
901 931 988 966 boni
1005 942 1049 967 ex
1068 942 1186 979 aequo
1203 931 1357 967 divisae:
1380 932 1443 967 sed
1462 943 1499 967 se
1518 932 1655 968 habent

81 984 175 1021 sicut
188 989 326 1033 propter
344 997 386 1028 se,
405 992 441 1020 et
452 990 591 1033 propter
611 985 772 1026 alterum,-
794 985 890 1020 unde
913 992 1013 1020 actus
1030 985 1228 1021 voluntatis
1246 986 1282 1021 in
1301 997 1415 1021 unum
1433 994 1554 1033 potest
1569 985 1654 1022 ferri

83 1038 161 1075 sine
179 1039 252 1074 hoc
273 1038 371 1088 quod
392 1037 527 1074 seratur
547 1038 584 1074 in
606 1038 779 1075 alterurn:
801 1038 863 1074 sed
886 1049 960 1074 non
982 1051 1002 1074 e
1023 1050 1215 1075 converso.

624 1309 983 1370 QUAESTIO
1023 1309 1110 1358 IX.

208 1432 273 1466 DE
296 1432 482 1466 MOTIVO
507 1432 823 1480 YOLUNTATIS,
853 1434 904 1466 IN
931 1434 1018 1467 SEX
1044 1434 1310 1467 ARTICULUS
1337 1435 1514 1467 DIVISA.

148 1573 290 1610 Deinde
311 1573 618 1610 considerandum
639 1583 694 1610 est
712 1575 758 1610 de
779 1575 920 1611 motivo
941 1575 1151 1612 voluntatis.

586 1665 631 1700 Et
650 1666 743 1700 circa
763 1665 826 1702 hoc
847 1671 1057 1713 quaeruntur
1075 1679 1141 1702 sex.

145 1733 282 1772 Primo.
303 1735 438 1772 Utrum
456 1734 627 1771 voluntas
649 1745 842 1772 moveatur
863 1737 906 1772 ab
928 1737 1126 1773 intellectu.

147 1788 329 1825 Secundo.
351 1789 486 1826 Utrum
506 1797 700 1826 moveatur
721 1791 763 1826 ab
787 1792 946 1839 appetitu
969 1792 1154 1827 sensitivo.

146 1841 286 1880 Tertio.
308 1843 442 1880 Utrum
463 1843 632 1880 voluntas
655 1854 803 1880 moveat
824 1846 994 1893 seipsam.

145 1896 303 1940 Quarto.
326 1897 460 1934 Utrum
481 1907 673 1934 moveatur
695 1899 737 1934 ab
761 1899 883 1947 aliquo
907 1900 1077 1935 exteriori
1099 1901 1292 1948 principio.

144 1950 298 1994 Quinto.
321 1951 455 1988 Utrum
475 1961 668 1988 moveatur
689 1965 707 1988 a
731 1965 884 2001 corpore
907 1954 1069 1990 coelesti.

145 2003 268 2042 Sexto.
288 2005 422 2042 Utrum
442 2006 613 2043 voluntas
630 2016 823 2043 moveatur
844 2019 864 2043 a
885 2008 966 2044 solo
984 2009 1078 2052 Deo,
1100 2009 1193 2044 sicut
1207 2009 1250 2044 ab
1269 2009 1438 2045 exteriori
1455 2010 1644 2058 principio.

7 1784 29 1829 ,θ

647 2151 997 2197 ARTICULUS
1026 2153 1060 2197 I.
1603 2167 1645 2214 56

302 2259 457 2292 UTRUM
489 2261 724 2292 VOLUNTAS
751 2262 994 2294 MOVEATUR
1026 2264 1080 2294 AB
1114 2263 1407 2295 INTELLECTU.

95 2345 197 2396 (Injr.
217 2359 250 2396 q.
266 2359 316 2396 17.
337 2353 406 2386 art.
424 2361 451 2386 1.
473 2354 550 2396 etq.
571 2353 626 2386 82.
649 2355 715 2386 art.
736 2362 769 2396 4.
792 2356 822 2387 et
850 2352 938 2387 Peri.
960 2364 990 2399 q.
1007 2363 1058 2397 14.
1080 2358 1146 2388 art.
1169 2364 1196 2388 1.
1218 2358 1248 2388 et
1269 2359 1403 2400 2.‹:tq.
1422 2364 1476 2388 22.
1499 2358 1564 2388 ‹tr-t
1587 2365 1618 2388 2.

246 2407 277 2439 cl
297 2402 383 2438 Mal.
409 2415 440 2450 q.
461 2415 495 2448 4.
517 2408 583 2439 art.
602 2415 633 2440 2.
655 2411 748 2452 corp.
771 2409 799 2440 et
820 2418 862 2452 13
885 2411 965 2453 etq.
989 2407 1021 2442 6.
1044 2413 1135 2454 torp.
1157 2406 1245 2442 clud
1265 2419 1316 2442 10.
1339 2407 1468 2453 clm..)-

85 2494 114 2514 ⁸
139 2491 202 2528 AD
219 2502 370 2529 numm
391 2493 442 2528 sic
463 2493 682 2541 proceditur.
703 2494 867 2537 Videtur,
889 2495 987 2542 quod
1008 2495 1178 2532 voluntas
1204 2508 1278 2531 non
1305 2505 1498 2532 moveatur
1524 2497 1566 2531 ab
1594 2496 1645 2531 in-

59 2542 234 2583 *tellectuz
255 2547 343 2582 dicit
360 2547 459 2582 enim
480 2547 635 2595 August.
657 2559 765 2596 super
785 2549 873 2584 illud
896 2549 990 2584 Psal.
1018 2550 1110 2585 118.:
1135 2550 1220 2586 Con
1217 2552 1303 2598 upiz
1306 2552 1337 2586 1'1
1354 2553 1468 2585 anima
1496 2563 1567 2586 mea
1589 2550 1644 2586 de-

68 2590 214 2637 ,imre
228 2601 480 2649 justificationes
501 2606 571 2637 luas
594 2601 700 2647 (conc.
716 2604 748 2639 8.
761 2610 870 2651 prop:
888 2604 934 2647 fin
938 2604 979 2648 .):
1002 2603 1104 2639 Prast
1107 2605 1186 2640 plat
1206 2605 1313 2640 intelle
1317 2611 1397 2647 clm,
1416 2606 1644 2652 sequiturmr-

65 2651 139 2698 k,
159 2658 222 2690 aut
237 2653 348 2690 nullm
367 2655 520 2701 affectus:
541 2657 661 2691 scirtius
682 2657 815 2699 bonum,
838 2669 895 2692 nec
917 2657 981 2692 ἀεὶ
977 2663 1051 2693 stat
1072 2671 1116 2705 ag
1116 2671 1167 2694 cer
1177 2658 1281 2693 :hoc
1304 2667 1514 2693 autemnon
1537 2667 1642 2701 esset,

60 2705 101 2743 fl
117 2706 288 2744 voluntas
309 2708 352 2744 ab
374 2707 559 2744 intellectu
582 2719 808 2753 moveretur;
830 2710 914 2758 quia
937 2719 1058 2746 motus
1081 2711 1225 2747 mobilis
1253 2712 1414 2759 sequitur
1436 2712 1642 2747 motionem

60 2761 271 2805 *mentm
289 2773 380 2810 ergo
401 2761 606 2798 intellectus
627 2775 701 2799 non
725 2773 849 2799 movet
869 2764 1110 2801 voluntatem.

77 2831 81 2835 ·
139 2823 174 2851 2.
193 2814 431 2853 Pul-:mem
453 2816 661 2853 Intellectus
683 2829 721 2853 se
743 2819 852 2854 habet
873 2819 917 2853 ad
939 2819 1165 2855 voluntatem
1197 2828 1235 2854 ut
1261 2819 1516 2855 demonstrans
1537 2831 1644 2868 appe-

59 2866 187 2906 efille:
206 2869 301 2906 sicut
320 2869 535 2918 imaginatio
561 2870 788 2908 demonstrat
809 2872 1002 2920 appetibile
1022 2874 1195 2921 appetitui
1217 2874 1407 2908 sensitivo:
1430 2874 1494 2909 sed
1515 2874 1643 2921 imagi-

60 2921 170 2959 natio
186 2922 441 2961 demonstrans
455 2924 650 2972 appetibile
661 2937 735 2962 non
752 2935 877 2962 movet
891 2927 1091 2974 appetitum
1110 2928 1340 2963 sensitivum:
1353 2927 1469 2963 immo
1483 2928 1644 2975 quando-
