1907 3198
527 173 750 210 QUAESTIO
784 173 841 203 VI.
875 171 1122 202 ARTICULUS
1155 170 1213 200 v1.
1601 169 1655 212 79

156 261 228 297 Sed
249 260 279 296 si
301 260 380 307 quis
402 266 499 294 recte
514 257 731 299 consideret,
746 257 851 302 magis
868 260 945 290 sunt
958 253 1146 301 hujusmodi
1159 253 1368 294 voluntaria,
1385 263 1486 298 quam
1506 251 1660 285 involun-

83 317 193 353 taria.-
214 321 298 350 sunt
319 313 417 348 enim
438 311 645 347 voluntaria
666 309 890 357 simpliciter,
912 307 1157 343 involuntaria
1180 314 1301 341 autem
1325 305 1526 340 secundum
1553 305 1656 352 quid:

24 381 28 389 ⁴
82 367 366 416 unumquodque
389 368 486 402 enim
508 364 720 412 simpliciter
742 374 820 398 esse
842 363 983 404 dicitur,
1006 361 1208 397 secundum
1230 359 1327 407 quod
1351 367 1404 394 cst
1426 359 1460 393 in
1484 367 1587 393 actu:
1608 369 1660 393 se-

37 384 61 474 ’ξ
81 423 239 460 cundum
261 430 382 456 autem
405 420 502 468 quod
524 427 578 454 est
598 419 633 452 in
656 417 734 452 sola
757 416 1059 464 apprehensione,
1082 426 1157 449 non
1186 422 1239 449 est
1267 413 1493 460 simpliciter,
1516 413 1578 447 sed
1607 424 1660 447 se-

36 482 57 533 12
82 477 242 514 cundum
263 475 360 523 quid.
384 475 464 509 Hoc
487 481 621 515 autem,
644 471 741 519 quod
759 482 822 518 per
835 478 975 505 metum
992 469 1120 515 agitur,
1136 467 1338 503 secundum
1355 467 1424 501 hoc
1446 474 1499 501 est
1515 466 1550 500 in
1564 474 1658 508 actu,

46 540 57 549 ·
81 530 281 568 secundum
304 529 402 576 quod
434 528 491 563 fit:
514 538 598 562 cum
620 526 718 560 enim
746 533 847 559 actus
871 524 905 558 in
934 523 1176 569 singularibus
1204 522 1284 563 sint,
1312 521 1495 565 singulare
1523 529 1657 562 autem,

40 575 56 599 ⁸
81 585 299 633 inquantum
320 581 543 628 hujusmodi,
566 588 619 616 est
639 579 698 614 hic
721 587 756 614 et
777 590 885 621 nunc,
907 577 1109 612 secundum
1124 577 1196 611 hoc
1213 576 1246 610 id
1270 575 1367 622 quod
1387 574 1425 609 slt
1447 575 1548 609 estin
1565 582 1659 616 actu,

82 637 284 676 secundum
306 637 404 684 quod
425 644 479 671 est
495 635 555 670 hic
579 642 613 669 et
633 645 742 676 nunc,
765 640 799 668 et
813 633 878 667 sub
903 632 981 666 aliis
1003 630 1273 665 conditionibus
1288 628 1580 663 individualibus.
1598 627 1658 662 Sic

85 698 205 730 autern
225 691 312 734 hoc,
333 690 431 738 quod
454 689 493 724 fit
513 700 576 736 per
597 696 748 730 metum,
770 695 824 722 est
844 685 1104 727 voluntarium,
1127 685 1343 731 inquantum
1365 683 1504 717 scilicet
1526 689 1578 717 est
1599 682 1658 716 hic

84 752 251 789 etuunc3
273 753 381 793 prout
414 743 554 779 scilicet
582 743 618 777 in
639 742 712 776 hoc
736 752 822 776 casu
844 747 898 775 est
924 739 1230 786 impedimentum
1261 737 1410 783 majoris
1433 736 1532 778 mali,
1559 735 1657 783 quod

82 800 294 837 timebatur:
318 799 411 834 sicut
437 797 613 845 projectio
641 795 818 830 mercium
842 795 876 828 in
899 805 1000 828 mare
1022 792 1061 827 fit
1081 792 1329 827 voluntarium
1344 799 1510 838 tempore
1524 798 1661 836 tempe-

83 854 197 897 statis,
213 860 361 901 propter
374 854 545 887 timorem
560 849 730 898 periculi:
746 849 841 884 unde
856 846 1090 882 manifestum
1110 854 1174 889 est,
1189 846 1286 892 quod
1309 844 1522 892 simpliciter
1534 843 1660 878 volun-

84 908 218 945 tarium
244 915 314 950 est;
341 906 434 942 unde
462 913 497 940 et
525 904 699 951 competit
726 903 757 938 ei
784 903 876 937 ratio
902 901 1117 944 voluntarii3
1147 901 1231 947 quia
1264 899 1483 947 principium
1510 899 1585 944 ejus
1607 905 1661 932 est

38 950 43 959 ⁸
85 962 190 998 intra.
213 961 285 997 Sed
306 960 404 1008 quod
427 959 625 1006 accipiatur
646 958 680 992 id
702 957 799 1004 quod
821 968 885 1004 per
906 963 1044 991 metum
1067 955 1117 997 fit,
1139 962 1177 990 ut
1199 962 1297 989 extra
1319 954 1416 988 hunc
1440 964 1567 987 casum
1590 952 1665 987 exi—

85 1025 195 1059 stens,
216 1022 324 1063 prout
337 1021 514 1062 repugnat
527 1012 717 1054 voluntati,
736 1011 806 1046 hoc
826 1022 900 1045 non
923 1017 976 1045 est
996 1009 1065 1044 nisi
1083 1009 1285 1044 secundum
1304 1008 1485 1043 rationem
1503 1014 1656 1042 tantum:

86 1079 123 1107 et
142 1070 225 1105 ideo
247 1077 301 1104 est
318 1067 602 1104 involuntarium
618 1065 819 1101 secundum
837 1064 935 1112 quid,
953 1064 1044 1098 idest
1058 1071 1166 1110 prout
1183 1062 1435 1098 consideratur
1449 1069 1548 1097 extra
1562 1060 1660 1095 hunc

88 1135 213 1160 casum
237 1123 404 1158 existens.

158 1177 220 1213 AD
240 1185 390 1212 numm
411 1184 500 1221 ergo
522 1173 730 1215 dicendum,
749 1172 847 1218 quod
870 1182 912 1206 ea
927 1182 1020 1218 quae
1035 1179 1190 1217 aguntur
1204 1181 1266 1218 per
1281 1178 1433 1212 metum,
1448 1177 1483 1204 et
1497 1179 1560 1216 per
1573 1169 1660 1211 vim,

86 1241 162 1267 non
182 1229 301 1266 solum
319 1227 489 1263 differunt
502 1227 704 1262 secundum
717 1236 900 1272 praesens,
917 1233 951 1260 et
972 1224 1145 1267 futurum,
1161 1224 1223 1259 sed
1239 1225 1348 1259 etiam
1363 1223 1564 1259 secundum
1575 1223 1661 1265 hoc,

86 1283 184 1333 quod
210 1283 247 1318 in
273 1293 318 1318 eo
343 1281 442 1329 quod
469 1281 587 1328 agitur
613 1291 676 1327 per
701 1280 788 1321 vim,
816 1278 986 1313 voluntas
1012 1289 1086 1313 non
1114 1278 1305 1320 consentit,
1331 1278 1395 1312 sed
1421 1277 1574 1312 omnino
1609 1284 1662 1311 est

85 1344 215 1374 eontra
238 1344 384 1371 motum
409 1334 626 1370 voluntatis:
654 1333 716 1368 sed
738 1333 786 1375 id,
813 1333 911 1379 quod
938 1343 1002 1378 per
1027 1340 1166 1367 metum
1195 1332 1323 1378 agitur,
1350 1331 1389 1366 fit
1413 1331 1660 1366 voluntarium

85 1390 182 1434 ideo,
196 1390 281 1438 quia
294 1397 418 1424 motus
430 1388 629 1424 voluntatis
650 1386 762 1422 fertur
775 1387 810 1421 in
824 1386 871 1429 id,
893 1386 979 1421 licet
992 1397 1067 1421 non
1082 1394 1229 1433 propter
1250 1386 1422 1432 seipsum,
1437 1385 1500 1420 sed
1515 1393 1662 1432 propter

87 1443 197 1487 aliud,
218 1443 357 1480 scilicet
377 1443 422 1478 ad
443 1441 695 1488 repellendum
717 1440 869 1483 malurn,
891 1440 989 1487 quod
1015 1440 1182 1475 timetur:
1204 1439 1335 1475 sufficit
1361 1441 1459 1474 enim
1486 1439 1530 1473 ad
1552 1439 1661 1474 ratio—

84 1509 171 1535 nem
191 1497 398 1546 voluntarii,
420 1496 519 1544 quod
545 1496 590 1532 sit
610 1503 757 1543 propter
783 1494 880 1530 aliud
902 1494 1161 1529 voluntarium.
1188 1493 1448 1529 Voluntarium
1470 1494 1569 1528 enim
1595 1501 1660 1536 est,

85 1562 162 1588 non
182 1551 304 1587 solum
325 1551 422 1599 quod
444 1558 592 1598 propter
606 1550 766 1597 seipsum
788 1548 972 1592 volumus,
987 1556 1025 1583 ut
1043 1548 1165 1591 finem,
1188 1548 1249 1583 sed
1273 1548 1384 1583 etiam
1402 1548 1499 1595 quod
1515 1555 1662 1595 propter

87 1604 184 1642 aliud
198 1605 383 1648 volumus,
397 1612 437 1640 ut
449 1611 597 1652 propter
610 1603 739 1646 finem;
761 1610 859 1650 patet
881 1614 982 1650 ergo,
996 1603 1094 1650 quod
1115 1603 1152 1637 in
1174 1613 1232 1645 eo,
1246 1602 1343 1649 quod
1366 1613 1430 1649 per
1442 1603 1517 1636 vim
1532 1602 1661 1648 agitur,

84 1660 256 1696 voluntas
276 1660 427 1696 interior
446 1659 539 1694 nihil
561 1659 636 1706 agit
657 1658 719 1704 [al.
742 1658 896 1694 additur:
919 1657 971 1693 sed
991 1659 1026 1692 in
1049 1669 1096 1701 eo,
1119 1657 1205 1704 quod
1217 1663 1278 1704 per
1304 1662 1425 1692 metum
1452 1658 1576 1704 agitur,
1602 1668 1661 1691 zio-

85 1715 194 1751 luntas
214 1714 344 1762 aliquid
363 1713 459 1761 agit}
481 1713 526 1748 Et
547 1713 642 1755 ideo,
664 1720 703 1747 ut
725 1712 881 1759 Gregor.
903 1711 1059 1759 Nyssen.
1081 1711 1168 1746 dicit
1190 1711 1268 1756 (loc.
1295 1717 1364 1758 sup.
1386 1711 1460 1757 cit.)
1482 1711 1526 1746 ad
1545 1710 1663 1746 exclu-

85 1769 245 1805 dendum
266 1780 321 1812 ea,
334 1779 427 1816 quae
443 1779 509 1814 per
527 1775 665 1802 metum
688 1775 855 1813 aguntur,
870 1767 906 1801 in
921 1765 1131 1800 definitione
1144 1766 1281 1800 violenti
1294 1776 1369 1800 non
1384 1764 1505 1800 solum
1520 1765 1661 1807 dicitur,

85 1822 183 1871 quod
203 1823 387 1858 violentum
408 1827 462 1864 est,
486 1824 579 1868 cujus
596 1822 805 1869 principium
827 1825 871 1856 est
891 1825 998 1862 extra,
1022 1820 1083 1855 sed
1107 1820 1260 1862 additur,
1287 1820 1372 1854 nihil
1389 1820 1570 1866 conferente
1591 1813 1661 1854 'vim

28 1911 37 1913 ,
81 1882 195 1926 passo:
218 1877 303 1925 quia
325 1877 369 1912 ad
390 1876 438 1920 id,
459 1876 558 1923 quod
581 1875 699 1922 agitur
719 1886 783 1921 per
805 1883 956 1917 metum,
977 1873 1146 1909 voluntas
1169 1874 1329 1909 timentis
1352 1874 1486 1921 aliquid
1509 1873 1660 1908 confert.

32 1928 33 1931 ¹
156 1931 217 1967 AD
231 1941 440 1967 SECUNDUM
455 1930 664 1972 dicendum,
680 1929 777 1976 quod
793 1940 846 1971 ea,
861 1940 954 1975 quae
970 1927 1134 1963 absolute
1150 1929 1328 1970 dicuntur,
1343 1928 1505 1975 quolibet
1526 1928 1661 1970 addito,

30 1990 46 2003 ''
82 1993 275 2022 remanent
294 1984 399 2028 talia;
421 1984 514 2019 sicut
535 1980 707 2026 calidu'm,
730 1990 765 2018 et
787 1982 928 2018 album:
952 1982 1015 2018 sed
1037 1993 1092 2025 ea,
1118 1994 1211 2029 quae
1233 1982 1381 2017 relative
1403 1983 1582 2024 dicuntur,
1604 1993 1662 2016 va-

36 2079 38 2083 ,
84 2039 223 2075 riantur
242 2039 445 2075 secundum
467 2037 784 2086 comparationem
807 2037 850 2071 ad
873 2037 1034 2072 diversa:
1050 2036 1145 2083 quod
1170 2037 1267 2071 enim
1290 2044 1343 2071 est
1365 2048 1541 2082 magnum
1563 2047 1662 2070 com-

36 2111 44 2135 ;
82 2101 252 2142 paratum
271 2093 370 2136 huic,
392 2101 446 2128 est
467 2104 619 2139 parvum
642 2100 896 2139 comparatum
911 2090 1032 2126 alteri:
1051 2090 1298 2125 voluntarium
1314 2098 1436 2125 autern
1458 2091 1588 2125 dicitur
1602 2090 1662 2124 ali-

34 2156 54 2203 g:
85 2148 183 2197 quid,
208 2159 284 2184 non
310 2147 431 2183 solum
459 2154 608 2194 propter
634 2158 672 2181 se
699 2146 802 2193 quasi
829 2145 1005 2187 absolute,
1033 2145 1094 2179 sed
1122 2145 1233 2180 etiam
1259 2154 1407 2192 propter
1435 2144 1531 2179 aliud
1559 2144 1661 2192 quasi

30 2211 52 2252 μ
83 2201 254 2246 relative3
277 2209 312 2237 et
333 2201 418 2237 ideo
438 2200 529 2236 nihil
556 2200 736 2248 prohibet,
764 2199 899 2246 aliquid
927 2199 1025 2246 quod
1048 2200 1092 2234 de
1113 2210 1150 2234 se
1177 2210 1252 2234 non
1279 2208 1374 2234 esset
1399 2199 1659 2241 voluntarium,

27 2241 52 2328 ᾇ
87 2255 190 2292 alteri
211 2263 464 2304 comparatum
482 2255 559 2290 fieri
581 2254 841 2296 voluntarium,
863 2264 926 2301 per
947 2253 1262 2300 comparationem
1285 2254 1327 2288 ad
1351 2254 1460 2288 aliud.

86 2364 223 2400 ditione
244 2372 299 2400 est
317 2363 579 2405 voluntarium,
600 2363 692 2397 idest
713 2362 913 2397 secundum
936 2362 1032 2408 quod
1049 2370 1130 2396 actu
1146 2362 1282 2408 agitur3
1298 2362 1359 2397 sed
1375 2362 1660 2397 involuntarium

86 2426 141 2455 est
160 2419 225 2454 sub
247 2418 470 2460 conditione,
491 2417 584 2452 idest
605 2417 633 2452 si
652 2416 733 2451 talis
756 2424 872 2451 metus
890 2427 965 2450 non
988 2416 1211 2459 immineret;
1229 2416 1323 2451 unde
1339 2416 1540 2451 secundum
1559 2416 1659 2450 illam

86 2471 267 2512 rationem
289 2472 406 2519 magis
428 2479 548 2520 potest
569 2470 740 2506 concludi
761 2471 982 2518 oppositum.

623 2559 972 2606 ARTICULUS
1007 2560 1108 2604 vn.
1614 2582 1659 2618 47

284 2652 440 2684 UTRUM
465 2652 849 2683 CONCUPISCENTIA
879 2652 1049 2683 CAUSET
1078 2652 1460 2683 INVOLUNTARIUM.

158 2310 220 2346 AD
239 2320 412 2346 TERTmM
431 2309 639 2352 dicendum,
661 2309 758 2355 quod
781 2307 881 2350 illud,
903 2307 1000 2355 quod
1023 2319 1088 2354 per
1108 2316 1248 2342 metum
1271 2308 1400 2354 agitur,
1423 2308 1558 2354 absque
1577 2319 1662 2342 con-

26 2722 55 2877 ἒ
312 2722 652 2770 (2-2.q.142.ar1.1.
668 2730 759 2771 corp.
774 2728 803 2758 et
814 2735 841 2770 3.
857 2723 967 2759 Eehic.
982 2723 1051 2758 lect.
1066 2735 1092 2768 3.
1111 2735 1233 2769 com.5.
1248 2722 1356 2757 cllect.
1372 2722 1436 2766 4.).

35 2659 54 2718 t·

158 2794 219 2831 AD
240 2805 434 2831 εεΡτιΜυΜ
456 2794 507 2830 sic
530 2794 747 2842 proceditur.
771 2793 933 2836 Videtur,
956 2794 1054 2841 quod
1082 2794 1380 2840 concupiscentia
1408 2801 1533 2828 causet
1560 2792 1658 2826 invo-

32 2875 50 2940 ὦ.
88 2846 307 2893 luntarium3
328 2849 421 2884 sicut
442 2849 541 2884 enim
563 2856 681 2884 metus
703 2856 757 2884 est
778 2849 957 2896 quaedam
981 2849 1114 2896 passio,
1136 2849 1184 2883 ita
1203 2857 1237 2883 et
1259 2847 1574 2894 concupiscentia:
1597 2847 1658 2882 sed

39 3002 46 3016 .

90 2909 209 2939 metus
229 2911 354 2938 causat
371 2903 649 2950 quodammodo
671 2902 972 2946 involuntarium3
996 2913 1084 2949 ergo
1106 2903 1215 2937 ctiam
1236 2901 1542 2948 concupiscentia.

29 2947 39 2964 Α
