1907 3198
496 174 718 211 QUAESTIO
752 173 929 204 LXXXIV.
963 172 1208 203 ARTICULUS
1238 171 1300 201 111.
1581 160 1661 214 603

100 256 164 293 sed
182 264 376 304 peccatum
396 255 527 291 dicitur
547 266 611 302 per
628 255 870 302 privationem
891 254 1048 297 ordinis;
1069 264 1158 299 ergo
1180 260 1372 300 peccatum
1393 262 1468 286 non
1490 251 1599 286 habet
1616 262 1668 285 ra-

97 311 238 346 tionem
259 309 404 356 capitis:
427 317 463 343 et
483 308 532 343 ita
554 319 628 342 non
650 309 782 344 debent
804 308 891 355 poni
914 308 1034 354 aliqua
1056 307 1225 352 capitalia
1247 314 1408 352 peccata.

174 374 204 410 3.
229 362 467 399 PRAETEREA.
495 362 677 409 Capitalia
704 363 855 396 crimina
882 362 1060 403 dicuntur,
1087 371 1180 407 quae
1203 360 1325 411 ‘capite
1353 359 1576 405 plectuntur:
1604 358 1666 392 sed

97 415 162 452 tali
182 427 301 463 poena
324 416 521 463 puniuntur
541 415 719 462 quaedam
747 424 896 462 peccata
918 415 953 449 in
976 414 1126 461 singulis
1149 413 1359 459 generibus;
1388 423 1476 458 ergo
1503 411 1590 446 vitia
1613 422 1669 445 ca-

97 469 223 518 pitalia
243 480 319 505 non
339 477 422 504 sunt
443 468 563 516 aliqua
585 469 823 504 determinata
845 468 1046 503 secundum
1069 467 1240 514 speciem.

170 522 246 559 SED
272 533 428 559 CONTRA
455 531 520 564 est,
542 523 639 569 quod
668 522 822 568 Gregor.
854 533 906 568 31.
936 521 1028 556 Mor.
1050 522 1146 568 (cap.
1174 532 1223 567 17.
1250 531 1363 555 versus
1375 519 1457 566 fin.)
1479 526 1670 553 enumerat

96 575 277 625 quaedam
301 575 473 623 specialia
494 575 592 617 vitia,
613 587 706 622 quae
727 576 814 610 dicit
834 586 913 610 esse
934 575 1106 623 capitalia.

168 629 400 666 Rnsrouneo
421 629 629 671 dicendum,
643 629 741 676 quod
755 629 897 676 capitale
917 629 1048 663 dicitur
1062 639 1082 662 a
1097 627 1233 674 capite:
1257 634 1364 673 caput
1379 634 1501 661 autem
1522 624 1667 672 proprie

97 682 513 732 quidemestquoddam
528 683 734 717 membrum
750 682 928 723 animalis,
947 682 1044 728 quod
1067 689 1120 716 est
1141 681 1372 728 principium,
1395 688 1430 714 et
1451 678 1666 714 directivum

96 736 209 773 totius
229 735 416 772 animalis:
440 736 535 771 unde
555 736 805 782 metaphorice
827 747 937 770 omne
959 735 1188 782 principium,
1211 743 1246 769 et
1267 733 1481 769 directivum
1500 737 1671 779 caputvo-

96 797 218 826 catur:
240 797 276 825 et
295 789 407 825 etiam
425 789 606 831 homines,
625 789 686 836 qui
705 789 796 824 alios
811 789 981 835 dirigunt,
999 796 1035 823 et
1052 789 1265 834 gubernant,
1286 788 1396 835 capita
1419 787 1574 822 aliorum
1591 797 1669 821 esse

96 843 278 879 dicunnar.
303 843 448 878 Dicitur
471 854 562 890 ergo
587 843 715 877 vitium
743 842 896 889 capitale
920 854 984 876 uno
1006 842 1102 876 modo
1124 853 1143 876 a
1171 842 1287 888 capite
1317 841 1460 888 proprie
1490 840 1609 882 dicto;
1635 847 1671 874 et

96 895 299 933 secundum
321 896 394 932 hoc
414 904 607 943 peccatum
634 895 788 942 capitale
810 895 940 930 dicitur
966 902 1169 941 peccatum,
1191 895 1288 941 quod
1316 894 1443 941 capitis
1464 904 1583 940 poena
1610 904 1671 939 pu-

97 950 212 987 nitur:
225 949 290 986 sed
303 949 355 985 sic
369 960 467 985 nunc
481 960 555 984 non
571 949 792 985 intendimus
807 949 851 984 de
865 948 1078 996 capitalibus
1093 949 1262 995 peccatis,
1278 948 1340 983 sed
1355 947 1555 983 secundum
1572 947 1669 992 quod

96 1003 166 1040 alio
189 1003 288 1039 modo
309 1003 439 1038 dicitur
464 1012 657 1050 peccatum
683 1003 851 1050 capitale,
881 1011 988 1048 prout
1018 1002 1267 1049 metaphorice
1294 1001 1413 1048 signat
1440 1000 1670 1048 principium,

97 1055 158 1092 vel
177 1056 393 1093 directivum
407 1055 584 1091 aliorum:
604 1065 640 1092 et
661 1056 711 1091 sic
734 1056 864 1090 dicitur
877 1056 1006 1090 vitium
1021 1055 1187 1101 capitale,
1210 1067 1252 1090 ex
1275 1065 1348 1102 quo
1363 1054 1433 1089 alia
1447 1054 1534 1089 vitia
1552 1054 1671 1088 oriun-

95 1118 167 1154 tur,
186 1118 225 1147 et
239 1110 438 1164 praecipu}
454 1110 657 1146 secundum
675 1110 857 1156 originem
879 1120 1010 1144 causae
1032 1109 1160 1151 finalis,
1184 1120 1276 1155 quae
1295 1117 1349 1143 est
1367 1107 1530 1143 formalis
1552 1107 1670 1153 origo,

98 1172 138 1201 ut
157 1175 266 1212 supra
283 1164 423 1200 dictum
439 1172 495 1199 est
511 1165 560 1211 (q.
584 1164 634 1200 18.
655 1169 722 1199 art.
737 1165 770 1199 6.
789 1168 818 1199 et
835 1175 865 1210 q.
888 1174 940 1210 72.
963 1167 1029 1198 art.
1053 1163 1116 1208 6.),
1128 1170 1163 1197 et
1182 1162 1263 1197 ideo
1278 1162 1405 1196 vitium
1426 1160 1578 1207 capitale
1592 1171 1667 1194 non

103 1216 226 1254 solum
251 1224 308 1253 est
330 1216 549 1264 principium
575 1217 745 1258 aliorum,
775 1216 837 1251 sed
868 1216 978 1251 etiam
1009 1224 1063 1251 est
1090 1216 1316 1257 directivum,
1338 1223 1373 1250 et
1393 1214 1670 1261 quodammodo

97 1270 286 1306 ductivum
299 1270 476 1306 aliorum:
497 1280 641 1317 semper
657 1271 755 1305 enim
775 1280 842 1312 ars,
860 1269 918 1304 vel
938 1269 1095 1312 habitus,
1111 1269 1154 1304 ad
1173 1280 1283 1316 quem
1298 1269 1452 1315 pertinet
1470 1267 1561 1309 finis,
1579 1267 1672 1313 prin-

98 1324 251 1372 cipatur,
270 1331 308 1360 et
326 1324 483 1371 imperat
506 1324 604 1358 circa
629 1334 673 1358 ea
699 1334 791 1370 quae
818 1331 900 1358 sunt
926 1323 970 1357 ad
992 1322 1120 1363 finem;
1148 1323 1243 1357 unde
1274 1322 1428 1368 Gregor.
1463 1332 1515 1368 31.
1538 1320 1668 1356 Moral.

98 1376 188 1426 (cap.
209 1388 260 1426 17.
280 1389 304 1414 a
321 1377 422 1424 med.)
441 1377 653 1424 hujusmodi
672 1377 760 1412 vitia
782 1376 950 1424 capitalia
971 1376 1123 1411 ducibus
1145 1376 1368 1411 exercituum
1391 1383 1590 1422 comparat.

170 1431 233 1468 An
251 1441 403 1468 numu
420 1441 510 1477 ergo
528 1431 735 1472 dicendum,
757 1430 855 1477 quod
877 1430 1017 1477 capitale
1040 1430 1171 1464 dicitur
1191 1429 1464 1464 denominative
1487 1439 1506 1462 a
1530 1428 1666 1474 capite:

97 1485 197 1534 quod
224 1485 373 1533 quidem
399 1491 454 1520 est
478 1495 542 1531 per
566 1484 765 1531 quamdam
795 1483 1072 1525 derivationem,
1097 1483 1156 1518 vel
1186 1482 1500 1529 participationem
1530 1481 1668 1528 capitis,

97 1539 192 1575 sicut
210 1538 349 1574 habens
370 1537 530 1585 aliquam
551 1538 811 1585 proprietatem
830 1537 970 1584 capitis,
992 1545 1027 1572 et
1048 1548 1122 1571 non
1141 1537 1234 1571 sicut
1254 1535 1467 1582 simpliciter
1486 1544 1612 1581 caput;
1635 1543 1670 1569 et

98 1591 183 1628 ideo
202 1590 372 1639 capitalia
395 1591 484 1626 vitia
509 1591 678 1626 dicuntur
703 1602 776 1625 non
804 1590 925 1625 solum
952 1590 1026 1632 illa,
1053 1601 1146 1637 quae
1168 1590 1302 1625 habent
1329 1589 1509 1624 rationem
1531 1589 1670 1635 primae

97 1645 260 1693 originis,
279 1645 374 1680 sicut
394 1644 556 1687 avaritia,
576 1655 670 1691 quae
685 1638 822 1679 'dicitur
843 1644 954 1687 radix,
977 1652 1012 1678 et
1033 1643 1213 1691 superbia,
1235 1654 1328 1690 quae
1355 1643 1485 1677 dicitur
1512 1643 1644 1677 initium
1658 1655 1669 1682 ,-

97 1698 162 1735 sed
181 1698 294 1734 etiam
319 1697 394 1742 illa,
415 1708 509 1745 quae
529 1697 666 1732 habent
686 1698 865 1732 rationem
893 1697 1045 1744 originis
1072 1697 1297 1744 propinquae
1324 1704 1491 1744 respectu
1512 1695 1669 1744 plurium

99 1759 349 1802 peccatorum.
1225 1795 1229 1799 ¹

172 1806 234 1842 An
254 1815 463 1842 stetmmm
484 1804 693 1847 dicendum,
715 1804 814 1851 quod
843 1812 1034 1850 peccatum
1057 1812 1155 1840 caret
1177 1804 1304 1839 ordine
1326 1816 1368 1839 ex
1390 1812 1491 1851 parte
1519 1803 1674 1838 aversio-

94 1859 173 1895 nis:
187 1869 232 1895 ex
243 1859 314 1894 hac
331 1859 430 1894 enim
443 1866 544 1905 parte
561 1858 671 1893 habet
685 1858 867 1893 rationem
883 1858 991 1892 mali:
1012 1858 1150 1892 malum
1165 1866 1286 1893 autem
1302 1858 1501 1892 secundum
1517 1857 1671 1903 August.

98 1912 243 1949 inlibro
263 1912 309 1948 de
328 1911 468 1947 Natura
490 1912 583 1946 Boni
605 1911 696 1959 (cap.
725 1913 776 1957 4.)
798 1920 852 1947 est
869 1913 1023 1958 privatio
1044 1911 1148 1954 modi,
1169 1913 1296 1959 speciei,
1320 1920 1355 1946 et
1375 1911 1514 1946 ordinis:
1541 1911 1601 1946 sed
1629 1922 1671 1946 ex

97 1974 201 2014 parte
213 1965 465 2002 conversionis
484 1965 630 2012 respicit
650 1965 836 2012 quoddam
855 1965 1006 2008 bonum,
1024 1973 1060 2000 et
1078 1965 1161 2000 ideo
1183 1977 1225 2000 ex
1247 1966 1316 2000 hac
1339 1973 1439 2012 parte
1461 1964 1591 1999 dicitur
1611 1965 1673 1999 ha-

98 2019 185 2056 bere
204 2019 384 2055 ordinem.

169 2072 232 2110 AD
257 2082 430 2109 mrum
451 2072 660 2114 dicendum,
681 2072 779 2119 quod
801 2071 862 2106 illa
884 2071 976 2107 ratio
1005 2072 1170 2119 procedit
1191 2072 1235 2107 de
1259 2071 1404 2119 capitali
1430 2080 1595 2119 peccato,
1617 2083 1672 2107 se-

98 2126 261 2164 eundum
279 2126 379 2175 quod
399 2126 531 2162 dicitur
551 2137 571 2161 a
592 2134 693 2161 reatu
716 2136 869 2173 poenae,
891 2126 941 2161 sic
964 2134 1086 2160 autem
1108 2126 1167 2161 hic
1189 2137 1265 2161 non
1287 2126 1483 2173 loquimur.

660 2269 1006 2315 ARTICULUS
1048 2270 1124 2314 IV.
1602 2291 1665 2326 45¹

181 2377 340 2411 unum
374 2378 713 2411 conversum-rna
742 2378 969 2410 meam-ua
995 2378 1164 2409 SEPTEM
1190 2378 1311 2409 vlm
1337 2377 1586 2409 εΑΡιτΑιῐΑ.

403 2466 451 2512 (2.
479 2466 568 2502 Dist.
594 2477 650 2512 4²·
678 2478 709 2513 q.
736 2477 767 2502 2.
793 2471 858 2502 art.
881 2478 909 2513 3.
935 2471 964 2501 ct
992 2465 1076 2502 Mal.
1104 2478 1134 2513 q.
1161 2466 1194 2502 S.
1221 2471 1285 2502 art.
1313 2466 1368 2509 1.).

172 2554 235 2592 An
247 2563 437 2596 αυΑιτυκ
452 2554 503 2590 sic
517 2554 736 2601 proceditur.
759 2553 921 2596 Videtur,
943 2554 1042 2601 quod
1063 2565 1137 2589 non
1160 2554 1206 2589 sit
1226 2554 1421 2589 dicendum
1438 2561 1577 2599 septem
1593 2564 1670 2588 esse

91 2607 189 2644 ‘vitia
215 2607 397 2656 capitalia,
424 2618 519 2656 quae
546 2615 648 2643 sunt:
677 2609 787 2642 inanis
806 2608 928 2653 gloria,
958 2607 1100 2650 invidia,
1127 2609 1191 2649 ira,
1225 2609 1387 2647 avaritia,
1411 2608 1559 2649 tristitia,
1579 2607 1671 2652 gula,

100 2660 252 2698 Μανία.
272 2661 428 2698 Peccata
441 2661 540 2697 enim
554 2661 744 2696 virtutibus
762 2669 1013 2708 opponuntur:
1036 2661 1183 2696 virtutes
1207 2669 1328 2696 autem
1350 2660 1567 2707 principales
1589 2669 1671 2695 sunt

100 2723 269 2763 quatuor,
284 2723 324 2751 ut
339 2724 448 2762 supra
468 2714 606 2750 dictum
621 2722 674 2749 est
689 2714 734 2761 (q.
757 2715 809 2750 61.
827 2720 892 2750 art.
915 2725 946 2750 2.
968 2719 998 2749 et
1017 2715 1076 2761 3.),·
1093 2726 1181 2761 ergo
1197 2723 1231 2749 et
1246 2714 1331 2749 vitia
1353 2713 1576 2760 principalia,
1595 2714 1670 2748 sive

101 2767 271 2817 copitalia
291 2778 366 2803 non
388 2775 471 2803 sunt
487 2767 557 2803 uisi
577 2774 743 2814 quatuor.
985 2776 994 2785 ·

174 2830 209 2858 2.
230 2821 478 2858 Prummu-³
495 2821 689 2856 Passiones
711 2820 855 2856 animae
875 2829 958 2856 sunt
979 2821 1159 2868 quaedam
1182 2832 1313 2856 causae
1336 2820 1486 2867 pcccati,
1504 2828 1542 2854 ut
1563 2831 1671 2867 supra

100 2873 242 2911 &mm
261 2881 317 2911 α
330 2873 377 2922 (q.
394 2874 482 2922 77.):
495 2874 558 2910 sed
571 2874 760 2921 passiones
780 2873 924 2910 animae
937 2874 1154 2921 principales
1168 2882 1250 2910 sunt
1263 2882 1429 2921 quatuor,
1451 2874 1495 2908 dc
1516 2885 1669 2920 quarum
