1907 3182
265 198 346 240 392
697 195 916 231 QUAESTIO
951 195 1050 225 LVII.
1085 195 1328 225 ARTICULUS
1362 195 1389 224 1.

262 290 337 313 non
355 278 541 325 perficiant
563 285 701 324 partem
731 277 976 323 appetitivam,
1006 288 1072 310 nec
1097 276 1217 322 aliquo
1248 275 1359 310 modo
1389 276 1504 322 ipsam
1534 276 1737 322 respiciant,
1759 276 1823 311 sed

262 332 380 367 solam
400 332 670 373 intellectivam,
694 339 843 376 possunt
869 330 1013 376 quidem
1042 329 1112 364 dici
1133 330 1291 372 virtutes,
1314 329 1528 375 inquantum
1553 328 1690 363 faciunt
1714 328 1823 363 facul-

263 395 374 421 tatem
394 386 510 420 bonae
539 385 769 431 operationis,
798 395 889 429 quae
917 391 969 417 est
996 383 1236 417 consideratio
1263 383 1357 425 veri;
1384 383 1455 416 hoc
1484 382 1581 416 enim
1607 390 1660 416 est
1684 382 1823 416 bonum

264 452 353 487 opus
375 439 594 473 intellectus:
617 449 691 471 non
712 446 834 471 tamen
854 437 1019 471 dicuntur
1040 437 1187 470 virtutes
1209 437 1369 470 secundo
1386 436 1508 478 modo,
1532 436 1634 482 quasi
1650 435 1823 470 facientes

262 495 353 528 bene
369 495 418 528 uti
432 494 603 540 potentia,
617 504 678 526 seu
693 492 833 526 habitu:
851 502 892 525 ex
906 491 976 525 hoc
993 491 1089 525 enim
1103 491 1199 537 quod
1216 490 1341 537 aliquis
1353 491 1461 525 habet
1473 491 1637 524 habitum
1651 490 1823 525 scientiae

262 547 515 594 speculativae,
537 557 609 579 non
632 545 823 579 inclinatur
853 545 897 578 ad
920 545 1116 586 utendum3
1139 544 1200 578 sed
1222 544 1261 578 fit
1286 552 1413 590 potens
1436 543 1614 590 speculari
1635 555 1762 578 verum
1788 545 1824 578 in

262 601 330 642 his,
353 612 506 646 quorum
528 600 635 633 habet
664 598 871 632 scientiam:
894 598 957 632 sed
980 597 1076 644 quod
1097 605 1216 631 utatur
1237 597 1387 631 scientia
1419 598 1553 639 habita,
1580 597 1651 631 hoc
1674 605 1727 631 est
1748 608 1825 631 mo-

263 662 368 688 vente
379 653 580 687 voluntate:
593 660 627 686 et
640 652 721 685 ideo
737 651 858 693 virtus,
874 662 965 697 quae
980 651 1118 697 perficit
1131 650 1368 692 voluntatem,
1379 658 1417 685 ut
1432 651 1598 692 charitas,
1607 649 1666 685 vel
1678 650 1824 696 justitia,

264 707 349 741 facit
371 707 479 741 etiam
496 707 586 740 bene
605 714 643 739 ut
660 705 868 750 hujusmodi
887 704 1114 750 speculativis
1131 704 1321 738 habitibus.
1344 703 1387 737 Et
1405 704 1606 738 secundum
1623 704 1694 738 hoc
1714 703 1824 738 etiam

265 761 300 795 in
323 760 458 794 actibus
480 760 613 793 horum
633 758 822 792 habituum
844 766 962 804 potest
988 769 1064 792 esse
1091 757 1272 799 meritum,
1300 757 1330 791 si
1352 768 1394 791 ex
1414 757 1588 791 charitate
1605 756 1711 799 fiant;
1733 757 1826 790 sicut

267 814 419 859 Gregor.
454 813 538 847 dicit
559 813 594 846 in
617 811 647 846 6.
683 811 811 845 Moral.
837 811 922 857 (cap.
950 812 1000 846 13.
1018 817 1145 858 parum
1172 822 1191 845 a
1216 811 1344 857 princ.)
1369 810 1465 856 quod
1495 810 1755 857 contemplativa
1784 815 1826 845 est

265 868 403 913 majoris
423 867 545 908 mariti,
568 877 668 911 quam
690 867 814 900 acti-va.

337 921 396 954 AD
418 929 566 954 PR1MUM
581 930 668 964 ergo
691 917 896 959 dicendum,
919 917 1014 963 quod
1033 917 1153 964 duplex
1175 924 1226 951 est
1248 928 1350 963 opus,
1368 915 1523 952 scilicet:
1547 917 1701 959 exterius,
1724 924 1759 950 et
1780 917 1827 950 in-

266 975 373 1008 terius.
396 974 589 1007 Prae-ticum
611 983 709 1017 ergo,
731 971 789 1005 vel
815 973 1034 1018 operativum,
1055 970 1151 1017 quod
1174 970 1341 1004 dividitur
1356 978 1482 1004 contra
1502 970 1753 1017 speculativum,
1773 981 1827 1004 su-

265 1027 373 1061 mitur
395 1027 436 1060 ab
459 1037 567 1072 opere
590 1025 767 1067 exteriori,
788 1025 831 1058 ad
854 1024 949 1071 quod
977 1035 1051 1058 non
1076 1024 1185 1058 habet
1207 1024 1372 1058 ordinem
1393 1024 1537 1058 habitus
1559 1023 1825 1071 speculafivus,

265 1081 328 1114 sed
348 1088 469 1114 tamen
491 1079 598 1112 habet
614 1078 777 1112 ordinem
798 1078 840 1112 ad
863 1078 1010 1112 interius
1033 1089 1122 1123 opus
1145 1077 1359 1120 intellectus,
1382 1076 1479 1124 quod
1502 1085 1555 1112 est
1575 1076 1754 1124 speculari
1770 1088 1828 1111 ve-

266 1145 362 1168 rum:
386 1141 419 1167 et
440 1132 639 1167 secundum
660 1132 731 1165 hoc
755 1140 807 1165 est
828 1131 970 1165 habitus
994 1131 1209 1177 operativus.

338 1187 398 1221 AD
421 1196 627 1220 SECUNDUM
650 1185 857 1226 dicendum,
877 1184 973 1230 quod
994 1184 1105 1218 virtus
1125 1192 1178 1218 est
1196 1184 1400 1230 aliquorum
1421 1183 1606 1230 duplicitar.
1632 1184 1704 1218 Uno
1718 1183 1826 1225 modo,

267 1241 358 1274 sicut
380 1240 625 1285 objectorum:
648 1246 682 1272 et
700 1239 749 1272 sic
771 1237 982 1282 hujusmodi
995 1239 1142 1271 virtutes
1159 1236 1401 1283 speculativae
1419 1248 1494 1271 non
1513 1245 1595 1272 sunt
1608 1248 1746 1279 eorum,
1766 1248 1828 1283 per

268 1305 358 1340 quae
371 1294 486 1327 homo
502 1292 540 1326 fit
559 1293 702 1334 beatus;
725 1292 793 1325 nisi
814 1291 905 1325 forte
927 1291 1127 1325 secundum
1149 1291 1243 1337 quod
1266 1290 1303 1337 ly
1319 1297 1380 1338 per
1401 1291 1487 1325 dicit
1508 1302 1655 1325 causam
1675 1290 1828 1325 efficien-

267 1356 352 1389 tem,
374 1346 431 1380 vel
453 1347 635 1392 objectum
651 1344 854 1391 completae
872 1345 1112 1386 beatitudinis,
1128 1345 1224 1391 quod
1248 1353 1300 1379 est
1320 1345 1432 1386 Deus,
1450 1344 1547 1391 quod
1569 1352 1622 1378 est
1642 1355 1828 1378 summum

268 1400 501 1447 speculabile.¹
527 1401 604 1434 Alio
628 1399 721 1433 modo
748 1399 877 1433 dicitur
899 1410 974 1432 esse
1001 1399 1111 1433 virtus
1139 1398 1355 1445 aliquorum,
1383 1399 1474 1433 sicut
1502 1406 1664 1433 actuum:
1692 1406 1727 1432 et
1755 1398 1827 1432 hoc

270 1454 380 1488 modo
402 1454 548 1487 virtutes
571 1452 832 1487 intellectuales
847 1460 929 1486 sunt
948 1463 1086 1493 eorum,
1102 1463 1164 1498 per
1187 1464 1276 1498 quae
1299 1452 1414 1486 homo
1434 1452 1472 1486 fit
1491 1452 1634 1487 beatus:
1653 1459 1730 1486 tum
1745 1451 1829 1498 quia

269 1516 368 1542 actus
389 1507 518 1541 harum
533 1507 703 1540 virtutum
727 1514 877 1551 possunt
899 1516 976 1539 esse
999 1506 1184 1547 meritorii,
1204 1506 1295 1539 sicut
1313 1506 1448 1539 dictum
1472 1513 1524 1540 est
1547 1505 1595 1549 (in
1611 1512 1700 1552 corp.
1723 1505 1827 1550 ar!.):

267 1569 345 1595 tum
367 1560 476 1594 etiam
503 1560 584 1606 quia
606 1567 686 1593 suut
709 1559 886 1605 quaedam
905 1559 1090 1593 inchoatio
1110 1558 1288 1605 perfectae
1310 1559 1550 1601 beatitudinis,
1573 1569 1664 1605 quae
1686 1558 1723 1592 in
1745 1569 1829 1592 con-

269 1614 504 1660 templatione
526 1613 599 1647 veri
623 1613 797 1654 consistit,
820 1613 912 1646 sicut
930 1624 1035 1658 supra
1057 1612 1194 1646 dictum
1217 1620 1270 1646 est
1293 1612 1337 1658 (q.
1356 1624 1384 1658 3.
1407 1618 1462 1647 art
1482 1613 1542 1658 8.).

340 1668 399 1702 AD
422 1678 592 1701 TERTIUM
615 1666 819 1708 dicendum,
842 1666 937 1711 quod
960 1666 1108 1699 scientia
1131 1665 1298 1699 dividitur
1325 1674 1451 1700 contra
1471 1665 1642 1700 virtutem
1668 1665 1828 1700 secundo

270 1722 381 1756 modo
404 1721 549 1763 dictam,
572 1731 662 1766 quae
684 1720 837 1766 pertinet
860 1719 902 1753 ad
924 1719 997 1753 vim
1022 1719 1264 1765 appetitivam.

836 1871 1181 1917 ARTIUULUS
1213 1872 1269 1914 11.
1767 1894 1830 1931 302

271 1993 424 2024 UTRUM
447 1993 544 2023 SINT
568 1992 753 2023 TANTUM
775 1993 880 2022 TRES
903 1993 1090 2021 HABITUS
1114 1992 1502 2022 INTELLECTUALES
1530 1992 1829 2032 SPECULATIVI,

479 2058 700 2088 SCILICET:
726 2058 969 2098 SAPIENTIA,
990 2058 1206 2098 SCIENTIA,
1229 2059 1284 2088 ET
1306 2058 1623 2089 INTELLECTUS.

369 2152 468 2197 (Insr.
487 2164 515 2197 q.
537 2152 591 2187 68.
611 2157 674 2186 art.
696 2163 724 2196 7.
744 2158 832 2199 corp.
856 2158 885 2187 et
906 2164 970 2187 2-2.
995 2164 1023 2198 q.
1043 2164 1075 2197 4.
1096 2157 1160 2187 art.
1180 2153 1211 2187 S.
1232 2158 1322 2199 corp.
1345 2157 1373 2187 at
1395 2164 1424 2198 q.
1444 2163 1498 2199 47.
1518 2157 1584 2187 art.
1602 2164 1630 2199 5.
1650 2158 1739 2199 corp.
1905 2171 1907 2187 l

271 2211 301 2240 et
327 2206 382 2240 lib.
405 2218 432 2252 3.
463 2205 577 2240 Contr.
603 2217 632 2252 g.
655 2212 727 2253 cap.
754 2217 811 2250 44.
835 2207 891 2251 fin.
919 2212 948 2241 et
981 2207 1066 2241 Veri.
1093 2218 1122 2252 q.
1150 2219 1177 2242 1.
1205 2212 1268 2241 art.
1296 2218 1345 2242 12.
1372 2213 1464 2254 corp.
1490 2212 1520 2242 et
1545 2212 1610 2242 art.
1636 2219 1679 2254 13.
1707 2207 1829 2254 corp).
1868 2246 1870 2251 Ι
1904 2223 1907 2239 a

343 2305 402 2339 AD
426 2315 631 2340 SECUNDUM
658 2305 707 2339 sic
726 2306 941 2352 proceditur.
964 2306 1123 2348 Videtur,
1142 2306 1238 2353 quod
1257 2306 1556 2341 inconvenienter
1568 2306 1832 2353 distinguantur

271 2367 341 2393 tres
362 2358 510 2392 virtutes
532 2358 792 2393 intellectuales
814 2360 1068 2406 speculativae,
1091 2360 1245 2395 scilicet:
1273 2361 1459 2407 sapientia,
1486 2360 1646 2402 scientia,
1674 2369 1708 2395 et
1734 2360 1833 2394 intel-

271 2412 400 2447 lectus:
424 2413 560 2457 species
582 2413 679 2446 enim
702 2424 773 2446 non
796 2414 900 2447 debet
922 2414 1103 2448 condividi
1126 2414 1266 2459 generi:
1289 2414 1350 2448 sed
1372 2413 1548 2460 sapientia
1574 2421 1627 2448 est
1652 2413 1830 2460 quaedam

272 2466 432 2507 scientia,
455 2474 492 2499 ut
513 2465 641 2499 dicitur
656 2466 689 2499 in
705 2465 736 2499 6.
754 2466 910 2500 Ethicor.
936 2467 1021 2513 (cap.
1037 2468 1106 2513 7.),·
1131 2478 1218 2513 ergo
1242 2467 1415 2514 sapientia
1433 2478 1506 2501 non
1526 2467 1632 2502 debet
1650 2466 1832 2502 condividi

273 2520 442 2554 scientiae
465 2519 499 2552 in
523 2531 674 2553 numero
698 2520 869 2553 virtutum
892 2520 1202 2554 intellectualium.

346 2583 375 2606 2.
398 2573 633 2607 PRAETEREA.
663 2573 701 2606 In
728 2573 956 2608 distinctione
984 2574 1239 2619 potentiarum,
1267 2574 1467 2616 habituum,
1495 2582 1529 2608 et
1556 2581 1714 2616 actuum,
1741 2585 1832 2620 quae

273 2627 464 2661 attenditur
491 2626 689 2660 secundum
714 2627 865 2670 objecta,
889 2628 1080 2661 attenditur
1107 2627 1350 2673 principaliter
1376 2627 1569 2669 distinctio,
1596 2638 1688 2674 quae
1710 2636 1763 2662 est
1783 2638 1834 2662 sc·

274 2681 431 2714 cundum
455 2680 630 2713 rationem
654 2679 846 2714 formalem
870 2681 1109 2724 objectorum,
1127 2689 1161 2714 ut
1177 2694 1218 2715 ex
1238 2681 1450 2727 supradictis
1472 2689 1568 2727 patet
1592 2681 1638 2727 (q.
1653 2693 1705 2727 54.
1721 2686 1785 2716 art.
1801 2692 1831 2716 2.
1845 2677 1852 2687 “

274 2734 395 2778 ‹1d1.).·
412 2745 484 2767 non
497 2744 583 2777 ergo
595 2733 723 2767 diversi
739 2733 879 2767 habitus
891 2734 1021 2768 debent
1037 2735 1206 2780 distingui
1222 2735 1420 2769 secundum
1437 2734 1622 2769 materiale
1637 2735 1832 2780 objectum,

275 2787 334 2821 sed
357 2787 555 2821 secundum
579 2789 755 2820 rationem
779 2786 968 2821 formalem
993 2788 1101 2833 ipsius
1124 2789 1274 2834 objecti:
1298 2789 1357 2822 sed
1378 2788 1592 2834 principium
1612 2789 1833 2823 demonstra·

274 2841 381 2875 tionis
404 2848 455 2874 est
478 2841 567 2874 ratio
587 2841 721 2874 sciendi
741 2840 1012 2882 conclusionem
1032 2853 1102 2875 non
1124 2853 1210 2887 ergo
1230 2841 1431 2876 intellectus
1451 2841 1709 2888 principiorum
1728 2841 1833 2876 debet

277 2895 360 2941 poni
383 2894 525 2928 habitus
549 2894 649 2936 alius,
673 2902 732 2928 aut
755 2894 823 2928 alia
845 2894 955 2928 virtus
979 2906 995 2928 a
1020 2895 1167 2929 scientia
1192 2895 1482 2930 conclusionum.
