1907 3198
484 174 705 212 QUAESTIO
738 174 857 204 Lxxl.
891 173 1139 205 ARTICULUS
1172 172 1234 202 111.
1566 173 1650 216 499

73 258 182 301 actui,
203 257 301 305 quod
323 258 434 293 etiam
449 268 492 292 ex
506 258 578 292 hoc
594 265 753 305 apparet,
773 257 870 304 quod
886 257 1030 292 habitus
1052 267 1126 292 non
1149 256 1280 291 dicitur
1301 256 1431 299 bonus,
1446 255 1506 291 vel
1524 255 1653 299 malus,

72 312 141 348 nisi
161 323 205 347 ex
225 312 298 347 hoc
320 312 419 359 quod
440 311 591 346 inclinat
613 311 656 346 ad
680 319 802 346 actum
824 311 975 354 bonurn,
997 310 1057 346 vel
1084 310 1244 353 malum;
1268 310 1362 345 unde
1385 318 1532 357 propter
1552 310 1653 344 boni-

70 373 196 409 tatem,
217 365 277 402 vel
298 365 478 401 malitiam
500 374 600 401 actus
623 366 753 400 dicitur
774 365 918 400 habitus
940 365 1070 407 bonus,
1091 364 1150 399 vel
1169 364 1298 399 malus.
1322 364 1366 398 Et
1387 365 1437 399 sic
1457 364 1578 411 potior
1600 372 1654 399 est

71 427 172 455 actus
186 420 222 455 in
236 420 411 463 bonitate,
425 419 484 454 vel
502 419 652 463 malitia,
667 431 778 467 quam
796 419 956 454 habitus:
980 419 1064 466 quia
1082 427 1228 466 propter
1247 418 1346 466 quod
1364 418 1652 465 unumquodque

69 473 154 517 tale,
177 482 212 510 et
231 473 321 509 illud
343 474 462 520 magis
484 482 548 509 est.

140 528 201 563 AD
222 539 373 564 PR1MUM
395 539 484 574 ergo
507 527 715 570 dicendum,
737 527 836 574 quod
862 527 954 562 nihil
980 527 1148 574 prohibet
1170 526 1306 573 aliquid
1333 538 1411 561 esse
1438 526 1653 573 simpliciter

70 581 184 618 altero
217 583 350 630 potius,
377 583 475 630 quod
502 591 625 618 tamen
652 583 854 617 secundum
881 582 967 629 quid
998 581 1040 616 ab
1072 593 1117 616 eo
1146 581 1284 616 deficit:
1313 580 1528 628 simpliciter
1553 580 1652 615 enim

68 636 188 684 potius
208 637 399 684 judicatur,
422 637 519 684 quod
542 637 767 684 praeeminet
788 645 965 683 quantum
993 635 1036 670 ad
1063 635 1111 678 id,
1134 635 1231 682 quod
1254 647 1317 682 per
1338 646 1376 670 se
1399 635 1651 670 consideratur

68 691 105 726 in
127 699 301 738 utroque:
325 691 527 727 secundum
549 691 633 738 quid
655 699 788 732 autem,
810 691 908 737 quod
930 690 1155 737 praeeminet
1177 689 1379 724 secundum
1402 689 1449 731 id,
1468 689 1566 735 quod
1588 700 1652 735 per

70 745 238 781 accidens
260 757 298 781 se
319 745 430 781 habet
451 746 495 780 ad
513 754 724 792 utrumque:
741 753 930 779 ostensum
950 752 1003 779 est
1021 752 1144 778 autem
1166 744 1218 789 (ιίι
1235 745 1343 791 corp.)
1361 755 1403 778 ex
1418 743 1495 790 ipsa
1511 743 1650 778 ratione

69 807 181 843 actus,
203 807 239 835 et
257 800 415 843 habitus,
437 799 534 847 quod
557 807 658 834 actus
681 807 734 834 est
754 799 876 846 potior
897 798 933 832 in
955 798 1128 840 bonitate,
1144 806 1179 832 et
1197 797 1348 840 malitia,
1364 809 1474 844 quam
1493 797 1649 840 habitus,

23 884 28 889 .
68 854 166 902 quod
187 862 311 890 autern
331 854 475 889 habitus
497 854 542 888 sit
562 853 777 896 diuturnior,
793 864 903 900 quam
919 861 1031 894 actus,
1048 853 1180 886 accidit
1201 863 1243 886 ex
1266 863 1323 895 eo,
1335 851 1432 898 quod
1455 859 1650 898 utrumque

68 908 250 944 invenitur
270 909 306 943 in
327 907 391 943 tali
412 915 552 950 natura,
575 919 667 954 quae
690 919 765 942 non
787 915 908 954 potest
928 918 1074 953 semper
1095 918 1214 953 agere,
1237 915 1272 940 et
1295 908 1396 952 cujus
1419 906 1515 940 actio
1538 914 1592 940 est
1612 906 1650 940 in

67 970 171 997 motu
191 969 420 1005 transeunte;
443 962 537 997 unde
559 962 773 1009 simpliciter
795 970 896 996 actus
919 970 973 997 est
990 962 1113 1008 potior
1135 970 1210 996 tam
1228 961 1264 995 in
1285 961 1457 1004 bonitate,
1479 972 1590 1008 quam
1612 961 1649 995 in

68 1016 225 1052 malitia:
248 1016 311 1051 sed
333 1016 477 1051 habitus
499 1024 553 1051 est
574 1017 696 1063 potior
717 1016 919 1051 secundum
941 1015 1038 1062 quid.

140 1071 202 1106 AD
229 1080 436 1106 SECUNDUM
463 1070 671 1112 dicendum,
694 1070 791 1116 quod
813 1070 957 1104 habitus
979 1081 1054 1104 non
1077 1078 1130 1104 est
1156 1069 1371 1116 simpliciter
1392 1069 1512 1116 plures
1535 1077 1649 1112 actus,

68 1125 130 1160 sed
158 1125 360 1160 secundum
386 1124 483 1171 quid,
509 1124 602 1158 idest
627 1124 777 1166 virtute3
801 1124 896 1158 unde
923 1135 966 1158 ex
991 1124 1063 1158 hoc
1091 1135 1165 1158 Lon
1192 1132 1313 1171 potest
1339 1123 1522 1166 concludi,
1549 1123 1648 1170 quod

69 1178 214 1214 habitus
235 1178 280 1214 sit
300 1177 512 1225 simpliciter
533 1178 654 1224 potior
675 1178 710 1212 in
733 1178 906 1220 bonitate,
928 1177 986 1212 vel
1009 1177 1160 1220 malitia,
1182 1189 1293 1224 quam
1316 1186 1428 1212 actus.

142 1233 204 1268 AD
225 1242 398 1268 TERTIUM
419 1231 628 1274 dicendum,
651 1231 748 1278 quod
776 1231 920 1266 habitus
946 1239 1000 1266 est
1027 1243 1136 1266 causa
1164 1240 1265 1266 actus
1291 1232 1327 1266 in
1355 1243 1489 1277 genere
1517 1242 1649 1266 causae

69 1285 267 1322 efficientis:
282 1286 344 1321 sed
358 1293 459 1320 actus
473 1293 528 1320 est
546 1297 655 1320 causa
669 1285 812 1320 habitus
824 1285 860 1319 in
876 1296 1009 1332 genere
1025 1297 1155 1320 causae
1171 1285 1300 1328 finalis,
1316 1286 1518 1320 secundum
1538 1297 1648 1332 quam

70 1340 318 1376 consideratur
330 1340 422 1375 ratio
437 1339 536 1382 boni,
551 1347 587 1374 et
600 1339 700 1382 mali;
715 1348 749 1374 et
765 1335 850 1374 ideo
864 1339 900 1373 in
915 1339 1090 1382 bonitate,
1106 1347 1140 1374 et
1155 1339 1293 1374 malitia
1309 1348 1409 1375 actus
1425 1340 1651 1387 praeeminet

69 1393 218 1429 habitui.

629 1536 977 1582 ARTICULUS
1007 1536 1084 1580 IV.
1581 1558 1643 1594 375

232 1648 387 1679 UTRUM
411 1648 653 1679 PECCATUM
680 1648 810 1678 SIMUL
839 1648 992 1678 POSSIT
1018 1648 1120 1678 ESSE
1148 1648 1241 1678 CUM
1266 1647 1475 1678 VIRTUTE.

351 1737 468 1785 (Supr.
491 1750 520 1785 q.
544 1738 593 1785 63.
617 1743 680 1773 art.
703 1750 730 1773 r.
750 1737 793 1772 ad
813 1749 845 1773 2.
867 1742 896 1772 et
918 1738 998 1784 infr.
1016 1750 1044 1784 q.
1061 1749 1107 1784 73.
1127 1742 1191 1772 art.
1212 1750 1238 1772 I.
1264 1736 1307 1771 ad
1324 1748 1356 1772 2.

159 1796 190 1828 et
209 1803 240 1838 q.
262 1802 313 1838 77.
336 1797 402 1827 art.
425 1803 456 1828 2.
479 1792 522 1827 ad
538 1804 568 1839 3.
588 1797 619 1827 et
639 1804 704 1828 2-2.
727 1804 756 1838 q.
780 1804 834 1837 24.
857 1797 922 1826 art.
945 1804 994 1827 12.
1017 1797 1047 1826 et
1068 1791 1152 1826 Mal.
1176 1803 1206 1838 q.
1229 1803 1260 1826 2.
1284 1796 1347 1825 art.
1371 1803 1403 1838 9.
1426 1790 1469 1825 ad
1490 1803 1533 1837 13.

590 1851 620 1881 ct
648 1847 730 1881 Virt.
754 1859 784 1892 q.
806 1859 834 1882 1.
857 1851 920 1881 art.
945 1859 971 1881 I.
995 1846 1038 1880 ad
1055 1847 1114 1892 5..)

134 1937 196 1972 AD
217 1947 407 1976 QUARTUM
430 1937 480 1972 sic
503 1937 722 1984 proceditur.
738 1936 902 1979 Videtur,
921 1937 1018 1983 quod
1039 1945 1140 1971 actus
1158 1937 1322 1978 vitiosus,
1341 1936 1416 1971 sive
1439 1944 1645 1983 peccatum,

63 2001 138 2026 non
159 1991 273 2038 possit
293 1990 403 2026 simul
429 2002 507 2026 esse
535 2003 618 2025 cum
641 1991 792 2034 virtute3
813 1991 995 2026 contraria
1022 1991 1120 2026 enim
1149 2002 1223 2025 non
1251 2000 1403 2038 possunt
1431 2002 1508 2025 csse
1536 1989 1645 2024 simul

64 2044 100 2079 in
127 2044 275 2080 eodem:
302 2045 365 2080 sed
397 2054 590 2092 peccatum
617 2045 894 2092 quodammodo
924 2046 1165 2080 contrariatur
1196 2045 1330 2087 virtuti,
1358 2053 1396 2079 ut
1423 2045 1561 2079 dictum
1592 2052 1645 2078 est

64 2098 147 2146 (art.
168 2111 195 2135 ι.
223 2099 291 2146 huj.
314 2099 386 2146 q.);
410 2110 498 2146 ergo
520 2108 711 2146 peccatu-m
734 2111 807 2133 non
831 2108 951 2146 potest
972 2099 1081 2134 simul
1103 2111 1180 2134 esse
1204 2111 1288 2133 cum
1310 2100 1452 2134 virtute.

135 2163 166 2188 2.
190 2152 428 2189 PRAETEREA.
444 2153 643 2188 Peccatum
666 2162 720 2188 est
741 2155 855 2200 pejus,
870 2165 981 2200 quam
996 2154 1136 2196 vitium,
1152 2154 1244 2188 idest
1267 2162 1367 2188 actus
1390 2153 1519 2197 malus,
1534 2165 1643 2200 quam

62 2206 206 2242 habitus
227 2207 362 2243 malus:
385 2208 446 2243 sed
468 2208 597 2243 vitium
619 2219 694 2242 non
709 2216 828 2255 potest
849 2208 959 2243 simul
974 2220 1052 2243 esse
1071 2209 1108 2243 in
1127 2208 1260 2243 eodem
1280 2220 1362 2243 cum
1383 2209 1533 2251 virtute3
1557 2219 1644 2255 ergo

10 2263 23 2276 ·’
63 2271 130 2296 nec
148 2269 351 2309 peccatum.

137 2326 166 2362 3.
187 2315 426 2352 PRAETEREA.
451 2315 553 2351 Sicut
575 2324 768 2363 peccatum
791 2317 922 2351 accidit
936 2316 972 2351 in
989 2317 1093 2351 rebus
1114 2316 1342 2359 voluntariis,
1358 2317 1406 2352 ita
1429 2325 1463 2352 et
1484 2317 1520 2351 in
1540 2317 1645 2352 rebus

62 2369 296 2412 naturalibus,
318 2377 358 2405 ut
378 2370 509 2405 dicitur
530 2370 566 2404 in
591 2380 621 2404 2.
639 2370 786 2417 Physic.
806 2372 876 2416 (tax
896 2371 983 2416 32).-
1006 2371 1069 2405 sed
1091 2382 1295 2418 numquam
1318 2371 1353 2405 in
1376 2371 1482 2406 rebus
1502 2380 1644 2406 natura-

62 2420 155 2458 libus
177 2423 308 2459 accidit
329 2432 534 2471 peccatum,
548 2425 616 2459 nisi
632 2436 696 2471 per
711 2425 870 2471 aliquam
891 2425 1164 2472 corruptionem
1185 2426 1325 2460 virtutis
1343 2425 1536 2460 naturalis:
1553 2426 1644 2460 sicut

62 2485 225 2512 monstra
247 2478 417 2513 accidunt
432 2488 604 2525 corrupto
620 2478 743 2525 aliquo
759 2479 937 2526 principio
960 2480 995 2513 in
1011 2480 1162 2521 semine,
1187 2488 1224 2514 ut
1246 2480 1376 2514 dicitur
1397 2480 1432 2514 in
1450 2490 1480 2514 2.
1498 2480 1643 2526 Physic.

64 2529 192 2578 (ibid.);
214 2543 303 2579 ergo
325 2532 436 2567 etiam
458 2533 493 2566 in
516 2533 622 2567 rebus
644 2533 858 2567 voluntariis
880 2545 954 2568 non
987 2534 1119 2568 accidit
1141 2542 1347 2580 peccatum,
1371 2534 1438 2568 nisi
1475 2542 1644 2580 corrupta

12 2611 29 2648 Υ
64 2582 183 2632 aliqua
202 2585 333 2620 virtute
356 2586 519 2629 animae3
543 2595 577 2621 et
599 2586 648 2621 sic
672 2594 876 2633 peccatum,
900 2596 934 2622 et
955 2588 1066 2621 virtus
1086 2599 1160 2621 non
1181 2596 1333 2634 possunt
1355 2599 1432 2622 esse
1448 2588 1482 2621 in
1500 2588 1642 2622 codem.

134 2638 210 2675 SED
237 2649 394 2675 CONTRA
421 2648 485 2682 est,
512 2640 609 2687 quod
638 2640 853 2687 Philosoph.
881 2641 967 2676 dicit
994 2642 1028 2675 in
1059 2652 1089 2675 2.
1119 2641 1318 2689 Etli.,(c11p.
1346 2654 1376 2677 2.
1404 2647 1432 2676 ct
1455 2654 1482 2689 3.
1512 2643 1544 2675 in
1562 2642 1641 2688 fin.)

62 2691 160 2739 quod
176 2699 240 2740 per
260 2696 434 2729 contraria
455 2696 566 2729 virtus
586 2700 777 2739 generatur,
801 2701 831 2730 et
852 2697 1107 2743 cort-mnpitur:
1131 2696 1192 2730 sed
1216 2708 1308 2730 unus
1332 2705 1433 2730 actus
1461 2696 1641 2730 virtuosus

16 2745 28 2794 'p
62 2755 137 2781 non
159 2754 284 2782 causat
302 2747 485 2790 virtutem,
508 2757 546 2783 ut
568 2760 674 2795 supra
698 2749 720 2782 h
726 2749 861 2783 lbitum
886 2758 938 2784 est
960 2751 1007 2796 (q.
1027 2763 1073 2796 51.
1103 2755 1166 2784 ml.
1192 2751 1261 2796 3.;)
1290 2761 1378 2795 crgo
1407 2762 1523 2796 neque
1551 2761 1642 2784 uuus

12 2813 35 2829 ἰ
63 2806 164 2835 actus
184 2801 324 2848 peccati
345 2801 440 2837 tollit
460 2802 652 2845 virtutem;
676 2811 826 2849 possunt
849 2815 937 2847 crgo
960 2803 1098 2838 simul'
1091 2816 1126 2838 m
1150 2805 1281 2839 eodem
1305 2816 1393 2838 csse.

134 2852 366 2891 RESPONDEO
382 2856 589 2897 dicendum,
605 2856 702 2903 quod
718 2865 909 2902 peccatum
927 2866 1161 2904 comparatur
1177 2858 1219 2892 ad
1236 2858 1419 2900 virtutem,
1435 2858 1525 2892 sicut
1542 2865 1642 2893 lctus

20 2906 182 2945 malus
203 2908 248 2944 ad
268 2909 433 2945 habitum
454 2910 614 2945 bonum:
637 2910 739 2945 aliter
762 2919 883 2946 autem
906 2923 944 2946 sc
966 2911 1076 2947 habet
1096 2910 1268 2947 habitus'
1262 2924 1296 2946 m
1321 2912 1454 2954 mimz„
1471 2921 1505 2947 et
1523 2911 1641 2947 saormt

24 2985 38 3036 i

3 3134 89 3198 ‚sm
