1907 3182
272 183 358 238 484
683 195 901 231 QUAESTIO
933 196 1048 226 LXIX.
1082 196 1325 226 ARTICULUS
1359 197 1402 227 11.

270 277 364 310 Beati
385 276 587 322 pauperes):
610 276 762 321 August.
785 288 871 311 vero
899 278 977 321 (loc.
1004 284 1074 324 sup.
1102 279 1171 323 cit.)
1201 278 1296 320 dicit,
1324 290 1366 312 ea
1393 278 1436 312 ad
1462 286 1688 325 praesentem
1713 279 1825 313 vitam

271 329 467 375 pertinere:
492 329 680 376 Chrysost.
705 338 825 364 autem
847 331 882 363 in
898 331 969 364 suis
984 330 1154 364 Homiliis
1174 331 1277 374 (hom.
1296 344 1339 377 15.
1358 333 1392 366 in
1408 332 1528 367 Matth.
1548 333 1708 378 aprinc.)
1722 343 1827 378 quae-

272 382 356 416 dam
385 393 510 416 eorum
534 383 618 417 dicit
639 384 814 429 pertinere
830 384 873 416 ad
886 383 1042 417 futuram
1058 384 1180 425 vitam,
1196 385 1374 430 quaedam
1390 393 1508 420 autem
1526 385 1569 421 ad
1587 393 1825 431 praesentem.

271 435 328 469 Ad
351 437 451 481 cujus
473 436 690 470 evidentiam
713 437 1016 470 considerandum
1039 445 1102 479 est,
1125 438 1221 483 quod
1243 449 1322 484 spes
1348 438 1487 472 futurae
1513 438 1740 472 beatitudinis
1767 449 1828 484 po-

271 496 338 523 test
360 500 436 523 esse
458 490 493 522 in
508 490 611 523 nobis
627 498 771 535 propter
781 489 843 523 dno
857 503 866 524 :
878 491 992 536 primo
1008 491 1153 536 quidem
1169 499 1314 536 propter
1329 491 1487 537 aliquam
1502 493 1827 538 praeparationem,

271 541 330 576 vel
351 542 625 588 dispositionem
649 542 691 576 ad
713 542 869 576 futuram
888 543 1159 585 beatitudinem,
1182 545 1278 590 quod
1293 553 1345 578 est
1363 556 1425 591 per
1443 545 1595 579 modum
1609 545 1746 579 meriti:
1761 545 1827 579 alio

271 595 366 629 modo
388 607 450 640 per
471 596 665 640 quamdam
688 595 962 630 inchoationem
988 596 1237 642 imperfectam
1264 598 1402 632 futurae
1427 598 1656 633 beatitudinis
1683 598 1718 632 in
1743 598 1828 632 viris

272 649 402 682 sanctis
427 649 534 682 etiam
557 649 592 681 in
619 649 686 682 hac
714 649 802 682 vita:
832 649 933 683 aliter
961 650 1056 683 enim
1084 650 1234 684 habetur
1261 662 1340 697 spes
1367 651 1652 685 fructificationis
1679 651 1828 692 arboris,

274 713 357 734 cum
379 702 521 735 virescit
542 701 747 743 frondibus3
770 710 804 736 et
825 703 927 736 aliter
949 715 1032 736 cum
1055 705 1128 748 jam
1151 704 1348 750 primordia
1368 704 1550 739 fructuum
1571 704 1747 749 incipiunt
1773 715 1829 750 ap-

273 766 408 800 parere.
433 754 490 788 Sic
514 755 621 799 igitur
644 766 685 788 ea
708 767 799 801 quae
814 757 848 789 in
867 756 1144 791 beatitudinibus
1160 765 1367 803 tanguntur,
1389 766 1574 804 tamquam
1594 758 1732 800 merita,
1748 764 1829 792 sunt

274 808 452 853 quaedam
473 809 777 854 praeparationes,
792 809 849 843 vel
871 810 1124 855 dispositiones
1140 811 1184 844 ad
1205 811 1464 845 beatitudinem
1477 811 1536 845 vel
1549 810 1757 857 perfectam,
1771 810 1830 845 vel

274 861 499 894 inchoatam:
524 873 564 895 ea
585 874 683 904 vero,
705 874 796 908 quae
818 871 1011 908 ponuntur,
1029 872 1216 910 tamquam
1238 865 1410 910 praemia,
1424 873 1574 910 possunt
1588 875 1664 899 esse
1682 864 1739 898 vel
1753 865 1830 910 ipsa

273 914 456 948 beatitudo
478 914 645 960 perfecta,
670 923 704 950 et
724 916 775 949 sic
799 917 976 961 pertinent
1003 917 1047 950 ad
1073 916 1230 951 futuram
1256 918 1387 952 vitam:
1413 917 1471 951 vel
1498 917 1617 963 aliqua
1643 918 1829 951 inchoatio

274 968 512 1010 beatitudinis,
533 969 624 1003 sicut
647 977 700 1003 est
722 970 756 1003 in
778 970 862 1004 viris
883 969 1060 1016 perfectis,
1085 978 1119 1004 et
1140 971 1189 1005 sic
1212 971 1374 1016 praemia
1395 971 1576 1017 pertinent
1597 971 1641 1005 ad
1666 982 1830 1017 praesen-

273 1029 348 1055 tem
369 1021 501 1063 vitam3
524 1033 607 1055 cum
629 1023 726 1056 enim
749 1023 876 1068 aliquis
898 1023 1023 1069 incipit
1041 1024 1214 1069 proficere
1236 1025 1272 1057 in
1295 1024 1432 1058 actibus
1454 1025 1639 1066 virtutum,
1661 1031 1696 1058 et
1721 1024 1831 1058 dono-

274 1086 365 1116 rum,
388 1083 506 1120 potest
527 1077 660 1121 sperari
682 1076 725 1110 de
748 1087 792 1110 eo
815 1076 910 1122 quod
933 1078 1116 1122 perveniet
1138 1078 1181 1111 ad
1202 1076 1466 1124 perfectionem
1486 1078 1578 1119 viae,
1600 1085 1634 1112 et
1655 1077 1700 1112 ad
1721 1076 1832 1124 perfe-

275 1135 431 1162 ctionem
454 1129 599 1173 patriae.

345 1182 404 1216 AD
426 1192 574 1216 PRiMUM
597 1194 683 1227 ergo
707 1183 911 1225 dicendum,
935 1184 1030 1229 quod
1053 1195 1133 1229 spes
1157 1192 1209 1218 est
1231 1185 1273 1218 de
1299 1183 1417 1218 futura
1437 1183 1775 1225 beatitudine,sicut
1789 1183 1831 1217 de

274 1234 402 1268 ultimo
425 1235 513 1269 fine:
538 1244 656 1281 potest
678 1237 786 1270 etiam
809 1247 886 1270 esse
909 1245 942 1270 et
969 1237 1011 1271 de
1036 1237 1168 1271 auxilio
1191 1238 1338 1283 gratiae,
1361 1237 1452 1272 sicut
1474 1238 1517 1272 de
1540 1248 1596 1279 eo,
1618 1237 1714 1283 quod
1735 1237 1834 1271 ducit

275 1288 318 1322 ad
345 1287 465 1330 finem,
488 1289 687 1323 secundum
706 1289 792 1323 illud
809 1290 942 1324 Psahn.
959 1300 1024 1335 27.:
1040 1291 1079 1324 In
1095 1291 1167 1324 Deo
1181 1292 1328 1337 speravit
1343 1303 1399 1325 cor
1413 1303 1532 1332 mcum,
1548 1296 1576 1325 et
1598 1290 1728 1336 adjutus
1748 1303 1833 1324 sum.

346 1342 405 1376 AD
425 1353 630 1377 SECUNDUM
654 1343 858 1385 dicendum,
878 1344 974 1389 quod
997 1344 1094 1385 mali,
1119 1344 1183 1378 etsi
1198 1344 1380 1378 interdum
1398 1345 1433 1378 in
1447 1345 1515 1378 hac
1530 1344 1603 1378 vita
1616 1343 1833 1390 temporales

276 1406 411 1440 poenas
433 1407 506 1429 non
529 1397 718 1441 patiantur,
741 1398 923 1442 patiuntur
944 1404 1065 1430 tamen
1087 1396 1307 1442 spirituales:
1327 1398 1421 1431 unde
1443 1398 1666 1443 Augustinus
1689 1397 1775 1431 dicit
1796 1398 1831 1431 in

277 1448 394 1494 primo
418 1448 584 1483 Confess.
607 1450 696 1496 (cap.
719 1462 768 1484 12.
791 1451 825 1483 in
846 1450 947 1496 fi11.):
973 1451 1103 1494 jussisti
1132 1451 1287 1491 Domine,
1311 1456 1338 1484 et
1359 1452 1403 1485 sic
1432 1456 1486 1493 est,
1515 1455 1548 1484 ut
1573 1457 1682 1497 poena
1706 1451 1769 1485 sibi
1793 1452 1834 1484 sit

278 1501 486 1536 inordinatus
506 1504 646 1537 animus.
673 1503 717 1537 Et
738 1503 982 1549 Philosophus
1005 1504 1090 1537 dicit
1108 1504 1143 1537 in
1162 1514 1260 1537 nono
1279 1503 1494 1538 Ethicorum
1517 1504 1604 1550 (cap.
1626 1515 1658 1547 4.
1679 1504 1831 1549 subfin.)

278 1554 320 1588 de
343 1555 458 1597 malis,
481 1556 577 1601 quod
600 1556 784 1590 contendit
804 1557 966 1601 ipsorum
982 1557 1113 1598 anima,
1128 1557 1199 1591 hoc
1215 1557 1360 1602 quidem
1377 1557 1446 1591 huc
1469 1557 1588 1598 trahit,
1610 1556 1698 1590 illud
1714 1564 1833 1591 autem

277 1607 381 1643 illuc:
404 1617 438 1643 et
459 1617 584 1654 postea
606 1609 807 1644 concludit:
830 1611 984 1644 Siaulem
999 1612 1042 1644 sit
1056 1612 1211 1644 msserum
1226 1615 1271 1645 est
1292 1611 1415 1645 malum
1437 1622 1510 1652 esse,
1525 1610 1687 1656 jugienda
1707 1615 1752 1645 est
1768 1622 1836 1644 ma-

278 1662 351 1696 litia
372 1663 500 1697 intense.
529 1663 573 1696 Et
595 1663 758 1697 similiter
777 1675 795 1697 e
819 1674 996 1698 converso
1018 1664 1115 1705 boni,
1138 1664 1204 1698 etsi
1226 1664 1260 1697 in
1283 1664 1351 1697 hac
1370 1664 1443 1697 vita
1457 1664 1675 1710 quandoque
1687 1674 1762 1697 non
1776 1663 1836 1697 ha-

277 1715 384 1749 beant
410 1715 611 1762 corporalia
638 1710 810 1762 praemia,
837 1728 1037 1762 numquam
1063 1725 1186 1751 tamen
1213 1716 1384 1751 deficiunt
1410 1728 1429 1750 a
1456 1716 1700 1763 spiritualibus
1725 1716 1835 1750 etiam

277 1769 312 1802 in
334 1769 402 1803 hac
424 1770 506 1811 vita,
527 1770 729 1804 secundum
751 1770 838 1804 illud
853 1770 981 1804 Matth.
1000 1781 1050 1816 19.
1067 1778 1101 1804 et
1123 1770 1212 1804 Mar.
1234 1780 1297 1805 1o.:
1321 1770 1519 1816 Centnplnm
1541 1771 1720 1817 accipietis,
1735 1771 1835 1805 etiam

278 1823 312 1855 [ιι
332 1823 390 1857 hoc
411 1823 548 1857 saeculo.

347 1876 406 1911 AD
430 1887 599 1911 TERT1UM
626 1877 830 1919 dicendum,
853 1878 948 1923 quod
976 1877 1099 1911 omnia
1120 1876 1182 1911 illa
1208 1877 1369 1923 praemia
1395 1875 1552 1923 perfecte
1579 1876 1726 1922 quidem
1753 1887 1837 1910 con-

277 1930 552 1964 summabuntur
573 1931 608 1965 in
629 1931 702 1965 vita
721 1930 849 1973 futura,
871 1931 932 1965 sed
955 1931 1097 1965 interim
1120 1930 1228 1964 etiam
1250 1930 1286 1964 in
1307 1931 1375 1964 hac
1397 1930 1470 1964 vita
1491 1929 1766 1976 quodammodo
1789 1929 1838 1963 in-

279 1983 474 2017 choantur:
497 1995 583 2017 nam
604 1996 757 2029 regnum
785 1984 985 2026 coelorum,
1007 1992 1046 2018 ut
1066 1984 1219 2029 August.
1243 1983 1328 2017 dicit
1351 1982 1428 2027 (loc.
1452 1984 1495 2018 cit
1517 1984 1551 2017 in
1572 1983 1695 2030 corp),
1719 1990 1838 2029 potest

279 2036 429 2082 intelligi
455 2037 632 2082 perfectae
659 2038 854 2084 sapientiae
882 2038 1035 2080 initium,
1062 2037 1261 2072 secundum
1289 2037 1386 2083 quod
1412 2037 1537 2083 incipit
1558 2036 1593 2070 in
1616 2036 1667 2071 eis
1693 2036 1836 2082 spiritus

280 2102 444 2135 regnare:
467 2092 647 2136 possessio
670 2092 779 2126 etiam
794 2100 908 2126 terrae
930 2091 1109 2137 significat
1124 2090 1294 2125 affectum
1309 2091 1446 2124 bonum
1462 2090 1604 2124 animae
1619 2089 1836 2136 quiescentis

280 2156 341 2189 per
367 2144 583 2178 desiderium
606 2146 641 2178 in
663 2145 853 2179 stabilitate
880 2145 1111 2179 haereditatis
1139 2152 1330 2190 perpetuae
1357 2155 1418 2190 per
1444 2152 1576 2178 terram
1603 2142 1835 2189 significatae.

281 2197 527 2231 Consolantur
553 2207 671 2232 autem
695 2199 729 2232 in
752 2199 819 2232 hac
848 2199 921 2233 vita
947 2210 1009 2244 per
1032 2198 1205 2244 Spiritum
1229 2198 1417 2238 Sanctum,
1444 2197 1505 2243 qui
1526 2197 1724 2243 paracletus,
1746 2197 1837 2231 idest

281 2251 501 2293 consolator,
523 2252 662 2294 dicitur,
685 2253 942 2298 participando.
972 2253 1183 2287 Saturantur
1205 2251 1313 2286 etiam
1334 2251 1370 2284 in
1396 2251 1463 2284 hac
1486 2250 1558 2288 vita
1583 2249 1646 2284 illo
1673 2250 1766 2292 cibo,
1793 2250 1836 2284 de

281 2315 352 2350 quo
374 2305 554 2339 Dominus
577 2306 661 2340 dicit
685 2306 798 2350 (Jocm.
821 2307 892 2351 4.):
916 2307 1008 2340 Meus
1023 2307 1112 2340 cibus
1133 2311 1189 2347 ast,
1214 2305 1394 2351 alsaciam
1415 2305 1621 2340 voluntatem
1644 2304 1756 2338 Patris
1774 2305 1837 2338 mei

282 2359 373 2403 (ejus
396 2359 455 2404 qui
479 2359 574 2393 misit
596 2360 687 2399 me):
710 2359 744 2393 in
768 2360 835 2393 hac
858 2360 966 2393 ctiam
985 2360 1056 2393 vita
1076 2366 1345 2404 consequuntur
1362 2357 1530 2392 homines
1548 2357 1836 2392 misericordiam

280 2411 368 2446 Dei:
391 2412 425 2445 in
448 2412 515 2446 hac
539 2413 647 2446 ctiam
666 2414 748 2454 vita,
772 2421 922 2459 purgato
945 2412 1054 2446 oculo
1077 2424 1138 2458 per
1160 2412 1298 2446 donum
1314 2411 1529 2453 intellectus,
1550 2411 1649 2445 Deus
1664 2411 1837 2457 quodam-

282 2465 393 2499 modo
415 2465 525 2499 videri
548 2473 675 2511 potest.
699 2466 871 2500 Similiter
893 2466 1001 2500 ctiam
1025 2467 1058 2499 in
1075 2466 1141 2499 hac
1162 2467 1234 2499 vita
1255 2465 1315 2511 qui
1338 2472 1457 2499 motus
1479 2475 1563 2499 suos
1586 2464 1775 2510 pacificant
1793 2464 1836 2498 ad

281 2518 552 2553 similitudinem
566 2520 632 2553 Dei
646 2519 943 2565 accedciitcs‚fili1'
955 2521 1020 2553 Dei
1031 2521 1279 2553 nominantur:
1296 2526 1418 2553 tamen
1429 2518 1518 2553 haec
1530 2517 1720 2564 perfectius
1735 2525 1836 2553 erunt

281 2574 316 2607 in
343 2573 466 2619 patria.
