1955 3182
295 184 352 238 76
739 195 962 231 QUAESTIO
996 197 1053 226 VI.
1086 196 1333 228 ARTICULUS
1366 199 1427 228 ΙΙΙ.

295 276 463 319 siderare,
486 284 521 311 et
540 277 646 319 velle,
669 285 704 312 et
725 289 849 323 agere:
874 286 909 312 et
929 286 1014 312 tunc
1037 278 1128 313 sicut
1149 290 1223 313 non
1245 279 1350 322 velle,
1374 288 1409 315 et
1429 292 1504 314 non
1527 292 1646 328 agere,
1670 294 1753 317 cum
1774 290 1863 317 tem-

294 341 359 376 pus
381 329 497 372 fuerit,
520 339 573 365 est
593 330 858 374 voluntarium3
881 332 928 366 ita
952 332 1062 366 etiam
1082 344 1156 366 non
1180 333 1421 368 considerare.

864 467 1208 512 ARTICULUS
1239 470 1314 513 IV.
1816 490 1862 524 44

513 574 667 603 UTRUM
699 574 942 605 VIOLENTIA
973 576 1232 607 VOLUNTATI
1264 577 1417 606 Possm*
1451 577 1632 606 INFERRI.

295 661 403 706 (Part.
425 674 452 697 Ι.
471 675 501 708 q.
523 663 577 697 82.
600 667 665 697 art.
687 675 714 698 Ι.
737 669 828 710 corp.
851 668 881 698 et
906 663 948 698 ad
968 676 995 699 Ι.
1010 669 1041 699 et
1053 675 1085 708 4.
1101 665 1189 699 Dist.
1205 676 1260 711 29.
1275 670 1340 700 art.
1356 677 1383 699 Ι.
1399 669 1429 699 et
1450 665 1537 699 Veri.
1553 676 1583 710 q.
1600 675 1653 700 22.
1669 668 1732 699 art.
1743 675 1773 710 5.
1787 669 1815 699 et
1829 665 1858 699 8.

742 721 772 751 et
792 728 822 762 q.
844 728 898 761 24.
922 722 985 752 art.
1003 729 1037 762 4.
1059 723 1088 752 et
1110 719 1204 754 Rom.
1228 718 1260 753 6.
1283 719 1353 753 lact.
1376 718 1440 763 4.).

363 811 422 845 AD
451 821 639 850 QUARTUM
661 811 711 845 sic
733 812 952 857 proceditur.
979 811 1143 855 Videtur,
1171 813 1268 858 quod
1289 812 1469 847 voluntati
1489 812 1603 858 possit
1619 811 1792 847 violentia
1812 811 1862 845 in-

291 863 389 898 ferri:
414 864 698 910 unumquodque
722 865 819 899 enim
841 874 961 911 potest
983 866 1066 912 cogi
1094 877 1113 899 a
1139 866 1355 912 potentiori:
1383 866 1446 900 sed
1469 865 1603 912 aliquid
1626 874 1680 901 est
1699 866 1860 900 humana

290 917 476 952 voluntate
498 918 692 964 potentius,
715 918 854 953 scilicet
874 919 993 961 Deus,
1017 931 1103 965 ergo
1126 919 1257 953 saltem
1279 920 1321 953 ab
1345 931 1389 953 eo
1413 919 1496 966 cogi
1517 927 1646 965 potest.

363 982 393 1005 2.
417 971 653 1006 PRAETEREA.
678 971 800 1006 Omne
824 972 1006 1018 passivum
1030 973 1172 1018 cogitur
1194 984 1213 1006 a
1235 984 1301 1007 suo
1325 973 1456 1015 activo,
1479 973 1624 1019 quando
1646 973 1858 1006 immutatur

292 1024 333 1058 ab
358 1036 417 1059 eo:
441 1025 503 1059 sed
524 1025 692 1059 voluntas
716 1033 768 1059 est
785 1025 839 1059 vis
858 1026 1017 1072 passiva:
1038 1035 1090 1060 est
1118 1026 1215 1060 enim
1243 1038 1396 1061 movens
1423 1035 1578 1069 motum,
1605 1034 1644 1060 ut
1669 1026 1798 1060 dicitur
1825 1025 1860 1059 in

294 1090 322 1124 3.
351 1078 393 1112 de
421 1079 556 1112 Anima
579 1078 658 1122 (tax.
676 1080 766 1124 54.);
784 1090 866 1112 cum
883 1090 970 1125 ergo
991 1079 1186 1126 aliquando
1210 1087 1401 1115 moveatur
1429 1092 1448 1114 a
1466 1091 1532 1114 suo
1555 1080 1686 1122 activo,
1707 1079 1860 1120 videtur,

290 1132 387 1178 quod
411 1131 604 1178 aliquando
628 1140 789 1177 cogatur.

365 1197 392 1232 3.
416 1185 653 1220 PRAETEREA.
681 1186 803 1220 Motus
829 1186 1011 1221 violentus
1039 1195 1102 1230 est,
1131 1187 1190 1234 qui
1217 1196 1271 1222 est
1297 1195 1423 1222 contra
1449 1195 1634 1222 naturam:
1657 1186 1720 1221 sed
1741 1194 1862 1221 motus

288 1239 484 1274 voluntatis
507 1239 701 1286 aliquando
724 1248 778 1274 θεῖ
800 1249 925 1274 contra
947 1249 1126 1284 naturam,
1145 1250 1183 1276 ut
1201 1249 1300 1288 patet
1318 1242 1360 1276 de
1381 1250 1483 1276 motu
1502 1241 1700 1275 voluntatis
1720 1240 1763 1274 ad
1782 1251 1864 1287 pec-

290 1293 458 1335 candum,
482 1293 541 1339 qui
558 1301 611 1327 θεῖ
625 1301 751 1327 contra
766 1302 944 1337 naturam,
962 1303 1000 1329 ut
1012 1295 1184 1330 Damaso.
1206 1295 1292 1329 dicit
1313 1296 1387 1341 (lib.
1406 1307 1439 1340 4.
1465 1295 1562 1330 Orth.
1581 1294 1657 1330 Fid.
1676 1300 1750 1340 cap.
1771 1294 1859 1340 21.),·

291 1358 378 1393 ergo
398 1355 518 1381 motus
540 1347 736 1381 voluntatis
758 1355 877 1393 potest
899 1359 977 1382 esse
1001 1357 1160 1383 coactus.

362 1400 436 1435 SED
464 1411 619 1435 CONTRA
643 1409 706 1442 θεῖ,
730 1401 826 1447 quod
848 1402 1002 1447 August.
1026 1403 1112 1436 dicit
1133 1403 1168 1436 in
1194 1413 1222 1446 ς.
1251 1402 1294 1437 de
1322 1402 1430 1437 Civit.
1452 1403 1524 1437 Dei
1547 1402 1636 1449 (cap.
1659 1401 1729 1447 10.)
1751 1401 1860 1448 quod,

290 1455 319 1489 si
341 1454 474 1501 aliquid
500 1454 539 1488 fit
559 1454 775 1496 voluntarie,
797 1466 871 1488 non
893 1455 932 1489 fit
959 1467 1001 1490 ex
1022 1456 1256 1490 necessitate:
1286 1467 1395 1490 omne
1418 1463 1541 1490 autem
1563 1463 1732 1490 coactum
1752 1455 1791 1489 fit
1818 1467 1859 1489 ex

288 1508 522 1549 necessitate3
545 1520 632 1553 ergo
656 1508 752 1554 quod
774 1508 813 1542 fit
835 1520 877 1542 ex
898 1508 1097 1551 voluntate,
1125 1521 1199 1543 non
1226 1517 1346 1556 potest
1373 1521 1450 1544 esse
1478 1517 1665 1552 coactum3
1688 1520 1776 1555 ergo
1797 1520 1859 1542 vo-

289 1562 407 1596 luntas
428 1573 502 1596 non
524 1571 644 1608 potest
666 1562 748 1608 cogi
771 1562 814 1595 ad
837 1563 1031 1608 agendum.

361 1616 591 1651 RESPONDEO
611 1616 818 1658 dicendum,
835 1617 931 1662 quod
947 1616 1068 1663 duplex
1087 1625 1141 1651 est
1160 1625 1260 1651 actus
1278 1616 1486 1651 voluntatis.
1513 1617 1604 1651 Unus
1623 1615 1781 1662 quidem,
1800 1615 1861 1662 qui

290 1678 343 1704 est
365 1671 440 1715 ejus
462 1670 684 1711 immediate,
710 1669 809 1704 velut
836 1670 878 1703 ab
900 1670 977 1716 ipsa
1005 1670 1158 1712 elicitus,
1186 1670 1324 1705 scilicet
1344 1670 1451 1705 velle.
1473 1670 1582 1712 Alius,
1607 1670 1668 1716 qui
1689 1677 1742 1704 est
1761 1677 1861 1704 actus

287 1723 483 1757 voluntatis
506 1734 524 1756 a
545 1722 732 1757 voluntate
754 1723 965 1769 imperatus,
994 1732 1029 1758 et
1047 1724 1229 1759 mediante
1251 1723 1320 1758 alia
1342 1724 1504 1770 potentia
1523 1723 1718 1766 exercitus3
1736 1731 1775 1757 ut
1790 1734 1862 1757 am-

286 1776 422 1819 bulare,
445 1785 480 1811 et
500 1776 611 1822 loqui,
634 1777 694 1822 qui
718 1788 736 1810 a
758 1776 945 1811 voluntate
963 1777 1198 1823 imperantur,
1219 1786 1432 1812 exercentur
1451 1785 1574 1812 autem
1595 1777 1778 1812 mediante
1801 1788 1862 1824 po-

286 1830 397 1865 tentia
420 1831 568 1864 motiva.
594 1830 784 1871 Quantum
806 1831 914 1876 igitur
941 1831 984 1864 ad
1008 1839 1108 1865 actus
1128 1843 1147 1865 a
1165 1831 1351 1866 voluntate
1369 1831 1580 1878 imperatos,
1595 1830 1764 1865 voluntas
1786 1831 1860 1865 vio-

286 1883 436 1918 lentiam
458 1884 531 1930 pati
559 1892 696 1930 potest3
724 1884 939 1930 inquantum
966 1897 1029 1931 per
1055 1884 1269 1920 violentiam
1297 1886 1476 1920 exteriora
1502 1884 1667 1919 membra
1693 1884 1862 1931 impediri

286 1946 447 1984 possunt,
463 1950 507 1972 ne
523 1938 717 1984 imperium
732 1938 929 1972 voluntatis
946 1947 1177 1985 exequantur.
1199 1939 1270 1974 Sed
1291 1946 1466 1985 quantum
1479 1939 1522 1973 ad
1541 1939 1659 1986 ipsum
1673 1938 1861 1985 proprium

287 2000 408 2025 actum
429 1991 638 2033 voluntatis,
661 2003 735 2025 non
757 2000 877 2038 potest
891 1992 924 2026 ei
938 1992 1111 2027 violentia
1127 1992 1259 2027 inferri.
1275 1992 1318 2026 Et
1332 1993 1438 2038 hujus
1455 2001 1508 2027 est
1531 1993 1635 2035 ratio,
1657 1992 1740 2039 quia
1760 2000 1860 2026 actus

286 2045 483 2079 voluntatis
509 2045 601 2078 nihil
629 2054 682 2079 est
709 2045 816 2087 aliud,
844 2058 953 2091 quam
981 2046 1169 2080 inclinatio
1198 2047 1378 2093 quaedam
1404 2046 1606 2092 procedens
1635 2046 1675 2080 ab
1697 2045 1861 2080 interiori

285 2099 462 2145 principio
491 2107 760 2144 cognoscente:
789 2100 881 2133 sicut
908 2100 1086 2146 appetitus
1112 2100 1286 2135 naturalis
1315 2108 1368 2134 est
1394 2100 1574 2146 quaedam
1599 2099 1787 2134 inclinatio
1816 2099 1858 2132 ab

285 2152 447 2186 interiori
462 2152 651 2198 principio,
668 2161 702 2187 et
717 2153 793 2187 sine
810 2154 1039 2199 cognitione:
1060 2154 1157 2200 quod
1173 2162 1296 2188 autem
1313 2162 1365 2188 est
1380 2152 1632 2196 coactum,vel
1644 2152 1860 2195 violentum,

287 2214 339 2240 est
362 2206 402 2239 ab
427 2206 597 2240 exteriori
618 2207 812 2253 principio:
837 2207 930 2241 unde
955 2216 1080 2242 contra
1108 2208 1288 2242 rationem
1316 2208 1425 2254 ipsius
1449 2215 1549 2241 actus
1575 2206 1772 2241 voluntatis
1794 2214 1858 2248 est,

287 2260 383 2306 quod
406 2260 449 2293 sit
472 2267 631 2301 coactus,
654 2259 712 2294 vel
734 2260 932 2294 violentus:
956 2261 1049 2295 sicut
1071 2261 1180 2295 etiam
1204 2269 1257 2296 est
1276 2269 1402 2295 contra
1422 2261 1602 2295 rationem
1616 2259 1790 2295 naturalis
1809 2259 1859 2293 in-

288 2313 505 2355 clinationis,
527 2313 585 2347 vel
608 2322 729 2347 motus
748 2313 887 2359 lapidis,
910 2315 1006 2360 quod
1025 2314 1158 2349 feratur
1176 2326 1338 2349 sursum:
1358 2322 1478 2361 potest
1496 2315 1593 2349 enim
1607 2313 1698 2360 lapis
1711 2325 1775 2360 per
1787 2313 1862 2348 vio-

287 2367 437 2402 lentiam
455 2367 540 2401 ferri
562 2379 721 2401 sursum:
745 2368 806 2402 sed
829 2369 925 2414 quod
948 2369 1013 2403 iste
1030 2377 1150 2403 motus
1164 2368 1346 2403 violentus
1362 2369 1406 2403 sit
1427 2380 1471 2404 ex
1493 2369 1568 2414 ejus
1590 2367 1745 2402 naturali
1762 2367 1862 2402 incli-

286 2421 446 2463 natione,
469 2432 546 2455 esse
568 2433 641 2455 non
664 2429 798 2467 potest:
823 2421 987 2456 similiter
1011 2423 1121 2456 etiam
1144 2431 1262 2468 potest
1288 2423 1403 2457 homo
1425 2434 1489 2469 per
1510 2421 1725 2456 violentiam
1746 2421 1858 2456 trahi:

285 2475 347 2510 sed
370 2475 466 2521 quod
488 2475 559 2508 hoc
584 2475 627 2509 sit
650 2488 691 2509 ex
711 2477 786 2520 ejus
808 2475 1007 2517 voluntate,
1035 2485 1211 2522 repugnat
1234 2476 1365 2510 rationi
1386 2475 1594 2510 violentiae.

356 2529 415 2563 AD
437 2539 586 2563 PRIMUM
609 2540 695 2574 ergo
719 2529 925 2571 dicendum,
945 2530 1040 2575 quod
1060 2530 1171 2572 Deus,
1191 2532 1251 2576 qui
1271 2539 1322 2564 est
1342 2530 1535 2577 potentior,
1558 2541 1668 2576 quam
1690 2528 1859 2564 voluntas

285 2582 457 2625 humana,
477 2590 595 2629 potest
612 2582 837 2617 voluntatem
857 2583 1057 2617 humanam
1078 2595 1238 2625 movere,
1257 2584 1458 2618 secundum
1476 2583 1564 2618 illud
1583 2583 1754 2618 Proverb.
1784 2593 1858 2618 21.:

289 2635 358 2670 Cor
380 2638 462 2682 regis
483 2638 517 2670 ‘in
537 2648 636 2670 mann
664 2637 730 2670 Diri
757 2642 820 2676 est:
848 2642 876 2671 ct
903 2649 1105 2683 quonamque
1131 2638 1285 2679 *z'oliti‘riss
1315 2638 1489 2672 inclinabit
1516 2636 1616 2672 illud:
1643 2637 1705 2671 sed
1733 2636 1762 2671 si
1787 2637 1858 2671 hoc

287 2698 379 2724 esset
401 2702 463 2736 per
483 2690 708 2732 violentiam,
728 2691 800 2736 jam
823 2702 896 2724 non
920 2699 1012 2725 esset
1039 2702 1122 2724 cum
1150 2699 1231 2725 actu
1260 2690 1472 2726 voluntatis:
1501 2702 1567 2725 nec
1590 2691 1666 2738 ipsa
1692 2690 1860 2725 voluntas

287 2752 465 2786 movetur,
489 2744 550 2778 sed
574 2743 707 2791 aliquid
731 2752 857 2778 contra
880 2743 1117 2778 voluntatem.

359 2798 418 2832 AD
441 2809 647 2832 SECUNDUM
671 2798 877 2839 dicendum,
901 2798 996 2843 quod
1019 2809 1092 2832 non
1117 2809 1259 2844 semper
1281 2807 1333 2832 est
1356 2806 1476 2833 motus
1499 2797 1691 2840 violentus,
1713 2797 1858 2844 quando

286 2851 468 2897 passivum
492 2852 704 2886 immutatur
727 2863 744 2885 a
768 2863 834 2885 suo
858 2852 996 2893 activo,
1024 2852 1084 2885 sed
1113 2852 1258 2897 quando
1281 2852 1351 2886 hoc
1375 2851 1413 2886 fit
1435 2860 1559 2886 contra
1579 2851 1789 2886 interiorem
1812 2851 1859 2885 in-

287 2904 519 2940 clinationem
543 2906 696 2952 passivi:
721 2905 882 2951 alioquin
906 2916 1032 2939 omues
1053 2905 1294 2947 alterationes,
1314 2914 1348 2940 et
1367 2906 1618 2951 generationes
1637 2904 1857 2952 simplicium
