1907 3198
513 199 735 236 QUAESTIO
769 197 919 229 Lxxm.
953 197 1198 228 ARTICULUS
1232 197 1274 227 V.
1589 196 1667 239 523

105 282 340 331 impulsivum
361 282 406 318 ad
428 282 666 329 peccandum,
687 289 789 317 tanto
810 282 925 316 homo
951 281 1072 315 minus
1094 288 1232 327 peccat,
1255 289 1292 315 ut
1315 279 1404 314 infra
1426 279 1567 315 dicetur
1588 281 1671 325 (art.

104 338 204 384 uq.):
224 344 372 383 peccata
402 344 522 371 autem
545 335 703 370 carnalia
726 336 860 370 habent
888 335 1141 370 vehementius
1172 333 1420 381 impulsivum‚
1443 333 1533 368 idest
1554 333 1672 380 ipsam

104 390 437 437 concupiscentiam
460 390 577 424 carnis
598 390 702 424 nobis
721 389 895 430 innatam,
910 397 945 423 et
966 389 1048 423 ideo
1068 396 1217 435 peccata
1232 387 1442 434 spiritualia,
1457 387 1671 434 inquantum

103 443 326 490 hujusmodi,
347 451 428 478 sunt
450 443 598 489 majoris
621 442 759 490 culpae.

175 497 237 533 An
261 507 411 533 Primum
444 507 532 542 ergo
558 496 764 539 dicendum,
790 497 886 543 quod
921 495 1138 531 adulterium
1171 506 1245 530 non
1281 494 1403 530 solum
1433 495 1587 541 pertinet
1624 494 1667 529 ad

102 558 293 599 peccatum
315 550 488 592 luxuriae,
507 550 568 584 sed
583 551 692 585 etiam
720 551 872 597 pertinet
888 550 930 584 ad
953 558 1143 596 peccatum
1166 549 1372 594 injustitiae,
1387 557 1421 583 et
1435 556 1609 595 quantum
1626 548 1668 582 ad

103 606 176 643 hoc
201 613 320 654 potest
347 606 391 640 ad
418 605 606 640 avaritiam
633 605 766 646 reduci,
786 613 823 639 ut
838 604 941 639 Glos.
965 604 1141 647 (Hieron.)
1167 603 1254 638 dicit
1279 603 1323 637 ad
1348 602 1478 648 Ephes.
1510 612 1538 645 5.
1561 613 1668 648 super

102 658 210 695 illud:
239 659 358 696 Omnis
374 659 577 706 fornicator,
605 663 662 693 aut
688 658 889 700 immundus,
928 663 985 692 aut
1013 669 1148 699 avarus,
1171 665 1239 692 etc.
1267 665 1302 691 et
1334 665 1420 691 tunc
1449 655 1593 701 gravius
1620 664 1674 690 est

103 712 451 760 adulterium‚quam
466 711 612 754 furtum,
630 719 766 759 quanto
788 711 928 746 homini
944 712 1089 746 charior
1107 719 1160 746 est
1175 721 1277 752 uxor,
1292 721 1402 757 quam
1417 720 1472 744 res
1492 720 1670 755 possessa.

174 767 236 803 ΑΙ)
262 775 469 803 SECUNDUM
501 766 708 807 dicendum,
741 766 838 812 quod
870 765 1034 799 diabolus
1067 765 1196 799 dicitur
1229 764 1388 799 maxime
1427 763 1584 809 gaudere
1629 763 1674 797 de

103 828 256 870 peccato
276 819 458 862 luxuriae3
479 820 563 866 quia
592 827 646 854 est
676 819 856 853 maximae
886 819 1152 859 adhaerentiae,
1175 826 1210 853 et
1240 816 1386 852 difficile
1413 817 1456 851 ab
1484 828 1528 851 eo
1554 817 1670 851 homo

103 881 223 922 potest
242 873 349 921 eripi:
371 873 582 909 insatiabilis
618 881 672 908 est
704 873 803 908 enim
829 872 1051 907 delectabilis
1086 872 1276 919 appetitus,
1306 880 1344 906 ut
1365 870 1503 906 Philos.
1525 870 1612 905 dicit
1633 870 1669 904 in

107 939 137 976 3.
158 927 274 965 Ethic.
296 928 388 976 (cap.
403 939 453 964 12.
470 939 491 962 a
511 927 624 973 med).

174 982 235 1018 An
255 991 427 1018 TERTIUM
453 981 659 1023 dicendum,
685 981 794 1027 quod,
816 979 908 1014 sicut
938 979 1075 1014 Philos.
1110 979 1196 1014 dicit
1223 979 1297 1022 (lib.
1321 989 1350 1026 7.
1379 978 1487 1013 Ethic.
1510 984 1582 1025 cap.
1606 978 1672 1023 6.),

102 1035 242 1084 turpius
274 1042 328 1071 est
363 1046 442 1070 esse
467 1035 752 1070 incontinentem
776 1033 1104 1080 concupiscentiae,
1131 1044 1242 1080 quam
1264 1033 1553 1066 incontinentem
1575 1031 1669 1072 irae;

103 1089 187 1137 quia
207 1089 329 1124 minus
349 1089 539 1136 participat
559 1089 603 1123 de
625 1088 784 1123 ratione:
807 1097 842 1122 et
863 1088 1062 1122 secundum
1097 1087 1168 1121 hoc
1196 1086 1304 1121 etiam
1336 1085 1422 1120 dicit
1444 1085 1479 1119 in
1505 1096 1532 1130 3.
1556 1084 1672 1119 Ethic.

102 1142 195 1191 (cap.
216 1153 268 1179 ιο.
280 1143 361 1178 circ.
373 1142 468 1189 sim),
489 1142 588 1189 quod
609 1149 758 1189 peccata
780 1140 1080 1187 intemperantiae
1103 1148 1186 1174 sunt
1206 1139 1365 1174 maxime
1387 1138 1671 1186 exprobrabilia:

103 1195 187 1243 quia
207 1202 290 1231 sunt
302 1195 399 1231 circa
419 1195 499 1230 illas
516 1194 786 1236 delectationes,
801 1205 894 1241 quae
912 1202 994 1228 sunt
1013 1204 1229 1228 communes
1243 1193 1360 1234 nobis,
1375 1200 1410 1227 et
1430 1191 1561 1233 brutis;
1577 1191 1671 1226 unde

102 1249 379 1297 quodammodo
399 1259 463 1296 per
482 1249 549 1284 ista
569 1256 718 1296 peccata
739 1248 854 1282 homo
869 1247 1016 1282 brutalis
1031 1247 1210 1281 redditur:
1230 1254 1265 1281 et
1279 1246 1361 1280 inde
1382 1253 1447 1287 est,
1457 1245 1568 1292 quod,
1580 1244 1672 1279 sicut

108 1302 309 1351 Gregorius
329 1302 416 1338 dicit
436 1302 516 1348 (loc.
536 1304 592 1338 cit.
613 1303 649 1337 in
669 1313 741 1347 arg.
762 1301 814 1337 sed
835 1303 948 1347 cont),
975 1309 1057 1335 sunt
1083 1300 1231 1346 majoris
1258 1299 1441 1334 infamiae.

657 1449 1004 1495 ARTICULUS
1030 1448 1107 1493 VI.
1604 1473 1668 1509 392

347 1570 500 1601 UTRUM
532 1569 746 1601 GRAVITAS
778 1569 1077 1601 PECCATORUM
1110 1569 1411 1600 ATTENDATUR

541 1635 779 1667 SECUNDUM
813 1635 988 1666 CAUSAM
1023 1635 1223 1666 PECCATI.

195 1734 280 1782 (202.
301 1746 332 1783 q.
353 1735 428 1781 148.
442 1739 507 1772 art.
525 1747 554 1783 3.
569 1741 659 1784 corp.
681 1741 711 1771 et
731 1747 761 1771 2.
781 1735 868 1771 Dist.
892 1747 934 1782 13.
958 1736 991 1834 it)1
1013 1741 1120 1782 expos.
1147 1734 1194 1770 lit.
1217 1739 1245 1770 et
1259 1734 1343 1769 Mal.
1359 1746 1388 1781 q.
1404 1746 1435 1770 2.
1457 1740 1523 1770 art.
1546 1747 1572 1771 1.

770 1794 798 1824 et
817 1801 867 1825 ιο.
883 1795 972 1836 corp.
995 1816 1004 1825 .

171 1890 234 1927 An
253 1900 406 1928 stan
427 1891 478 1926 sic
499 1890 889 1938 proceditur.Videtur,
903 1890 1000 1936 quod
1023 1889 1179 1936 gravitas
1205 1897 1440 1936 peccatorum
1462 1900 1537 1924 non
1560 1898 1670 1925 atten-

96 1943 205 1981 datm
230 1945 430 1981 secundum
462 1945 603 1992 peccati
624 1955 791 1980 causam:
821 1952 956 1991 quanto
983 1944 1081 1978 enim
1103 1943 1243 1990 peccati
1270 1954 1378 1978 causa
1407 1942 1512 1978 suerit
1538 1945 1666 1989 major,

96 2005 202 2034 “nto
221 1998 474 2034 vehementius
494 2006 620 2034 movet
645 1999 688 2033 ad
715 1998 962 2045 peccandum3
989 2006 1025 2032 et
1046 1997 1093 2032 ita
1120 1996 1300 2031 difficilius
1323 2006 1440 2044 potest
1466 1997 1497 2032 ei
1525 1999 1663 2033 resisti:

101 2051 164 2088 sed
189 2059 382 2100 peccatum
402 2051 615 2087 diminuitur
632 2063 674 2086 ex
685 2052 769 2094 hoc,
791 2052 888 2098 quod
910 2052 943 2086 ei
965 2050 1146 2085 difficilius
1168 2051 1360 2086 resistitur:
1383 2051 1455 2086 hoc
1478 2052 1574 2086 enim
1595 2063 1669 2099 per-

98 2104 191 2142 tinet
213 2106 258 2142 ad
279 2105 526 2141 infirmitatem
548 2106 743 2153 peccantis,
763 2114 892 2140 utnon
914 2104 1019 2140 facile
1042 2105 1183 2140 resistat
1204 2114 1372 2151 peccato:
1395 2114 1585 2151 peccatum
1609 2117 1668 2140 au·

66 2176 75 2205 ι,
100 2166 189 2204 tem,
208 2159 306 2207 quod
327 2167 381 2196 est
401 2171 444 2195 ex
465 2159 684 2202 infirmitate,
702 2159 816 2194 levius
833 2160 1028 2205 judicatum
1046 2170 1119 2194 non
1147 2170 1235 2205 ergo
1254 2167 1445 2206 peccatum
1465 2159 1573 2194 habet
1594 2172 1670 2206 gra-

68 2220 79 2226 “
98 2212 250 2250 nitatem
275 2222 318 2249 ex
335 2221 436 2260 parte
454 2224 540 2248 suae
562 2224 704 2248 causae.

172 2275 205 2302 2.
225 2265 462 2303 Pus-renea.
484 2267 793 2314 Concupiscentia
811 2275 863 2302 est
878 2266 1056 2313 generalis
1071 2266 1250 2314 quaedam
1273 2278 1382 2301 causa
1401 2267 1559 2313 peccati;
1574 2267 1668 2302 unde

101 2318 189 2356 dicit
206 2319 310 2356 Glos.
332 2319 420 2366 (ord.
447 2321 587 2367 August.
608 2321 665 2356 lib.
686 2320 723 2356 de
744 2321 834 2368 Spir.
856 2326 885 2356 et
902 2321 964 2356 Lu.
980 2327 1053 2368 cap.
1071 2323 1123 2366 4.)
1144 2332 1251 2366 super
1272 2320 1359 2355 illud
1383 2320 1489 2355 Rom.
1513 2332 1566 2367 7.:
1590 2333 1666 2355 nam

99 2374 394 2422 concupiscentiam
415 2376 608 2417 nesciebam,
631 2382 716 2410 etc.:
739 2375 831 2410 Bona
850 2380 892 2410 est
913 2375 975 2417 lex,
988 2387 1071 2422 quae
1091 2375 1169 2410 dum
1188 2377 1482 2422 concupiscentiam
1501 2376 1664 2422 prohibet,

91 2430 195 2464 m
217 2427 345 2464 mum
362 2429 534 2476 probibet:
555 2428 617 2463 sed
640 2436 776 2475 quanto
798 2428 913 2463 horno
935 2427 1039 2464 fuerit
1061 2429 1176 2463 victus
1203 2430 1331 2473 majori
1360 2429 1667 2476 concupiscentia,

71 2511 73 2513 .
92 2484 276 2518 ‘mut
295 2481 415 2517 minus
440 2490 650 2529 peccatum;
672 2481 829 2529 gravitas
855 2493 944 2529 ergo
965 2484 1103 2530 pcccati
1126 2483 1338 2517 diminuitur
1352 2495 1394 2518 ex
1414 2483 1664 2528 magnitudine

91 2540 244 2572 ’8111118-

174 2597 205 2636 3.
224 2586 461 2625 ΡιΑετειιεΑ.
484 2589 587 2625 Sicut
608 2589 786 2625 rectitudo
811 2590 960 2625 rationis
986 2598 1039 2625 est
1061 2601 1168 2625 causa
1190 2590 1340 2625 virtuosi
1364 2598 1482 2632 actus;
1504 2590 1551 2625 ita
1573 2589 1665 2625 dese-

97 2640 181 2678 m
198 2641 348 2678 rationis
367 2642 510 2678 videtur
529 2654 608 2678 esse
629 2654 738 2677 causa
768 2644 925 2690 peccati:
947 2644 1009 2679 sed
1037 2643 1199 2679 desectus
1226 2643 1375 2678 rationis
1397 2652 1533 2690 quanto
1560 2643 1666 2679 suerit

96 2694 751 2743 mojontantoestminuspeccatum3
766 2697 944 2732 intantum
963 2697 1060 2744 quod
1075 2698 1135 2745 qui
1152 2707 1249 2732 caret
1266 2708 1330 2731 usu
1349 2697 1498 2732 rationis
1514 2698 1667 2732 omnino

75 2753 291 2784 ,κακίω
311 2759 332 2784 a
356 2756 527 2798 peccato:
549 2757 585 2784 et
605 2749 665 2796 qui
687 2761 728 2785 ex
751 2749 955 2795 ignorantia
978 2759 1116 2797 peccat,
1142 2750 1257 2786 levius
1279 2759 1424 2797 pcccat;
1447 2762 1535 2796 crgo
1554 2752 1669 2797 gravi-

92 2803 158 2838 111
174 2802 314 2850 peccati
335 2812 409 2838 non
431 2810 583 2850 augetur
603 2814 645 2838 ex
668 2804 916 2849 magnitudine
938 2816 1080 2840 causae.

91 2857 144 2881 ¹³¹²
171 2851 250 2891 Sm
274 2865 441 2892 coum.
469 2854 707 2903 Multiplicata
733 2867 854 2900 causa,
877 2857 1138 2906 multiplicatur
1170 2857 1342 2898 effectus:
1373 2869 1462 2903 crgo
1501 2859 1529 2894 si
1557 2870 1666 2894 causa

100 2907 241 2956 pecati
265 2907 383 2955 major
403 2907 520 2952 suerit,
543 2918 733 2956 peccatum
755 2911 821 2946 erit
842 2911 997 2958 gravius.
