1907 3198
524 205 748 242 QuAnsrto
775 191 885 235 'cv11.
919 203 1166 235 Ακτῐευιυε
1198 203 1259 234 111.
1588 192 1669 248 815

663 375 1010 421 ARTICULUS
1045 375 1124 418 III.
1609 342 1675 432 {70

297 483 450 515 UTRUM
482 483 566 514 LEX
597 483 719 514 NOVA
738 483 781 514 IN
809 484 921 514 LEGE
947 482 1103 514 VETERI
1131 482 1459 513 CONTINEATUR.

730 571 824 615 (Gal.
847 583 878 607 2.
901 571 971 607 lest.
995 571 1056 616 2.).

175 660 237 696 Au
258 670 431 697 τεκτιυὶι
451 659 502 696 sic
524 660 742 708 proceditur.
769 659 932 702 Videtur,
959 660 1056 707 quod
1083 659 1141 695 lex
1167 670 1263 694 nova
1289 659 1325 694 in
1351 658 1434 706 lege
1460 658 1573 694 veteri
1598 670 1673 694 non

105 713 352 750 conducatur:
369 712 427 749 lex
447 713 545 749 enim
567 725 663 748 nova
684 713 877 761 praecipue
900 714 935 748 in
958 713 1027 748 fide
1047 713 1229 748 consistit:
1250 713 1344 748 unde
1363 712 1493 748 dicitur
1513 713 1566 748 lex
1578 712 1672 759 fidei,

104 774 144 803 ut
162 774 262 815 patet
279 765 389 802 Rom.
414 778 461 814 3.:
482 766 545 802 sed
566 766 680 802 multa
702 767 882 802 credenda
899 767 1088 802 traduntur
1109 767 1143 801 in
1166 778 1262 801 nova
1276 766 1369 813 lege,
1395 766 1539 814 quaein
1559 767 1673 802 veteri

103 819 186 868 lege
204 830 280 856 non
301 820 548 863 continentur;
571 831 660 868 ergo
680 820 738 856 lex
759 832 855 855 nova
875 832 949 855 non
973 821 1178 856 continetur
1198 821 1234 855 in
1256 820 1379 855 veteri.

169 883 203 910 2.
235 873 473 911 ΡιιΑετειιεΑ.
502 873 697 916 Quaedam
732 874 853 910 Gloss.
882 875 1016 922 (Chrys.
1055 876 1090 909 in
1116 880 1167 922 op.
1197 875 1327 922 imperf.
1349 874 1436 909 hom.
1470 874 1539 919 ιο.)
1571 874 1670 917 dicit,

102 926 233 963 Matth.
257 938 301 974 5.,
313 938 422 976 super
434 927 546 963 illud:
570 929 642 974 Qui
660 928 794 963 solverit
816 940 918 963 unum
940 928 977 964 de
997 927 1164 963 mandatis
1182 929 1248 963 istis
1269 928 1430 970 minimis,
1453 927 1552 974 quod
1574 939 1675 962 man·

101 981 186 1018 data
201 980 295 1029 legis
314 988 398 1018 sunt
411 982 564 1024 minora,
578 981 613 1016 in
631 981 832 1028 Evangelio
847 993 933 1017 vero
955 990 1037 1016 sunt
1058 981 1228 1016 mandata
1243 982 1400 1027 majora:
1416 982 1533 1027 majus
1549 990 1671 1017 autem

100 1045 177 1071 non
201 1042 321 1084 potoet
341 1035 520 1071 contineri
540 1036 576 1070 in
598 1035 751 1078 minori3
774 1047 861 1082 ergo
883 1035 940 1070 lex
961 1047 1056 1070 nova
1078 1046 1152 1070 non
1175 1035 1381 1070 continetur
1402 1035 1437 1070 in
1459 1035 1583 1070 veteri.

175 1099 205 1138 3.
231 1088 469 1125 PRAETEREA.
498 1088 610 1131 Quod
633 1090 838 1124 continetur
863 1089 899 1124 in
922 1089 1048 1131 altero,
1075 1088 1183 1124 simul
1208 1089 1362 1124 habetur
1381 1088 1507 1124 habito
1529 1088 1614 1124 illo:
1643 1089 1671 1124 si

99 1141 209 1190 igitur
227 1140 286 1179 lex
311 1153 409 1178 nova
439 1143 685 1178 contineretur
710 1143 745 1177 in
767 1143 890 1185 veteri,
918 1151 1127 1190 sequeretur
1152 1143 1250 1190 quod
1277 1142 1400 1177 habita
1430 1142 1544 1178 veteri
1576 1142 1669 1189 lege,

98 1195 276 1232 habeatur
295 1204 331 1232 et
351 1207 466 1233 nova:
485 1196 707 1244 superfluum
729 1197 837 1243 igitur
857 1195 934 1239 fuit,
955 1196 1077 1231 habita
1103 1197 1216 1231 veteri
1237 1196 1332 1243 lege,
1354 1196 1484 1231 iterum
1512 1196 1589 1231 dari
1607 1207 1670 1231 no-

99 1260 204 1294 vam3
224 1260 301 1286 non
322 1260 412 1298 ergo
432 1261 529 1286 nova
550 1250 608 1286 lex
629 1250 837 1286 continetur
857 1250 893 1285 in
915 1250 1038 1285 veteri.

173 1303 250 1340 Sel>
270 1313 427 1340 coum
453 1312 518 1347 est,
538 1304 636 1352 quod
657 1304 787 1339 dicitur
808 1303 939 1339 Ezech.
966 1314 1014 1338 t.:
1038 1305 1123 1340 Rota
1150 1308 1223 1339 crat
1250 1305 1285 1338 in
1315 1309 1402 1347 rota,
1433 1303 1525 1339 idest
1545 1315 1670 1339 novum

102 1360 331 1394 mmmmm
348 1358 384 1393 t‘n
403 1359 521 1401 veleri,
543 1366 581 1392 ut
602 1357 714 1404 Greg.
737 1357 885 1404 exponit
905 1357 1011 1403 (hom.
1033 1358 1067 1393 6.
1085 1358 1119 1392 in
1140 1358 1286 1404 Ezech.).

170 1409 402 1447 strmmno
421 1411 629 1454 dicendum,
647 1411 744 1459 quod
763 1410 897 1458 aliquid
912 1411 1117 1446 continetur
1135 1412 1169 1446 in
1189 1410 1261 1446 alio
1276 1411 1472 1459 dupliciter:
1496 1423 1560 1446 uno
1575 1411 1670 1446 modo

98 1463 136 1499 in
153 1471 248 1507 actu,
264 1463 358 1500 sicut
382 1463 545 1500 locatum
562 1465 599 1499 in
621 1464 724 1500 loco:
747 1465 815 1500 alio
834 1464 928 1499 modo
950 1465 1092 1507 virtute,
1114 1465 1207 1500 sicut
1238 1463 1387 1500 effectus
1415 1465 1449 1499 in
1470 1476 1590 1507 causa,
1612 1465 1671 1500 vel

99 1516 325 1566 completum
347 1517 386 1553 in
402 1517 648 1566 incompleto:
678 1518 771 1553 sicut
801 1529 915 1565 genus
945 1518 1108 1553 continet
1128 1520 1267 1565 species
1290 1526 1489 1565 potestate3
1511 1527 1546 1554 et
1579 1519 1670 1554 sicut

98 1578 176 1607 tota
201 1570 310 1607 arbor
329 1571 541 1607 continetur
556 1572 593 1607 in
611 1572 771 1608 semine:
787 1580 822 1607 et
835 1583 899 1620 per
918 1572 1016 1606 hunc
1038 1572 1191 1607 modum
1213 1583 1310 1607 nova
1331 1572 1387 1607 lex
1410 1572 1615 1608 continetur
1633 1573 1669 1607 in

99 1624 223 1661 veteri.
239 1624 391 1661 Dictum
410 1633 465 1661 est
482 1625 581 1661 enim
603 1625 684 1670 (art.
702 1638 729 1662 1.
748 1626 817 1672 huj.
839 1637 869 1672 q.
888 1627 923 1660 in
941 1632 1033 1673 corp.
1055 1630 1085 1661 et
1105 1625 1148 1660 ad
1168 1626 1232 1671 2.),
1254 1627 1351 1673 quod
1374 1637 1470 1661 nova
1492 1625 1548 1661 lex
1570 1637 1669 1661 corn-

104 1685 251 1726 paratur
270 1677 316 1714 ad
341 1686 514 1722 veterem,
540 1679 634 1715 sicut
658 1678 857 1727 perfectum
881 1679 924 1714 ad
947 1678 1212 1727 imperfectum.
1235 1679 1343 1714 Unde
1365 1679 1497 1727 Chrys.
1531 1680 1585 1724 (ex
1606 1692 1669 1727 quo

104 1743 171 1767 non
197 1733 358 1776 occurrit,
377 1732 430 1768 sed
456 1744 497 1768 ex
532 1733 662 1769 Victore
683 1733 839 1768 Antiocb.
871 1735 904 1767 in
931 1738 1105 1768 comment.
1126 1740 1195 1781 sup.
1218 1733 1303 1768 hum·
1324 1733 1384 1769 loc.
1407 1734 1521 1781 colligi
1547 1737 1668 1782 potest)

104 1796 290 1834 exponens
306 1785 408 1829 illud,
428 1786 526 1834 quod
541 1786 694 1822 habetur
711 1787 826 1821 Marci
839 1797 893 1830 4.:
918 1787 1013 1822 L'ltro
1028 1792 1116 1822 terra
1129 1787 1493 1835 sructijicat,pr1'm1mt
1520 1788 1667 1831 herbam,

100 1838 218 1875 deinde
241 1841 382 1888 spicam,
407 1839 519 1876 deinde
537 1840 674 1888 plenum
693 1840 905 1888 frumentum
928 1842 962 1875 in
986 1842 1091 1888 spica,
1112 1841 1162 1876 sic
1185 1841 1287 1876 dicit:
1306 1841 1423 1877 Primo
1441 1842 1575 1877 herbam
1590 1843 1670 1890 sru-

98 1893 268 1938 cfificah'n
280 1893 346 1941 lege
358 1898 510 1937 naturae,
519 1893 731 1942 postmodum
748 1896 855 1942 spicas
872 1896 906 1929 in
921 1895 985 1941 lege
1005 1895 1124 1941 Moysi,
1139 1899 1249 1942 postca
1259 1895 1396 1943 plenum
1405 1896 1617 1942 frumentum
1633 1898 1667 1931 in

97 1945 281 1995 Evangelio
288 1959 304 1990 ,·
325 1947 377 1984 sic
398 1947 508 1995 igitur
533 1956 587 1983 est
607 1947 664 1983 lex
685 1959 782 1983 nova
803 1948 839 1983 in
865 1948 989 1991 veteri,
1011 1948 1104 1983 sicut
1124 1947 1260 1984 fructus
1281 1949 1318 1983 in
1339 1949 1450 1996 spica.

169 1999 232 2037 AD
246 2010 399 2038 numu
413 2012 502 2049 ergo
516 2001 723 2044 dicendum,
738 2002 835 2049 quod
855 2002 992 2045 omnia,
1009 2013 1102 2049 quae
1124 2002 1305 2038 credenda
1320 2003 1508 2038 traduntur
1520 2003 1555 2038 in
1569 2015 1668 2039 novo

97 2060 319 2090 testamento
336 2055 516 2104 explicite,
537 2063 573 2090 et
594 2063 728 2103 aperte,
746 2055 934 2091 traduntur
955 2055 1135 2091 credenda
1157 2056 1192 2090 in
1219 2056 1331 2091 veteri
1352 2065 1584 2100 testamento,
1606 2058 1668 2093 sed

98 2106 287 2156 implicite,
312 2116 349 2144 et
373 2109 439 2145 sub
465 2108 598 2156 figura:
626 2117 661 2144 et
682 2108 881 2144 secundum
908 2109 979 2144 hoc
1007 2110 1118 2145 etiam
1144 2118 1320 2157 quantum
1343 2110 1387 2144 ad
1410 2110 1589 2146 credenda
1610 2111 1668 2147 lex

98 2171 196 2197 nova
216 2161 423 2198 continetur
442 2162 478 2198 in
498 2162 624 2198 veteri.

170 2214 233 2251 An
245 2223 454 2252 neminum
468 2216 676 2258 dicendum,
691 2216 787 2263 quod
804 2225 994 2264 praecepta
1009 2216 1230 2264 novaelegis
1245 2217 1413 2253 dicuntur
1423 2229 1502 2253 esse
1517 2219 1669 2265 majora,

98 2278 210 2316 quam
229 2277 420 2317 praecepta
441 2270 572 2306 veteris
605 2269 707 2317 legis,
728 2279 902 2317 quantum
925 2271 969 2306 ad
1003 2271 1210 2317 explicitam
1233 2271 1583 2308 manifestationem:
1606 2273 1667 2308 sed

98 2329 275 2370 quantum
296 2322 341 2359 ad
360 2323 478 2371 ipsam
499 2324 737 2359 substantiam
760 2333 1037 2371 praeceptorum
1059 2327 1145 2360 novi
1167 2326 1386 2367 testamenti,
1410 2327 1534 2361 onmia
1557 2326 1670 2362 conti-

98 2382 230 2412 nentur
242 2375 281 2412 in
292 2377 405 2413 veteri
417 2385 658 2420 testammto;
673 2378 767 2412 unde
783 2379 935 2425 August.
951 2378 1037 2414 dicit
1048 2387 1174 2414 contra
1190 2379 1361 2414 Faustum
1377 2380 1454 2425 (Hb.
1471 2393 1521 2425 19.
1532 2387 1604 2428 cap.
1622 2392 1668 2427 ²3·

97 2429 212 2477 6128.)
225 2430 324 2479 quod
337 2442 429 2479 pene
444 2431 580 2474 omnia,
595 2442 687 2479 quae
708 2432 861 2473 monuit,
876 2432 932 2467 vel
949 2433 1131 2481 praecepit
1146 2433 1340 2475 Dominus,
1356 2434 1415 2468 ubi
1431 2434 1667 2479 adjungebat:

98 2481 178 2531 Ego
199 2490 321 2520 autem
333 2483 418 2520 dico
431 2485 546 2527 vobis,
569 2485 799 2520 inveniuntur
812 2486 921 2521 etiam
937 2486 972 2521 in
995 2486 1064 2521 illis
1079 2488 1258 2522 veteribus
1273 2487 1391 2523 libris:
1406 2488 1467 2523 sed
1490 2489 1572 2535 quia
1594 2500 1667 2524 non

99 2535 349 2585 intelligebant
364 2537 604 2574 homicidium
623 2539 692 2573 nisi
710 2540 998 2587 peremptionem
1022 2542 1185 2588 corporis
1207 2542 1369 2583 humani,
1390 2542 1528 2589 aperuit
1545 2542 1670 2577 Domi·

98 2600 168 2627 nus
181 2600 333 2628 omnem
351 2591 514 2640 iniquum
531 2601 672 2628 motum
688 2592 731 2627 ad
746 2594 954 2629 nocendum
970 2593 1067 2629 fratri
1084 2595 1118 2629 in
1134 2595 1323 2630 homicidii
1339 2606 1472 2641 genere
1487 2595 1668 2643 deputari;

99 2651 137 2680 et
166 2651 343 2693 quantum
364 2645 409 2681 ad
430 2645 642 2692 hujusmodi
668 2645 989 2691 manifestationes,
1023 2658 1214 2696 praccepta
1242 2660 1360 2684 novae
1390 2648 1480 2696 legis
1503 2649 1669 2686 dicuntur

98 2698 240 2745 majora
259 2699 459 2748 praeceptis
477 2700 607 2735 veteris
629 2699 738 2747 legis:
760 2700 850 2736 nihil
863 2710 986 2737 tamen
1002 2702 1170 2750 prohibet
1192 2704 1308 2750 majus
1331 2703 1366 2739 in
1386 2703 1519 2738 minori
1537 2705 1667 2742 virtute

99 2750 298 2796 contineri3
318 2752 413 2789 sicut
432 2752 540 2789 arbor
560 2753 767 2790 continetur
792 2755 827 2790 in
854 2755 1003 2791 semine.

170 2805 233 2842 An
250 2815 422 2844 τιιτιυκ
436 2805 645 2851 dicendum,
665 2808 762 2856 quod
775 2808 862 2844 illud
884 2809 980 2857 quod
996 2810 1047 2846 im
1074 2810 1170 2846 licite
1185 2811 1308 2846 datum
1324 2820 1389 2854 cst,
1403 2821 1547 2860 oportet
1561 2812 1669 2861 expli·

99 2858 194 2903 cath
213 2866 251 2896 et
269 2855 354 2896 isto
372 2867 458 2909 post
475 2868 637 2898 veterem
658 2861 778 2909 legem
801 2861 912 2899 latam
934 2822 1095 2911 oponl'it
1116 2865 1225 2900 etiam
1246 2876 1381 2900 novam
1404 2865 1526 2913 legem
1548 2866 1636 2902 dari.
