1907 3182
264 172 348 214 268
669 185 889 219 QUAESTIO
924 186 1054 214 XXXV.
1088 185 1332 215 ARTICULUS
1363 186 1404 215 V.

263 265 325 298 sed
347 264 509 310 operatio
533 265 848 311 contemplationis
867 274 985 312 potest
1002 267 1227 311 multipliciter
1243 267 1420 312 impediri,
1441 267 1493 301 vel
1510 275 1548 301 ut
1564 267 1723 302 totaliter
1747 279 1820 302 non

264 319 318 360 sit,
339 319 390 352 vel
411 326 449 352 ut
472 330 553 352 cum
576 318 783 353 difficultate
805 319 866 361 sit,
889 331 976 365 ergo
996 320 1031 352 in
1051 319 1358 366 contemplatione
1376 328 1495 366 potest
1513 332 1590 354 esse
1607 321 1748 355 tristitia
1767 321 1824 355 de-

264 372 449 405 lectationi
471 372 660 405 contraria.

340 436 367 469 5.
395 425 630 459 PRAETEREA.
655 425 783 460 Carnis
806 425 952 459 afflictio
969 434 1022 460 est
1043 437 1150 460 causa
1171 427 1350 461 tristitiae:
1374 427 1447 469 sed,
1469 427 1560 461 sicut
1577 427 1706 461 dicitur
1725 427 1822 461 Eccl.

264 477 410 512 ultimo:
433 480 597 524 Frequens
619 479 786 513 meditatio
813 481 922 513 carnis
947 485 991 514 est
1017 480 1170 525 afflicti0;
1200 491 1286 525 ergo
1314 480 1572 525 contemplatio
1594 481 1703 515 habet
1721 481 1824 514 tristi-

263 532 351 564 tiam
373 531 605 565 delectationi
627 532 857 565 contrariam.

335 584 409 618 SED
432 595 586 619 CONTRA
609 593 671 626 est,
695 585 792 630 quod
815 585 944 619 dicitur
965 585 1048 631 Sap.
1073 585 1123 619 8.:
1147 586 1224 620 Non
1239 586 1333 620 habet
1346 586 1603 621 amaritudinem
1622 587 1822 621 conversatio

261 637 360 679 illius,
387 637 534 679 scilicet,
561 638 767 683 sapientiae,
789 650 846 672 nac
865 638 1007 672 taedium
1033 640 1200 673 convictus
1221 640 1299 684 ejus,
1322 639 1373 673 secl
1395 639 1567 682 laetitiam,
1590 644 1619 673 et
1637 639 1823 685 gaudium:

266 691 493 724 conversatio
517 698 649 732 autem,
685 699 719 724 et
749 691 935 725 convictus
962 691 1158 737 sapientiae
1182 700 1234 725 est
1260 703 1322 737 per
1344 692 1710 738 contemplationem,
1737 703 1823 738 ergo

264 743 364 776 nulla
384 744 523 777 tristitia
543 751 606 785 est,
629 755 720 789 quae
743 744 787 778 sit
805 744 985 778 contraria
1007 744 1238 778 delectationi
1261 745 1589 791 contemplationis.

336 796 563 831 RESPONDEO
598 797 803 839 dicendum,
834 798 930 843 quod
957 797 1149 831 delectatio
1181 797 1500 843 contemplationis
1535 806 1654 844 potest
1673 798 1826 844 intelligi

263 849 447 895 dupliciter.
477 851 548 883 Uno
575 849 669 883 modo
692 850 752 892 ita,
774 851 870 896 quod
901 850 1162 896 contemplatio
1197 851 1241 884 sit
1274 851 1524 885 delectationis
1553 863 1673 894 causa,
1696 859 1731 885 et
1750 862 1825 885 non

266 903 466 947 objectum:
487 910 521 936 et
538 911 623 936 tunc
646 903 838 937 delectatio
861 915 934 937 non
957 912 1010 938 est
1031 905 1074 938 de
1096 904 1173 949 ipsa
1195 904 1514 950 contemplatione,
1536 905 1598 938 sed
1619 905 1662 939 de
1682 916 1719 938 re
1741 916 1826 938 con—

265 955 448 1000 templata.
473 956 664 1001 Contingit
686 964 806 990 autem
822 957 1061 1002 contemplari
1077 957 1210 1003 aliquid
1231 959 1415 998 nocivum,
1435 965 1470 991 et
1487 958 1714 999 contristans,
1735 957 1827 991 sicut

266 1016 300 1042 et
330 1008 462 1054 aliquid
497 1010 727 1051 conveniens,
762 1018 796 1044 et
818 1010 1019 1051 delectans,
1043 1011 1135 1044 unde
1158 1011 1187 1044 si
1208 1010 1258 1044 sic
1282 1010 1474 1044 delectatio
1510 1010 1827 1057 contemplationis

265 1062 471 1107 accipiatur,
493 1062 584 1096 nihil
605 1063 772 1108 prohibet
793 1063 1025 1097 delectationi
1047 1063 1365 1109 contemplationis
1388 1075 1465 1098 esse
1483 1063 1662 1098 tristitiam
1690 1072 1828 1098 contra-

264 1115 365 1148 riam.
388 1116 466 1149 Alio
499 1116 594 1149 modo
621 1124 740 1161 potest
765 1117 836 1150 dici
866 1117 1057 1151 delectatio
1086 1116 1416 1162 contemplationis,
1450 1117 1534 1162 quia
1564 1116 1826 1163 contemplatio

266 1177 319 1202 est
340 1170 414 1214 ejus
436 1169 632 1214 objectum,
654 1179 689 1204 et
722 1182 846 1204 causa:
874 1179 959 1217 puta
987 1182 1070 1204 cum
1097 1170 1225 1216 aliquis
1252 1170 1450 1205 delectatur
1471 1171 1514 1205 de
1536 1171 1608 1205 hoc
1628 1171 1709 1217 ipso
1731 1171 1828 1217 quod

268 1223 550 1270 contemplatur:
574 1232 608 1258 et
635 1225 698 1266 sic,
720 1233 758 1258 ut
779 1225 865 1259 dicit
892 1225 1001 1270 Greg.
1036 1225 1189 1271 Nyssen.
1229 1224 1295 1268 (vel
1321 1225 1447 1259 Nemes.
1470 1225 1525 1259 lib.
1559 1225 1595 1259 de
1624 1225 1703 1259 Nat.
1724 1226 1827 1259 Hom.

266 1283 334 1323 cap.
358 1278 407 1311 18.
425 1283 549 1322 parum
570 1289 589 1311 α
604 1278 792 1324 priizc.)‚ei
811 1278 1054 1320 delectationi,
1069 1290 1160 1324 quae
1176 1285 1228 1312 est
1249 1278 1450 1312 secundum
1469 1278 1829 1325 contemplationem,

265 1341 339 1363 non
374 1330 567 1376 opponitur
590 1331 716 1377 ,aliqua
755 1332 914 1365 tristitia:
938 1339 973 1365 et
1005 1332 1076 1366 hoc
1111 1331 1208 1365 idem
1238 1331 1452 1377 Philosoph.
1479 1331 1565 1365 dicit
1585 1332 1621 1365 in
1647 1342 1675 1365 1.
1699 1330 1828 1377 Topic.

266 1384 354 1429 (rap.
381 1395 424 1429 13.
439 1384 498 1418 loc.
522 1386 568 1429 2.)
593 1392 627 1418 et
647 1385 683 1418 in
710 1396 760 1419 1o.
776 1385 892 1418 Ethic.
917 1384 1003 1431 (cap.
1023 1397 1051 1431 3.
1074 1386 1133 1419 cir.
1155 1384 1277 1428 med.):
1301 1384 1363 1418 sed
1384 1385 1456 1418 hoc
1480 1392 1533 1418 est
1552 1383 1829 1429 intelligendum

267 1448 329 1481 per
350 1447 386 1470 se
409 1436 605 1482 loquendo,
621 1439 721 1483 cujus
743 1439 834 1472 ratio
850 1446 913 1480 est,
932 1439 1015 1484 quia
1030 1438 1171 1472 tristitia
1190 1449 1252 1483 per
1274 1449 1310 1472 se
1334 1438 1573 1471 contrariatur
1587 1437 1830 1478 delectationi,

267 1501 358 1534 quae
378 1498 430 1524 est
451 1491 494 1524 de
517 1491 698 1524 contrario
722 1492 887 1536 objecto,
922 1491 1014 1525 sicut
1044 1491 1286 1532 delectationi,
1318 1502 1409 1536 quae
1443 1499 1496 1524 est
1522 1491 1565 1524 de
1594 1491 1726 1532 calore,
1749 1501 1832 1524 con—

266 1543 433 1576 trariatur
453 1544 604 1586 tristitia,
627 1556 719 1590 quae
742 1553 794 1578 est
816 1546 858 1578 de
880 1544 1024 1590 frigore.
1049 1545 1207 1589 Obiecto
1245 1552 1364 1578 autem
1403 1543 1721 1589 contemplationis
1741 1542 1832 1577 nihil

267 1604 319 1630 est
356 1597 596 1631 contrarium:
631 1598 895 1632 contrariorum
929 1598 1027 1632 enim
1062 1598 1230 1639 rationes,
1262 1597 1462 1631 secundum
1489 1597 1585 1643 quod
1607 1605 1690 1631 sunt
1711 1608 1833 1643 appre-

266 1649 413 1691 hensae,
435 1661 510 1684 non
536 1659 618 1684 sunt
640 1651 860 1693 contrariae3
891 1651 953 1685 sed
981 1663 1092 1684 unum
1124 1651 1346 1685 contrarium
1380 1658 1433 1685 est·
1462 1651 1554 1684 ratio
1586 1649 1833 1696 cognoscendi

266 1702 382 1745 aliud,
412 1704 506 1738 unde
541 1703 783 1746 delectationi,
806 1716 897 1750 quae
932 1713 985 1738 cst
1017 1704 1053 1738 in
1076 1703 1371 1750 contemplando,
1398 1715 1460 1750 per
1482 1715 1519 1738 se
1540 1703 1737 1750 loquendo,
1758 1714 1832 1737 non

263 1764 382 1802 potest
403 1768 480 1791 esse
501 1757 620 1803 aliqua
641 1758 781 1792 tristitia
803 1758 994 1792 contraria.

338 1809 409 1843 Sed
430 1823 486 1845 nuc
507 1812 709 1846 atiizmhalmt
731 1813 898 1846 tristitiam
919 1823 1095 1854 annexam,
1108 1811 1200 1845 sicut
1221 1810 1429 1857 corporales
1451 1810 1723 1852 delectationes,
1738 1821 1830 1857 quae

266 1871 349 1896 sunt
370 1871 408 1897 ut
429 1864 630 1898 medicinae
653 1864 832 1910 quaedam
848 1873 972 1898 contra
988 1864 1125 1911 aliquas
1148 1864 1353 1899 molestias:
1373 1864 1466 1898 sicut
1487 1863 1614 1911 aliquis
1636 1864 1834 1898 delectatur

266 1916 303 1950 in
322 1925 409 1962 potu
432 1928 473 1950 ex
492 1917 562 1951 hoc
586 1918 682 1964 quod
706 1919 868 1952 anxiatur
890 1918 947 1953 siti
966 1930 972 1951 :
996 1918 1140 1964 quando
1170 1926 1289 1952 autem
1312 1919 1384 1963 jam
1406 1925 1482 1952 tota
1503 1918 1579 1952 sitis
1601 1925 1654 1952 est
1679 1917 1833 1964 repulsa,

271 1970 380 2004 etiam
403 1979 519 2005 cessat
540 1971 732 2006 delectatio
754 1980 876 2018 potus:
901 1971 1092 2005 delectatio
1115 1971 1212 2005 enim
1233 1971 1550 2017 contemplationis
1571 1982 1646 2005 non
1668 1979 1835 2005 causatur

269 2035 311 2057 ex
332 2023 403 2057 hoc
426 2024 521 2069 quod
544 2024 744 2059 excluditur
762 2025 881 2071 aliqua
912 2024 1091 2066 molestia,
1113 2025 1175 2059 sed
1203 2036 1245 2058 ex
1270 2025 1342 2058 hoc
1369 2024 1466 2070 quod
1488 2033 1541 2059 est
1561 2024 1761 2059 secundum
1783 2035 1835 2058 se-

267 2076 384 2122 ipsam
406 2077 648 2112 delectabilis:
671 2089 746 2112 non
776 2087 828 2112 est
850 2078 947 2112 enim
966 2078 1163 2123 generatio,
1186 2086 1223 2112 ut
1245 2078 1381 2111 dictum
1404 2086 1457 2112 est
1477 2079 1523 2124 (q.
1541 2089 1593 2124 34.
1616 2082 1680 2112 art.
1699 2078 1755 2123 3.)‚
1771 2077 1832 2112 sed

270 2130 432 2175 operatio
456 2131 633 2176 quaedam
656 2131 826 2177 perfecta.
848 2132 916 2166 Per
939 2132 1105 2166 accidens
1133 2139 1253 2165 autem
1277 2131 1496 2165 admiscetur
1515 2131 1656 2165 tristitia
1683 2131 1836 2165 delecta-

268 2183 359 2217 tioni
381 2184 689 2229 apprehensionis.
710 2185 753 2219 Et
775 2185 846 2218 hoc
869 2185 1067 2231 dupliciter:
1091 2197 1155 2219 uno
1182 2185 1277 2219 modo
1300 2196 1342 2219 ex
1369 2193 1467 2231 parte
1495 2186 1634 2230 organi,
1656 2185 1721 2219 alio
1739 2184 1834 2218 modo

271 2248 312 2270 ex
339 2237 601 2282 impedimento
625 2239 934 2284 apprehensionis.
953 2238 1004 2272 Ex
1022 2243 1121 2285 purte²
1135 2238 1281 2284 quidem
1301 2238 1429 2284 organi
1451 2238 1669 2272 admiscetur
1682 2237 1835 2279 tristitia,

271 2290 328 2324 vel
350 2291 455 2325 dolor
477 2292 767 2337 apprehensioni‚
795 2293 929 2326 directe
951 2293 1097 2338 quidem
1126 2293 1163 2326 in
1189 2292 1323 2327 viribus
1353 2292 1623 2338 apprehensivis
1644 2291 1835 2326 sensitivae

272 2344 392 2389 partis,
411 2356 501 2390 quae
524 2346 658 2379 habent
679 2357 858 2391 organum
878 2346 1084 2391 corporale3
1105 2346 1158 2380 ‘vel
1179 2357 1220 2380 ex
1236 2345 1407 2387 sensibili,
1429 2346 1525 2391 quod
1541 2353 1593 2380 est
1613 2345 1836 2379 contrarium

272 2397 412 2431 debitae
431 2399 674 2444 complexioni
693 2400 820 2444 organi
842 2399 950 2443 (sicut
972 2408 1096 2445 gustus
1122 2399 1170 2433 rei
1191 2411 1346 2441 amarae,
1366 2408 1399 2434 et
1418 2398 1571 2433 olfactus
1593 2399 1643 2433 rei
1663 2398 1836 2441 foetidae)

270 2451 322 2485 vel
344 2463 385 2485 ex
407 2452 642 2486 continuitate
664 2452 840 2486 sensibilis
867 2453 1127 2494 convenientis,
1143 2453 1239 2499 quod
1261 2464 1324 2498 per
1346 2453 1591 2487 assiduitatem
1614 2451 1699 2486 facit
1719 2462 1838 2497 super-

273 2505 555 2539 excrescentiam
587 2505 757 2539 naturalis
794 2506 947 2547 habitus,
970 2514 1007 2540 ut
1029 2518 1134 2551 supra
1157 2507 1293 2540 dictum
1325 2515 1377 2540 est
1405 2505 1448 2552 (q.
1470 2518 1512 2551 33.
1535 2511 1598 2540 art.
1620 2506 1695 2550 2.).·
1730 2513 1765 2540 et
1785 2505 1836 2540 sic
1888 2547 1893 2555 ‚

272 2558 428 2592 redditur
462 2559 701 2604 apprehensio
735 2559 923 2600 sensibilis,
955 2571 1045 2604 quae
1073 2560 1169 2605 prius
1197 2568 1272 2594 erat
1302 2559 1534 2601 delectabilis,
1561 2559 1746 2594 taediosa:
1774 2557 1836 2593 sed

273 2611 362 2644 haec
385 2611 456 2645 duo
476 2612 608 2646 directe
632 2612 666 2645 in
699 2612 1007 2658 contemplatione
1043 2613 1172 2647 mentis
1207 2612 1330 2647 locum
1352 2624 1426 2647 non
1456 2613 1606 2647 habent:
1629 2612 1711 2658 quia
1734 2622 1836 2646 mens

272 2675 345 2697 non
368 2665 476 2699 habet
497 2676 675 2711 organum
704 2665 912 2711 corporale,
936 2666 1029 2700 unde
1064 2667 1201 2700 dictum
1236 2675 1288 2701 est
1310 2668 1345 2700 in
1374 2666 1585 2701 auctoritate
1617 2666 1762 2700 inducta
1783 2666 1836 2710 (in

274 2730 344 2763 urg.
371 2719 423 2753 sei!
449 2721 570 2764 contr.)
594 2719 689 2765 quod
717 2731 789 2753 non
813 2720 920 2753 habet
939 2720 1198 2765 contemplatio
1222 2720 1352 2754 mentis
1371 2731 1436 2754 nec
1461 2719 1750 2760 amaritudinem,
1771 2728 1836 2752 nec

274 2773 450 2806 taedium:
485 2774 545 2807 sed
569 2775 650 2819 quia
674 2785 776 2807 mens
798 2773 956 2807 humana
980 2774 1087 2807 utitur
1114 2774 1148 2807 in
1181 2773 1462 2820 contemplando
1488 2773 1621 2808 viribus
1643 2772 1838 2819 apprehen-

274 2827 358 2861 sivis
380 2827 569 2869 sensstivis,
588 2828 622 2861 in
639 2839 789 2873 quarum
810 2827 946 2860 actibus
969 2827 1098 2860 accidit
1120 2827 1305 2868 lassitudo,
1320 2827 1402 2862 ideo
1424 2826 1597 2861 indirecte
1620 2825 1838 2860 admiscetur

276 2881 392 2926 aliqua
416 2880 574 2922 afflictio,
596 2881 652 2915 vel
674 2880 778 2915 dolor
799 2880 1110 2926 contemplationi.
1139 2881 1209 2914 Sed
1232 2889 1360 2915 neutro
1380 2881 1491 2915 modo
1517 2879 1657 2915 tristitia
1679 2886 1839 2914 contem-
