1875 3198
257 191 342 244 566
652 201 873 237 QUAl-:srio
908 202 1086 230 Lxxvtn.
1120 201 1364 232 ARTICULUS
1397 203 1423 231 1.

827 368 1171 414 ARTICULUS
1204 370 1237 413 1.
1657 424 1663 430 ‚
1745 392 1811 429 423

511 476 664 507 UTRUM
694 477 868 512 ALIQUIS
903 477 1071 507 PECCET
1105 478 1161 506 EX
1193 477 1335 507 CERTA
1367 477 1562 507 MALITIA.

251 565 339 609 (2-2.
362 577 392 611 q.
410 565 480 599 161.
501 569 563 598 art.
579 576 609 599 2.
625 570 712 610 corp.
728 569 857 611 etpart.
870 576 898 610 3.
915 576 944 610 q.
959 565 1014 600 88.
1033 569 1097 599 art.
1116 576 1149 609 4.
1171 571 1259 611 corp.
1276 569 1305 599 et
1317 576 1348 600 2.
1368 565 1454 599 Dist.
1471 576 1499 611 7.
1514 577 1544 611 q.
1559 577 1586 600 1.
1602 570 1664 600 art.
1679 577 1710 600 2.
1726 572 1813 612 corp.

325 623 356 653 et
373 618 456 654 Mal.
471 630 500 664 q.
517 629 547 652 2.
567 622 629 652 art.
649 618 680 653 8.
700 617 742 652 ad
754 629 787 662 4.
806 623 835 652 et
853 629 882 663 q.
901 630 929 664 3.
952 622 1014 652 art.
1037 624 1142 664 aper
1157 623 1211 652 tot.
1230 624 1260 653 et
1281 624 1343 652 art.
1362 629 1394 663 4.
1410 624 1498 665 corp.
1514 623 1542 653 et
1559 618 1601 653 ad
1622 629 1652 665 7.
1671 624 1701 653 et
1718 620 1749 654 8.

820 676 850 706 et
867 671 910 705 ad
928 672 1023 706 Rom.
1045 683 1076 705 2.
1099 671 1168 706 lect.
1191 672 1248 716 1.).

325 760 384 793 AD
406 769 556 793 PRIMUM
575 759 626 793 sic
648 759 864 804 proceditur.
887 758 1048 801 Videtur,
1068 759 1164 805 quod
1186 758 1304 793 nullus
1327 767 1453 805 peccet
1473 770 1516 793 ex
1535 759 1720 802 industria,
1741 760 1815 794 sive

254 826 296 848 ex
320 821 416 846 certa
438 812 594 846 malitia:
625 812 829 858 ignorantia
853 813 950 846 enim
973 812 1166 858 opponitur
1187 812 1393 854 industriae,
1415 823 1476 846 seu
1499 820 1617 847 certae
1639 812 1815 855 malitiae3

252 866 313 900 sed
337 867 440 900 omnis
466 866 572 900 malus
598 871 642 900 est
668 867 832 911 ignorans,
864 866 1063 899 secundum
1093 865 1230 900 Philos.
1254 865 1331 910 (lib.
1355 878 1382 912 3.
1405 866 1512 900 Ethic.
1528 872 1598 912 cap.
1620 878 1648 901 Ι.
1663 878 1684 900 α
1704 866 1816 912 mad),

253 927 286 953 et
304 920 411 953 Prov.
436 929 486 962 14.
506 919 652 954 dicitur:
670 920 811 961 Errant,
831 921 888 965 qui
904 925 1084 966 operantur
1101 920 1227 954 malum
1240 932 1253 961 ,¹
1274 931 1361 965 ergo
1379 919 1499 954 nullus
1517 927 1644 966 peccat
1660 930 1702 954 ex
1721 927 1817 954 certa

253 973 402 1007 malitia.

325 1037 356 1060 2.
379 1026 614 1061 PRAETEREA.
634 1026 786 1072 Dionys.
807 1025 893 1060 dicit
913 1036 945 1068 4.
969 1037 1045 1072 cap.
1069 1026 1112 1060 de
1130 1026 1213 1060 Div.
1236 1026 1346 1060 Nom.
1365 1021 1468 1072 (pcirt.
1486 1037 1520 1071 4.
1535 1026 1604 1061 lect.
1625 1037 1676 1071 14.
1698 1030 1726 1060 et
1746 1027 1815 1072 22.)

252 1080 348 1126 quod
375 1080 482 1114 nullus
508 1079 673 1114 intendens
699 1079 740 1113 ad
766 1079 892 1113 malum
919 1085 1098 1126 operatur:
1126 1079 1189 1114 sed
1215 1079 1286 1113 hoc
1313 1079 1454 1113 videtur
1487 1090 1564 1114 esse
1598 1090 1748 1126 peccare
1775 1090 1816 1113 ex

253 1133 401 1174 malitia,
423 1133 608 1167 intendere
630 1132 769 1166 malum
791 1133 827 1166 in
850 1133 1056 1178 peccando:
1085 1132 1181 1178 quod
1204 1132 1301 1166 enim
1328 1140 1382 1166 est
1406 1140 1547 1178 praeter
1566 1133 1817 1174 intentionem,

252 1195 305 1221 est
334 1187 435 1232 quasi
464 1197 526 1232 per
556 1186 735 1227 accidens,
764 1194 798 1220 et
824 1197 898 1219 non
927 1186 1140 1220 denominat
1166 1194 1307 1228 actum;
1334 1196 1421 1231 ergo
1448 1185 1568 1219 nullus
1605 1196 1646 1220 ex
1679 1185 1817 1219 malitia

253 1247 390 1286 peccat.

326 1305 354 1339 3.
378 1293 613 1327 PRAETEREA.
636 1292 775 1326 Malitia
796 1293 872 1338 ipsa
893 1300 1084 1338 peccatum
1108 1300 1176 1326 est:
1203 1292 1233 1326 si
1253 1292 1362 1338 igitur
1382 1291 1520 1326 malitia
1540 1292 1586 1326 sit
1606 1303 1715 1326 causa
1735 1302 1818 1338 pec-

255 1347 335 1389 cati,
358 1355 537 1392 sequetur,
560 1346 656 1392 quod
678 1354 868 1392 peccatum
888 1346 932 1380 sit
951 1357 1058 1380 causa
1077 1346 1216 1392 peccati
1235 1347 1270 1380 in
1291 1345 1483 1388 infinitum,
1505 1345 1601 1392 quod
1623 1353 1677 1380 est
1696 1345 1819 1379 incon-

250 1401 419 1442 veniens;
439 1395 561 1434 nullus
582 1400 691 1445 igitur
713 1410 755 1433 ex
776 1399 913 1433 malitia
936 1407 1072 1445 peccat.

325 1453 399 1488 SED
423 1463 578 1488 CONTRA
601 1461 663 1494 est,
687 1453 783 1498 quod
806 1452 1009 1497 diciturJob
1029 1462 1100 1497 34:
1125 1453 1232 1496 Quasi
1249 1452 1285 1487 de
1301 1452 1467 1486 industria
1484 1457 1677 1487 recesserunt
1693 1463 1713 1486 a
1735 1452 1816 1493 Deo,

252 1512 280 1542 cl
299 1509 373 1542 vias
398 1509 466 1553 ejus
488 1507 665 1551 intelligere
687 1506 884 1540 noluerunt:
908 1506 969 1539 sed
991 1505 1159 1539 recedere
1182 1517 1200 1539 a
1222 1506 1303 1539 Deo
1326 1513 1379 1539 est
1399 1516 1570 1552 peccare;
1593 1516 1680 1551 ergo
1707 1504 1817 1551 aliqui

253 1569 405 1608 peccant
426 1572 467 1595 ex
489 1560 674 1602 industria,
693 1571 756 1594 seu
779 1571 821 1594 ex
844 1567 940 1594 certa
962 1559 1110 1593 malitia.

322 1615 551 1649 RESPONDEO
575 1614 779 1655 dicendum,
802 1613 898 1659 quod
917 1613 1044 1654 homo,
1063 1613 1156 1646 sicut
1169 1620 1204 1647 et
1221 1612 1402 1658 quaelibet
1419 1611 1507 1646 alias
1524 1623 1593 1654 res,
1609 1611 1819 1646 naturaliter
1874 1621 1875 1627 ¹

249 1668 359 1702 habet
381 1667 579 1714 appetitum
599 1667 696 1708 boni,
716 1667 810 1700 unde
829 1667 926 1712 quod
945 1666 988 1700 ad
1007 1665 1146 1699 malum
1165 1667 1240 1711 ejus
1260 1665 1437 1712 appetitus
1455 1665 1623 1707 declinet,
1642 1665 1819 1712 contingit

250 1734 292 1756 ex
314 1721 434 1767 aliqua
456 1721 700 1767 corruptione,
722 1731 784 1754 seu
803 1720 1072 1754 inordinatione
1091 1720 1126 1753 in
1149 1720 1271 1766 aliquo
1293 1719 1552 1766 principiorum
1574 1719 1746 1761 hominis,
1767 1719 1817 1754 sic

251 1776 349 1810 enim
370 1775 406 1808 in
430 1774 630 1808 actionibus
657 1785 777 1807 rerum
809 1773 1026 1807 naturalium
1055 1781 1246 1819 peccatum
1272 1773 1469 1807 invenitur:
1493 1772 1668 1819 principia
1697 1780 1818 1807 autem

250 1829 496 1863 humanorum
525 1835 670 1861 actuum
697 1835 779 1860 sunt
800 1826 1016 1867 intellectus,
1039 1834 1073 1861 et
1096 1826 1271 1872 appetitus
1293 1835 1367 1860 tam
1389 1825 1587 1868 rationalis,
1609 1826 1670 1873 qui
1691 1826 1818 1860 dicitur

249 1882 429 1923 voluntas,
463 1892 572 1927 quam
605 1881 811 1915 sensitivus:
846 1888 1036 1926 peccatum
1071 1879 1177 1925 igitur
1205 1874 1242 1913 in
1275 1880 1444 1914 humanis
1471 1879 1607 1914 actibus
1643 1879 1820 1926 contingit

250 1935 453 1982 quandoque,
487 1935 579 1968 sicut
604 1945 645 1968 ex
676 1933 816 1968 defectu
850 1933 1066 1975 intellectus,
1096 1940 1180 1979 puta
1211 1944 1293 1967 cum
1323 1932 1450 1979 aliquis
1480 1944 1544 1980 per
1576 1933 1818 1979 ignorantiam

250 1997 396 2036 peccat3
417 1996 451 2022 et
470 1999 511 2022 ex
529 1986 670 2021 defectu
687 1987 864 2033 appetitus
879 1986 1051 2028 sensitivi‚
1073 1986 1165 2020 sicut
1184 1997 1266 2020 cum
1286 1985 1414 2032 aliquis
1436 1998 1478 2021 ex
1495 1987 1662 2033 passione
1681 1995 1817 2033 peccat:

250 2043 297 2076 ita
320 2042 429 2076 etiam
445 2052 486 2075 ex
503 2040 643 2075 defectu
658 2040 865 2082 voluntatis,
884 2041 945 2086 qui
964 2047 1016 2074 est
1038 2039 1257 2074 inordinatio
1279 2039 1400 2086 ipsius.
1424 2039 1486 2074 Est
1508 2048 1629 2074 autem
1651 2039 1818 2075 voluntas
1850 2063 1851 2066 =

250 2096 467 2137 inordinata,
495 2094 638 2140 quando
674 2094 792 2128 minus
822 2094 960 2127 bonum
988 2093 1104 2138 magis
1136 2101 1251 2128 amat:
1281 2104 1506 2140 consequens
1537 2100 1658 2128 autem
1690 2102 1754 2136 est,
1780 2101 1820 2128 ut
1847 2110 1857 2128 ‚¹

252 2149 380 2195 aliquis
400 2149 510 2193 eligat
536 2148 608 2194 pati
631 2147 888 2181 detrimentum
910 2147 946 2180 in
968 2147 1066 2180 bono
1086 2147 1204 2181 minus
1231 2154 1366 2188 amato,
1389 2146 1432 2180 ad
1454 2147 1524 2181 hoc
1544 2146 1640 2193 quod
1663 2147 1819 2193 potiatur
1845 2146 1857 2172 1'

251 2204 349 2237 bono
373 2202 488 2247 magis
511 2209 651 2234 amato:
675 2201 767 2235 sicut
793 2212 877 2235 eum
898 2201 1012 2234 homo
1035 2199 1110 2234 vult
1136 2200 1209 2246 pati
1236 2200 1495 2235 abscissionem
1526 2200 1680 2234 membri
1709 2201 1853 2235 etiam·³

252 2256 418 2297 scienter,
438 2263 475 2289 ut
494 2262 684 2288 conservet
702 2255 825 2296 vitam,
841 2265 949 2300 quam
968 2253 1085 2299 magis
1104 2262 1211 2288 amat.
1230 2253 1283 2287 Ita
1300 2264 1363 2300 per
1376 2254 1472 2288 hunc
1492 2253 1655 2295 modum,
1673 2254 1818 2300 quando
1843 2255 1847 2260 '

253 2309 371 2355 aliqua
390 2308 593 2342 inordinata
613 2307 780 2341 voluntas
801 2307 946 2353 aliquod
965 2307 1102 2341 bonum
1121 2306 1322 2352 temporale
1341 2306 1420 2353 plus
1439 2315 1548 2349 amat,
1566 2314 1650 2354 puta
1665 2307 1820 2350 divitias,
1840 2310 1850 2327 “

251 2363 310 2397 vel
328 2362 565 2408 voluptatem,
585 2372 693 2407 quam
714 2361 880 2395 ordinem
900 2361 1060 2402 rationis,
1080 2359 1138 2394 vel
1155 2360 1244 2406 legis
1263 2360 1416 2399 divinae,
1434 2360 1492 2394 vel
1511 2360 1724 2395 charitatem
1737 2360 1819 2404 Dei,

252 2415 310 2450 vel
337 2415 470 2461 aliquid
497 2414 716 2459 hujusmodi,
744 2414 903 2460 sequitur
930 2414 1026 2460 quod
1052 2413 1137 2448 velit
1164 2414 1390 2460 dispendium
1418 2413 1491 2460 pati
1516 2414 1552 2448 in
1579 2413 1700 2460 aliquo
1722 2413 1820 2460 spiri-

252 2469 405 2504 tualium
427 2469 620 2510 bonorum,
644 2475 680 2501 ut
702 2467 859 2514 potiatur
881 2467 1002 2513 aliquo
1025 2466 1216 2514 temporali
1237 2467 1354 2501 bono:
1381 2467 1472 2501 nihil
1497 2475 1618 2502 autem
1645 2475 1698 2502 est
1723 2466 1818 2502 aliud
1855 2472 1857 2474 ’

254 2522 404 2564 malum,
427 2533 535 2568 quam
558 2521 710 2567 privatio
734 2521 884 2565 alicujus
906 2521 1010 2562 boni;
1039 2529 1072 2555 et
1098 2520 1297 2555 secundum
1324 2520 1395 2555 hoc
1418 2520 1547 2567 aliquis
1569 2520 1723 2556 scienter
1742 2519 1820 2555 vult

255 2576 401 2622 aliquod
424 2574 561 2609 malum
583 2574 777 2621 spirituale,
800 2574 896 2619 quod
919 2582 973 2608 est
994 2574 1131 2608 malum
1154 2574 1374 2620 simpliciter,
1396 2585 1459 2620 per
1480 2573 1576 2620 quod
1598 2574 1735 2608 bonum
1753 2573 1837 2620 spis

255 2629 382 2664 rituale
405 2629 573 2675 privatur,
601 2636 639 2662 ut
665 2627 779 2661 homo
805 2627 995 2673 temporali
1024 2627 1197 2673 potiatur:
1221 2627 1314 2661 unde
1336 2626 1466 2662 dicitur
1486 2638 1528 2662 ex
1550 2635 1646 2662 certa
1669 2626 1817 2669 malitia,

256 2683 313 2717 vel
336 2682 509 2716 industria
531 2692 694 2728 peccare,
717 2681 817 2726 quasi
840 2681 993 2714 scienter
1015 2680 1152 2714 malum
1175 2680 1322 2727 eligens.

326 2736 386 2770 An
405 2745 553 2770 PRIMUM
577 2745 663 2779 ergo
686 2734 891 2775 dicendum,
921 2734 1015 2780 quod
1047 2734 1250 2779 ignorantia
1271 2733 1464 2780 quandoque
1485 2733 1631 2780 quidem
1657 2732 1815 2768 excludit

256 2789 457 2830 scientiam,
479 2800 548 2834 qua
571 2788 698 2834 aliquis
720 2787 931 2833 simpliciter
952 2787 1018 2821 scit
1039 2788 1108 2821 hoc
1133 2799 1210 2822 esse
1230 2787 1380 2829 malum,
1402 2787 1499 2834 quod
1523 2787 1657 2833 agitur:
1679 2795 1714 2822 ct
1731 2794 1817 2822 tunc

257 2842 385 2877 dicitur
407 2854 448 2876 ex
464 2842 667 2887 ignorantia
689 2852 857 2887 peccare:
873 2841 1064 2886 quandoque
1080 2850 1199 2875 autem
1222 2840 1378 2875 excludit
1399 2841 1600 2883 scientiam,
1614 2851 1684 2887 qua
1702 2839 1816 2874 homo

258 2896 323 2930 scit
338 2896 408 2930 hoc
436 2907 530 2930 nunc
551 2907 627 2930 esse
644 2894 800 2936 nialum;
816 2894 906 2928 sicut
925 2905 1007 2928 cum
1031 2907 1071 2928 ex
1096 2894 1261 2940 passione
1281 2893 1675 2941 peccatur3q1mndoque
1696 2901 1817 2928 autem
