1875 3198
245 178 332 220 616
633 187 856 223 QUAESTIO
891 187 1067 217 LXXXVI.
1102 186 1346 216 ARTICULUS
1380 185 1424 217 ΙΙ.

316 283 344 317 3.
359 271 597 305 PRAETEREA.
619 269 751 305 Omnis
776 268 924 303 effectus
946 269 1126 314 dependet
1147 280 1188 303 ex
1210 279 1275 302 sua
1297 278 1424 302 causa:
1453 278 1562 302 causa
1589 275 1711 302 autem
1737 278 1811 302 ma-

241 324 343 358 culae
365 332 418 358 est
440 332 540 358 actus
562 323 723 370 peccati3
745 334 833 369 ergo
855 331 999 357 remoto
1028 330 1107 356 actu
1134 322 1286 368 peccati,
1313 332 1388 355 non
1415 329 1580 356 remanet
1604 320 1750 356 macula
1775 322 1811 356 in

241 378 373 412 anima.

313 431 387 466 SED
416 441 571 466 CONTRA
599 438 662 472 est,
693 430 789 476 quod
821 429 950 464 dicitur
973 430 1083 475 Josue
1113 439 1187 463 22.:
1211 429 1268 464 Αιι
1285 435 1416 476 parum
1442 433 1485 463 est
1509 429 1614 470 vobis,
1637 429 1812 475 quia-pec-

240 486 336 520 castis
356 487 387 519 in
402 485 607 531 Beelphegor,
624 489 654 518 et
675 495 771 529 usqne
794 484 827 517 iu
844 489 1049 530 praesentem
1061 483 1145 518 diem
1161 483 1292 517 macula
1308 482 1405 528 Imjzcs
1422 481 1550 516 sceleris
1571 483 1605 516 in
1622 482 1716 516 vobis
1735 487 1812 528 per-

240 540 381 574 manet?

312 593 541 626 RESPONDEO
571 590 777 632 dicendum,
809 591 905 637 quod
941 590 1086 625 macula
1120 590 1261 636 peccati
1293 597 1458 624 remanet
1492 590 1530 623 in
1556 588 1677 622 anima
1704 588 1813 622 etiam

239 653 447 681 transeunte
471 653 551 679 actu
575 644 732 690 peccati3
755 645 855 690 cujus
878 644 969 678 ratio
993 652 1056 685 est,
1084 644 1168 690 quia
1195 642 1351 685 macula,
1375 643 1469 677 sicut
1490 642 1632 676 dictum
1653 649 1708 676 est
1735 641 1814 686 (art.

234 699 379 747 praua),
403 699 575 744 importat
598 698 795 744 quemdam
817 697 999 732 defectum
1022 698 1148 732 nitoris
1172 705 1318 743 propter
1338 707 1524 730 recessum
1547 707 1566 730 a
1592 695 1731 729 lumine
1757 706 1810 729 ra-

241 753 362 794 tionis,
396 752 454 787 vel
481 753 622 786 divinae
656 751 766 796 legis,
799 759 834 786 et
858 751 953 794 ideo,
981 751 1154 798 quamdiu
1185 751 1300 785 homo
1328 758 1452 784 manet
1478 757 1577 785 extra
1603 749 1817 796 hujusmodi

242 806 379 848 lumen,
402 814 525 840 manet
546 806 582 839 in
605 817 647 839 eo
671 804 815 839 macula
836 807 995 851 peccati:
1019 805 1081 839 sed
1103 812 1299 851 postquam
1325 804 1416 838 redit
1437 803 1482 838 ad
1507 802 1633 837 lumen
1654 802 1816 844 rationis,

243 869 277 894 et
300 860 343 894 ad
365 860 489 894 lumen
508 860 681 901 divinum,
704 859 801 905 quod
823 859 862 893 fit
883 871 945 905 per
966 859 1131 905 gratiam,
1150 867 1235 893 tunc
1255 857 1399 892 macula
1418 864 1545 892 cessat.
1568 857 1672 891 Licet
1695 864 1815 890 autem

244 922 361 948 cesset
383 922 482 948 actus
504 913 656 960 peccati,
679 925 750 960 quo
773 914 889 947 homo
906 913 1071 948 discessit
1092 925 1111 947 a
1132 912 1271 947 lumine
1285 912 1448 955 rationis,
1469 911 1529 947 vel
1548 911 1638 958 legis
1653 912 1816 954 divinae3

242 979 316 1002 non
338 976 461 1002 tamen
488 967 611 1002 statim
631 967 747 1001 homo
776 967 819 1001 ad
846 966 934 1001 illud
961 967 1063 1009 redit,
1086 969 1121 1001 in
1142 978 1214 1013 quo
1236 966 1370 1009 fuerat;
1392 966 1455 1001 sed
1476 966 1668 1012 requiritur
1689 965 1816 1012 aliquis
1846 980 1863 1042 Q

1854 1050 1863 1069 d

1851 1110 1859 1135 t

1854 1148 1861 1163 Q

243 1029 364 1055 motus
385 1020 581 1055 voluntatis
609 1020 809 1055 contrarius
836 1021 954 1067 primo
982 1021 1120 1063 motui3
1152 1021 1245 1054 sicut
1269 1020 1300 1055 si
1327 1020 1456 1066 aliquis
1482 1020 1527 1054 sit
1547 1019 1683 1054 distans
1710 1018 1819 1053 alicui
1852 1047 1853 1050 ,

242 1087 306 1122 per
328 1074 487 1121 aliquem
509 1081 663 1116 motum,
678 1086 753 1108 non
775 1074 897 1108 statim
915 1082 1080 1109 cessante
1102 1082 1206 1108 motu
1228 1074 1267 1108 fit
1290 1074 1323 1108 ei
1342 1073 1577 1121 propinquus,
1599 1073 1662 1108 sed
1676 1081 1820 1120 oportet
1859 1092 1862 1102 ι

241 1129 339 1175 quod
358 1128 624 1174 appropinquet
644 1128 786 1162 rediens
807 1139 871 1174 per
892 1135 1035 1162 motum
1057 1128 1291 1162 contrarium.
1859 1165 1862 1171 ¹

315 1182 375 1217 AD
401 1193 551 1217 PRIMUM
573 1193 664 1242 ergo·
687 1182 892 1224 dicendum,
921 1182 1018 1228 quod
1044 1190 1127 1228 post
1153 1190 1276 1217 actum
1305 1181 1448 1228 peccati
1473 1180 1565 1215 nihil
1586 1180 1740 1228 positive
1767 1192 1819 1215 re-
1849 1187 1861 1208 ²

245 1244 370 1270 manet
391 1236 426 1270 in
450 1236 583 1278 anima,
598 1235 667 1270 nisi
686 1236 886 1282 dispositio,
900 1235 958 1269 vel
976 1236 1138 1270 habitus:
1158 1243 1323 1270 remanet
1335 1243 1460 1270 tamen
1475 1234 1611 1281 aliquid
1631 1234 1818 1282 privative,
1851 1227 1861 1252 ³

246 1290 385 1325 scilicet
406 1290 482 1336 priv
487 1290 559 1324 atio
584 1289 851 1335 conjunctionis
874 1289 918 1323 ad
941 1289 1101 1323 divinum
1122 1289 1259 1324 lumen.
1852 1323 1857 1328 ,

317 1344 378 1378 AD
402 1355 612 1379 SECUNDUM
640 1343 847 1385 dicendum,
875 1343 972 1390 quod
999 1351 1208 1378 transeunte
1237 1342 1426 1378 obstaculo
1455 1342 1630 1389 corporis,
1656 1350 1822 1377 remanet
1848 1329 1861 1373 1¹

248 1409 378 1444 corpus
398 1398 650 1444 diaphanum
642 1409 678 1431 in
702 1397 843 1443 aequali
869 1398 1149 1443 propinquitate,
1172 1405 1207 1432 et
1232 1397 1443 1431 habitudine
1465 1397 1510 1431 ad
1537 1408 1669 1443 corpus
1690 1396 1821 1430 illumi-

248 1463 357 1486 nans:
381 1459 416 1486 et
436 1452 518 1485 ideo
541 1451 662 1485 statim
685 1451 814 1485 umbra
838 1451 983 1485 transit:
1012 1451 1074 1485 sed
1101 1459 1243 1485 remoto
1272 1459 1353 1485 actu
1380 1451 1530 1497 peccati,
1556 1462 1632 1485 non
1657 1457 1822 1485 remanet

251 1506 373 1539 anima
395 1505 431 1539 in
455 1505 584 1539 eadam
605 1504 816 1538 habitudine
839 1504 882 1538 ad
904 1505 1045 1538 Deum:
1068 1505 1163 1538 unde
1185 1516 1260 1538 non
1283 1512 1336 1539 est
1357 1503 1485 1539 similis
1505 1504 1609 1538 ratio.

321 1559 381 1593 AD
399 1569 571 1593 TERTIUM
593 1558 801 1600 dicendum,
824 1558 920 1604 quod
944 1566 1044 1593 actus
1061 1558 1202 1604 peccati
1219 1558 1304 1592 facit
1325 1558 1533 1593 distantiam
1553 1569 1572 1592 a
1593 1558 1820 1604 Deo3quam

249 1613 397 1659 quidem
419 1612 627 1647 distantiam
650 1612 810 1658 sequitur
843 1611 1004 1646 defectus
1033 1612 1161 1646 nitoris
1182 1612 1254 1646 hoc
1277 1611 1402 1655 modo,
1432 1612 1525 1647 sicut
1545 1619 1668 1647 motus
1693 1611 1821 1646 localis
1855 1636 1856 1639 η

250 1667 336 1701 facit
365 1667 524 1701 localem
551 1666 783 1708 distantiam3
803 1666 897 1700 unde
927 1666 1020 1700 sicut
1041 1674 1205 1701 cessante
1235 1674 1338 1700 motu
1368 1665 1490 1709 locali,
1517 1677 1593 1701 non
1613 1665 1751 1701 tollitur
1772 1665 1821 1700 di-

249 1721 381 1755 stantia
402 1720 548 1764 locali33
571 1720 619 1754 ita
640 1731 707 1754 nec
732 1727 895 1755 cessante
917 1728 999 1754 actu
1020 1720 1173 1767 peccati,
1194 1719 1333 1755 tollitur
1354 1719 1510 1755 macula.

680 2032 1038 2094 QUAESTIO
1080 2031 1389 2079 LXXXVII.

429 2172 493 2202 DE
519 2172 678 2203 REATU
703 2171 908 2209 POENAE,
938 2171 990 2202 IN
1017 2170 1140 2202 OCTO
1165 2169 1429 2202 ARTICULOS
1455 2169 1630 2202 DIVISA.

1820 1951 1851 2378 -fflfflyut:sso—=>-v
1842 1913 1847 1926 -
1844 1846 1854 1867 .-
1844 1796 1846 1801 .

320 2313 462 2348 Deinde
485 2313 789 2347 considerandum
812 2320 865 2347 est
891 2312 934 2347 de
955 2320 1056 2347 reatu
1083 2323 1242 2359 poenae:
1270 2320 1304 2347 et
1324 2313 1438 2359 primo
1461 2312 1504 2346 de
1526 2313 1606 2359 ipso
1628 2319 1746 2346 reatu:
1773 2323 1821 2346 se-

251 2368 355 2403 cmzdo
378 2367 421 2402 de
445 2366 601 2409 mortali,
625 2375 659 2401 et
679 2366 813 2401 veniali
834 2374 999 2413 peccato,
1027 2378 1118 2413 quae
1147 2366 1415 2413 distinguuntur
1441 2365 1642 2401 secundum
1667 2369 1838 2400 reatum.

703 2457 745 2490 Et
767 2457 856 2490 cis-ca
876 2457 1026 2503 priimum
1050 2461 1256 2501 quaeramur
1278 2460 1358 2490 octo.

321 2528 457 2562 Primo.
482 2528 613 2562 Utrum
636 2535 756 2561 reatus
774 2539 914 2574 poenae
934 2527 978 2561 sit
1000 2527 1149 2561 effectus
1168 2527 1319 2573 peccati.

323 2582 504 2616 Secundo.
529 2582 659 2615 Utrum
681 2589 870 2627 peccatum
887 2581 1001 2627 possit
1024 2592 1100 2615 esse
1124 2592 1241 2626 poena
1264 2580 1409 2615 alterius
1431 2579 1581 2627 peccati.

322 2635 459 2670 Tertio.
484 2636 614 2670 Utrum
636 2635 781 2681 aliquod
804 2643 994 2681 peccatum
1015 2634 1123 2668 faciat
1144 2646 1246 2668 reum
1270 2643 1436 2668 aeternae
1459 2644 1610 2680 poenae.

324 2689 478 2730 Quarto.
502 2690 634 2723 Utrum
657 2688 764 2722 saciat
786 2700 887 2722 reum
912 2700 1051 2734 poenae
1073 2688 1233 2722 infinitae
1252 2688 1453 2722 secundum
1475 2687 1724 2733 quantitatem.

325 2743 477 2784 Quinto.
500 2743 558 2776 An
581 2754 690 2776 omne
713 2750 905 2788 peccatum
928 2741 1036 2776 faciat
1058 2753 1160 2776 reum
1181 2750 1360 2784 aeternae,
1383 2749 1418 2776 et
1439 2741 1598 2776 infinitae
1620 2751 1772 2788 poenae.

323 2797 445 2831 Sexto.
470 2797 601 2831 Utrum
626 2804 743 2830 reatus
766 2807 905 2842 poenae
928 2796 1042 2842 possit
1064 2807 1253 2830 remanere
1276 2803 1357 2842 post
1379 2803 1582 2842 peccatum.

324 2850 500 2897 Sept²mO.
525 2851 655 2884 Utrum
679 2850 799 2884 01111113
822 2861 939 2896 poena
963 2849 1135 2884 inferatur
1157 2861 1222 2896 pro
1247 2849 1368 2896 aliquo
1388 2857 1551 2896 peccato.

326 2904 482 2939 Octavo.
504 2904 634 2938 Utrum
658 2915 749 2938 unus
772 2903 816 2938 sit
838 2915 919 2938 reus
942 2914 1082 2950 poenae
1103 2914 1170 2950 pro
1189 2911 1342 2950 peccato
1365 2902 1521 2937 alterius.

1836 2858 1849 2870 ,
1815 2492 1856 2802 »τιμὴ-..1,-
1854 2457 1857 2461 .

1815 2860 1824 2876 ι

1816 2913 1825 2930 ν
