1907 3198
484 161 709 198 QUAESTIO
743 161 863 192 XXVI.
897 161 1146 192 ARTICULUS
1180 161 1242 191 111.
1581 161 1666 205 209

78 244 277 291 quamdam
299 244 520 291 passionem,
540 245 735 292 praecipue
757 243 961 279 secundum
983 243 1081 290 quod
1116 251 1169 277 est
1205 243 1244 277 in
1282 243 1442 290 appetitu
1472 243 1667 278 sensitivo:

77 297 225 333 dilectio
247 307 370 333 autem
393 299 654 345 praesupponit
674 298 851 345 judicium
872 297 1044 332 rationis:
1063 297 1182 343 magis
1205 305 1328 331 autem
1347 296 1383 331 in
1405 296 1529 331 Deum
1551 297 1668 332 homo

77 359 198 399 potest
222 352 371 386 tendere
404 363 469 398 per
501 363 670 386 amorem
703 351 846 398 passive
879 350 1158 398 quodammodo
1193 351 1237 385 ab
1263 350 1344 397 ipso
1371 350 1454 385 Deo
1483 358 1668 392 attractus,

77 416 189 452 quam
211 405 257 440 ad
287 405 360 440 hoc
392 417 477 440 eum
499 406 647 452 propria
672 405 765 440 ratio
793 406 909 452 possit
929 405 1080 447 ducere;
1103 404 1202 451 quod
1232 405 1389 451 pertinet
1415 403 1459 438 ad
1486 405 1668 438 rationem

62 458 294 502 .dilecti0nis‚
312 467 352 494 ut
369 459 508 494 dictum
523 468 577 494 est
591 460 644 505 (in
661 466 752 507 corp.
771 460 868 505 art),
885 467 920 494 et
937 467 1086 506 propter
1098 458 1172 493 hoc
1186 458 1344 493 divinius
1358 466 1412 493 est
1431 469 1548 500 arnor,
1557 469 1667 505 quam

77 511 239 548 dilectio.

643 643 995 688 ARTICULUS
1025 643 1102 686 iv.
1604 665 1666 702 153

106 750 265 781 UTRUM
289 750 415 782 AMOR
443 751 789 783 CONVENIENTER
816 751 1068 782 DIVIDATUR
1093 750 1139 782 IN
1166 750 1353 780 AMOREM
1387 750 1637 790 AMICITIAE,

497 818 555 848 ET
582 818 770 848 AMOREM
809 816 1242 848 CONCL'PISCENTIAE.

76 903 190 950 (Part.
204 916 232 940 1.
246 915 277 952 q.
289 904 348 941 60.
359 910 461 952 art.3.
473 911 566 953 corp.
581 911 614 941 et
626 911 692 941 art.
707 917 741 951 4.
758 905 802 940 ad
810 918 839 953 3.
855 911 884 941 et
898 905 982 941 Mal.
999 917 1029 952 q.
1044 917 1072 941 Ι.
1084 910 1187 951 art.5.
1203 911 1293 951 corp.
1308 908 1338 939 et
1358 904 1447 939 Veri.
1463 915 1494 951 q.
1509 915 1543 949 4.
1559 909 1667 951 art.3.

408 964 438 995 et
458 959 600 1006 Dionys.
621 971 656 1005 4.
679 960 736 995 lib.
760 972 793 1007 9.
814 965 846 995 et
865 972 917 996 10.
940 965 970 996 et
986 960 1088 1005 Joan.
1110 971 1155 1006 15.
1178 959 1246 994 lect.
1269 959 1332 1004 4.).

147 1049 210 1084 An
227 1059 420 1089 QUARTUM
442 1050 494 1085 sic
516 1051 738 1097 proceditur.
754 1050 920 1094 Videtur,
935 1050 1035 1098 quod
1050 1061 1157 1085 amor
1169 1049 1474 1086 inconvenienter
1487 1049 1669 1084 dividatur

75 1103 114 1138 in
134 1114 303 1138 amorem
324 1105 507 1147 amicitiae,
530 1113 566 1139 et
586 1107 889 1152 concupiscentiae:
913 1116 1018 1140 amor
1040 1105 1137 1139 enim
1161 1113 1216 1139 est
1237 1105 1371 1151 passio,
1391 1104 1554 1139 amicitia
1579 1115 1668 1138 vero

19 1169 23 1174 ·
77 1165 134 1193 est
150 1157 310 1201 habitus,
331 1167 371 1194 ut
391 1159 480 1194 dicit
500 1159 640 1195 Philos.
662 1160 700 1194 in
715 1160 747 1195 8.
770 1159 853 1194 Eth.
879 1160 971 1206 (cap.
983 1172 1012 1206 5.
1028 1171 1048 1193 a
1070 1159 1170 1205 med.)
1184 1172 1194 1194 .·
1218 1159 1280 1193 sed
1295 1159 1441 1193 habitus
1455 1169 1530 1193 non
1550 1166 1670 1205 potest

76 1222 156 1247 esse
170 1223 255 1259 pars
269 1212 423 1248 divisiva
443 1213 642 1260 passionis;
664 1225 754 1261 ergo
777 1224 883 1248 amor
904 1213 1210 1248 inconvenienter
1228 1213 1399 1247 dividitur
1419 1223 1484 1259 per
1501 1223 1667 1247 amorem

20 1301 22 1304 .
77 1267 375 1314 concupiscentiae,
398 1275 435 1302 et
456 1279 624 1302 amorem
646 1269 828 1303 amicitiae.

16 1323 29 1330 ”
149 1331 182 1356 2.
203 1319 445 1356 PRAETEREA.
466 1321 572 1356 Nihil
593 1321 766 1356 dividitur
787 1333 852 1369 per
878 1322 926 1364 id,
949 1321 1048 1368 quod
1075 1320 1110 1355 ei
1131 1329 1438 1355 connumeratur:
1466 1331 1542 1354 non
1569 1320 1669 1354 enim

74 1373 193 1409 homo
216 1382 504 1410 connumeratur
525 1375 695 1410 animali:
715 1376 778 1410 sed
798 1375 1099 1423 concupiscentia
1118 1382 1406 1409 connumeratur
1426 1374 1557 1416 amori,
1576 1374 1670 1409 sicut

78 1426 149 1463 alia
170 1428 293 1476 passio
316 1429 359 1463 ab
382 1440 532 1472 amore3
555 1440 644 1476 ergo
667 1441 773 1464 amor
794 1441 870 1464 non
893 1438 1013 1477 potest
1035 1428 1147 1463 dividi
1168 1440 1234 1475 per
1255 1428 1608 1475 concupiscentiam.

152 1493 182 1529 3.
203 1481 446 1518 PRAETEREA.
473 1483 690 1518 Secundum
710 1484 850 1519 Philos.
872 1485 910 1518 in
932 1485 965 1519 8.
987 1484 1070 1518 Eth.
1095 1484 1178 1528 (art.
1197 1484 1243 1530 3.)
1265 1483 1384 1530 triplex
1411 1492 1465 1518 est
1487 1483 1668 1518 amicitia:

73 1535 178 1578 utilis,
200 1535 414 1580 delectabilis,
438 1546 474 1572 et
486 1537 641 1573 honesta:
669 1538 733 1573 sed
755 1538 917 1573 amicitia
943 1538 1046 1581 utilis,
1074 1546 1110 1573 et
1136 1537 1335 1572 delectabilis
1351 1532 1472 1572 'habet
1498 1537 1670 1584 concupi-

75 1589 277 1634 scentiam;
299 1601 389 1638 ergo
411 1592 713 1639 concupiscentia
733 1603 811 1628 non
831 1592 940 1627 debet
960 1592 1072 1627 dividi
1095 1600 1224 1626 contra
1246 1591 1460 1626 amicitiam.

149 1643 225 1680 SED
252 1655 422 1681 CONTRA.
447 1645 646 1687 Quaedam
673 1647 832 1681 dicimur
869 1658 1006 1689 amare,
1041 1646 1126 1693 quia
1161 1656 1204 1680 ea
1231 1646 1529 1691 concupiscimus
1539 1658 1547 1688 ;
1575 1646 1669 1681 sicut

75 1698 208 1734 dicitur
229 1698 360 1746 aliquis
374 1711 500 1735 amare
513 1700 641 1735 vinum
662 1709 812 1748 propter
833 1700 952 1743 dulce,
974 1701 1073 1747 quod
1095 1700 1134 1734 in
1155 1711 1200 1734 eo
1222 1699 1462 1746 concupiscit,
1481 1708 1520 1734 ut
1538 1700 1670 1734 dicitur

74 1753 113 1788 in
134 1763 167 1789 2.
190 1752 287 1800 Top.
311 1753 399 1802 (cap.
421 1766 453 1790 2.
475 1754 520 1789 ad
540 1754 601 1790 loc.
624 1755 696 1800 8.):
719 1755 782 1790 sed
805 1755 850 1789 ad
871 1755 1012 1797 vinum,
1028 1763 1064 1789 et
1085 1754 1130 1788 ad
1152 1754 1367 1799 hujusmodi
1387 1765 1463 1788 non
1488 1754 1668 1789 habemus

77 1806 293 1851 amicitiam,
311 1816 352 1842 ut
372 1808 504 1844 dicitur
524 1809 562 1843 in
584 1809 616 1843 8.
638 1808 758 1843 Ethic.
780 1810 868 1856 (cap.
888 1820 920 1844 2.
944 1810 979 1843 in
998 1809 1127 1856 princ.)
1136 1820 1149 1849 ,·
1173 1819 1262 1855 ergo
1286 1807 1377 1842 alius
1397 1816 1451 1842 est
1469 1819 1575 1842 amor
1596 1820 1669 1844 con-

77 1862 309 1910 cupiscentiae,
331 1869 368 1897 et
388 1861 482 1897 alius
499 1870 554 1898 est
575 1873 682 1897 amor
702 1864 883 1898 amicitiae.

147 1915 383 1952 RESPONDEO
404 1916 614 1959 dicendum,
641 1916 753 1964 quod,
775 1917 869 1952 sicut
890 1916 1030 1951 Philos.
1051 1916 1138 1951 dicit
1159 1917 1196 1950 in
1219 1926 1250 1950 2.
1274 1915 1428 1950 Rhetor.
1457 1915 1549 1964 (cap.
1571 1928 1606 1961 4.
1633 1918 1669 1951 in

75 1970 222 2018 princ),
245 1981 371 2005 amare
393 1978 448 2006 est
466 1969 562 2005 velle
585 1970 695 2005 alicui
715 1971 872 2014 bonum3
895 1971 946 2006 sic
970 1981 1058 2017 ergo
1080 1978 1203 2005 motus
1227 1970 1364 2005 amoris
1386 1971 1422 2004 in
1444 1969 1508 2004 duo
1535 1970 1669 2013 tendit;

75 2022 216 2059 scilicet
235 2023 273 2058 in
293 2024 446 2067 bonum,
467 2025 556 2072 quod
576 2025 657 2072 quis
672 2024 750 2059 vult
765 2025 886 2067 alicui,
912 2024 972 2060 vel
999 2024 1079 2067 sibi,
1105 2024 1164 2059 vel
1192 2023 1270 2067 alii;
1294 2032 1330 2058 et
1346 2024 1384 2058 in
1399 2023 1501 2066 illud,
1517 2025 1572 2059 cui
1592 2023 1670 2058 vult

74 2077 236 2122 bonum;
258 2079 303 2114 ad
323 2077 415 2113 illud
436 2089 527 2125 ergo
548 2079 701 2121 bonum,
724 2079 823 2126 quod
845 2079 926 2126 quis
947 2078 1026 2113 vult
1048 2077 1163 2120 alteri,
1185 2078 1340 2113 habetur
1366 2089 1472 2112 amor
1498 2078 1671 2124 concupi-

77 2132 256 2168 scentiae:
280 2133 326 2167 ad
347 2132 438 2168 illud
465 2141 601 2175 autem,
628 2133 688 2167 cui
715 2133 846 2180 aliquis
872 2132 951 2167 vult
976 2133 1129 2174 bonum,
1155 2132 1311 2167 habetur
1339 2143 1444 2167 amor
1472 2132 1668 2166 amicitiae.

77 2185 180 2221 Haec
202 2194 325 2221 autem
347 2187 480 2222 divisio
502 2195 557 2222 est
577 2187 781 2222 secundum
803 2187 915 2234 prius,
937 2195 974 2222 et
994 2187 1194 2234 posterius:
1217 2197 1306 2221 nam
1326 2186 1375 2228 id,
1403 2187 1503 2233 quod
1526 2195 1670 2221 amatur

80 2251 208 2276 amore
222 2242 409 2285 amicitiae,
424 2241 651 2288 simpliciter,
666 2249 703 2276 et
720 2252 785 2288 per
799 2252 837 2276 se
853 2249 1013 2275 amatur:
1031 2240 1129 2287 quod
1153 2249 1277 2275 autern
1292 2248 1434 2275 amatur
1454 2251 1580 2275 amore
1597 2252 1671 2275 con-

78 2295 308 2342 cupiscenttae,
320 2306 397 2330 non
415 2295 643 2342 simpliciter,
665 2303 702 2330 et
723 2295 929 2330 secundum
955 2306 993 2330 se
1021 2303 1176 2336 amatur,
1203 2295 1266 2329 sed
1282 2303 1426 2329 amatur
1440 2295 1563 2337 alteri3
1577 2295 1671 2329 sicut

76 2348 178 2384 enim
204 2359 269 2384 ens
286 2360 352 2397 per
367 2360 409 2384 se
429 2349 646 2396 simpliciter
667 2357 733 2392 est,
752 2349 851 2396 quod
872 2349 984 2384 habet
1004 2360 1104 2391 esse3
1127 2360 1190 2383 ens
1210 2357 1333 2383 autem
1353 2349 1555 2383 secundum
1571 2348 1669 2395 quid,

81 2403 180 2450 quod
201 2411 257 2439 est
273 2403 310 2438 in
330 2403 421 2447 alio3
439 2404 490 2439 ita
509 2404 663 2446 bonum,
685 2404 784 2451 quod
807 2404 1032 2438 convertitur
1054 2415 1139 2438 cum
1162 2412 1256 2445 ente,
1278 2403 1494 2450 simpliciter
1521 2403 1670 2450 quidem

79 2464 144 2500 αεὶ,
165 2457 265 2505 quod
289 2458 408 2505 ipsam
421 2457 534 2493 habet
553 2458 777 2493 bonitatem:
801 2458 899 2505 quod
923 2466 1046 2492 autem
1060 2466 1114 2493 est
1127 2458 1269 2492 bonum
1284 2457 1443 2499 alterius,
1460 2465 1514 2492 est
1528 2457 1668 2492 bonum

76 2513 282 2548 secundum
296 2513 402 2560 quid:
425 2521 462 2548 et
481 2524 547 2560 per
560 2524 792 2560 consequens
811 2524 928 2556 amor,
943 2524 1016 2560 quo
1032 2521 1176 2548 amatur
1190 2513 1339 2559 aliquid,
1354 2520 1392 2547 ut
1407 2512 1440 2547 ei
1454 2512 1499 2547 sit
1516 2513 1669 2553 bonum,

79 2573 136 2602 est
155 2577 262 2602 amor
273 2566 508 2614 simpliciter:
539 2577 646 2602 amor
674 2575 810 2610 autem,
832 2578 906 2614 quo
934 2575 1078 2602 amatur
1106 2566 1254 2614 aliquid,
1282 2575 1321 2601 ut
1347 2566 1392 2601 sit
1417 2566 1557 2600 bonum
1586 2565 1671 2599 alte·

78 2619 166 2663 rius,
184 2628 240 2656 est
255 2631 364 2656 amor
383 2621 588 2656 secundum
605 2620 704 2668 quid.

151 2673 214 2710 AD
237 2684 392 2710 PRIMUM
417 2685 508 2721 ergo
534 2674 744 2718 dicendum,
770 2676 869 2722 quod
892 2686 998 2709 amor
1018 2686 1094 2709 non
1116 2675 1288 2710 dividitur
1309 2685 1374 2721 per
1399 2675 1606 2716 amicitiam,
1635 2682 1670 2708 et

80 2729 390 2776 concupiscentiam,
413 2729 476 2764 sed
491 2739 556 2776 per
574 2739 741 2764 amorem
763 2731 945 2772 amicitiae,
968 2737 1005 2764 et
1018 2731 1321 2777 concupiscentiae:
1344 2740 1432 2763 nam
1447 2727 1507 2762 ille
1522 2728 1668 2775 proprie

80 2780 212 2816 dicitur
222 2782 375 2825 amicus,
390 2782 450 2817 cui
468 2782 616 2830 aliquod
629 2783 770 2818 bonum
784 2783 979 2819 volumus:
995 2783 1085 2819 illud
1101 2792 1224 2819 autern
1244 2784 1376 2818 dicitur
1391 2783 1668 2830 concupiscere,

73 2835 181 2882 -quod
197 2835 374 2872 volumus
393 2836 513 2872 nobis.

79 2893 81 2895 ’
152 2887 199 2925 Et
217 2900 285 2937 per
301 2890 376 2926 hoc
399 2898 498 2938 patet
518 2890 656 2926 solutio
675 2901 728 2927 AD
746 2902 968 2927 seccxoun.
