1907 3198
4 2336 18 2406 Ξ

0 2422 18 2465 5-

509 184 732 224 Quat-:sno
766 182 886 215 cvm.
919 177 1165 211 ARTICULUS
1198 176 1255 206 lv.
1585 158 1667 214 825

118 301 144 318 ‚⁴
179 273 257 311 Su>
277 281 445 309 coum.
460 268 626 305 Consilia
646 266 817 314 sapientis
838 263 948 300 amici
969 271 1143 308 magnam
1165 257 1318 294 afferunt
1334 255 1536 295 utilitatem,
1551 263 1675 288 secun-

109 325 301 365 dammud
314 323 489 361 Proverb.
505 332 579 369 27.:
596 322 781 367 Unguento,
799 324 830 354 et
841 319 949 353 variis
966 315 1121 351 odoribus
1134 312 1312 348 delectatur
1332 320 1402 351 cor,
1421 314 1450 343 et
1468 308 1559 342 bonis
1573 307 1676 341 amici

108 380 252 419 conn'liis
270 380 386 415 anima
407 377 614 413 dulcoratur:
636 375 699 409 sed
722 373 889 408 Christus
916 370 1074 405 maxime
1096 375 1150 403 est
1171 365 1327 412 sapiens,
1349 370 1384 398 et
1406 362 1565 402 amicus;
1587 370 1675 406 ergo

108 435 188 483 ejus
206 432 360 470 consilia
381 432 581 467 maximam
602 428 795 464 utilitatem
819 425 1018 465 continent,
1039 431 1074 457 et
1095 417 1349 456 convenientia
1371 424 1463 451 sunt.

181 487 414 525 Rmoumzo
435 484 642 526 dicendum,
664 481 760 529 quod
784 481 873 514 haec
897 487 950 514 est
971 475 1173 512 differentia
1188 474 1280 508 inter
1295 469 1501 510 consilium,
1523 476 1558 502 et
1580 477 1678 512 prae·

110 550 269 591 apuam,
289 540 389 589 quod
406 542 617 587 praeceptum
643 537 817 583 importat
836 532 1105 571 necessitatem,
1130 528 1302 564 consilium
1327 532 1448 559 autem
1471 523 1506 557 in
1529 521 1677 568 optione

108 597 255 646 ponitur
271 596 361 642 ejus,
378 594 576 634 cui·datur;
598 598 632 626 et
651 590 733 625 ideo
753 587 1013 623 convenienter
1033 585 1069 619 in
1091 583 1172 629 lege
1193 591 1301 622 nova,
1323 589 1415 626 quae
1433 585 1489 612 est
1505 575 1562 610 lex
1577 575 1680 609 liber-

111 649 207 694 tatis,
227 659 336 698 supra
360 654 554 696 praecepta
579 653 662 680 sunt
689 642 809 678 addita
835 639 1010 681 consilia;
1032 649 1107 672 non
1129 644 1251 671 autem
1273 634 1308 668 in
1329 630 1443 667 veteri
1466 629 1560 675 lege,
1586 639 1678 675 quae

110 712 189 742 erat
205 703 267 740 lex
288 700 483 739 servitutis.
509 700 667 747 Oportet
688 697 808 744 igitur,
829 694 927 742 quod
954 700 1144 740 praecepta
1170 700 1289 724 novae
1315 686 1406 733 legis
1432 683 1680 729 intelligantur

111 768 192 795 ease
208 756 293 793 data
305 755 352 791 de
363 755 433 798 his,
447 764 540 801 quae
558 760 642 788 sunt
660 749 864 786 necessaria
881 748 924 782 ad
945 743 1242 792 consequendum
1257 742 1367 776 finem
1383 747 1550 774 aeternae
1571 736 1680 771 beati-

113 810 260 854 tudinis,
280 809 319 846 in
338 819 450 857 quem
473 806 532 843 lex
552 817 649 841 nova
670 803 881 839 immediate
907 800 1121 836 introducit:
1144 796 1296 833 consilia
1317 805 1404 830 vero
1430 799 1575 840 oportet
1600 800 1679 825 esse

111 865 158 902 de
183 863 269 909 inin,
294 873 362 912 per
387 872 482 910 quae
510 859 654 902 melius,
675 866 711 894 et
731 855 931 904 expeditius
957 861 1077 902 potest
1102 853 1218 887 homo
1244 848 1419 895 consequi
1445 846 1556 882 finem
1582 854 1681 891 prae-

111 919 263 955 diem.
290 916 356 953 Est
383 924 506 952 autem
534 915 652 950 homo
681 912 898 948 constitutus
919 910 1011 944 inter
1041 919 1098 943 res
1125 905 1250 941 mundi
1275 905 1396 950 hujus,
1421 910 1458 937 et
1481 897 1680 948 spiritualia

73 966 78 971 ’
111 973 222 1016 bona,
241 971 281 1008 in
298 970 430 1019 quibus
456 976 602 1005 aeterna
626 966 813 1002 beatitudo
840 963 1023 1000 consistit:
1049 962 1098 997 ita
1125 959 1222 1008 quod
1248 966 1385 1006 quanto
1411 955 1491 1003 plus
1518 953 1682 989 inhaeret

112 1026 178 1063 uni
203 1035 346 1068 comm,
373 1031 477 1060 tanto
506 1021 588 1070 plus
613 1020 750 1057 recedit
780 1019 824 1054 ab
851 1017 978 1060 altero,
999 1023 1034 1051 et
1055 1027 1075 1051 e
1098 1023 1293 1050 converso:
1320 1011 1381 1058 qui
1408 1020 1496 1056 ergo
1522 1006 1683 1043 totaliter

112 1080 279 1116 inhaeret
296 1078 404 1115 rebus
423 1077 532 1124 hujus
552 1075 692 1118 mundi,
713 1082 752 1110 ut
772 1073 813 1123 in,
831 1072 885 1108 eis
906 1071 1016 1106 finem
1037 1069 1244 1110 constituat,
1265 1066 1404 1101 habens
1426 1074 1486 1098 eas
1508 1060 1611 1109 quasi
1631 1070 1684 1094 ra-

111 1134 245 1178 donec,
265 1139 303 1170 et
320 1130 468 1180 regulas
488 1141 639 1166 suorum
661 1138 829 1176 operum,
854 1125 1015 1162 totaliter
1036 1123 1169 1159 excidit
1190 1134 1211 1157 a
1231 1118 1475 1168 spiritualibus
1495 1115 1621 1151 bonis:
1647 1122 1683 1149 et

113 1187 200 1238 ideo
218 1185 431 1234 huiusmodi
451 1184 672 1220 inordinatio
692 1181 832 1218 tollitur
852 1191 916 1228 per
936 1186 1149 1226 praecepta:
1177 1175 1239 1211 sed
1266 1173 1364 1222 quod
1386 1173 1502 1207 homo
1523 1168 1683 1205 totaliter

113 1251 160 1278 et
178 1251 272 1290 quae
291 1247 375 1276 sunt
394 1238 534 1282 mundi,
552 1237 708 1284 abjiciat,
726 1247 800 1271 non
819 1243 873 1270 est
889 1232 1135 1268 necessarium
1154 1230 1198 1265 ad
1213 1226 1498 1276 perveniendum
1516 1224 1552 1258 in
1571 1222 1682 1258 finem

114 1294 358 1344 praedictum:
383 1293 469 1341 quia
493 1300 614 1340 potest
638 1291 754 1326 homo
780 1297 885 1324 utens
907 1287 1011 1322 rebus
1037 1286 1144 1330 hujus
1175 1282 1314 1324 mundi,
1344 1278 1547 1315 dummodo
1570 1277 1604 1311 in
1632 1275 1684 1311 eis

115 1348 227 1385 finem
250 1358 327 1384 non
352 1346 559 1389 constituat,
586 1345 631 1380 ad
657 1343 919 1380 beatitudinem
947 1349 1133 1376 aeternam
1160 1336 1365 1385 pervenire3
1392 1334 1454 1368 sed
1482 1330 1683 1379 expeditius

114 1401 303 1451 perveniet
319 1399 480 1437 totaliter
499 1400 597 1435 bona
616 1399 724 1444 hujus
742 1395 869 1432 mundi
891 1393 1111 1435 abdicando;
1133 1400 1170 1427 et
1191 1391 1272 1426 ideo
1295 1389 1338 1424 de
1360 1388 1432 1423 hoc
1452 1387 1582 1421 dantur
1600 1395 1684 1419 con-

115 1454 196 1493 sitia
216 1454 417 1502 Evangelii.

187 1509 292 1545 Bona
315 1515 440 1544 autem
464 1507 572 1553 hujus
601 1505 740 1547 mundi,
770 1515 862 1551 quae
889 1502 1071 1550 pertinent
1099 1499 1142 1534 ad
1170 1509 1276 1534 usum
1302 1497 1485 1532 humanae
1512 1494 1618 1534 vitae,
1647 1491 1682 1525 in

117 1563 224 1600 tribus
242 1562 458 1605 consistunt,
474 1560 614 1597 scilicet
627 1561 660 1594 in
675 1559 804 1594 divitiis
817 1557 1037 1592 exteriorum
1052 1555 1246 1595 bonorum,
1260 1563 1352 1598 quae
1368 1549 1545 1597 pertinent
1559 1546 1602 1582 ad
1612 1558 1685 1581 con-

115 1618 352 1667 “pisca-tiam
376 1615 561 1658 oculorum,
587 1619 616 1650 et
642 1615 675 1648 in
701 1612 825 1648 deliciis
846 1612 970 1653 carnis,
997 1620 1089 1656 quae
1112 1607 1292 1655 pertinent
1318 1604 1360 1639 ad
1385 1601 1684 1650 concupiscentiam

115 1672 241 1716 camis,
259 1678 294 1706 et
311 1671 347 1706 in
367 1670 557 1712 bonoribus,
571 1679 664 1716 quae
683 1667 862 1714 pertinent
880 1664 922 1700 ad
939 1664 1125 1712 superbiam
1140 1663 1242 1702 vita&
1262 1659 1354 1694 sicut
1371 1665 1470 1705 patet
1495 1655 1636 1701 1.Joan.
1652 1663 1684 1688 2.

116 1726 211 1762 Haec
229 1729 342 1761 autem
355 1724 423 1760 tria
436 1722 581 1759 totaliter
594 1721 818 1767 derelinquar-c
837 1717 1012 1755 secundum
1031 1715 1116 1763 quod
1125 1714 1277 1763 possibile
1290 1718 1347 1755 cst,
1363 1713 1529 1760 pertinent
1546 1709 1589 1744 ad
1607 1720 1688 1744 con-

115 1779 193 1817 silia
213 1778 429 1826 Evangelica.
450 1777 491 1813 In
512 1777 630 1823 quibus
649 1776 749 1810 ctiam
771 1775 876 1809 tribus
889 1771 1058 1820 fundatur
1082 1770 1187 1805 omnis
1209 1768 1337 1813 religio,
1364 1778 1446 1813 quae
1471 1769 1592 1800 statum
1610 1769 1688 1810 pcr-

110 1833 267 1882 sectionis
279 1832 471 1881 profitetur:
488 1841 577 1865 nam
596 1828 742 1864 divitiae
764 1827 974 1862 abdicantur
983 1832 1045 1873 per
1053 1827 1301 1872 paupertatem,
1324 1819 1475 1855 deliciae
1498 1817 1616 1853 carnis
1625 1823 1690 1864 per

115 1890 310 1935 perpensam
321 1886 518 1927 castitatem,
532 1882 700 1931 superbia
720 1883 816 1917 vitae
834 1888 897 1928 per
918 1879 1118 1915 obedientiae
1134 1877 1336 1912 servitutem.
1356 1874 1454 1908 Haec
1471 1880 1590 1907 autem
1606 1870 1689 1905 sim-

118 1940 260 1988 pliciter
278 1939 471 1976 observata
492 1938 672 1986 pertinent
693 1935 737 1970 ad
760 1934 913 1970 consilia
936 1932 1148 1979 simpliciter
1170 1929 1376 1978 proposita:
1399 1926 1461 1962 sed
1483 1923 1689 1961 observatio

79 2039 82 2042 .
119 1993 403 2041 uniuscujusque
423 1991 603 2028 commin
618 1990 740 2037 aliquo
762 1987 910 2036 speciali
925 1998 1011 2022 casu
1027 1986 1182 2034 pertinet
1205 1984 1248 2018 ad
1271 1981 1464 2018 consilium
1486 1978 1688 2015 secundum

115 2047 221 2102 guid,
238 2046 379 2084 scilicet
397 2046 435 2082 in
455 2056 543 2082 casu
562 2044 647 2080 illo:
674 2051 760 2091 puta
786 2053 871 2077 cum
892 2041 1008 2076 homo
1035 2040 1096 2075 dat
1123 2038 1283 2085 aliquam
1306 2037 1582 2082 eleemosynam
1605 2043 1690 2080 pau-

119 2102 210 2151 peri,
229 2100 377 2150 quando
396 2099 484 2136 dare
503 2109 578 2135 non
598 2106 753 2140 tenetur,
769 2096 966 2132 consilium
987 2094 1150 2141 sequitur
1163 2099 1339 2140 quantum
1362 2090 1406 2125 ad
1428 2088 1564 2123 sactum
1583 2086 1688 2121 illud:

121 2153 289 2193 similiter
305 2154 418 2191 etiam
437 2152 584 2201 quando
610 2151 733 2199 aliquo
753 2159 919 2198 tempore
940 2147 1183 2184 determinato
1205 2157 1225 2180 a
1247 2143 1548 2180 delectationibus
1571 2141 1688 2176 carnis

122 2208 290 2253 ababa,
307 2216 350 2245 ut
367 2207 592 2244 orationibus
613 2214 730 2248 vacet,
752 2204 946 2240 consilium
969 2202 1129 2250 sequitur
1147 2211 1212 2248 pro
1230 2209 1395 2246 tempore
1418 2197 1501 2232 illo:
1524 2195 1690 2231 similiter

123 2263 235 2300 etiam
259 2262 406 2311 quando
431 2260 561 2309 aliquis
585 2271 660 2295 non
686 2259 846 2306 sequitur
871 2257 1095 2293 voluntatem
1122 2266 1226 2290 suam
1248 2254 1283 2288 in
1306 2253 1428 2299 aliquo
1455 2251 1564 2292 facto,
1591 2247 1688 2296 quod

122 2316 224 2353 licite
242 2323 368 2365 posset
385 2314 519 2357 facere,
540 2312 735 2349 consilium
762 2312 920 2359 sequitur
943 2311 977 2345 in
1000 2309 1064 2344 illo
1087 2320 1192 2344 casu:
1219 2316 1304 2355 puta
1327 2307 1356 2342 si
1376 2307 1468 2341 bene
1495 2304 1603 2339 saciat
1628 2302 1691 2337 ini·

123 2369 232 2407 micis
246 2369 334 2413 auis,
353 2368 500 2417 quando
520 2378 596 2403 non
615 2374 778 2408 tenetur;
804 2365 862 2400 vel
886 2364 915 2400 si
941 2362 1119 2399 offensam
1142 2361 1312 2402 remittat,
1333 2361 1434 2405 cujus
1456 2360 1546 2405 juste
1568 2363 1691 2405 posset

124 2422 502 2472 exigerevindictam:
524 2429 560 2457 et
579 2420 631 2456 sic
652 2420 763 2456 etiam
784 2418 910 2454 omnia
931 2417 1083 2454 consilia
1104 2414 1398 2464 particularia'ad
1417 2412 1476 2447 illa
1498 2412 1564 2447 tria
1587 2422 1692 2458 gene-

125 2476 228 2522 ralia,
245 2484 284 2513 et
301 2475 461 2525 perfecta
481 2475 712 2512 reducuntur.

197 2532 260 2568 An
278 2540 429 2568 fumun
450 2540 539 2577 ergo
560 2529 767 2570 dicendum,
788 2526 885 2575 quod
907 2525 1089 2574 praedicta
1111 2523 1274 2564 consilia,
1297 2530 1471 2569 quantum
1495 2528 1547 2555 est
1568 2519 1612 2554 de
1642 2529 1692 2559 se,

124 2593 212 2624 sunt
233 2585 405 2622 omnibus
423 2582 668 2632 expedientia:
694 2581 756 2618 sed
784 2592 827 2617 ex
848 2579 1123 2627 indispositione
1151 2578 1356 2624 aliquorum
1384 2573 1573 2618 contingit,
1595 2571 1692 2620 quod

126 2638 237 2679 alicui
255 2637 482 2688 expedientia
501 2648 576 2673 non
595 2645 694 2679 sunt;
716 2637 799 2683 quia
820 2645 948 2670 eorum
972 2632 1121 2669 affectus
1144 2632 1189 2667 ad
1215 2631 1306 2666 haec
1328 2640 1402 2664 non
1425 2627 1636 2663 inclinatur:
1659 2634 1694 2661 et
1727 2635 1730 2639 ·

127 2694 212 2732 ideo
236 2691 420 2729 Dominus
445 2690 596 2727 consilia
622 2688 843 2735 lix-angelica
877 2698 1096 2736 proponens,
1123 2697 1265 2733 semper
1291 2683 1375 2718 facit
1402 2682 1628 2718 mentionem
1650 2680 1694 2715 de

128 2746 326 2784 idoneitate
341 2745 535 2793 hominum
557 2744 602 2779 ad
615 2743 885 2779 observantiam
907 2741 1164 2777 consiliorum:
1184 2740 1272 2773 dans
1291 2739 1387 2773 enim
1407 2735 1601 2772 consilium
1620 2745 1696 2781 pcr-

127 2809 258 2851 petuae
267 2796 490 2850 paupertatis
510 2797 636 2834 Manh.
664 2807 715 2843 19.
730 2796 942 2844 praemittit:
960 2796 997 2831 Si
1013 2797 1060 2830 vis
1078 2794 1243 2842 persa-ctus
1256 2804 1337 2827 csse:
1357 2799 1392 2826 et
1410 2799 1535 2838 postea
1553 2788 1694 2824 subdit:

135 2853 238 2898 Vade,
261 2852 294 2891 ἆ
315 2852 419 2890 vende
441 2853 572 2896 omnia,
596 2862 680 2899 quae
704 2851 810 2886 habes.
837 2849 1126 2885 Similitessdans
1153 2845 1347 2883 consilium
1375 2851 1568 2892 perpetuae
1596 2841 1698 2877 casti-

128 2907 226 2952 tatis,
244 2917 331 2944 cum
349 2905 457 2944 dixit:
473 2906 559 2944 Sunt
576 2905 727 2948 encnuchi,
748 2906 806 2952 qui
818 2908 1048 2941 castraverunt
1066 2904 1183 2950 scipsos
1199 2906 1337 2950 propter
1358 2911 1493 2946 regnum
1516 2897 1695 2939 coelorum,
