1907 3182
187 168 266 210 l24
607 168 828 204 QUAESTIO
863 170 949 199 XIV.
984 169 1228 200 ARTICULUS
1262 171 1323 201 111.

179 248 270 282 sicut
292 249 429 282 amicus
451 248 612 284 solicitus
632 258 684 284 est
703 250 746 284 de
764 250 832 293 his,
852 262 943 297 quae
966 251 1009 285 ad
1030 251 1188 286 amicum
1211 259 1384 299 spectant,
1404 252 1496 286 sicut
1513 252 1556 287 de
1576 253 1667 297 suis;
1685 253 1743 288 vel

178 313 241 348 per
262 302 414 336 modum
435 303 682 338 instrumenti:
704 315 790 338 nam
813 315 923 349 agens
944 305 1153 352 principale,
1181 313 1215 340 et
1240 306 1513 340 instrumentale
1536 315 1618 341 sunt
1639 308 1741 354 quasi

179 366 249 389 una
272 367 392 398 causa,
417 368 500 390 cum
522 368 634 390 unum
658 366 740 403 agat
766 369 827 404 per
855 357 1025 394 alterum:
1049 367 1083 393 et
1104 359 1154 393 sic
1182 359 1351 394 dominus
1375 360 1585 394 consiliatur
1607 361 1649 395 de
1675 361 1742 404 his,

178 420 269 455 quae
291 418 373 444 sunt
395 410 533 456 agenda
556 422 618 457 per
641 422 795 446 servum.

728 554 1073 599 ARTICULUS
1108 557 1182 600 IV.
1675 567 1719 611 84

213 659 366 690 UTRUM
400 660 642 690 CONSILIUM
674 662 741 691 SIT
776 663 833 692 DE
868 663 1076 704 OMNIBUS,
1110 664 1227 699 QUAE
1260 664 1288 692 A
1318 664 1445 693 NOBIS
1479 663 1703 694 AGUNTUR.

350 749 389 796 (3.
413 750 500 784 Dist.
518 761 563 797 35.
586 762 615 796 q.
635 763 666 786 2.
689 756 751 786 art.
774 762 806 796 4.
829 764 858 797 q.
881 764 908 787 Ι.
932 758 1020 799 corp.
1036 757 1066 787 et
1080 753 1130 787 Ps.
1153 765 1203 799 19.
1224 758 1253 788 et
1271 765 1298 799 3.
1314 753 1389 787 Eth.
1412 753 1482 788 lect.
1505 754 1564 799 7.).

248 839 307 873 AD
341 851 529 879 QUARTUM
556 841 606 875 sic
634 842 850 888 proceditur.
878 841 1040 884 Videtur,
1068 842 1165 888 quod
1193 842 1387 877 consilium
1413 842 1458 877 sit
1491 842 1535 876 de
1561 843 1742 885 omnibus,

176 903 268 938 quae
289 901 372 928 sunt
392 905 454 940 per
476 906 543 929 nos
566 895 705 941 agenda
730 895 791 940 [al.
814 907 896 941 quae
921 902 981 942 per
1007 907 1063 930 nos
1084 896 1265 941 aguntur]
1294 895 1423 930 electio
1451 896 1548 930 enirn
1576 904 1629 930 est
1649 902 1743 943 appe-

177 947 251 980 titus
268 948 526 993 pr'aeconsiliatz‘,
549 956 586 982 ut
613 949 749 982 dictum
772 956 825 983 est
848 948 926 993 (art.
948 962 976 984 I.
999 949 1067 995 huj.
1091 950 1163 995 q.):
1186 949 1247 984 sed
1271 949 1400 984 electio
1423 957 1476 984 est
1496 949 1540 983 de
1562 949 1741 992 omnibus,

177 1011 268 1045 quae
294 1012 358 1046 per
378 1012 444 1035 nos
467 1010 640 1047 aguntur3
663 1013 750 1048 ergo
774 1009 808 1036 et
831 1002 1035 1036 consilium.
1342 1047 1352 1054 .

248 1063 279 1088 2.
296 1054 532 1089 PRAETEREA.
550 1055 755 1090 Consilium
774 1055 947 1102 importat
964 1049 1236 1102 inquisitionem
1253 1056 1419 1092 rationis:
1435 1056 1547 1091 sedin
1562 1057 1741 1100 omnibus,

177 1119 268 1153 quae
290 1119 364 1142 non
382 1120 445 1155 per
463 1109 640 1156 impetum
662 1110 840 1156 passionis
856 1110 1010 1156 agimus,
1026 1111 1256 1156 procedimus
1272 1122 1313 1145 ex
1328 1111 1558 1157 inquisitione
1573 1111 1741 1154 rationis3

177 1171 263 1206 ergo
287 1161 329 1195 de
352 1163 532 1205 omnibus,
555 1175 645 1209 quae
669 1171 822 1209 aguntur
844 1176 863 1198 a
881 1164 997 1206 nobis,
1020 1172 1072 1198 est
1094 1164 1297 1199 consilium.

249 1225 277 1260 3.
300 1215 537 1251 PRAETEREA.
560 1216 806 1263 Philosophus
834 1218 919 1252 dicit
944 1218 980 1251 in
1007 1229 1034 1264 3.
1058 1218 1217 1252 Ethicor.
1245 1219 1332 1265 (cap.
1349 1230 1376 1265 3.
1396 1220 1431 1252 in
1452 1218 1550 1265 med.)
1580 1218 1688 1265 quod,
1715 1220 1742 1254 si

172 1268 356 1314 perplura
378 1270 594 1316 aliquidfieri
609 1276 724 1317 potest,
749 1271 883 1306 consilio
906 1273 1100 1317 inquiritur,
1115 1278 1177 1318 per
1191 1272 1275 1318 quod
1289 1272 1464 1318 facillime,
1481 1277 1509 1307 et
1527 1273 1739 1319 optimefiat:

174 1322 202 1354 si
228 1327 334 1356 autem
352 1329 415 1370 par
441 1336 556 1366 rmum,
584 1325 725 1370 qualitm-
746 1331 809 1372 per
835 1325 1015 1371 illzcdfictt:
1038 1326 1099 1360 sed
1123 1337 1245 1367 omne,
1267 1325 1364 1371 quod
1386 1325 1434 1368 fit,
1462 1325 1501 1360 fit
1527 1337 1590 1371 per
1615 1337 1739 1369 unum,

175 1374 232 1408 vel
253 1387 316 1421 per
338 1377 470 1420 multa3
494 1390 580 1423 ergo
604 1378 646 1412 de
669 1379 849 1421 omnibus,
872 1390 963 1425 quae
986 1378 1075 1413 fiunt
1097 1391 1116 1413 a
1137 1379 1254 1421 nobis,
1274 1387 1326 1413 est
1345 1379 1549 1413 consilium.

247 1429 320 1463 SED
337 1441 491 1466 CONTRA
507 1439 570 1474 est,
586 1431 683 1478 quod
700 1432 810 1478 Greg.
824 1432 1011 1479 Nyssenus
1029 1432 1094 1476 (uel
1108 1433 1235 1468 Nemes.
1253 1433 1309 1466 lib.
1324 1432 1359 1467 cl„²
1370 1433 1450 1467 Nat.
1465 1432 1568 1466 Hom.
1584 1438 1654 1479 cap.
1669 1433 1737 1479 34.)

173 1481 269 1524 dicit,
293 1484 389 1529 quod
408 1484 451 1519 de
469 1485 536 1527 his,
556 1497 647 1531 quae
670 1486 870 1520 secundum
892 1485 1132 1532 disciplinam,
1146 1485 1206 1520 vel
1228 1493 1342 1520 artem
1369 1493 1461 1528 sunt,
1483 1485 1650 1532 operibus
1664 1497 1739 1520 non

174 1543 227 1569 est
250 1537 454 1572 consilium.

243 1589 472 1626 RESPONDEO
496 1592 702 1635 dicendum,
724 1592 820 1638 quod
844 1593 1037 1627 consilium
1060 1601 1113 1627 est
1134 1593 1318 1639 inquisitio
1341 1593 1532 1639 quaedam,
1546 1601 1585 1628 ut
1601 1593 1737 1628 dictum

173 1651 226 1677 est
249 1643 328 1687 (art.
355 1657 382 1679 J.
411 1645 478 1691 lmj.
507 1647 551 1691 q.)
570 1659 579 1680 .·
608 1646 650 1679 de
677 1646 746 1680 illis
775 1654 896 1680 autem
922 1646 1101 1692 inquirere
1129 1646 1301 1689 solemus,
1329 1658 1420 1693 quae
1447 1647 1482 1680 in
1510 1647 1658 1681 dubium
1683 1659 1739 1682 ve-

171 1696 292 1732 niunt:
315 1698 409 1732 unde
433 1706 467 1733 et
488 1699 578 1733 ratio
601 1699 817 1745 inquisitiva,
834 1712 925 1746 quae
942 1700 1070 1734 dicitur
1092 1705 1335 1746 argumentum,
1351 1708 1403 1735 est
1417 1702 1466 1735 rei
1479 1700 1597 1736 dubiae
1610 1701 1739 1747 faciens

161 1749 273 1796 fidem.
304 1751 415 1792 Quod
442 1761 563 1786 autem
591 1752 724 1799 aliquid
750 1754 786 1787 in
813 1753 1055 1800 operabilibus
1081 1754 1250 1788 humanis
1277 1765 1351 1788 non
1384 1754 1429 1788 sit
1463 1754 1668 1797 dubitabile,
1697 1766 1737 1789 ex

168 1803 292 1839 (luobus
311 1805 497 1852 contingit.
527 1807 598 1840 Uno
622 1807 728 1850 morlo,
753 1807 835 1853 quia
857 1819 920 1854 per
942 1807 1198 1842 determinatas
1220 1808 1296 1842 vias
1322 1808 1529 1854 proceditur
1557 1808 1600 1843 ad
1623 1809 1736 1844 deter—

170 1857 327 1892 minatos
349 1858 448 1901 fines,
471 1859 564 1894 sicut
594 1861 770 1906 contingit
796 1861 832 1894 in
861 1861 1005 1904 artibus,
1033 1873 1124 1908 quae
1150 1861 1285 1896 habent
1313 1870 1426 1896 certas
1447 1862 1523 1896 vias
1546 1863 1736 1909 operandi;

170 1910 262 1945 sicut
282 1912 434 1958 scriptor
449 1924 524 1947 non
544 1914 765 1956 consiliatur,
784 1915 972 1960 quomodo
995 1915 1124 1949 debeat
1143 1915 1285 1949 trahere
1308 1915 1445 1950 literas:
1468 1915 1539 1950 hoc
1563 1916 1660 1950 enim
1682 1916 1739 1950 de-

169 1965 402 2000 terminatum
425 1974 477 2001 est
498 1978 560 2013 per
583 1975 707 2001 artem.
728 1968 806 2002 Alio
828 1968 935 2010 γηοῑῖο,
958 1969 1040 2014 quia
1059 1980 1133 2002 non
1152 1968 1308 2003 multum
1331 1968 1447 2012 refert,
1463 1977 1583 2003 utrum
1598 1970 1661 2012 sic,
1679 1969 1738 2004 vel

169 2017 219 2052 sic
242 2018 321 2054 fiat:
345 2027 378 2053 et
400 2021 465 2054 ista
488 2028 570 2054 sunt
593 2021 756 2063 minima,
779 2033 870 2067 quae
897 2033 1025 2068 parum
1053 2022 1233 2068 adjuvant,
1261 2021 1319 2056 vel
1344 2022 1547 2069 impediunt
1572 2031 1736 2070 respectu

170 2071 249 2106 finis
272 2074 536 2119 consequendi:
561 2075 657 2120 quod
680 2083 800 2109 autem
827 2087 955 2121 parum
985 2083 1048 2117 est,
1071 2075 1172 2122 quasi
1198 2075 1290 2109 nihil
1316 2076 1446 2122 accipit
1472 2076 1583 2120 ratio;
1602 2085 1637 2110 et
1654 2076 1735 2112 ideo

169 2125 205 2159 cle
222 2125 346 2160 duobus
365 2139 429 2161 non
452 2128 677 2170 consiliamur,
701 2130 853 2174 quamvis
875 2128 1070 2163 ordinantur
1091 2129 1133 2163 acl
1145 2129 1263 2175 finem,
1287 2137 1325 2164 ut
1346 2128 1483 2164 Philos.
1507 2129 1594 2164 dicit
1613 2130 1687 2176 (lib.
1706 2142 1734 2177 3.

169 2179 245 2214 ΕΗ).
269 2186 340 2226 cap.
359 2180 419 2227 3.),
447 2181 586 2215 scilicet
612 2182 647 2216 (la
674 2183 767 2216 ‘rubus
789 2184 921 2229 parvis,
949 2188 976 2217 ct
1002 2182 1038 2217 (la
1065 2183 1123 2224 his,
1152 2195 1233 2229 quaa
1258 2188 1332 2218 sunt
1353 2183 1569 2218 clotarmimzla
1596 2184 1737 2230 qualiter·

164 2233 240 2278 fieri
260 2233 391 2268 dabunt:
411 2234 502 2269 sicut
522 2243 573 2269 cst
595 2235 630 2268 in
651 2236 921 2282 operationibus
937 2237 1079 2278 artium,
1096 2245 1236 2283 praeter
1257 2237 1433 2284 quasdam
1453 2237 1735 2283 conjecturale33

168 2294 207 2320 ut
234 2286 342 2333 Greg.
371 2287 524 2334 Nyssen.
553 2289 639 2323 dicit
670 2289 746 2334 (lor.
773 2295 840 2336 sup.
870 2291 953 2336 cit),
981 2299 1018 2324 ut
1051 2298 1136 2337 puta
1166 2290 1404 2334 medicinalis,
1437 2291 1671 2338 negotiativa,
1701 2300 1736 2326 et

168 2339 388 2386 hujusmodi.
1690 2375 1692 2377 ,

240 2394 300 2428 AD
321 2405 470 2430 PR1MUM
487 2407 574 2441 ergo
597 2395 803 2439 dicendum,
826 2398 922 2443 quod
946 2397 1076 2432 electio
1100 2398 1358 2445 praesupponit
1380 2398 1574 2433 consilium
1595 2398 1734 2434 ratione

166 2447 301 2493 judicii,
328 2448 386 2483 vel
419 2450 634 2492 sententiam
663 2450 757 2485 unde
785 2451 929 2496 quando
956 2451 1142 2497 judicium,
1170 2451 1228 2486 vel
1254 2452 1431 2486 sententia
1466 2451 1656 2487 manifesta
1682 2461 1736 2488 est

168 2502 301 2548 absque
323 2503 567 2549 inquisitione,
589 2516 663 2538 non
683 2505 873 2550 requiritur
896 2505 1037 2539 consilii
1064 2506 1258 2552 inquisitio.

238 2556 297 2591 AD
318 2568 524 2593 SECUNDUM
541 2558 746 2600 dicendum,
766 2559 863 2604 quod
882 2559 973 2593 ratio
995 2559 1030 2592 in
1054 2559 1157 2593 rebus
1179 2559 1379 2594 manifestis
1400 2570 1475 2594 non
1496 2559 1652 2606 inquirit,
1671 2559 1733 2595 sed

167 2610 286 2644 statim
310 2611 461 2656 judicat3
485 2619 519 2646 et
540 2611 621 2646 idco
644 2623 718 2645 non
741 2620 894 2658 oportet,
916 2612 952 2646 in
975 2613 1154 2655 omnibus,
1186 2624 1277 2659 quae
1304 2613 1444 2648 ratione
1468 2621 1633 2660 aguntur,
1655 2625 1733 2649 esse

168 2664 437 2710 inquisitionem
459 2665 611 2699 consilii.

240 2717 299 2752 AD
323 2728 494 2753 TERT1UM
517 2719 723 2762 dicendum,
751 2720 846 2766 quod
875 2720 1020 2766 quando
1049 2720 1182 2766 aliquid
1205 2733 1266 2767 per
1288 2733 1400 2756 unum
1421 2730 1541 2768 potest
1561 2721 1648 2765 fieri,
1671 2723 1732 2758 sed

167 2771 315 2806 diversis
336 2772 466 2815 modis,
494 2781 613 2819 potest
638 2772 901 2808 dubitationem
928 2774 1073 2816 habere,
1100 2775 1192 2808 sicut
1222 2783 1256 2809 ct
1283 2775 1426 2821 quando
1453 2776 1499 2810 sit
1524 2787 1586 2822 per
1612 2775 1730 2823 plura:

167 2825 248 2860 ideo
271 2837 361 2872 opus
385 2834 437 2860 est
459 2825 628 2861 consilio:
652 2827 714 2862 sed
737 2828 882 2874 quando
905 2827 1163 2863 determinatur
1185 2839 1258 2863 non
1281 2828 1401 2864 solum
1423 2840 1490 2873 res,
1505 2829 1567 2865 scd
1589 2830 1731 2872 modus,

166 2886 250 2914 tunc
273 2890 347 2914 non
370 2887 422 2915 est
444 2891 533 2926 opus
556 2880 721 2915 consilio.
