1907 3182
257 171 342 211 260
655 180 876 215 QUAESTIO
911 179 1058 208 XXXIV.
1092 178 1337 209 ARTICULUS
1370 178 1432 208 111.

256 262 354 296 finis:
378 261 439 296 sed
463 261 657 296 delectatio
681 260 914 306 consequitur
935 259 1226 306 generationem:
1248 270 1332 292 nam
1358 271 1400 293 ex
1422 270 1465 293 eo
1481 258 1577 304 quod
1593 255 1727 304 aliquid
1742 268 1826 292 con-

258 315 415 350 stituitur
441 315 477 348 in
512 326 616 349 suam
636 322 815 355 naturam,
838 313 1048 354 delectatur,
1082 320 1121 347 ut
1152 323 1259 358 supra
1290 311 1427 346 dictum
1454 319 1507 346 est
1528 311 1575 357 (q.
1599 323 1646 357 31.
1668 315 1732 345 art.
1753 310 1823 356 1.)‚·

260 380 348 415 ergo
370 368 470 402 nulla
492 367 684 402 delectatio
706 374 826 413 potest
848 378 925 400 esse
948 366 1139 412 optimum.

331 432 362 456 2.
386 422 623 456 PRAETEREA.
643 420 735 454 Illud
758 419 855 465 quod
879 427 931 453 est
954 419 1145 465 optimum,
1168 418 1269 452 nullo
1293 418 1414 452 addito
1437 425 1556 463 potest
1577 417 1655 451 fieri
1676 416 1824 451 melius:

257 475 320 509 sed
343 474 547 515 delectatio,
570 473 691 519 aliquo
715 473 848 514 addito,
870 472 909 506 fit
930 472 1078 506 melior:
1103 480 1156 506 est
1178 472 1275 506 enim
1294 471 1425 505 melior
1444 470 1636 505 delectatio
1659 481 1744 504 cum
1760 470 1827 503 vir-

257 536 344 570 tute,
368 539 477 573 quarn
499 527 575 561 sine
598 526 748 568 virtute;
771 536 858 571 ergo
881 525 1074 559 delectatio
1095 536 1170 559 non
1193 532 1246 559 est
1268 525 1458 571 optimum.

333 592 362 627 3.
386 581 622 615 PRAETEREA.
645 579 684 612 ld
708 579 803 624 quod
827 586 879 612 est
901 579 1093 624 optimum,
1121 586 1174 612 est
1200 577 1449 612 universaliter
1470 578 1620 619 bonum,
1647 577 1739 611 sicut
1765 588 1828 623 per

261 646 298 669 se
320 634 460 668 bonum
484 633 655 667 existens:
679 643 765 665 nam
789 631 885 676 quod
913 639 966 665 est
991 643 1054 677 per
1080 643 1129 673 se,
1157 639 1210 665 est
1230 631 1339 677 prius,
1367 639 1401 665 et
1421 631 1540 677 potius
1567 641 1624 672 eo,
1651 630 1748 676 quod
1776 637 1829 664 est

262 698 325 733 per
347 686 531 720 accidens:
556 686 616 719 sed
640 684 832 718 delectatio
855 695 929 718 non
952 692 1004 719 est
1025 685 1275 719 universaliter
1294 685 1444 726 bonurn,
1463 692 1502 718 ut
1519 684 1656 718 dictum
1676 691 1729 717 est
1748 683 1827 727 (art.

255 740 385 787 praec.)
396 752 408 780 ‚·
434 751 520 784 ergo
544 738 737 772 delectatio
759 749 834 772 non
857 745 909 772 est
931 738 1121 784 optimum.

336 792 411 827 SED
440 802 606 826 CONTRA.
631 791 821 825 Beatitudo
846 799 898 825 est
921 791 1113 837 optimum,
1136 803 1220 825 cum
1247 791 1292 825 sit
1312 790 1392 825 finis
1419 791 1602 824 humanae
1628 790 1740 824 vitae:
1768 788 1829 823 sed

259 846 445 881 beatitudo
467 857 540 879 non
557 853 609 879 est
630 845 706 879 sine
723 844 980 878 delectatione:
1005 844 1134 878 dicitur
1154 844 1302 878 enimin
1320 844 1378 878 Ps.
1403 855 1472 889 15.:
1489 843 1694 890 Adimplebis
1705 855 1756 877 me
1770 842 1832 877 laze-

264 902 341 935 titia
358 912 430 934 cum
453 899 548 932 vultu
571 903 636 940 tuo,
660 898 882 932 delectationes
895 899 929 932 in
948 898 1080 932 dextera
1108 903 1163 932 ma
1186 910 1282 943 nsque
1308 898 1472 943 infinem.

333 953 563 986 RasPoNDEo
592 951 798 993 dicendum,
821 951 918 997 quod
940 950 1045 985 Plato
1072 962 1147 985 non
1169 951 1300 997 posuit,
1323 961 1451 984 omnes
1474 949 1733 984 delectationes
1753 959 1830 982 esse

262 1005 388 1047 malas,
412 1005 503 1039 sicut
526 1004 659 1046 Stoici3
682 1015 799 1050 neque
823 1015 951 1038 omnes
974 1015 1051 1039 esse
1078 1005 1204 1045 bonas,
1231 1004 1324 1038 sicut
1349 1003 1539 1049 Epicurei3
1567 1002 1630 1037 sed
1657 1001 1832 1048 quasdam

262 1070 339 1093 esse
361 1059 488 1099 bonas,
511 1066 544 1092 et
559 1057 735 1104 quasdam
751 1069 828 1092 esse
842 1057 974 1092 malas:
997 1058 1045 1092 ita
1060 1065 1183 1092 tamen
1199 1058 1295 1104 quod
1310 1057 1410 1091 nulla
1424 1057 1469 1091 sit
1482 1054 1669 1091 sum'mum
1681 1056 1832 1097 bonum,

265 1111 323 1146 vel
346 1112 538 1158 optimum.
563 1111 646 1153 Sed,
669 1119 844 1156 quantum
868 1122 910 1145 ex
932 1112 1007 1156 ejus
1029 1111 1227 1145 rationibus
1250 1111 1353 1145 datur
1374 1110 1539 1156 intelligi,
1566 1110 1603 1144 in
1629 1110 1752 1144 duobus
1778 1109 1835 1143 de-

266 1165 350 1199 ficit.
373 1165 412 1199 In
431 1176 495 1198 uno
518 1164 676 1210 quidem,
693 1164 775 1209 quia
795 1175 879 1197 cum
900 1164 1048 1205 videret,
1072 1164 1330 1198 delectationes
1353 1160 1551 1205 sensibiles,
1573 1170 1608 1197 et
1626 1162 1834 1209 corporales

267 1219 302 1252 in
326 1217 486 1263 quodam
501 1225 615 1259 motu,
639 1225 673 1251 et
696 1217 929 1262 generatione
946 1217 1142 1251 consistere
1158 1217 1267 1262 (sicut
1280 1224 1378 1264 patet
1391 1217 1427 1250 in
1441 1216 1642 1263 repletione
1657 1215 1834 1257 ciborum,

268 1279 302 1305 et
322 1270 550 1316 hujusmodi)
567 1270 771 1304 aestimavit
785 1281 913 1304 omnes
929 1269 1188 1304 delectationes
1211 1271 1383 1316 consequi
1406 1270 1692 1316 generationem,
1707 1276 1743 1303 et
1759 1278 1835 1302 mo-

266 1332 363 1366 tum;
386 1323 480 1357 unde
504 1335 587 1357 cum
611 1323 809 1369 generatio,
833 1331 867 1357 et
889 1332 1009 1358 motus
1031 1324 1102 1357 sint
1124 1332 1224 1358 actus
1251 1323 1465 1370 imperfecti,
1492 1330 1710 1369 sequeretur,
1738 1321 1835 1368 quod

268 1377 462 1411 delectatio
484 1388 558 1411 non
580 1377 729 1411 haberet
750 1377 929 1410 rationem
952 1376 1101 1410 ultimae
1123 1377 1372 1423 perfectionis:
1396 1377 1458 1411 sed
1479 1376 1551 1410 hoc
1570 1375 1761 1410 manifeste
1780 1387 1835 1421 ap-

265 1438 366 1477 paret
387 1429 518 1464 falsum
541 1430 576 1464 in
599 1429 899 1464 delectationibus
921 1429 1235 1464 intellectualibus.
1258 1430 1400 1476 Aliquis
1423 1430 1520 1464 enim
1540 1441 1615 1464 non
1637 1429 1758 1464 solum
1780 1429 1836 1462 de-

264 1483 418 1518 lectatur
439 1484 475 1517 in
498 1484 732 1529 generatione
755 1484 939 1525 scientiae,
962 1491 1047 1529 puta
1066 1495 1149 1517 cum
1169 1484 1331 1525 addiscit,
1355 1491 1415 1517 aut
1435 1483 1597 1525 miratur,
1619 1483 1712 1517 sicut
1729 1493 1834 1528 supra

267 1537 403 1571 dictum
427 1544 479 1570 est
503 1537 548 1582 (q.
568 1548 617 1582 32.
641 1541 704 1571 art.
727 1548 758 1571 2.
782 1541 810 1570 et
830 1537 893 1581 8.),
917 1536 979 1570 sed
1003 1536 1110 1570 etiam
1134 1536 1169 1570 in
1193 1537 1476 1582 contemplando
1499 1537 1699 1571 secundum
1726 1535 1837 1570 scien-

264 1590 352 1623 tiam
374 1590 694 1635 jam-acquisitam.
718 1589 797 1623 Alio
816 1600 902 1622 vero
925 1589 1034 1631 modo,
1063 1590 1146 1635 quia
1174 1590 1315 1624 dicebat
1342 1591 1505 1636 optimum
1526 1589 1626 1632 illud,
1652 1589 1749 1636 quod
1784 1596 1838 1623 est

266 1642 479 1688 simpliciter
493 1653 677 1676 summum
693 1642 842 1683 bonum,
858 1642 954 1688 quod
970 1642 1109 1676 scilicet
1124 1650 1176 1676 est
1189 1643 1308 1688 ipsum
1323 1643 1472 1677 bonum:
1489 1643 1590 1689 quasi
1605 1643 1836 1683 abstractum,

267 1704 302 1730 et
320 1707 394 1729 non
417 1695 691 1741 participatum,
715 1695 806 1729 sicut
827 1695 902 1741 ipse
921 1695 1021 1729 Deus
1041 1703 1094 1729 est
1113 1707 1299 1729 summum
1317 1696 1474 1730 bonum:
1497 1707 1565 1730 nos
1584 1704 1706 1730 autern
1724 1695 1838 1741 loqui-

268 1761 348 1783 mur
372 1750 414 1783 de
438 1749 577 1795 optimo
601 1749 637 1782 in
659 1749 764 1783 rebus
786 1749 974 1783 humanis:
1000 1749 1180 1795 optimum
1203 1758 1324 1784 autem
1354 1750 1390 1784 in
1419 1762 1635 1797 unaquaque
1658 1762 1695 1784 re
1719 1758 1771 1784 est
1789 1749 1838 1782 ul-

266 1803 376 1837 timus
399 1803 490 1836 finis.
514 1802 610 1836 Finis
633 1810 766 1844 autem,
791 1810 828 1836 ut
849 1814 956 1848 supra
979 1802 1115 1837 dictum
1139 1811 1191 1837 est
1213 1803 1261 1849 (q.
1282 1816 1309 1838 r.
1332 1808 1395 1837 art.
1423 1804 1484 1848 8.),
1500 1803 1675 1850 dupliciter
1689 1803 1835 1837 dicitur:

266 1856 421 1890 scilicet:
449 1858 519 1902 ipsa
542 1868 601 1898 res,
630 1864 664 1889 et
690 1867 763 1890 usus
789 1857 857 1890 rei:
881 1856 973 1890 sicut
999 1855 1078 1890 finis
1106 1857 1205 1890 avari
1231 1864 1285 1890 est
1309 1856 1369 1890 vel
1389 1857 1554 1903 pecunia,
1576 1856 1635 1891 vel
1656 1855 1837 1903 possessio

267 1909 454 1955 pecuniae.
480 1909 524 1942 Et
545 1909 744 1942 secundum
766 1909 837 1943 hoc
861 1909 1009 1943 ultimus
1032 1909 1112 1943 finis
1133 1909 1293 1944 hominis
1313 1910 1383 1943 dici
1405 1918 1525 1956 potest
1544 1909 1603 1944 vel
1623 1910 1699 1956 ipse
1725 1910 1836 1951 Deus,

267 1962 328 2008 qui
352 1970 404 1996 est
426 1974 611 1996 summum
635 1963 773 1996 bonum
795 1963 1018 2009 simpliciter,
1046 1963 1104 1997 vel
1130 1963 1250 1997 fruitio
1278 1964 1400 2010 ipsius,
1428 1976 1520 2010 quae
1547 1964 1720 2011 importat
1746 1962 1837 1997 dele-

269 2016 468 2050 ctationem
492 2016 689 2062 quamdam
711 2016 746 2050 in
763 2016 892 2050 ultimo
910 2016 997 2050 fine:
1015 2024 1049 2051 et
1058 2023 1119 2063 per
1133 2017 1218 2051 hunc
1229 2016 1362 2051 modum
1381 2017 1494 2063 aliqua
1511 2017 1676 2066 delectatio
1699 2017 1840 2051 hominis

262 2074 369 2115 potest
390 2069 455 2103 dici
477 2071 640 2116 optimmn
662 2071 748 2104 inter
770 2071 855 2104 laona
877 2070 1034 2104 hnmana.

340 2122 400 2155 AD
424 2133 573 2156 PRiMUM
596 2134 683 2168 ergo
707 2123 913 2165 dicendum,
935 2123 1032 2169 quod
1055 2134 1128 2156 non
1157 2123 1276 2157 omnis
1303 2123 1496 2158 delectatio
1524 2123 1757 2169 consequitur
1783 2133 1840 2168 ge-

268 2175 515 2209 nerationem:
539 2176 600 2209 sed
621 2176 763 2222 aliquae
783 2176 1041 2210 delectationes
1062 2184 1332 2222 consequuntur
1350 2177 1581 2223 operationes
1600 2175 1788 2223 perfectas,
1802 2184 1840 2210 ut

269 2228 407 2262 dictum
430 2236 483 2262 est
507 2229 555 2272 (in
579 2230 686 2275 corp.)
702 2242 711 2263 :
728 2229 855 2263 etideo
871 2229 961 2263 nihil
976 2229 1154 2275 prohibet,
1174 2229 1333 2275 aliquam
1349 2230 1630 2264 delectationem
1657 2241 1734 2264 esse
1753 2229 1841 2275 opti-

270 2293 384 2323 mum,
408 2282 473 2315 etsi
495 2294 568 2315 non
597 2283 716 2316 omnis
739 2283 783 2316 sit
804 2283 894 2316 talis.

342 2334 402 2368 AD
419 2346 627 2369 SECUNDUM
647 2335 854 2377 dicendum,
877 2336 974 2382 quod
997 2336 1088 2370 ratio
1111 2335 1171 2370 illa
1193 2336 1357 2381 procedit
1383 2336 1426 2370 de
1449 2336 1589 2383 optimo
1617 2335 1840 2383 simpliciter,
1887 2327 1890 2354 1

269 2399 331 2434 per
354 2389 454 2433 cujus
477 2388 792 2434 participationem
816 2389 939 2423 onmia
961 2397 1043 2423 sunt
1064 2390 1171 2430 bona,
1188 2389 1281 2423 unde
1297 2401 1338 2424 ex
1353 2389 1486 2423 nullius
1509 2389 1691 2424 additione
1714 2389 1752 2424 fit
1769 2400 1841 2423 me-

269 2440 353 2475 lius:
378 2442 439 2476 scd
463 2442 497 2475 in
520 2442 598 2476 aliis
621 2442 725 2476 bonis
749 2443 1028 2477 universitaliter
1054 2454 1181 2477 verum
1209 2451 1272 2485 est,
1299 2443 1396 2490 quod
1423 2443 1610 2489 quodlibet
1634 2443 1772 2477 bonum
1799 2454 1841 2477 ex
1886 2438 1890 2444 ’

270 2494 452 2528 additione
477 2494 621 2529 alterius
644 2495 682 2529 fit
705 2495 852 2538 1nelius3
881 2496 1046 2542 quamvis
1073 2504 1196 2542 posset
1222 2496 1304 2538 dici,
1332 2496 1429 2543 quod
1457 2496 1650 2531 delectatio
1677 2507 1752 2530 non
1787 2504 1841 2530 cst
1886 2495 1888 2497 ’

270 2547 403 2593 aliquid
432 2556 643 2582 extraneum
673 2548 714 2582 ab
747 2550 957 2594 operatione
987 2550 1138 2591 virtutis,
1167 2550 1228 2584 sed
1257 2550 1509 2584 concomitans
1531 2550 1659 2597 ipsam,
1687 2558 1724 2584 ut
1750 2551 1784 2584 in
1812 2561 1839 2584 1.
1885 2578 1888 2583 4

270 2600 388 2634 Ethic.
412 2600 542 2634 dicitur
566 2601 653 2647 (cap.
681 2602 712 2636 8.
736 2613 755 2635 ιι
778 2602 889 2646 med).

343 2653 402 2687 AD
426 2664 597 2688 TERTIUM
620 2654 826 2696 dicendum,
850 2654 945 2700 quod
970 2654 1162 2690 delectatio
1183 2667 1256 2690 non
1278 2656 1398 2699 habet,
1421 2656 1518 2703 quod
1534 2656 1578 2691 sit
1600 2656 1779 2702 optimum
1798 2667 1839 2691 ex

270 2706 341 2739 hoc
361 2707 457 2752 quod
481 2715 533 2741 est
554 2706 759 2748 delectatio,
783 2707 843 2741 sed
867 2720 908 2741 ex
931 2707 1001 2741 hoc
1026 2709 1121 2753 quod
1146 2717 1198 2743 est
1217 2708 1374 2755 perfecta
1393 2710 1494 2755 quies
1513 2711 1548 2744 in
1567 2709 1727 2756 optimo3
1747 2709 1840 2743 unde

271 2770 344 2793 non
367 2768 522 2805 oportet,
545 2760 642 2805 quod
665 2760 784 2794 omnis
807 2760 999 2794 delectatio
1023 2761 1066 2794 sit
1084 2761 1234 2808 optima,
1257 2770 1316 2796 aut
1338 2763 1448 2797 etiam
1470 2763 1585 2798 bona:
1608 2762 1699 2797 sicut
1721 2762 1840 2809 aliqua
1884 2808 1886 2810 v

272 2812 421 2846 scientia
444 2821 497 2847 est
519 2813 670 2859 optima,
692 2824 765 2847 non
788 2821 910 2847 tamen
934 2815 1063 2848 omnis.
