1907 3198
498 181 722 217 QUAESTIO
755 181 876 211 XXXI.
911 180 1158 211 ARTICULUS
1194 180 1220 210 Ι.
1567 182 1649 225 233

553 299 658 335 Circa
679 300 833 348 primum
859 304 1067 346 quaeruntur
1088 305 1171 335 octo.

142 371 279 406 Primo.
303 371 437 406 Utrum
459 371 654 406 delectatio
677 372 722 407 sit
748 372 880 419 passio.

142 425 322 462 Secundo.
348 426 481 460 Utrum
504 426 549 460 sit
569 426 606 460 in
626 434 806 473 tempore.

143 478 282 515 Tertio.
306 479 439 515 Utrum
462 480 604 515 differat
626 492 645 514 a
668 481 814 527 gaudio.

143 534 299 576 Quarto.
323 534 456 569 Utrum
479 535 524 569 sit
546 534 581 568 in
605 535 765 581 appetitu
787 533 1025 569 intellectivo.

143 588 296 630 Quinto.
319 588 376 623 De
399 589 676 636 comparatione
701 588 987 624 delectationum
1010 588 1206 636 superioris
1230 588 1409 636 appetitus
1432 587 1476 623 ad
1499 587 1653 623 delecta-

70 642 211 678 tionem
233 641 425 678 inferioris.

141 696 263 732 Sexto.
286 697 342 732 De
366 697 641 744 comparatione
665 697 953 732 delectationum
975 698 1232 733 sensitivarum
1257 697 1299 732 ad
1323 697 1494 732 invicem.

141 751 319 799 Septimo.
343 751 476 786 Utrum
499 752 544 787 sit
566 751 686 799 aliqua
709 752 905 787 delectatio
928 764 1003 787 non
1029 752 1216 787 naturalis.

141 806 299 842 Octavo.
323 806 457 841 Utrum
479 805 673 841 delectatio
697 807 811 854 possit
833 818 911 842 esse
935 807 1117 842 contraria
1141 806 1388 842 delectationi.

648 949 1000 995 ARTICULUS
1036 951 1069 994 I.
1584 972 1650 1009 174

474 1059 630 1090 UTRUM
656 1060 944 1090 DELECTATIO
974 1060 1042 1090 SIT
1070 1060 1231 1090 PASSIO.

162 1147 264 1196 (Insr.
287 1153 351 1184 art.
370 1159 403 1195 4.
427 1148 469 1184 ad
489 1161 521 1185 2.
543 1154 572 1185 et
593 1154 658 1185 art.
677 1161 705 1196 5.
729 1156 819 1197 corp.
833 1150 897 1196 fin.
921 1155 949 1185 et
969 1161 1002 1195 4.
1022 1151 1112 1186 Disl.
1134 1152 1191 1197 49.
1211 1162 1242 1196 q.
1257 1162 1285 1197 3.
1308 1154 1373 1185 art.
1395 1162 1423 1185 ι.
1442 1161 1472 1196 q.
1492 1149 1550 1195 1.).

134 1241 195 1276 AD
222 1251 373 1276 PRIMUM
391 1241 442 1276 sic
464 1241 684 1288 proceditur.
714 1241 878 1284 Videtur,
902 1241 999 1288 quod
1023 1240 1218 1276 delectatio
1241 1252 1317 1275 non
1341 1241 1385 1275 sit
1407 1241 1549 1287 passio:
1578 1241 1649 1276 Da-

62 1290 256 1330 mascenus
268 1295 416 1331 enimin
432 1305 463 1329 2.
479 1295 539 1330 lib.
556 1296 675 1341 (Orth.
691 1295 766 1331 Fid.
783 1302 856 1343 cap.
872 1297 942 1342 22.)
959 1295 1147 1341 distinguit
1159 1295 1411 1342 operationem
1432 1307 1451 1329 a
1466 1296 1648 1342 passione,

63 1348 198 1392 dicens,
220 1349 318 1396 quod
340 1350 506 1397 operatio
529 1358 583 1385 est
597 1357 731 1392 motus,
747 1350 808 1397 qui
831 1358 884 1385 est
905 1350 1107 1384 secundum
1130 1358 1319 1385 naturam:
1343 1350 1464 1396 passio
1486 1361 1574 1385 vero
1595 1359 1649 1385 est

62 1411 185 1438 motus
208 1411 335 1439 contra
356 1411 546 1440 naturam:
569 1404 631 1439 sed
655 1404 850 1440 delectatio
875 1413 929 1440 est
951 1405 1128 1452 operatio,
1151 1413 1190 1440 ut
1211 1405 1427 1452 Philosoph.
1451 1406 1538 1440 dicit
1558 1406 1595 1440 in
1615 1417 1646 1452 7.

61 1456 144 1492 Eth.
166 1458 255 1505 (cap.
278 1470 328 1494 12.
356 1463 384 1494 et
410 1459 470 1506 13.)
491 1466 526 1493 et
547 1458 583 1493 in
610 1469 662 1494 10.
688 1458 774 1506 (cap.
802 1460 852 1505 4.)
864 1472 876 1501 ,·
906 1471 995 1505 ergo
1019 1459 1215 1494 delectatio
1237 1471 1312 1494 non
1336 1467 1389 1494 est
1416 1460 1548 1506 passio.

130 1522 162 1547 2.
177 1512 417 1548 PRAETEREA.
429 1513 510 1547 Pati
525 1521 579 1548 est
592 1514 746 1556 moveri,
758 1521 796 1548 ut
807 1514 938 1548 dicitur
951 1514 988 1548 in
1007 1525 1035 1561 3.
1058 1513 1204 1561 Physic.
1219 1513 1296 1559 (tex.
1316 1526 1368 1561 19.
1388 1519 1416 1549 et
1430 1526 1460 1550 2.
1477 1514 1513 1550 de
1527 1516 1645 1550 Anim.

61 1570 122 1602 tex.
144 1567 239 1614 54.):
262 1567 324 1602 sed
347 1566 541 1602 delectatio
563 1579 638 1602 non
661 1568 828 1603 consistit
849 1568 886 1602 in
907 1569 1048 1611 moveri,
1073 1569 1135 1603 sed
1159 1569 1195 1603 in
1217 1573 1343 1603 motum
1370 1580 1453 1604 esse:
1477 1577 1647 1604 causatur

59 1620 159 1656 'enim
182 1621 376 1657 delectatio
400 1633 443 1656 ex
464 1622 563 1657 bono
586 1623 660 1668 jam
683 1623 835 1670 adepto;
858 1633 946 1669 ergo
970 1621 1164 1657 delectatio
1188 1633 1264 1657 non
1287 1630 1340 1657 est
1366 1623 1499 1669 passio.

134 1687 163 1723 3.
185 1675 424 1712 PRAETEREA.
447 1675 654 1712 Delectatio
678 1677 844 1712 consistit
865 1677 903 1711 in
924 1677 1083 1724 quadam
1106 1676 1331 1724 perfectione
1355 1677 1544 1712 delectati:
1568 1689 1645 1724 per-

59 1728 134 1765 ficit
155 1730 252 1765 enirn
275 1731 541 1778 operationem,
564 1739 602 1766 ut
624 1730 754 1766 dicitur
775 1731 812 1765 in
839 1742 889 1766 10.
913 1731 995 1766 Eth.
1020 1732 1111 1779 (cap.
1135 1743 1167 1777 4.
1184 1736 1260 1779 post
1280 1731 1406 1777 med.):
1430 1731 1493 1767 sed
1521 1732 1646 1779 perfici

58 1795 133 1819 non
149 1792 202 1820 est
216 1785 301 1832 pati,
322 1784 382 1820 vel
405 1784 559 1828 alterari,
582 1793 621 1820 ut
642 1785 774 1820 dicitur
787 1785 824 1819 in
840 1796 871 1832 7.
891 1785 1082 1833 Physicor.
1099 1786 1266 1832 (tex.16.)
1286 1793 1321 1820 et
1342 1787 1378 1820 in
1398 1796 1429 1820 2.
1449 1786 1493 1821 de
1508 1786 1645 1821 Anima

58 1839 139 1885 (tex.
157 1839 252 1886 58.);
275 1850 363 1886 ergo
386 1838 581 1875 delectatio
603 1851 679 1874 non
702 1847 756 1875 est
777 1839 910 1887 passio.

131 1893 206 1928 SED
235 1903 392 1930 CONTRA
417 1902 481 1937 est,
504 1893 602 1941 quod
624 1894 720 1942 Aug.
743 1895 780 1929 in
807 1906 858 1930 10.
883 1902 918 1930 et
943 1905 994 1938 14.
1019 1895 1062 1929 de
1086 1895 1165 1930 Civ.
1193 1895 1266 1930 Dei
1294 1895 1382 1943 (cap.
1415 1895 1448 1931 6.
1476 1901 1505 1931 et
1531 1896 1563 1932 8.
1592 1895 1645 1931 sed

57 1947 93 1982 in
115 1947 172 1983 lib.
189 1960 241 1984 10.
260 1960 328 1983 non
349 1949 527 1995 occurrit),
550 1948 654 1996 ponit
679 1948 974 1992 delectationem,
989 1949 1064 1984 sive
1080 1949 1267 1996 gaudium,
1281 1949 1340 1984 vel
1355 1950 1532 1985 laetitiam
1550 1950 1644 1986 inter

59 2001 147 2037 alias
168 2002 357 2049 passiones
379 2002 536 2038 animae.

128 2056 362 2093 RESPONDEO
385 2057 590 2102 dicendum,
611 2058 709 2105 quod
732 2066 854 2093 motus
878 2058 1057 2106 appetitus
1085 2058 1248 2094 sensitivi
1274 2059 1420 2106 proprie
1442 2061 1554 2107 passio
1581 2071 1644 2095 no-

59 2110 227 2155 minatur,
250 2111 344 2147 sicut
365 2123 472 2159 supra
494 2111 632 2147 dictum
655 2120 707 2147 est
731 2117 777 2159 (q.
805 2125 858 2148 22.
882 2118 944 2148 art.
964 2114 1009 2160 3.)
1025 2126 1034 2148 .·
1064 2113 1208 2148 affectio
1238 2121 1359 2148 autem
1388 2125 1642 2162 quaecumque

59 2176 101 2201 ex
115 2165 405 2213 apprehensione
421 2166 591 2202 sensitiva
606 2167 809 2214 procedens
825 2175 878 2202 est
892 2176 1015 2202 motus
1032 2168 1209 2215 appetitus
1226 2168 1406 2204 sensitivi:
1423 2168 1494 2203 hoc
1519 2177 1641 2204 autem

57 2231 206 2256 necesse
237 2229 291 2256 est
318 2229 527 2269 competere
558 2221 810 2256 delectationi:
844 2233 927 2256 nam
958 2223 1051 2256 sicut
1078 2222 1216 2257 Philos.
1246 2222 1331 2257 dicit
1360 2223 1396 2257 in
1432 2235 1459 2257 1.
1488 2223 1640 2259 Rhetor.

60 2273 148 2323 (cap.
167 2276 419 2322 11.inprinc.),
442 2275 637 2310 delectatio
661 2283 714 2310 est
736 2275 884 2322 quidam
907 2284 1029 2311 motus
1052 2278 1207 2320 animae,
1229 2285 1263 2312 et
1286 2277 1498 2313 constitutio
1526 2278 1635 2313 simul

57 2335 144 2372 tota,
167 2337 202 2364 et
222 2329 402 2365 sensibilis
424 2330 459 2364 in
482 2337 650 2365 naturam
674 2330 900 2365 existentem.

128 2383 187 2418 Ad
209 2384 311 2430 cujus
333 2383 559 2419 intellectum
588 2384 897 2419 considerandum
924 2393 988 2427 est,
1016 2385 1114 2432 quod
1142 2385 1235 2420 sicut
1263 2386 1442 2433 contingit
1469 2386 1504 2421 in
1531 2387 1638 2422 rebus

57 2437 280 2473 naturalibus
303 2437 422 2485 aliqua
446 2439 621 2485 consequi
643 2449 726 2473 suas
748 2438 989 2486 perfectiones
1011 2439 1216 2483 naturales;
1239 2440 1287 2474 ita
1309 2440 1381 2475 hoc
1406 2441 1585 2488 contingit
1603 2442 1638 2476 in

59 2491 286 2535 animalibus,
309 2500 344 2527 et
365 2492 533 2539 quamvis
555 2492 697 2527 moveri
720 2493 762 2527 ad
786 2492 1051 2540 perfectionem
1066 2506 1141 2528 non
1161 2495 1205 2529 sit
1223 2503 1342 2529 totum
1365 2495 1493 2538 simul;
1515 2503 1638 2531 tamen

59 2548 231 2593 consequi
252 2545 458 2582 naturalem
480 2546 744 2594 perfectionem
765 2555 818 2582 est
831 2555 950 2582 totum
965 2547 1084 2583 simul.
1110 2548 1210 2583 Haec
1228 2556 1349 2583 autem
1366 2557 1419 2584 est
1437 2549 1638 2585 differentia

58 2598 150 2635 inter
172 2600 356 2643 animalia,
379 2609 414 2636 et
436 2600 524 2636 alias
546 2612 601 2635 res
625 2600 818 2644 naturales,
843 2602 940 2648 quod
964 2601 1055 2638 aliae
1079 2614 1134 2637 res
1157 2603 1352 2645 naturales,
1380 2604 1526 2650 quando
1555 2616 1639 2639 con-

57 2655 249 2690 stituuntur
270 2655 307 2690 in
325 2655 372 2698 id,
392 2655 489 2702 quod
509 2657 680 2690 convenit
702 2655 753 2690 eis
775 2656 977 2690 secundum
1001 2665 1181 2699 naturam,
1196 2657 1267 2691 hoc
1284 2668 1357 2691 non
1374 2658 1551 2701 sentiunt;
1573 2660 1636 2694 sed

59 2707 228 2744 animalia
249 2709 320 2744 hoc
349 2710 517 2752 sentiunt,
546 2717 581 2744 et
607 2720 648 2744 ex
676 2711 744 2745 isto
773 2721 878 2746 sensu
907 2720 1076 2746 causatur
1103 2712 1251 2758 quidam
1280 2720 1401 2747 motus
1429 2713 1573 2748 animae
1600 2714 1636 2748 in

58 2763 216 2809 appetitu
238 2763 423 2806 sensitivo,
446 2771 481 2798 et
502 2764 567 2798 iste
596 2771 717 2799 motus
740 2773 794 2799 est
819 2764 1037 2808 delectatio;
1065 2777 1128 2812 per
1154 2766 1225 2800 hoc
1255 2777 1342 2812 ergo
1370 2766 1467 2812 quod
1495 2766 1635 2809 dicitur,

57 2816 154 2862 quod
176 2816 371 2852 delectatio
395 2826 449 2853 est
470 2822 577 2852 motus
598 2819 744 2861 animae,
768 2819 914 2865 ponitur
938 2821 971 2854 in
995 2831 1147 2865 genere:
1172 2832 1235 2866 per
1250 2820 1321 2854 hoc
1339 2828 1459 2854 autem
1476 2820 1573 2867 quod
1589 2821 1637 2855 di-

58 2869 148 2905 citur
168 2873 353 2908 constitutio
380 2874 415 2907 in
442 2873 630 2908 existentem
658 2879 830 2918 naturam,
860 2874 951 2909 idest
974 2875 1009 2908 in
1037 2875 1071 2909 id
1100 2875 1196 2921 quod
1220 2875 1338 2909 existit
1360 2875 1394 2909 in
1417 2884 1544 2910 natura
1571 2876 1634 2919 rei,

57 2924 203 2971 ponitur
229 2937 338 2962 causa
373 2925 639 2971 delectationis,
669 2927 808 2963 scilicet
836 2929 1040 2976 praesentia
1072 2929 1445 2973 connaturalis-boni:
1476 2942 1539 2978 per
1561 2930 1632 2965 hoc
