1907 3182
273 178 358 222 404
679 176 901 212 QUAESTIO
936 177 1052 207 LVIII.
1086 177 1330 207 ARTICULUS
1363 178 1418 208 IV.

815 345 1157 390 ARTICULUS
1193 346 1268 389 iv.
1761 368 1827 404 310

371 456 522 486 UTRUM
549 455 736 485 MORALIS
757 454 912 484 VIRTUS
935 454 1086 483 POSSIT
1114 454 1214 483 ESSE
1242 454 1336 484 SINE
1359 453 1724 484 INTELLECTUALI.

857 541 958 588 (Infr.
981 546 1044 576 art.
1063 552 1091 588 5.
1115 541 1234 588 corp).

344 631 403 665 Ar>
425 641 612 670 QUARTUM
627 631 676 664 sic
698 630 914 676 proceditur.
937 630 1098 672 Videtur,
1121 630 1218 676 quod
1239 630 1350 664 virtus
1365 629 1513 665 moralis
1528 630 1639 677 possit
1661 641 1738 665 esse
1753 629 1830 664 sine

273 684 520 719 intellectuali.
543 684 654 718 virtus
677 684 775 717 enim
796 683 956 725 moralis,
978 692 1016 718 ut
1037 684 1123 718 dicit
1137 683 1279 718 Tullius
1303 683 1349 728 (2.
1371 684 1411 718 de
1432 684 1559 718 Invent.
1575 685 1734 730 aliquant.
1757 688 1831 718 ante

271 739 358 784 fin),
386 743 428 772 est
454 738 582 772 habitus
603 738 637 771 in
658 749 686 770 n.
695 737 790 771 odam
816 742 954 772 naturae
980 738 1105 771 rationi
1127 742 1376 778 consentaneam,-
1408 737 1471 771 sed
1491 745 1619 771 natura
1652 737 1719 771 etsi
1748 748 1832 771 con-

245 792 402 825 sentiat
424 791 531 824 alicui
556 790 733 836 superiori
754 791 885 824 rationi
917 791 1091 832 moventi,
1113 801 1187 824 non
1208 799 1331 824 tamen
1353 798 1505 835 oportet,
1534 790 1630 836 quod
1651 789 1713 824 illa
1738 790 1830 824 ratio

275 853 422 879 naturae
445 845 684 890 conjungatur
710 844 745 877 in
768 844 918 886 eodem;
945 844 1037 878 sicut
1057 852 1153 890 patet
1173 845 1209 877 in
1235 844 1341 878 rebus
1364 843 1585 878 naturalibus
1623 843 1831 889 cognitione

278 898 496 939 carentibus3
524 908 610 943 ergo
643 906 760 943 potest
787 909 863 931 esse
890 899 925 931 in
950 897 1101 931 homine
1130 897 1241 931 virtus
1268 896 1416 931 moralis
1445 897 1482 930 in
1503 897 1655 931 modum
1683 904 1831 930 naturae

274 951 452 984 inclinans
468 951 510 984 ad
526 951 826 984 consentiendum
847 950 995 985 rationi:
1012 951 1176 996 quamvis
1197 950 1292 984 illius
1306 950 1465 984 hominis
1484 950 1575 984 ratio
1597 961 1671 984 non
1692 950 1737 984 sit
1757 960 1833 996 per-

275 1003 367 1038 fecta
389 1016 452 1050 per
473 1004 643 1038 virtutem
664 1003 959 1038 intellectualem.

346 1068 376 1091 2.
411 1058 646 1092 PRAETEREA.
670 1058 738 1091 Per
766 1058 935 1092 virtutem
968 1056 1250 1091 intellectualem
1279 1057 1394 1092 horno
1425 1057 1657 1103 consequitur
1683 1056 1832 1090 rationis

275 1122 380 1145 usum
394 1110 610 1157 perfectum:
625 1111 686 1145 sed
702 1111 918 1157 quandoque
936 1111 1124 1156 contingit,
1143 1111 1239 1157 quod
1255 1110 1375 1156 aliqui,
1393 1111 1429 1144 in
1449 1110 1576 1157 quibus
1589 1121 1663 1144 non
1677 1109 1833 1143 multum
1884 1105 1893 1114 ”

275 1164 372 1210 viget
394 1175 477 1199 usus
499 1165 659 1204 rationis,
686 1173 768 1198 sunt
788 1165 950 1206 virtuosi,
973 1173 1007 1198 et
1028 1164 1109 1198 Deo
1137 1164 1294 1210 accepti3
1317 1175 1403 1210 ergo
1425 1164 1577 1206 videtur,
1604 1163 1701 1210 quod
1721 1163 1834 1197 virtus

276 1217 425 1252 moralis
447 1218 560 1264 possit
580 1229 657 1252 esse
679 1218 755 1252 sine
777 1219 905 1252 virtute
924 1217 1168 1253 intellectuali.

350 1283 379 1318 3.
401 1271 636 1306 PRAETEREA.
664 1271 786 1305 Virtus
808 1272 956 1306 moralis
982 1271 1068 1305 facit
1089 1271 1362 1306 inclinationem
1393 1272 1437 1306 ad
1462 1271 1554 1306 bene
1589 1270 1833 1318 operandum:

276 1326 338 1360 sed
352 1325 498 1372 quidam
513 1325 646 1359 habent
659 1325 860 1359 naturalem
876 1325 1148 1359 inclinationem
1164 1325 1206 1359 ad
1219 1326 1309 1359 bene
1325 1325 1561 1371 operandum,
1576 1325 1685 1359 etiarn
1701 1324 1834 1371 absque

277 1379 424 1414 rationis
445 1379 599 1424 judicio3
621 1390 707 1424 ergo
726 1379 873 1413 virtutes
895 1378 1051 1412 morales
1075 1386 1225 1424 possunt
1247 1390 1324 1413 esse
1346 1379 1422 1413 sine
1443 1377 1690 1413 intellectuali.

349 1433 423 1467 SED
446 1443 600 1467 CONTRA
629 1441 691 1474 est,
714 1433 809 1478 quod
839 1432 1036 1477 Gregorius
1060 1432 1147 1466 dicit
1177 1442 1231 1466 22.
1255 1432 1383 1466 Moral.
1409 1432 1497 1478 (cap.
1519 1444 1546 1467 I.
1568 1432 1710 1478 implic.)
1736 1431 1833 1478 quod

278 1495 440 1521 caeterae
462 1486 619 1528 virtutes,
634 1486 702 1520 nisi
717 1498 770 1528 ea,
793 1498 883 1532 quae
899 1493 1080 1532 appetunt,
1095 1485 1287 1531 prudenter
1309 1494 1426 1532 agant,
1445 1486 1593 1519 virtutes
1613 1496 1690 1519 esse
1704 1496 1835 1531 nequa-

278 1551 387 1586 quam
418 1547 582 1585 possunt:
606 1539 666 1574 sed
697 1539 882 1585 prudentia
910 1547 963 1573 est
987 1539 1098 1573 virtus
1125 1538 1388 1581 intellectualis,
1415 1548 1453 1573 ut
1479 1550 1582 1585 supra
1615 1539 1751 1572 dictum
1783 1547 1836 1572 est

277 1596 322 1640 (q.
338 1605 387 1640 57.
410 1599 473 1628 art.
495 1595 571 1639 4.),·
595 1604 681 1639 ergo
703 1593 850 1627 virtutes
873 1592 1028 1627 morales
1050 1604 1124 1626 non
1146 1601 1296 1639 possunt
1318 1604 1396 1627 esse
1418 1593 1493 1627 sine
1520 1591 1834 1627 intellectualibus.

348 1647 576 1682 Rizsponmzo
611 1647 815 1688 dicendum,
834 1647 930 1692 quod
952 1647 1061 1680 virtus
1083 1646 1231 1680 moralis
1258 1654 1373 1691 potest
1399 1646 1546 1692 quidem
1568 1657 1646 1680 esse
1672 1645 1748 1680 sine
1763 1645 1837 1692 qui-

277 1701 429 1735 busdam
450 1700 751 1734 intellectualibus
772 1700 972 1741 virtutibus,
991 1701 1082 1733 sicut
1103 1699 1179 1733 sine
1201 1700 1385 1746 sapientia,
1407 1700 1568 1741 scientia,
1590 1708 1626 1734 et
1646 1707 1740 1741 arte;
1761 1710 1836 1734 non

278 1763 398 1789 autem
420 1762 538 1800 potest
559 1765 635 1788 esse
655 1755 729 1787 sine
751 1753 948 1795 intellectu,
976 1761 1010 1787 et
1036 1752 1233 1798 prudentia.
1262 1753 1348 1787 Sine
1370 1753 1558 1799 prudentia
1584 1753 1731 1799 quidem
1758 1764 1836 1787 esse

278 1820 351 1842 non
378 1815 496 1853 potest
517 1807 665 1841 moralis
694 1807 824 1848 virtus;
852 1807 934 1852 quia
961 1805 1108 1840 moralis
1135 1806 1246 1840 virtus
1272 1815 1325 1841 est
1346 1807 1474 1842 habitus
1495 1807 1657 1849 Λεαίνης,
1678 1806 1770 1842 idest
1790 1805 1838 1840 fa-

280 1862 376 1896 ciens
391 1861 526 1895 bonam
549 1860 776 1895 electionem.
796 1860 853 1894 Ad
872 1860 943 1894 hoc
963 1868 1084 1894 autem
1107 1859 1202 1905 quod
1221 1859 1350 1894 electio
1373 1860 1417 1894 sit
1437 1860 1544 1902 bona,
1571 1860 1634 1894 duo
1655 1860 1839 1906 requirun-

279 1923 352 1949 tur:
370 1917 498 1961 primo,
515 1922 552 1948 ut
573 1916 617 1948 sit
632 1914 748 1948 debita
772 1913 921 1948 intentio
942 1913 1036 1947 finis:
1058 1921 1092 1947 et
1109 1913 1179 1947 hoc
1202 1913 1240 1947 fit
1261 1924 1324 1959 per
1344 1913 1514 1948 virtutem
1532 1913 1723 1955 moralem,
1745 1924 1837 1960 quae

279 1970 352 2003 vim
375 1968 605 2014 appetitivam
630 1967 779 2001 inclinat
797 1967 840 2000 ad
854 1967 991 2000 bonum
1011 1966 1229 2000 conveniens
1243 1966 1384 2009 rationi,
1400 1967 1496 2013 quod
1512 1974 1566 2001 est
1584 1966 1663 2001 finis
1679 1967 1835 2002 debitus:

278 2022 427 2064 secundo,
456 2029 493 2055 ut
514 2022 626 2055 homo
650 2029 746 2055 recte
769 2021 921 2066 accipiat
943 2031 995 2062 ea,
1024 2031 1115 2066 quae
1142 2027 1223 2054 sunt
1245 2020 1287 2054 ad
1315 2019 1443 2054 finem:
1467 2029 1501 2054 et
1525 2021 1596 2055 hoc
1624 2032 1698 2055 non
1720 2027 1838 2067 potest

282 2087 372 2117 esse,
387 2075 454 2108 nisi
470 2087 533 2121 per
548 2074 725 2108 rationem
740 2082 837 2108 recte
853 2073 1117 2115 consiliantem,
1132 2074 1366 2119 judicantem,
1377 2082 1412 2108 et
1425 2074 1725 2120 praecipientem3
1741 2074 1838 2120 quod

281 2129 433 2175 pertinet
454 2129 496 2162 ad
519 2128 757 2173 prudentiam,
780 2136 814 2161 et
828 2127 871 2161 ad
886 2127 1033 2161 virtutes
1048 2126 1113 2161 sibi
1136 2137 1302 2169 annexas,
1321 2135 1360 2161 ut
1377 2138 1484 2174 supra
1498 2127 1634 2162 dictum
1653 2135 1706 2162 est
1727 2127 1775 2174 (q.
1787 2138 1836 2174 57.

282 2187 345 2217 art.
368 2193 400 2226 4.
419 2194 447 2228 5.
475 2187 503 2216 et
522 2182 570 2226 6.)
582 2194 594 2221 ‚·
620 2182 712 2215 unde
733 2181 844 2215 virtus
868 2180 1015 2215 moralis
1041 2180 1118 2215 sine
1140 2181 1325 2226 prudentia
1353 2192 1430 2215 esse
1457 2192 1531 2215 non
1552 2188 1679 2227 potest.
1707 2180 1751 2215 Et
1775 2192 1856 2227 per,

286 2246 511 2281 consequens
537 2246 603 2268 nec
626 2236 701 2268 sine
725 2234 924 2268 intellectu:
948 2245 1009 2280 per
1024 2233 1247 2268 intellectum
1263 2234 1358 2268 enim
1381 2242 1652 2280 cognoscuntur
1665 2233 1840 2280 principia

282 2288 490 2323 naturaliter
520 2296 617 2329 nota,
648 2296 720 2322 tam
756 2288 790 2321 in
818 2287 1060 2334 speculativis,
1082 2298 1190 2332 quam
1213 2287 1248 2321 in
1270 2288 1482 2334 operativis:
1506 2288 1599 2322 unde
1629 2287 1720 2322 sicut
1741 2296 1838 2323 recta

283 2344 371 2376 ratio
394 2342 428 2375 in
452 2341 690 2387 speculativis,
722 2341 935 2387 inquantum
965 2340 1127 2387 procedit
1154 2352 1196 2374 ex
1214 2341 1397 2387 principiis
1430 2340 1639 2375 naturaliter
1671 2341 1838 2387 cognitis,

283 2395 536 2442 praesupponit
562 2394 784 2428 intellectum
819 2395 1096 2441 principiorum3
1119 2395 1165 2429 ita
1197 2394 1306 2428 etiam
1328 2394 1526 2441 prudentia,
1560 2405 1651 2442 quae
1678 2403 1731 2430 est
1751 2399 1839 2430 recta

281 2450 368 2484 ratio
389 2449 572 2494 agiliilium.

354 2502 412 2536 An
435 2511 582 2536 Pitinum
606 2512 692 2545 ergo
720 2500 926 2543 dicendum,
949 2501 1044 2547 quod
1069 2500 1254 2535 inclinatio
1281 2509 1429 2536 naturae
1452 2501 1486 2536 in
1509 2501 1613 2536 rebus
1635 2501 1838 2536 carentibus

283 2557 420 2589 ratione
443 2563 495 2589 est
517 2555 649 2600 absque
673 2553 865 2587 electione:
891 2563 924 2588 et
947 2555 1027 2588 ideo
1050 2554 1129 2588 talis
1152 2554 1337 2589 inclinatio
1360 2566 1432 2589 non
1456 2555 1603 2602 requirit
1625 2567 1667 2590 ex
1685 2553 1839 2590 necessi-

283 2617 354 2643 tate
377 2609 572 2642 rationem:
597 2607 658 2641 sed
682 2607 866 2641 inclinatio
895 2608 1033 2642 virtutis
1056 2608 1202 2641 moralis
1231 2617 1283 2642 est
1305 2619 1388 2642 cum
1411 2608 1604 2643 electione:
1633 2616 1667 2643 et
1685 2609 1768 2643 ideo
1793 2606 1837 2642 ad

284 2674 387 2696 suani
404 2661 661 2707 perfectionem
678 2661 824 2703 indiget,
841 2662 936 2706 quod
953 2662 995 2695 sit
1012 2662 1100 2695 ratio
1117 2660 1271 2707 perfecta
1287 2673 1349 2708 per
1359 2662 1526 2696 virtutem
1545 2661 1839 2696 intellectualem.

357 2716 415 2749 Au
439 2725 643 2749 sucus-nest
666 2714 868 2754 dicendum,
892 2715 987 2760 quod
1011 2715 1043 2747 in
1066 2715 1226 2748 virtuoso
1245 2726 1317 2749 non
1337 2723 1478 2761 oportet
1500 2715 1596 2761 quod
1618 2715 1738 2761 vigeat
1755 2723 1838 2749 usus

286 2769 433 2803 rationis
456 2777 628 2814 quantum
649 2768 690 2801 ad
711 2767 846 2809 omnia,
869 2768 928 2801 sed
953 2768 1070 2801 solum
1086 2777 1259 2813 quantum
1283 2769 1325 2803 ad
1348 2780 1400 2810 ea,
1423 2779 1513 2814 quae
1530 2776 1610 2803 sunt
1629 2769 1768 2814 agenda
1789 2777 1839 2802 se·

287 2822 443 2856 cundum
462 2822 648 2855 virtutem:
669 2829 702 2855 et
724 2821 773 2854 sic
794 2832 876 2854 usus
896 2821 1041 2854 rationis
1056 2821 1151 2866 viget
1174 2822 1206 2855 in
1230 2822 1397 2856 omnibus
1412 2822 1596 2857 virtuosis:
1619 2821 1712 2856 unde
1731 2821 1836 2857 etiam

287 2876 346 2922 qui
362 2875 525 2910 videntur
547 2874 739 2921 simplice-5,
758 2886 801 2908 eo
821 2875 916 2920 quod
939 2883 1060 2908 carent
1083 2875 1263 2908 mundana
1283 2875 1422 2917 astutia,
1437 2883 1585 2922 possunt
1600 2886 1677 2910 esse
1692 2874 1827 2922 pruden
