1907 3182
273 200 358 242 240
675 199 896 236 QUAESTIO
931 201 1048 230 XXXI.
1081 200 1324 231 ARTICULUS
1357 200 1413 230 VI.

272 279 471 314 secundum
498 291 655 323 sensum,
681 281 750 315 nisi
775 282 914 316 ratione
945 281 1118 323 utilitatis,
1145 293 1219 316 non
1253 281 1476 316 delectantur
1506 281 1706 316 secundum
1736 281 1827 316 alios

271 344 407 375 sensus,
429 334 497 367 nisi
522 334 558 367 in
585 334 710 368 ordine
742 335 785 368 ad
813 335 995 369 sensibilia
1024 343 1159 369 tactus:
1190 346 1306 381 neque
1337 335 1434 369 enim
1462 335 1632 369 odoribus
1661 334 1827 381 leporum

272 397 378 420 canes
401 387 570 432 gaudent,
593 388 654 422 sed
682 388 878 422 cibatione:
902 399 1018 434 neque
1045 388 1102 422 leo
1129 399 1220 422 voce
1247 388 1362 430 bovis,
1388 388 1449 422 sed
1472 389 1696 423 comestione
1718 396 1757 422 ut
1778 388 1828 422 di-

271 439 362 473 citur
382 440 418 473 in
444 452 471 486 3.
495 441 610 475 Ethic.
636 442 719 487 (cap.
742 454 793 477 10.
816 443 876 475 cir.
894 442 1006 486 mad).
1027 441 1123 476 Cum
1141 441 1248 487 igitur
1267 441 1459 476 delectatio
1477 449 1593 476 tactus
1612 442 1656 476 sit
1670 441 1828 475 maxima

271 495 407 527 ratione
430 495 602 536 utilitatis,
622 495 812 529 delectatio
833 503 954 529 autem
972 495 1068 529 visus
1087 495 1226 529 ratione
1247 495 1475 541 cognitionis,
1490 496 1518 529 si
1541 496 1618 541 quis
1638 503 1827 541 utramque

271 557 482 593 comparare
503 547 600 589 velit,
623 548 780 582 inveniet
800 548 1012 594 simpliciter
1034 548 1314 582 delectationem
1341 556 1456 582 tactus
1479 560 1555 583 esse
1577 549 1754 594 majorem
1773 549 1830 582 de-

269 598 463 634 lectatione
481 601 590 642 visus,
609 602 809 635 secundum
824 601 920 647 quod
941 602 1103 635 consistit
1116 602 1208 635 intra
1222 601 1355 636 limites
1370 601 1545 636 sensibilis
1560 601 1826 636 delectationis:

269 653 352 699 quia
375 653 606 688 manifestum
629 663 691 697 est,
714 656 810 700 quod
833 655 879 696 id,
902 655 998 700 quod
1022 663 1074 689 est
1095 654 1270 697 naturale,
1292 655 1328 688 in
1350 666 1570 701 unoquoque
1591 663 1643 689 est
1660 655 1830 701 potentis—

269 707 419 740 simum:
435 707 646 753 hujusmodi
660 716 781 741 autem
797 707 1055 742 delectationes
1069 716 1185 742 tactus
1204 716 1296 750 sunt,
1309 708 1352 742 ad
1372 719 1459 754 quas
1474 709 1685 742 ordinantur
1699 719 1830 742 concu-

268 760 464 805 piscentiae
485 760 684 795 naturales:
700 761 792 795 sicut
811 761 891 803 cibi,
911 769 945 795 et
958 773 1123 803 venerea,
1140 769 1173 795 et
1186 762 1407 807 hujusmodi.
1425 761 1495 796 Sed
1514 762 1543 796 si
1557 761 1828 796 consideremus

270 813 528 848 delectationes
546 814 654 856 visus,
674 815 873 848 secundum
890 815 984 861 quod
1000 815 1096 848 visus
1111 815 1266 849 deservit
1279 814 1489 857 intellectui,
1505 815 1555 849 sic
1571 815 1828 849 delectationes

266 866 362 900 visus
378 875 479 901 erunt
497 867 668 913 potiores,
684 878 726 901 ea
744 868 883 902 ratione
903 878 972 913 qua
987 875 1021 902 et
1035 867 1280 913 intelligibiles
1297 867 1557 902 delectationes
1573 875 1655 902 sunt
1668 867 1828 913 potiores

268 919 504 954 sensibilibus.

340 974 399 1008 AD
426 985 574 1009 PRIMUM
597 986 683 1021 ergo
706 974 911 1017 dicendum,
934 975 1030 1021 quod
1053 975 1237 1021 gaudium,
1254 975 1346 1009 sicut
1360 986 1466 1022 supra
1481 975 1618 1010 dictum
1637 982 1689 1009 est
1709 973 1826 1020 (art.3.

268 1027 335 1073 lmj.
349 1029 408 1073 q.),
421 1027 599 1073 significat
614 1027 810 1062 animalem
826 1028 1123 1063 delectationem:
1141 1036 1175 1063 et
1188 1029 1278 1063 haec
1295 1029 1452 1063 maxime
1466 1029 1619 1075 pertinet
1636 1028 1680 1063 ad
1693 1028 1827 1062 visum:

267 1080 329 1114 sed
351 1080 541 1115 delectatio
564 1081 736 1116 naturalis
758 1082 874 1128 magis
897 1082 1050 1128 pertinet
1071 1082 1115 1116 ad
1136 1090 1285 1116 tactum.

337 1134 397 1168 AD
409 1145 615 1169 SECUNDUM
626 1135 831 1177 dicendum,
844 1136 939 1181 quod
950 1136 1048 1169 visus
1060 1135 1216 1170 maxime
1232 1135 1391 1182 diligitur
1405 1143 1551 1182 propter
1567 1135 1827 1181 cognitionem,

268 1198 311 1221 eo
334 1188 429 1233 quod
452 1188 584 1223 multas
606 1200 725 1223 rerum
748 1188 967 1223 differentias
990 1189 1092 1223 nobis
1113 1189 1280 1231 ostendit,
1302 1197 1340 1223 ut
1360 1189 1492 1223 ibidem
1516 1189 1655 1223 dicitur.

336 1241 395 1276 AD
415 1252 586 1277 TERTIUM
608 1242 814 1284 dicendum,
837 1243 933 1289 quod
957 1242 1028 1277 alio
1051 1243 1163 1277 modo
1187 1243 1379 1277 delectatio
1396 1251 1449 1277 est
1471 1254 1580 1277 causa
1599 1242 1733 1277 amoris
1756 1253 1827 1276 car-

267 1294 368 1337 nalis,
392 1303 426 1330 et
448 1295 518 1330 alio
546 1296 658 1330 modo
684 1296 792 1330 visio:
824 1307 910 1330 nam
938 1296 1142 1338 delectatio,
1174 1304 1208 1331 et
1237 1298 1394 1331 maxime
1425 1308 1517 1343 quae
1547 1304 1600 1331 est
1628 1295 1827 1330 secundum

265 1356 414 1391 tactum,
426 1357 479 1383 est
493 1361 599 1384 causa
617 1350 795 1384 amicitiae
807 1350 1029 1384 delectabilis
1044 1362 1106 1396 per
1121 1350 1273 1384 modurn
1283 1349 1382 1385 finis:
1397 1350 1489 1384 visio
1505 1358 1626 1384 autem
1641 1357 1694 1383 est
1709 1360 1828 1390 causa,

266 1401 358 1436 sicut
379 1403 472 1437 unde
496 1411 548 1437 est
569 1403 784 1449 principium
807 1411 944 1446 motus3
967 1404 1181 1450 inquantum
1203 1415 1266 1450 per
1286 1404 1404 1438 visum
1427 1403 1590 1438 amabilis
1612 1402 1829 1449 imprimitur

266 1457 403 1501 species
430 1457 491 1499 rei,
519 1468 610 1503 quae
641 1456 752 1491 allicit
782 1457 825 1491 ad
854 1457 1063 1500 amandum,
1092 1465 1127 1491 et
1148 1458 1191 1491 ad
1215 1457 1544 1503 concupiscendam
1575 1457 1650 1502 ejus
1672 1455 1828 1490 delecta-

265 1516 415 1543 tionem.

799 1635 1145 1681 ARTICULUS
1177 1634 1278 1679 VII.
1764 1645 1828 1679 180

461 1742 615 1773 UTRUM
647 1743 814 1779 ALIQUA
841 1744 1126 1774 DELECTATIO
1157 1744 1224 1773 sn*
1251 1743 1345 1774 NON
1369 1742 1630 1774 NATURALIS.

336 1830 396 1864 AD
419 1840 610 1865 SEPTIMUM
633 1831 682 1865 sic
699 1832 913 1877 proceditur.
930 1831 1093 1874 Videtur,
1113 1831 1209 1878 quod
1222 1830 1321 1865 nulla
1337 1830 1528 1866 delectatio
1543 1831 1586 1866 sit
1599 1829 1826 1866 innaturalis:

265 1883 458 1918 delectatio
482 1884 578 1918 enim
593 1885 629 1918 in
651 1884 837 1919 affectibus
852 1886 995 1920 animae
1010 1885 1305 1932 proportionatur
1325 1885 1436 1932 quieti
1457 1885 1494 1918 in
1516 1884 1745 1931 corporibus:
1765 1883 1827 1918 sed

267 1937 442 1984 appetitus
465 1938 626 1984 corporis
649 1938 820 1973 naturalis
842 1950 916 1973 non
938 1939 1089 1985 quiescit
1110 1939 1178 1973 nisi
1208 1939 1242 1973 in
1265 1938 1350 1973 loco
1378 1937 1623 1981 connaturali;
1646 1948 1733 1983 ergo
1760 1948 1826 1972 nec

267 1991 366 2037 quies
390 1992 563 2038 appetitus
587 1992 765 2035 animalis,
787 2004 878 2039 quae
902 2000 952 2027 est
976 1993 1180 2035 delectatio,
1203 2000 1322 2039 potest
1343 2003 1420 2027 esse
1442 1992 1511 2026 nisi
1536 1993 1571 2026 in
1599 1991 1719 2038 aliquo
1747 2002 1829 2025 con-

265 2044 436 2087 naturali,
458 2045 556 2079 nulla
580 2057 666 2091 ergo
690 2046 880 2080 delectatio
901 2054 953 2081 est
975 2057 1048 2080 non
1074 2046 1258 2081 naturalis.
1293 2059 1299 2065 ·

338 2109 368 2132 2.
392 2099 627 2133 PRAETEREA.
651 2099 753 2142 Illud,
777 2100 873 2146 quod
901 2108 953 2134 est
981 2108 1105 2134 contra
1127 2108 1304 2142 naturam,
1327 2107 1381 2134 est
1400 2098 1620 2134 violentum:
1647 2098 1709 2133 sed
1736 2110 1829 2134 omne

265 2152 446 2187 violentum
475 2158 519 2187 est
544 2155 750 2196 conlristcms,
779 2161 816 2187 ut
843 2154 971 2187 dicitur
998 2154 1033 2188 in
1060 2164 1087 2199 5.
1104 2154 1188 2188 Met.
1217 2155 1293 2198 (tax.
1317 2153 1366 2199 6.)
1378 2165 1390 2194 ‚·
1414 2164 1501 2199 ergo
1523 2151 1624 2196 nihil,
1652 2152 1749 2198 quod
1775 2160 1828 2187 est

268 2214 393 2241 contra
415 2214 592 2249 naturam,
615 2214 666 2241 est
690 2207 912 2241 delectabile.

341 2272 369 2306 3.
392 2260 628 2295 PRAETEm-m.
653 2260 834 2295 Constitui
862 2262 896 2294 in
919 2261 1099 2307 propriam
1122 2269 1300 2303 naturam,
1328 2272 1411 2294 cum
1438 2261 1598 2302 sentitur,
1625 2267 1748 2294 causat
1773 2260 1830 2294 de-

265 2313 509 2355 lectationem,
532 2321 570 2347 ut
591 2321 686 2360 patet
708 2314 743 2347 in
767 2314 976 2349 definitione
998 2314 1135 2349 Philos.
1167 2325 1272 2361 supra
1294 2314 1410 2360 posita
1438 2314 1518 2359 (art.
1534 2326 1560 2348 I.
1583 2314 1652 2360 huj.
1674 2314 1742 2359 q.):
1764 2313 1827 2348 sed

267 2369 435 2401 constitui
458 2367 491 2401 in
515 2376 679 2401 naturam
704 2368 895 2413 unicuique
919 2376 970 2402 est
993 2367 1174 2410 naturale3
1198 2368 1279 2414 quia
1295 2376 1414 2401 motus
1431 2366 1603 2402 naturalis
1618 2375 1681 2410 est,
1697 2368 1756 2413 qui
1776 2374 1828 2401 est

267 2422 309 2455 ad
332 2422 525 2455 terminum
549 2421 769 2463 naturalcm;
793 2433 879 2467 ergo
903 2422 1022 2456 omnis
1044 2422 1234 2456 delectatio
1258 2429 1310 2456 est
1331 2420 1513 2455 naturalis.

338 2475 412 2510 SED
436 2485 590 2510 CONTRA
611 2483 674 2517 est,
696 2476 793 2521 quod
816 2475 951 2509 Pliilos.
972 2476 1057 2509 dicit
1078 2476 1112 2509 in
1137 2486 1167 2520 7.
1191 2475 1270 2509 Eth.
1294 2475 1382 2522 (cap.
1399 2486 1447 2510 12.
1475 2480 1505 2510 ct
1525 2474 1586 2518 ul.)
1611 2473 1706 2521 quod
1722 2485 1828 2520 quae-

266 2530 349 2564 dam
373 2529 632 2564 delectationes
656 2537 739 2563 sunt
758 2529 1046 2575 aegritudinales‚
1067 2537 1100 2563 et
1123 2536 1248 2563 contra
1272 2537 1450 2562 naturam.

336 2583 566 2618 RESPONDEO
595 2583 798 2625 dicendum,
827 2583 922 2629 quod
945 2583 1096 2618 naturale
1123 2583 1259 2623 dicitur,
1287 2582 1372 2628 quod
1393 2587 1436 2617 cst
1461 2581 1635 2617 scrinulum
1658 2586 1827 2624 naturam,

265 2645 302 2671 ut
325 2637 453 2671 dicitur
476 2637 510 2670 in
535 2647 565 2671 2.
589 2636 731 2683 Pliysic.
757 2635 834 2680 (tex.
858 2648 889 2680 4.
906 2637 1010 2682 ⁶¹5·)·'
1033 2645 1159 2671 natura
1176 2645 1297 2671 autem
1321 2637 1355 2670 in
1369 2636 1521 2670 homine
1540 2635 1712 2682 dupliciter
1732 2635 1828 2670 sumi

266 2698 402 2737 potest:
427 2703 489 2725 imo
514 2690 620 2733 modo,
638 2698 742 2736 prout
764 2690 977 2732 intellectus,
993 2698 1026 2724 et
1049 2692 1138 2724 ratio
1162 2698 1214 2724 est
1236 2690 1485 2736 potentissima
1507 2689 1667 2723 hominis
1682 2697 1827 2731 natura;

265 2745 346 2790 quia
371 2745 569 2779 secundum
593 2755 672 2778 cam
688 2744 802 2777 homo
818 2744 851 2777 in
875 2744 993 2790 specie
1010 2744 1256 2778 constituitur:
1279 2751 1313 2777 et
1335 2743 1534 2778 secundum
1554 2742 1624 2777 hoc
1647 2742 1826 2777 naturales

266 2798 524 2832 delectationes
547 2798 738 2831 hominum
762 2798 830 2831 dici
855 2806 1014 2842 possunt,
1039 2809 1129 2843 quae
1145 2797 1274 2831 suntin
1299 2808 1354 2838 eo,
1377 2796 1472 2843 quod
1497 2797 1665 2831 convenit
1685 2795 1827 2830 homini

265 2853 463 2886 secundum
487 2852 681 2886 rationem:
705 2851 794 2885 sicut
811 2851 979 2886 delectari
996 2851 1030 2884 in
1055 2850 1361 2897 contemplatione
1387 2850 1557 2892 veritatis,
1579 2857 1612 2884 et
1635 2850 1669 2883 in
1690 2849 1826 2884 actibus

264 2905 435 2940 virtutum
459 2913 511 2940 est
533 2904 694 2940 naturale
716 2905 875 2939 homini:
899 2905 964 2939 alio
993 2904 1086 2939 modo
1113 2912 1230 2951 potest
1252 2904 1344 2939 sumi
1372 2911 1498 2938 natura
1525 2903 1560 2937 in
1587 2903 1750 2945 homine,
1777 2913 1828 2937 se-
