1907 3198
502 203 724 240 QUAESTIO
757 202 907 233 xcv111.
942 201 1187 233 Ani-teucos
1220 201 1248 231 1.
1579 191 1662 246 697

95 293 132 322 et
150 284 350 333 Apostolus
370 284 505 320 ibidem
527 285 632 320 dicit:
658 285 837 321 Occasione
857 289 988 332 accepta
1016 289 1192 332 peccatum
1218 289 1281 330 per
1310 282 1508 318 mandatum
1535 282 1664 317 seduxit

94 351 158 383 me,
176 343 206 375 et
218 344 282 387 per
298 338 381 374 illud
401 338 530 381 occidit,
561 350 603 374 ex
625 338 693 373 hac
716 339 826 373 etiam
856 338 994 372 ratione
1025 337 1167 379 dicitur,
1193 336 1290 383 quod
1314 336 1364 370 tex
1384 337 1601 378 subintravit,
1629 341 1665 371 ut

94 391 278 428 abundaret
297 391 473 428 delictum:
495 400 534 427 ut
554 392 590 439 ly
611 397 647 427 ut
668 400 831 426 teneatur
853 391 1098 433 consecutive,
1119 401 1193 425 non
1216 390 1427 432 causaliter;
1450 389 1663 436 inquantum

93 445 233 483 scilicet
252 445 422 482 homines
443 446 662 493 accipientes
683 447 917 481 occasionem
933 457 952 480 a
967 445 1047 492 lege
1067 444 1305 480 abundantius
1319 451 1579 490 peccaverunt:
1595 448 1662 478 tum

94 499 179 548 quia
199 499 345 546 gravius
362 498 429 534 fuit
449 507 639 547 peccatum
661 507 744 546 post
764 498 855 546 legis
877 499 1181 546 prohibitionem:
1205 503 1273 533 tum
1296 498 1406 532 etiarn
1429 497 1513 544 quia
1535 508 1666 532 concu-

94 553 269 602 piscentia
290 552 420 588 crevit:
443 553 560 599 magis
581 553 678 588 enim
701 545 1010 599 concupiscimus,
1030 552 1128 599 quod
1150 551 1255 587 nobis
1276 551 1498 598 prohibetur.

165 606 227 642 An
247 615 420 642 τεκτιυκ
442 606 650 649 dicendum,
671 606 769 653 quod
791 607 917 652 jugum
939 605 1030 652 legis
1052 606 1187 641 servari
1205 616 1279 640 non
1299 612 1441 652 poterat
1458 605 1535 640 sine
1551 605 1666 651 gratia

7 624 28 662 ,ι
0 0 37 611 zamora-ennam:-

95 658 299 708 adjuvante‚
319 670 430 707 quam
451 658 508 695 lex
529 670 604 694 non
625 659 751 695 dabat:
772 659 903 695 dicitur
924 660 1022 694 enim
1045 659 1153 695 Rom.
1167 670 1220 706 9.:
1243 659 1322 694 Non
1335 664 1377 694 est
1396 659 1546 702 volentis,
1566 670 1667 705 neque

94 715 267 757 amentis,
288 712 427 750 scilicet
451 712 557 756 velle,
576 722 611 748 et
632 724 775 748 currere
796 713 833 748 in
856 713 1056 760 praeceptis
1076 712 1158 755 Dei,
1179 712 1232 749 sed
1250 714 1432 749 miserentis
1457 713 1544 748 Dei:
1572 713 1666 747 unde

95 767 132 803 in
151 765 211 803 Ps.
237 766 313 802 118.
334 765 480 802 dicitur:
509 767 607 802 Viam
632 766 867 802 mandatorum
890 771 1022 802 tuorum
1041 768 1190 809 cucurri,
1209 778 1284 802 cum
1305 765 1452 802 dilatasti
1469 777 1528 802 cor
1545 777 1665 807 meum,

94 819 234 857 scilicet
252 830 318 868 per
341 820 482 856 donum
503 820 652 868 gratiae,
679 828 714 856 et
735 820 931 856 charitatis.

664 954 1014 1001 ARTICULUS
1042 955 1098 999 II.
1602 977 1666 1013 519

459 1057 613 1089 UTRUM
646 1058 730 1088 LEX
761 1057 904 1088 VETUS
937 1058 1095 1088 FUERIT
1128 1058 1155 1087 Α
1188 1058 1293 1097 DEC-

221 1151 329 1200 (Insr.
350 1163 382 1200 q.
403 1152 480 1189 106.
502 1157 566 1188 art.
588 1163 619 1188 2.
638 1152 681 1187 ad
698 1164 726 1199 3.
744 1157 773 1187 et
789 1157 854 1188 art.
875 1164 909 1197 4.
931 1152 974 1187 ad
997 1164 1024 1199 3.
1046 1157 1075 1188 et
1095 1164 1126 1199 q.
1146 1163 1218 1199 107.
1237 1157 1303 1187 art.
1323 1164 1349 1187 r.
1371 1157 1461 1198 corp.
1478 1151 1536 1195 sin.

584 1211 614 1242 et
626 1211 717 1253 part.
735 1218 763 1253 3.
783 1218 813 1253 q.
835 1217 890 1251 42.
913 1211 977 1242 art.
996 1217 1029 1251 4.
1048 1206 1091 1241 ad
1108 1206 1170 1252 2.).

0 1282 20 1340 f
165 1301 228 1338 AD
247 1310 457 1338 sEcuuDun
476 1301 528 1337 sic
555 1301 773 1349 proceditur.
795 1300 958 1344 Videtur,
979 1301 1077 1348 quod
1100 1300 1157 1336 lex
1177 1309 1281 1336 vetus
1299 1310 1373 1335 non
1395 1299 1501 1334 fuerit
1522 1310 1541 1334 a
1563 1299 1668 1336 Deo:

1 1370 8 1382 ·
94 1354 225 1391 dicitur
237 1354 336 1391 enim
348 1354 497 1391 Deuter.
522 1364 587 1402 32.:
609 1355 677 1390 Dei
692 1355 841 1402 perfecta
855 1360 929 1390 sunt
942 1361 1066 1402 opera.-
1080 1355 1143 1390 sed
1157 1353 1215 1390 lex
1233 1362 1336 1389 vetus
1357 1353 1422 1388 fuit
1441 1352 1665 1400 imperfecta,

94 1416 134 1445 ut
153 1419 259 1457 supra
273 1409 412 1445 dictum
433 1417 488 1444 est
499 1409 584 1456 (art.
597 1414 710 1457 praec.
732 1414 761 1444 et
774 1421 804 1456 q.
820 1420 871 1455 91.
886 1414 952 1444 art.
962 1409 1008 1456 5.)
1014 1421 1027 1450 ;
1055 1419 1145 1455 ergo
1166 1408 1223 1443 lex
1244 1416 1346 1443 vetus
1368 1406 1524 1442 nonfuit
1538 1418 1558 1441 a
1572 1407 1666 1442 Deo.

4 1485 7 1491 ·
165 1471 199 1498 2.
219 1461 456 1498 PRAETEREA.
483 1461 603 1498 Eccle.
629 1473 658 1510 3.
681 1462 826 1497 dicitur:
855 1462 984 1506 Didici,
1007 1461 1093 1509 quod
1110 1463 1223 1497 omnia
1245 1468 1347 1509 opera
1365 1473 1448 1508 quae
1461 1461 1546 1508 jecit
1564 1461 1665 1502 Deus,

6 1540 26 1562 f,
88 1520 298 1564 perseverent
317 1517 354 1551 in
374 1521 563 1553 aeternum:
585 1515 647 1551 sed
665 1515 723 1551 lex
740 1523 844 1551 vetus
861 1527 936 1550 non
958 1523 1164 1562 perseverat
1182 1515 1217 1550 in
1236 1523 1441 1550 aeternum:
1464 1514 1550 1550 dicit
1568 1514 1666 1550 enim

7 1565 33 1639 ἐ
93 1568 294 1618 Apostolus
320 1569 365 1605 ad
386 1569 477 1605 Heb.
505 1580 556 1616 7.:
579 1571 778 1617 Reprobatio
793 1570 835 1616 fit
859 1569 990 1617 quidem
1010 1569 1234 1616 praecedentis
1255 1569 1405 1604 mcmdati
1416 1573 1556 1616 propter
1574 1569 1666 1615 infir-

93 1624 242 1660 mitatem
267 1625 349 1671 ejus,
370 1628 399 1659 et
413 1623 621 1659 inutilitatem
632 1636 645 1666 ;
669 1635 757 1670 ergo
779 1623 836 1658 lex
857 1631 959 1659 vetus
980 1634 1055 1658 non
1076 1622 1143 1658 fuit
1164 1635 1184 1658 a
1205 1623 1298 1658 Deo.

7 1642 43 1715 ἔ
167 1688 197 1725 3.
209 1677 447 1713 PRAETEREA.
459 1677 517 1712 Ad
531 1677 732 1724 sapientem
747 1677 995 1724 legislatorem
1011 1677 1165 1724 pertinet
1178 1688 1252 1712 non
1267 1675 1387 1711 solum
1403 1675 1500 1710 mala
1515 1675 1666 1719 auferre,

18 1726 37 1772 ⁸,
93 1730 156 1768 sed
177 1730 288 1766 etiam
309 1731 523 1766 occasiones
545 1730 744 1766 malorum:
768 1731 830 1766 sed
852 1739 954 1766 vetus
976 1730 1035 1766 lex
1060 1729 1127 1765 fuit
1148 1731 1296 1765 occasio
1327 1730 1479 1777 peccati,
1502 1739 1540 1765 ut
1560 1741 1666 1778 supra

93 1784 231 1822 dictum
252 1794 306 1822 est
327 1785 411 1832 (art.
434 1784 566 1834 praec.)
578 1798 590 1828 ,·
614 1797 703 1832 ergo
725 1785 770 1821 ad
792 1785 926 1828 Deum,
948 1786 1002 1821 sui
1023 1786 1131 1821 nullus
1151 1791 1194 1821 cst
1213 1785 1331 1820 similis
1360 1786 1393 1819 ιή
1415 1785 1665 1831 legislatoribus,

94 1847 133 1875 ut
151 1839 282 1875 dicitur
297 1839 365 1886 Job
390 1837 457 1887 36„
477 1850 552 1875 non
574 1839 776 1887 pertinebat
797 1839 919 1885 legem
941 1838 1051 1874 talem
1078 1839 1175 1874 dare.

163 1903 198 1938 4.
219 1892 458 1929 Puerum.
486 1904 513 1928 1.
536 1893 580 1928 ad
604 1892 702 1928 Tim.
725 1903 756 1928 2.
784 1893 925 1935 dicitur,
947 1893 1044 1940 quod
1068 1893 1159 1928 Deus
1177 1893 1248 1927 vult
1267 1904 1375 1927 omnes
1397 1892 1542 1927 homines
1558 1892 1666 1927 salvos

85 1946 188 1996 fieri:
207 1946 272 1983 sed
286 1946 344 1982 lex
364 1954 468 1983 vetus
489 1958 564 1982 non
586 1945 786 1982 sufficiebat
808 1946 851 1981 ad
874 1946 1027 1982 salutern
1050 1946 1256 1989 hominum,
1277 1954 1314 1981 ut
1329 1957 1435 1993 supra
1457 1946 1595 1980 dictum
1614 1953 1667 1980 est

95 1999 177 2047 (art.
187 2001 343 2049 praec.),·
363 2011 451 2048 ergo
466 2000 510 2036 ad
524 2000 647 2036 Deum
667 2012 743 2036 non
762 2000 962 2048 pertinebat
982 1999 1093 2036 talem
1112 1999 1233 2047 legem
1255 2000 1358 2042 dare;
1382 1999 1437 2034 lex
1459 2011 1548 2046 ergo
1563 2008 1666 2034 vetus

43 2096 45 2106 Ι
93 2064 168 2090 non
189 2062 244 2090 est
263 2065 283 2090 a
303 2054 398 2090 Deo.

165 2107 242 2144 SED
268 2117 424 2144 coum
445 2116 510 2151 est,
532 2107 629 2155 quod
651 2107 835 2143 Dominus
855 2107 942 2142 dicit
963 2107 1091 2142 Matth.
1115 2117 1166 2152 15.
1189 2106 1342 2154 loquens
1360 2106 1517 2152 Judaeis,
1536 2106 1665 2153 quibus

93 2168 171 2198 erat
186 2160 245 2198 lex
265 2169 368 2197 vetus
393 2161 494 2198 data:
515 2161 659 2197 Irritum
682 2162 809 2208 jecistis
830 2161 1025 2196 mandatum
1048 2162 1115 2196 Dei
1136 2166 1279 2208 propter
1305 2160 1494 2195 traditiones
1518 2166 1663 2195 vestras.-

95 2222 131 2252 et
154 2213 264 2264 paulo
290 2221 373 2251 ante
393 2215 651 2263 praemittitur:
675 2215 818 2250 Honora
839 2220 971 2262 patrem
991 2220 1098 2258 tuum,
1120 2220 1148 2250 et
1170 2220 1311 2250 matrem
1331 2220 1420 2249 tuam
1432 2226 1444 2255 ,·
1472 2214 1569 2260 quod
1593 2224 1665 2248 ma-

92 2266 221 2305 nifeste
241 2268 278 2304 in
298 2267 379 2316 lege
404 2268 518 2304 veteri
535 2268 760 2311 continetur3
782 2279 871 2314 ergo
893 2267 950 2303 lex
972 2275 1074 2303 vetus
1095 2276 1149 2303 est
1171 2279 1190 2302 a
1212 2269 1305 2303 Deo.

165 2321 396 2359 Responneo
422 2321 630 2365 dicendum,
648 2322 749 2369 quod
775 2321 832 2357 lex
855 2330 957 2357 vetus
972 2333 991 2356 a
1005 2321 1104 2357 bono
1126 2322 1208 2357 Deo
1230 2321 1312 2356 data
1328 2331 1392 2364 est,
1415 2321 1474 2368 qui
1497 2329 1550 2356 est
1564 2329 1664 2368 pater

93 2374 246 2412 Domini
270 2375 385 2412 nostri
404 2375 488 2422 Jesu
511 2375 668 2418 Christi;
689 2375 744 2410 lex
768 2375 865 2410 enirn
887 2383 989 2411 vetus
1011 2375 1181 2410 homines
1203 2375 1391 2410 ordinabat
1414 2375 1456 2409 ad
1474 2374 1662 2409 Christum

92 2428 279 2479 dupliciter.
299 2430 373 2466 Uno
390 2429 538 2477 quidem
553 2429 648 2465 modo
663 2429 915 2464 testimonium
938 2429 1086 2465 Christo
1109 2429 1354 2477 perhibe-mim
1378 2429 1471 2463 unde
1487 2429 1562 2475 ipse
1577 2428 1664 2463 dicit

94 2481 182 2519 Luc.
204 2482 288 2519 ult.:
309 2483 448 2532 Oportet
474 2483 608 2531 impleri
629 2484 755 2526 omnia,
777 2495 859 2530 quat·
879 2484 1003 2530 scripta
1029 2489 1104 2518 sunt
1132 2484 1164 2517 in
1191 2483 1268 2528 lege,
1290 2488 1318 2518 ct
1346 2484 1377 2517 in
1406 2482 1557 2524 Psalmis,
1580 2487 1608 2516 ct
1629 2483 1662 2516 in

93 2533 266 2585 Prophetis
287 2536 324 2573 de
343 2549 416 2573 me:
437 2545 473 2573 et
485 2537 590 2583 Joan.
610 2548 658 2583 5.:
681 2538 716 2573 Si
734 2537 903 2573 crederetis·
919 2537 1039 2584 Moysi,
1055 2537 1223 2573 crederetis
1230 2539 1376 2584 jors-itan
1391 2543 1419 2572 rt
1439 2538 1520 2571 mihi
1532 2550 1541 2571 .·
1564 2537 1600 2571 d<
1616 2549 1664 2572 mc

91 2590 182 2626 enim
199 2589 253 2626 ille
272 2591 415 2639 scripsit.
430 2590 509 2627 Alio
524 2590 620 2625 inodo
636 2603 698 2638 per
713 2590 863 2625 modum
887 2591 1075 2636 cujusdam
1099 2591 1357 2638 dispositionis,
1376 2591 1461 2625 duni
1479 2591 1664 2625 retrahens

91 2641 262 2680 homines
283 2655 304 2679 a
324 2643 424 2680 cultu
445 2644 687 2686 idololatriae,
718 2644 960 2679 concludebat
986 2656 1050 2680 eos
1080 2646 1144 2679 sub
1175 2645 1272 2679 cultu
1302 2645 1405 2679 unius
1436 2644 1516 2685 Dei,
1545 2655 1563 2678 a
1590 2655 1664 2690 quo

93 2694 308 2734 salvandum
337 2705 414 2733 erat
438 2697 641 2733 humanum
676 2709 791 2743 genus
817 2709 879 2744 per
906 2698 1115 2739 Christum;
1150 2699 1244 2733 unde
1282 2697 1480 2744 Apostolus
1507 2697 1593 2732 dicit
1620 2697 1662 2731 ad

94 2747 179 2786 Gal.
202 2760 250 2799 3.:
271 2750 472 2799 Priusquam
493 2752 622 2787 venirat
631 2750 726 2798 fides,
745 2753 801 2786 sub
823 2751 888 2797 lege
907 2752 1168 2787 custodirlnmtm
1190 2752 1490 2796 (sustodiciuintur)
1519 2751 1665 2786 conclusi

93 2802 130 2839 in
148 2814 223 2840 eam
240 2803 349 2849 fidon,
371 2815 454 2852 quae
483 2804 660 2840 rechamia
690 2810 782 2839 crat:
813 2805 1043 2840 manifestum
1067 2814 1119 2841 est
1142 2815 1276 2847 autem,
1298 2805 1394 2852 quod
1426 2806 1587 2851 ejusdem
1611 2814 1664 2840 cst

95 2854 287 2905 disponere
313 2857 358 2893 ad
385 2857 508 2901 finem,
533 2866 569 2894 et
595 2858 638 2893 ad
661 2857 770 2893 finem
793 2858 1011 2905 perducere:
1034 2867 1068 2894 et
1089 2859 1171 2893 dico
1193 2859 1334 2905 ejusdcm
1358 2870 1420 2905 per
1446 2870 1496 2900 se,
1517 2858 1574 2893 vel
1602 2870 1664 2905 per

95 2919 182 2947 suos
206 2908 380 2955 subditos,
400 2921 475 2947 non
496 2911 594 2947 enim
617 2911 782 2947 diabolus
808 2911 927 2959 legem
957 2909 1108 2955 tulisset,
1130 2924 1191 2959 per
1217 2924 1326 2959 quam
1359 2912 1527 2948 homines
1557 2913 1664 2947 addu-
