1907 3198
509 183 733 220 QUAEsTm
767 182 869 213 Lvn.
903 181 1151 212 ARTICULUS
1183 181 1224 210 v.
1569 180 1652 223 397

71 267 136 304 sed
155 267 267 303 etiam
288 266 429 309 alieno;
460 277 549 313 ergo
571 277 646 301 non
667 274 722 301 est
741 264 990 300 necessarium
1012 263 1056 298 ad
1078 263 1171 298 bene
1200 261 1410 304 vivendum,
1444 261 1543 308 quod
1579 261 1655 308 ipse

70 322 188 358 homo
208 321 341 356 habeat
361 319 610 367 prudentiam;
633 320 695 355 sed
718 318 861 362 sufficit,
886 318 984 366 quod
1006 317 1226 365 prudentum
1248 315 1401 351 consilia
1422 323 1604 362 sequatur.

147 387 177 423 3.
204 375 443 411 PRAETEREA.
462 373 586 409 Virtus
604 373 861 408 intellectualis
879 381 944 415 est,
963 371 1165 407 secundum
1184 382 1295 417 quam
1314 370 1494 416 contingit
1511 380 1654 416 semper

72 429 192 465 dicere
212 440 353 472 verum,
375 436 411 463 et
431 440 633 475 numquam
648 427 799 462 falsum:
814 427 877 462 sed
891 427 963 461 hoc
978 437 1053 461 non
1067 425 1209 460 videtur
1225 425 1437 471 contingere
1451 424 1654 459 secundum

71 483 322 532 prudentiam:
343 493 420 517 non
441 482 537 517 enim
562 491 615 516 est
636 481 852 523 humanum,
874 480 972 528 quod
994 481 1030 514 in
1053 479 1282 514 consiliando
1304 479 1348 513 de
1371 478 1522 525 agendis
1548 488 1655 512 num-

73 548 184 586 quam
204 545 353 580 erretur,
375 547 461 571 cum
481 536 644 570 humana
667 536 815 581 agibilia
837 535 908 570 sint
929 534 1177 581 contingentia
1200 533 1303 568 aliter
1324 544 1361 567 se
1383 532 1538 574 habere;
1560 530 1656 565 unde

73 591 204 627 dicitur
225 590 310 638 Sap.
331 601 382 638 9.:
407 589 629 636 Cogitationes
651 590 845 624 mortalium
868 589 1016 631 timidae,
1039 593 1067 623 et
1088 589 1232 622 incertae
1249 586 1486 634 providentiae
1501 591 1656 624 nostram

73 655 162 692 ergo
182 643 336 687 videtur,
358 644 456 691 quod
478 644 668 691 prudentia
689 655 764 678 non
786 643 916 678 debeat
937 642 1024 690 poni
1045 641 1301 676 intellectualis
1322 641 1446 675 virtus.

145 698 222 734 SED
243 708 401 734 CONTRA
423 706 488 741 est,
511 698 608 745 quod
633 697 717 744 Sap.
740 697 772 732 8.
796 704 1083 732 connumeratur
1109 695 1187 730 aliis
1216 694 1408 729 virtutibus
1441 691 1656 729 necessariis

76 752 121 788 ad
141 752 256 787 vitam
276 752 493 794 humanam,
516 763 600 786 cum
628 751 758 786 dicitur
780 751 823 786 de
845 751 967 785 divina
990 750 1185 797 sapientia:
1214 749 1443 791 Sobrietatanb
1467 753 1497 783 et
1512 746 1656 794 pruden-

75 808 160 843 tiam
186 805 290 849 docet,
307 799 492 853 justitiam,
513 811 544 841 et
564 807 738 848 virtutem,
761 806 878 851 quibus
898 805 1013 840 utilius
1033 804 1118 839 nihil
1137 808 1181 839 est
1201 805 1236 838 in
1258 804 1319 838 hac
1340 804 1414 838 vita
1434 802 1633 837 hominibus.

145 860 380 897 Respoumso
406 860 616 902 dicendum,
638 859 735 906 quod
758 859 948 906 prudentia
971 866 1025 894 est
1045 858 1158 892 virtus
1188 859 1348 892 maxime
1381 855 1589 892 necessaria
1612 854 1656 888 ad

74 914 189 950 vitam
209 914 432 950 humanam:
451 913 544 948 bene
566 913 664 948 enirn
686 913 808 948 vivere
831 913 996 948 consistit
1017 912 1054 947 in
1074 912 1167 947 bene
1189 911 1351 959 operari:
1374 911 1419 946 ad
1440 911 1513 945 hoc
1536 918 1660 944 autem

75 968 174 1016 quod
195 967 326 1016 aliquis
346 969 439 1004 bene
461 976 643 1015 operetur,
664 979 740 1002 non
761 967 883 1002 solum
904 967 1098 1014 requiritur
1119 966 1204 1013 quid
1223 965 1344 1008 faciat,
1362 965 1426 1000 sed
1445 965 1555 1000 etiam
1574 973 1663 1010 quo-

75 1021 189 1058 modo
210 1021 336 1066 faciat3
357 1030 397 1057 ut
418 1021 559 1058 scilicet
580 1022 785 1057 secundum
805 1021 1026 1056 electionem
1039 1029 1178 1056 rectam
1193 1028 1375 1067 operetur,
1390 1030 1465 1054 non
1481 1017 1602 1053 solum
1617 1029 1661 1052 ex

74 1076 227 1124 impetu,
249 1085 311 1112 aut
331 1075 512 1124 passione.
535 1075 635 1112 Cum
657 1084 779 1110 autem
802 1075 933 1110 electio
955 1075 1001 1110 sit
1021 1086 1163 1117 eorum,
1185 1086 1278 1122 quae
1300 1082 1383 1110 sunt
1405 1073 1448 1108 ad
1467 1072 1591 1115 finem,
1609 1083 1662 1106 re-

76 1130 215 1166 ctitudo
237 1130 429 1166 electionis
449 1130 513 1165 duo
535 1129 695 1177 requirit,
717 1129 856 1164 scilicet
877 1129 1038 1164 debitum
1053 1130 1173 1176 finem,
1189 1137 1224 1164 et
1239 1128 1272 1163 id
1286 1128 1383 1175 quod
1399 1127 1661 1162 convenienter

75 1184 266 1220 ordinatur
286 1184 332 1219 ad
353 1183 516 1220 debitum
537 1183 667 1218 finem:
691 1183 735 1218 ad
758 1183 920 1218 debitum
943 1192 1066 1218 autem
1084 1184 1184 1229 finem
1205 1183 1321 1218 homo
1337 1181 1599 1218 convenienter
1613 1180 1663 1214 di-

76 1238 243 1286 sponitur
262 1249 327 1286 per
346 1237 530 1280 virtutem,
552 1249 644 1284 quae
666 1236 806 1284 perficit
827 1246 969 1284 partem
992 1237 1136 1272 animae
1171 1237 1419 1284 appetitivam,
1443 1236 1544 1281 cujus
1567 1234 1664 1280 obje-

78 1301 179 1327 ctum
201 1299 256 1327 est
274 1292 486 1335 bonum„et
505 1291 597 1326 finis.
620 1291 679 1326 Ad
702 1291 736 1325 id
756 1299 879 1326 autem
902 1291 1001 1338 quod
1023 1292 1284 1326 convenienter
1305 1291 1341 1325 in
1364 1290 1474 1325 finem
1497 1289 1661 1324 debitum

76 1346 276 1389 ordinatur,
298 1354 444 1394 oportet
463 1345 561 1393 quod
583 1345 699 1380 horno
722 1345 856 1380 directe
879 1345 1092 1392 disponatur
1113 1356 1176 1392 per
1197 1345 1363 1379 habitum
1385 1343 1548 1385 rationis,
1575 1342 1660 1389 quia

77 1399 274 1442 consiliari,
295 1408 331 1434 et
351 1399 498 1446 eligere,
520 1410 613 1446 quae
634 1407 719 1434 sunt
740 1410 870 1434 eorum
892 1411 984 1446 quae
1007 1407 1091 1434 sunt
1120 1399 1164 1434 ad
1199 1398 1323 1442 finem,
1358 1407 1442 1433 sunt
1475 1406 1577 1432 actus
1610 1407 1664 1431 ra-

75 1454 207 1498 tionis;
227 1461 265 1489 et
283 1453 367 1489 ideo
387 1464 539 1488 necesse
561 1461 615 1488 est
634 1453 672 1487 in
693 1453 834 1488 ratione
855 1464 934 1488 esse
964 1453 1125 1500 aliquam
1158 1455 1330 1488 virtutem
1363 1450 1662 1492 intellectualem,

76 1519 141 1557 per
161 1519 273 1555 quam
293 1507 500 1555 perficiatur
520 1507 613 1542 ratio
636 1506 681 1541 ad
702 1507 787 1550 hoc,
817 1508 915 1554 quod
938 1508 1201 1543 convenienter
1221 1519 1260 1542 se
1281 1507 1416 1542 habeat
1436 1506 1481 1541 ad
1504 1517 1546 1541 ea
1567 1516 1662 1553 quae

76 1570 162 1599 sunt
180 1561 226 1596 ad
246 1561 378 1597 finem:
400 1569 436 1596 et
455 1561 548 1596 haec
570 1562 683 1596 virtus
705 1569 759 1596 est
778 1561 987 1608 prudentia:
1011 1562 1107 1596 unde
1129 1561 1322 1608 prudentia
1341 1569 1395 1596 est
1411 1560 1525 1595 virtus
1541 1570 1665 1594 neces-

77 1616 172 1652 saria
193 1615 238 1650 ad
258 1615 352 1651 bene
371 1615 583 1650 vivendum.

70 1714 71 1718 Ἰ
150 1669 212 1705 AD
236 1679 390 1706 numm
410 1680 499 1717 ergo
521 1669 730 1712 dicendum,
754 1670 851 1716 quod
873 1670 1012 1705 bonum
1035 1670 1120 1705 artis
1157 1670 1407 1705 consideratur
1427 1680 1503 1704 non
1525 1670 1562 1704 in
1583 1668 1664 1715 ipso

79 1723 230 1766 artifice,
250 1723 314 1759 sed
335 1723 454 1770 magis
476 1723 513 1757 in
534 1724 614 1770 ipso
637 1722 841 1766 artificiato,
876 1735 963 1758 cum
989 1735 1046 1759 ars
1077 1724 1122 1759 sit
1143 1726 1232 1760 ratio
1255 1729 1343 1759 resia
1358 1724 1592 1771 sactibilium:
1614 1721 1664 1756 fa-

78 1777 152 1814 ctio
173 1777 274 1812 enim
293 1778 331 1812 in
356 1777 575 1812 exteriorem
596 1777 790 1812 materiam
811 1778 990 1812 transiens
1012 1789 1087 1812 non
1110 1786 1165 1813 est
1185 1777 1361 1824 perfectio
1390 1776 1570 1819 facientis,
1601 1775 1665 1811 sed

78 1830 185 1876 facti3
206 1831 301 1867 sicut
321 1837 427 1867 motus
447 1836 490 1867 est
515 1837 608 1867 actus
628 1832 772 1867 mobilis.
795 1832 866 1866 Ars
889 1840 1011 1867 autern
1035 1833 1132 1867 circa
1150 1831 1323 1867 factibilia
1343 1840 1413 1866 est:
1433 1831 1496 1866 sed
1514 1830 1667 1878 pruden-

22 1897 25 1905 ¹
78 1885 152 1922 tiae
171 1885 312 1921 bonum
334 1885 529 1921 attenditur
550 1885 587 1920 in
609 1885 688 1933 ipso
711 1894 854 1932 agente,
876 1887 979 1932 cujus
1006 1885 1182 1933 perfectio
1215 1894 1274 1921 est
1302 1886 1423 1933 ipsum
1457 1896 1579 1931 agere,
1613 1892 1667 1919 est

27 1975 29 1977 ,
54 1973 64 1995 7
79 1939 181 1976 enim
198 1939 390 1987 prudentia
402 1944 492 1975 recta
507 1941 594 1974 ratio
609 1939 800 1986 agibilium,
816 1947 855 1974 ut
868 1940 1007 1975 dictum
1021 1948 1076 1975 est
1092 1940 1174 1985 (art.
1186 1947 1298 1988 praec.
1314 1945 1342 1975 et
1356 1952 1428 1986 arg.
1444 1952 1471 1975 r.
1487 1940 1556 1985 huj.
1568 1940 1664 1983 art.),·

79 2001 118 2030 et
134 1993 220 2030 ideo
241 1993 286 2028 ad
307 2001 424 2028 artem
444 2004 521 2028 non
542 1993 746 2040 requiritur,
768 1994 866 2040 quod
888 1993 1015 2029 artifex
1031 1995 1122 2029 bene
1139 2003 1320 2042 operetur,
1335 1994 1398 2029 sed
1413 1993 1511 2041 quod
1525 1994 1665 2028 bonum

67 2058 176 2102 'opus
196 2046 324 2084 faciat:
346 2047 590 2096 requireretur
612 2055 735 2082 autem
757 2048 888 2093 magis,
910 2048 1008 2095 quod
1030 2048 1150 2095 ipsum
1173 2048 1406 2083 artificiatum
1426 2048 1519 2083 bene
1542 2058 1668 2095 opera-

59 2103 197 2147 J5retur3
217 2100 312 2138 sicut
331 2101 430 2150 quod
452 2101 620 2137 cultellus
641 2102 733 2136 bene
755 2102 943 2145 incideret,
964 2101 1023 2137 vel
1044 2113 1143 2138 serra
1164 2103 1256 2138 bene
1278 2110 1430 2144 secaret,
1464 2102 1494 2137 si
1521 2102 1666 2149 proprie

82 2151 218 2192 horum
238 2164 334 2192 esset
354 2168 474 2204 agere,
497 2165 535 2191 et
554 2167 628 2191 non
652 2157 770 2203 magis
798 2157 857 2202 agi
887 2158 971 2204 quia
992 2168 1067 2192 non
1088 2157 1225 2192 habent
1243 2157 1450 2192 dominium
1470 2157 1525 2191 sui
1544 2165 1666 2191 actus:

75 2212 95 2228 ‘¹
137 2209 222 2246 ideo
243 2222 301 2246 ars
321 2221 398 2246 non
418 2219 473 2246 est
492 2211 699 2246 necessaria
721 2211 764 2245 ad
787 2211 878 2246 bene
900 2211 1098 2246 vivendum
1120 2212 1188 2259 ipsi
1209 2211 1350 2254 artifici,
1380 2211 1444 2246 sed
1478 2210 1599 2246 solum
1622 2211 1667 2245 ad

82 2255 292 2300 faciendum
313 2265 433 2312 ipsum
454 2264 686 2300 artificiatum
708 2264 859 2307 bonum,
882 2273 917 2300 et
939 2265 983 2299 ad
1006 2266 1299 2300 conservandum
1318 2266 1457 2312 ipsum:
1477 2265 1668 2312 prudentia

31 2320 33 2324 “
79 2326 208 2364 ‚nutem
228 2326 284 2355 est
301 2319 509 2355 necessaria
529 2319 675 2354 homini
697 2319 741 2353 ad
763 2319 854 2354 bene
872 2319 1083 2363 vivendum,
1100 2331 1176 2355 non
1194 2319 1316 2356 solum
1336 2320 1381 2355 ad
1398 2319 1470 2354 hoc
1490 2319 1587 2366 quod
1607 2319 1669 2354 fiat

109 2383 214 2409 Onus.

87 2470 96 2480 Δ
157 2426 219 2464 AD
239 2437 450 2464 SECUNDUM
471 2426 680 2470 dicendum,
703 2428 802 2474 quod
824 2427 911 2463 dum
933 2428 1050 2464 homo
1077 2429 1217 2464 bonum
1245 2437 1415 2477 operatur
1440 2440 1515 2463 non
1542 2439 1668 2464 secun·

86 2498 101 2526 ,ι
123 2498 167 2512 ····
189 2481 377 2530 propriam
403 2481 598 2524 rationem,
624 2481 686 2516 sed
714 2490 836 2517 motus
863 2494 905 2517 ex
929 2483 1085 2518 consilio
1109 2483 1268 2525 alterius,
1278 2484 1441 2518 nondum
1454 2483 1667 2518 estomnino

82 2544 136 2586 'uf
166 2542 247 2571 ecta
267 2536 434 2583 operatio
463 2535 588 2583 ipsius,
617 2544 793 2582 quantum
825 2536 870 2571 ad
901 2538 1081 2572 rationem
1104 2537 1334 2584 dirigentem,
1356 2546 1392 2572 et
1418 2546 1596 2584 quantum
1623 2537 1667 2572 ad

96 2631 103 2635 ‚
122 2605 126 2617 ›
145 2607 151 2618 ·
168 2588 288 2625 titum
309 2597 543 2625 moventem:
565 2590 660 2624 unde
682 2589 711 2624 si
732 2589 871 2625 bonum
893 2599 1075 2638 operetur,
1097 2603 1172 2626 non
1191 2600 1315 2627 tamen
1334 2592 1548 2638 simpliciter
1564 2592 1669 2633 bene,

78 2658 130 2686 ,μ’
148 2642 189 2679 ·d
210 2651 266 2679 est
283 2642 377 2679 bene
397 2643 532 2679 vivere.

42 2717 47 2726 ·
87 2720 90 2726 ·
118 2723 126 2748 7
158 2696 222 2733 AD
243 2707 418 2734 'rt-:Ruunt
440 2697 650 2741 dicendum,
676 2697 774 2745 quod
795 2709 921 2734 verum
945 2698 1149 2735 intellectus
1177 2699 1326 2747 practici
1354 2699 1456 2734 aliter
1483 2700 1669 2748 accipitur,

87 2751 90 2754 ⁴
176 2768 195 2782 .-
222 2761 352 2786 verum
382 2750 587 2786 intellectus
617 2751 842 2798 speculativi,
870 2761 908 2788 ut
937 2753 1067 2788 dicitur
1099 2754 1135 2788 in
1167 2752 1199 2789 6.
1223 2753 1339 2788 Ethic.
1371 2754 1463 2801 (cap.
1487 2755 1559 2799 2.):
1582 2766 1668 2789 nam

192 2822 211 2835 ι·
239 2804 448 2842 inteuectus
464 2805 677 2853 speculativi
691 2806 866 2853 accipitur
886 2819 949 2855 per
965 2807 1261 2843 conformitatem
1285 2807 1490 2843 intellectus
1506 2809 1550 2843 ad
1569 2820 1668 2851 rem;

93 2866 96 2870 '
111 2880 128 2907 3,
147 2857 233 2906 quia
247 2859 456 2896 intellectus
468 2870 544 2895 non
558 2867 678 2907 potest
696 2859 930 2896 infallibiliter
951 2860 1177 2898 conformari
1190 2862 1227 2896 in
1242 2862 1348 2897 rebus
1364 2862 1671 2909 contingentibus,

108 2915 109 2918 ’
127 2930 149 2940 -·
178 2911 301 2950 solum
320 2914 358 2950 in
379 2914 607 2957 necessariis,
628 2914 712 2951 ideo
733 2914 854 2951 nullus
874 2916 1019 2952 habitus
1044 2903 1290 2964 speculativus
1312 2917 1602 2964 contingentium
1618 2925 1672 2954 est
