1875 3198
202 165 288 207 686
621 177 840 213 QUAESTIO
873 177 992 207 xevr.
1025 177 1272 207 ARTICULUS
1304 177 1362 208 1v.
1859 170 1863 211 ἑ

752 364 1099 409 ARTICULUS
1135 365 1212 408 iv.
1712 388 1772 422 511

369 472 527 502 UTRUM
548 472 632 502 LEX
658 472 845 503 HUMANA
867 473 1066 502 IMPONAT
1091 473 1254 502 HOMINI
1280 473 1615 504 NECESSITATEM

716 538 760 568 IN
782 538 900 568 FORO
925 538 1264 568 CONSCIENTIAE.

751 631 832 676 (2-2.
849 644 878 678 q.
898 633 955 667 60.
979 637 1042 666 art.
1060 644 1090 679 5.
1109 632 1152 666 ad
1173 632 1232 677 L).

275 734 336 768 AD
356 743 545 772 QUARTUM
560 733 610 766 sic
625 732 843 779 proceditur.
865 733 1030 775 Videtur,
1053 733 1151 779 quod
1172 732 1229 767 lex
1251 733 1414 767 humana
1434 744 1510 767 non
1530 732 1697 780 imponat
1715 732 1781 766 ho-

203 787 294 821 mini
306 787 562 821 necessitatem
576 786 612 820 in
626 786 706 820 foro
731 787 995 821 conscientiae:
1011 786 1160 820 inferior
1182 787 1282 821 enim
1303 794 1462 833 potestas
1484 798 1560 821 non
1578 793 1698 833 potest
1717 786 1782 819 im-

202 852 339 887 ponere
358 840 479 886 legem
494 840 530 873 in
552 840 688 885 judicio
708 841 904 886 superioris
925 841 1131 886 potestatis:
1152 840 1214 874 sed
1234 848 1394 886 potestas
1412 840 1586 882 humana,
1604 850 1696 886 quae
1714 838 1782 873 fert

202 895 324 940 legem
338 894 552 935 humanam,
569 901 621 927 est
642 893 736 927 infra
757 902 977 939 potestatem
998 894 1179 936 divinam3
1201 905 1290 940 ergo
1312 893 1371 928 lex
1391 894 1556 928 humana
1568 904 1645 927 non
1662 900 1782 939 potest

201 949 391 994 imponere
405 947 527 992 legem
542 955 718 993 quantum
734 947 778 980 ad
792 947 969 992 judicium
980 947 1155 989 divinum,
1166 947 1264 993 quod
1275 947 1513 993 estjudicium
1524 946 1780 981 conscientiae.

272 1012 303 1035 2.
326 1001 565 1035 PRAETEREA.
588 1001 773 1046 Judicium
795 1001 1042 1035 conscientiae
1068 1001 1229 1036 maxime
1256 1001 1435 1048 dependet
1460 1012 1504 1035 ex
1530 1001 1661 1035 divinis
1683 1011 1783 1034 man-

202 1055 311 1090 datis:
335 1055 397 1089 sed
420 1054 639 1100 quandoque
663 1054 784 1088 divina
808 1055 979 1088 mandata
995 1062 1218 1088 evacuantur
1235 1066 1299 1101 per
1320 1054 1420 1101 leges
1443 1055 1636 1096 humanas,
1659 1064 1783 1088 secun-

202 1109 289 1143 dum
310 1108 398 1141 illud
420 1108 548 1142 Matth.
573 1118 624 1152 15.
641 1121 648 1143 ;
670 1108 814 1142 Iri-itam
828 1109 955 1154 fecistis
973 1109 1171 1143 mandatum
1189 1109 1257 1143 Dei
1266 1114 1407 1156 propter
1421 1108 1616 1144 traditiones
1635 1113 1762 1143 vestras
1768 1119 1781 1148 ‚·

203 1174 290 1208 ergo
306 1162 365 1196 lex
378 1162 542 1195 humana
563 1173 638 1195 non
653 1161 810 1208 imponit
824 1162 969 1196 homini
983 1163 1240 1196 necessitatem
1255 1170 1432 1209 quantum
1447 1162 1491 1196 ad
1507 1162 1782 1197 conscientiam.

278 1227 306 1262 3.
329 1215 567 1250 PRAETEREA.
591 1215 709 1261 Leges
736 1216 921 1249 humanae
948 1215 1155 1262 frequenter
1180 1217 1352 1262 ingerunt
1378 1215 1614 1258 calumniam,
1636 1223 1672 1250 et
1695 1216 1784 1261 inju-

201 1269 294 1303 riam
316 1269 540 1310 hominibus,
563 1269 765 1303 secundum
779 1268 868 1303 illud
882 1269 950 1304 Isa.
971 1280 1043 1304 10.:
1066 1270 1143 1312 Vae,
1166 1271 1223 1316 qui
1243 1269 1387 1304 condunt
1407 1270 1487 1316 leges
1507 1271 1652 1316 iniquas,
1667 1274 1697 1304 et
1706 1270 1785 1303 scri-

203 1325 305 1358 bentes
333 1325 514 1369 injustitias
533 1324 748 1369 scripserunt,
777 1328 812 1358 ut
833 1325 1059 1370 opprimerent
1083 1325 1120 1357 in
1140 1323 1272 1370 judicio
1292 1329 1468 1370 pauperes,
1491 1328 1520 1358 et
1543 1325 1616 1358 vim
1629 1323 1785 1370 facerent

202 1389 319 1412 causae
345 1377 523 1411 lmmilimn
538 1377 659 1423 populi
681 1378 743 1410 mei
756 1389 765 1410 :
788 1377 850 1410 sed
873 1377 1013 1410 licitum
1042 1385 1096 1411 est
1121 1377 1317 1423 unicuique
1339 1377 1629 1423 oppressionem,
1651 1384 1687 1410 et
1711 1376 1786 1410 vio·

203 1431 353 1465 lentiam
385 1430 540 1472 evitare,
571 1441 659 1476 ergo
690 1429 789 1476 leges
820 1431 1004 1464 humanae
1031 1442 1106 1465 non
1134 1431 1329 1476 imponunt
1355 1430 1613 1465 necessitatem
1641 1429 1785 1464 homini

206 1493 385 1531 quantum
409 1484 452 1517 ad
477 1483 751 1518 conscientiam.

276 1538 351 1572 SED
375 1548 532 1572 CONTRA
551 1545 614 1579 est,
638 1537 735 1583 quod
758 1537 888 1571 dicitur
910 1549 937 1572 1.
961 1537 1037 1572 Pet.
1066 1548 1115 1572 2.:
1143 1537 1238 1573 Haec
1259 1543 1303 1572 est
1320 1539 1445 1584 gratia,
1467 1539 1495 1572 si
1513 1543 1656 1585 propter
1683 1537 1782 1583 (Dei)

203 1593 437 1627 conscientiam
458 1592 616 1626 sustineat
637 1592 708 1637 quis
730 1592 895 1634 tristitias,
913 1592 1044 1638 patiens
1062 1593 1194 1637 injuste.

274 1645 505 1680 RESPONDEO
533 1645 742 1686 dicendum,
765 1645 863 1690 quod
885 1644 986 1690 leges
1013 1645 1153 1691 positae
1172 1645 1385 1680 humanitus
1405 1645 1459 1680 vel
1479 1652 1564 1680 sunt
1583 1645 1710 1691 justae,
1732 1644 1786 1679 vel

201 1699 366 1745 injustae.
394 1699 430 1733 Si
457 1698 587 1744 quidem
605 1700 712 1743 justae
733 1700 810 1741 sint,
834 1699 955 1733 habent
975 1700 1046 1732 vim
1074 1698 1245 1745 obligandi
1263 1700 1299 1733 in
1319 1699 1394 1741 foro
1422 1700 1636 1734 conscientiae
1659 1709 1679 1732 a
1703 1697 1785 1744 lege

203 1762 361 1795 aeterna,
378 1764 396 1786 a
419 1764 489 1799 qua
512 1753 732 1794 derivantur,
756 1752 959 1787 secundum
980 1752 1070 1786 illud
1091 1752 1264 1786 Proverb.
1288 1752 1341 1786 8.:
1368 1753 1433 1788 Per
1453 1765 1505 1787 me
1525 1763 1612 1798 reges
1632 1756 1786 1798 regnant,

202 1813 230 1842 et
241 1808 346 1853 legum
362 1807 544 1841 conditores
554 1808 645 1852 justa
660 1806 850 1841 decernant.
866 1806 1047 1840 Dicuntur
1063 1816 1186 1841 autem
1199 1805 1299 1852 leges
1313 1807 1428 1852 justae
1445 1814 1480 1841 et
1493 1817 1536 1841 ex
1548 1807 1623 1849 fine,
1639 1805 1785 1852 quando

203 1861 342 1896 scilicet
368 1860 581 1894 ordinantur
603 1859 648 1894 ad
674 1860 814 1894 bonurn
841 1871 1056 1894 commune:
1081 1868 1116 1894 et
1142 1871 1185 1894 ex
1213 1867 1362 1895 auctore
1390 1860 1537 1906 quando
1564 1859 1704 1894 scilicet
1729 1858 1787 1894 lex

203 1915 276 1949 lata
297 1926 372 1948 non
395 1914 536 1948 excedit
562 1922 781 1959 potestatem
796 1913 963 1956 ferentis;
983 1923 1017 1948 et
1039 1925 1083 1948 ex
1101 1914 1232 1960 forma,
1256 1914 1402 1960 quando
1424 1913 1564 1948 scilicet
1583 1912 1787 1948 secundum
1834 1922 1839 1926 ·

203 1968 460 2015 aequalitatem
487 1967 734 2014 proportionis
764 1967 1004 2013 imponuntur
1033 1967 1184 2002 subditis
1211 1978 1325 2002 onera
1351 1967 1388 2002 in
1417 1967 1543 2002 ordine
1575 1967 1621 2002 ad
1646 1967 1786 2001 bonum

205 2033 422 2056 commune:
452 2033 536 2055 cum
559 2021 657 2055 enim
684 2032 776 2055 unus
803 2020 919 2055 homo
942 2021 987 2055 sit
1008 2032 1091 2067 pars
1119 2020 1373 2064 multitudinis,
1399 2020 1550 2067 quilibet
1569 2020 1686 2055 homo
1714 2020 1786 2054 hoc

202 2076 322 2122 ipsum
346 2075 443 2122 quod
463 2083 526 2117 est,
550 2083 584 2108 et
606 2075 704 2121 quod
725 2075 846 2116 habet,
870 2083 922 2109 est
938 2074 1198 2108 multitudinis:
1219 2074 1269 2109 sic
1286 2082 1321 2109 et
1338 2074 1521 2121 quaelibet
1538 2085 1620 2121 pars
1634 2074 1670 2108 id
1688 2073 1786 2120 quod
1842 2107 1849 2117 ,

204 2137 268 2171 est,
292 2137 345 2163 est
361 2129 492 2170 totius;
511 2128 606 2162 unde
626 2136 661 2162 et
681 2136 810 2162 natura
833 2127 980 2174 aliquod
1000 2128 1261 2162 detrimentum
1282 2127 1389 2162 infert
1414 2128 1519 2175 parti,
1541 2136 1580 2162 ut
1600 2126 1716 2162 salvet
1736 2135 1789 2162 to-
1844 2124 1848 2131 ’

202 2191 298 2217 tum:
322 2190 357 2216 et
383 2182 585 2216 secundum
612 2181 683 2215 hoc
711 2181 812 2227 leges
834 2181 1048 2226 hujusmodi
1071 2192 1183 2215 onera
1204 2181 1565 2228 proportionabiliter
1589 2180 1785 2216 inferentes
1825 2186 1846 2209 ¹>

203 2238 318 2283 justae
342 2244 434 2277 sunt,
457 2244 492 2269 et
518 2235 710 2281 obligant
703 2247 739 2269 m
761 2235 842 2269 foro
870 2235 1130 2277 conscientiae,
1157 2243 1192 2270 et
1218 2243 1302 2269 sunt
1326 2234 1426 2282 leges
1452 2234 1601 2282 legales.
1628 2235 1787 2280 Injustae
1839 2260 1842 2265 Α

204 2299 326 2325 autem
348 2298 430 2324 sunt
447 2289 546 2335 leges
565 2289 754 2336 dupliczter.
781 2290 853 2324 Uno
868 2289 965 2323 modo
981 2300 1044 2335 per
1059 2290 1356 2324 contrarietatem
1370 2289 1415 2323 ad
1429 2289 1569 2323 bonum
1582 2288 1787 2323 humanum
1837 2295 1844 2323 v

205 2356 223 2379 e
243 2344 427 2378 contrario
450 2342 661 2389 praedictis:
684 2343 742 2377 vel
765 2354 808 2377 ex
827 2343 904 2386 fine,
925 2343 1018 2377 sicut
1039 2354 1124 2376 curn
1141 2342 1270 2389 aliquis
1288 2342 1497 2389 praesidens
1512 2341 1612 2389 leges
1630 2341 1789 2389 imponit

205 2409 379 2432 onerosas
395 2397 556 2440 subditis,
572 2408 646 2430 non
662 2396 882 2442 pertinentes
899 2396 943 2430 ad
960 2395 1153 2430 utilitatem
1169 2407 1421 2438 communem,
1440 2395 1503 2430 sed
1517 2396 1635 2442 magis
1651 2395 1695 2430 ad
1709 2406 1788 2442 pro-

204 2451 320 2498 priam
336 2450 584 2497 cupiditatem,
603 2449 661 2484 vel
678 2449 852 2495 gloriam:
869 2449 927 2484 vel
950 2450 1061 2484 ctiam
1077 2462 1121 2484 ex
1140 2457 1288 2484 auctore
1308 2449 1402 2484 sicut
1416 2460 1501 2483 cum
1517 2449 1645 2496 aliquis
1667 2448 1787 2496 legem

204 2504 272 2539 fert
292 2504 385 2538 ultra
407 2504 474 2538 sibi
497 2503 736 2538 commissam
752 2510 988 2548 potestatem:
1012 2502 1070 2537 vel
1093 2503 1203 2537 etiam
1223 2514 1266 2537 ex
1279 2503 1404 2546 forma,
1420 2511 1506 2550 puta
1521 2514 1606 2537 cum
1620 2503 1788 2549 inaequa-

204 2558 284 2592 liter
303 2569 414 2592 onera
438 2557 659 2591 multitudini
674 2557 939 2601 dispensantur,
959 2557 1102 2591 etiamsi
1116 2557 1329 2591 ordinentur
1349 2557 1393 2591 ad
1413 2557 1554 2591 bonurn
1576 2567 1787 2592 commune.

204 2612 249 2646 Et
269 2611 482 2657 hujusmodi
504 2611 621 2657 magis
644 2618 727 2644 sunt
747 2610 956 2652 violentiae,
979 2622 1090 2656 quam
1111 2611 1232 2657 leges:
1255 2611 1350 2657 quia,
1370 2610 1462 2645 sicut
1480 2610 1635 2657 August.
1650 2610 1787 2645 dicitin

204 2665 264 2699 lib.
292 2677 318 2699 1.
343 2666 386 2699 de
414 2665 491 2699 Lib.
519 2665 606 2698 Arb.
627 2664 716 2710 (cap.
734 2676 762 2710 5.
778 2670 906 2710 parum.
925 2676 944 2698 a
962 2666 1108 2710 princ),
1133 2663 1190 2698 lex
1213 2675 1291 2699 esse
1311 2675 1387 2698 non
1405 2664 1558 2707 videtur,
1581 2675 1674 2711 quae
1695 2665 1787 2710 justa

205 2731 278 2753 non
293 2718 418 2761 fucrit,
433 2718 526 2752 unde
541 2717 632 2752 tales
647 2717 746 2763 leges
760 2728 835 2751 non
849 2717 1013 2763 obligant
1027 2718 1063 2751 in
1079 2717 1160 2752 foro
1177 2718 1436 2760 conscientiae,
1448 2717 1519 2752 nisi
1534 2716 1627 2752 forte
1641 2725 1787 2778 propter

205 2773 390 2807 vitandum
421 2771 646 2814 scandalum,
674 2770 732 2805 κεῙ
758 2771 1022 2806 turbationem:
1051 2779 1198 2818 propter
1225 2771 1323 2818 quod
1351 2771 1462 2806 etiam
1489 2771 1604 2806 homo
1626 2771 1694 2817 juri
1720 2781 1786 2806 suo

207 2827 313 2861 debet
335 2826 462 2860 cedere
484 2825 685 2860 secundum
708 2824 795 2858 illud
818 2824 946 2859 Matth.
980 2825 1124 2869 5-1Qu1'
1145 2826 1380 2872 angariatur-it
1401 2830 1430 2860 te
1451 2824 1540 2860 mille
1555 2831 1682 2872 passus,
1703 2823 1787 2859 vade

207 2893 281 2915 cum
304 2892 338 2914 eo
361 2880 430 2913 alia
452 2879 536 2913 duo:
559 2884 587 2913 tl
609 2880 666 2925 qm·
687 2880 741 2913 al
737 2879 859 2913 tulerit
881 2879 940 2912 tibi
960 2852 1119 2921 tunicam,
1139 2879 1181 2912 Aa
1202 2880 1231 2914 ei
1252 2883 1280 2914 et
1296 2878 1452 2925 pallium.
1468 2878 1548 2914 Alio
1570 2877 1666 2913 modo
1688 2877 1787 2924 leges
