1907 3182
232 162 317 193 220
636 165 857 200 QUAESTIO
890 165 1041 195 XXVIII.
1074 165 1318 195 ARTICULUS
1351 166 1392 195 V.

306 256 334 290 3.
350 245 585 280 PRAETEREA.
605 246 739 280 Fervor
758 246 922 293 designat
940 247 1136 293 quemdam
1151 257 1338 281 excessum
1367 246 1403 280 in
1426 246 1617 289 caliditate,
1640 247 1700 293 qui
1721 247 1794 293 qui-

231 298 314 332 dem
329 310 495 334 excessus
512 300 735 346 corruptivus
748 308 815 334 est:
832 300 893 334 sed
908 299 1026 334 fervor
1041 308 1207 334 causatur
1218 311 1260 333 ex
1272 311 1414 334 amore:
1429 299 1538 334 Dion.
1551 300 1648 334 enim
1667 310 1698 345 7.
1715 311 1793 346 cap,

233 351 336 386 Coel.
359 353 457 387 Hier.
481 354 619 400 (parum
641 365 661 387 a
676 355 803 400 princ.)
826 354 917 387 inter
939 361 1097 388 caeteras
1112 353 1346 399 proprietates
1361 354 1404 387 ad
1420 364 1584 387 amorem
1600 353 1790 399 Seraphim

231 406 458 451 pertinentes,
481 407 582 453 ponit
603 407 758 449 calidzun,
783 415 816 441 et
838 412 985 449 acutum,
1009 414 1041 440 et
1068 407 1306 453 superfervens.
1332 406 1376 440 Et
1403 406 1507 440 Cant.
1535 406 1567 440 8.
1596 407 1724 440 dicitur
1749 406 1793 441 de

233 470 368 502 amore,
391 461 487 506 quod
509 460 673 507 lampades
695 463 762 506 ejus
780 466 854 495 sunt
880 460 1045 506 lampades
1070 462 1165 506 ignis,
1193 465 1289 505 atque
1311 460 1546 505 flammarum;
1576 471 1662 506 ergo
1691 471 1794 494 amor

233 519 286 546 est
306 513 425 559 passio
447 513 592 557 laesiva,
615 522 649 548 et
671 514 885 560 corruptiva.

304 566 378 601 SED
398 578 553 602 CONTRA
568 575 632 610 est,
647 568 743 613 quod
766 568 851 602 dicit
871 567 1024 613 Dionys.
1046 577 1079 610 4.
1100 578 1176 613 cap.
1194 567 1236 601 de
1254 567 1336 601 Div.
1355 567 1464 602 Nom.
1481 569 1585 614 (part.
1600 580 1628 603 1.
1642 567 1712 603 lect.
1728 567 1792 614 9.),

232 620 329 665 quod
349 621 477 666 singula
497 623 599 667 seipsa
621 625 736 655 amant
757 622 950 663 contenti-ve,
977 621 1070 655 idest
1097 621 1368 663 conservative,
1395 632 1482 667 ergo
1510 632 1614 655 arnor
1638 632 1713 655 non
1740 629 1794 655 est

232 673 352 719 passio
372 673 519 716 laesiva,
541 674 603 708 sed
624 674 740 720 magis
764 673 1024 716 conservativa,
1048 681 1082 708 et
1103 673 1308 720 perfectiva.

303 725 532 762 RESPONDEO
555 728 760 769 dicendum,
783 727 890 773 quod,
909 727 1001 761 sicut
1015 738 1122 773 supra
1136 727 1272 761 dictum
1287 735 1340 761 est
1353 728 1400 773 (q.
1415 728 1467 763 16.
1482 732 1545 763 art.
1563 740 1590 763 Ι.
1609 732 1638 763 et
1650 739 1680 763 2.
1695 739 1725 774 q.
1740 739 1792 774 27.

233 784 298 814 art.
321 781 379 825 1.),
405 792 508 814 amor
534 780 713 826 significat
739 780 1009 826 coaptationem
1036 780 1233 826 quamdam
1259 781 1473 827 appetitivae
1499 781 1638 816 virtutis
1665 782 1708 815 ad
1735 781 1795 814 ali-

231 833 328 878 quod
349 833 504 867 bonum:
528 834 618 868 nihil
640 842 773 876 autem,
796 834 892 880 quod
915 841 1102 880 coaptatur
1123 834 1167 868 ad
1190 833 1336 880 aliquid,
1366 834 1463 880 quod
1493 843 1546 869 est
1574 835 1641 869 sibi
1666 845 1794 868 conve-

231 886 344 928 niens,
364 898 405 920 ex
426 887 497 922 hoc
519 888 597 933 ipso
620 886 791 929 laeditur3
814 887 876 921 sed
899 888 1027 933 magis,
1050 887 1079 921 si
1094 887 1139 921 sit
1158 887 1342 934 possibile,
1364 887 1591 934 proficit‹[al.
1605 889 1791 934 perficitur]

232 947 266 973 et
287 939 516 982 melioratur3
540 940 636 986 quod
658 952 745 975 vero
768 948 958 986 coaptatur
980 940 1023 974 ad
1043 939 1188 987 aliquid,
1211 940 1307 987 quod
1326 952 1400 974 non
1415 948 1468 975 est
1481 941 1548 975 sibi
1562 941 1794 984 conveniens,

232 1004 274 1026 ex
295 992 366 1026 hoc
389 993 552 1036 laeditur,
575 1002 609 1028 et
631 994 884 1028 deterioratur:
907 1005 1011 1028 amor
1029 1005 1117 1040 ergo
1138 994 1226 1028 boni
1245 994 1494 1028 convenientis
1516 1001 1551 1028 et
1568 993 1794 1040 perfectivus,

231 1055 266 1081 et
286 1047 533 1082 meliorativus
556 1049 726 1082 amantis:
750 1059 854 1082 arnor
876 1056 997 1082 autem
1018 1048 1115 1090 boni,
1131 1048 1227 1094 quod
1242 1059 1315 1082 non
1336 1056 1388 1083 est
1406 1049 1626 1083 conveniens
1646 1049 1792 1091 amanti,

233 1108 285 1134 est
306 1100 471 1143 laesivus,
495 1109 529 1136 et
549 1102 823 1136 deteriorativus
845 1102 1019 1144 amantis,
1038 1101 1132 1136 unde
1148 1102 1305 1136 maxime
1324 1101 1439 1136 homo
1462 1101 1655 1148 perficitur,
1674 1110 1708 1136 et
1726 1113 1798 1136 rne-

230 1153 380 1188 lioratur
401 1166 463 1201 per
485 1166 649 1189 amorem
671 1155 760 1198 Dei3
783 1154 936 1189 laeditur
958 1163 1090 1197 autem,
1113 1163 1148 1189 et
1170 1155 1408 1190 deterioratur
1439 1166 1502 1201 per
1530 1167 1695 1190 amorem
1720 1167 1798 1202 pec-

233 1207 313 1249 cati,
336 1208 536 1242 secundum
554 1208 642 1243 illud
666 1209 787 1244 Oseae
810 1220 861 1255 9.;
883 1210 980 1244 Facti
992 1214 1067 1244 sunt
1080 1209 1319 1243 abominabiles
1331 1210 1418 1243 sicut
1431 1220 1481 1252 ea,
1497 1221 1579 1256 quae
1593 1209 1790 1250 dilexerunt;

232 1268 266 1294 et
286 1260 357 1295 hoc
380 1262 526 1307 quidem
548 1262 597 1296 sic
621 1262 756 1297 dictum
778 1271 832 1297 est
853 1262 896 1297 de
920 1273 1056 1305 amore,
1078 1270 1253 1308 quantum
1268 1262 1312 1296 ad
1326 1262 1374 1305 id,
1391 1262 1491 1309 quod
1515 1270 1570 1297 est
1588 1262 1742 1297 formale
1761 1263 1796 1296 in

231 1314 322 1360 ipso,
344 1315 440 1361 quod
464 1323 515 1350 est
537 1315 674 1350 scilicet
696 1327 737 1350 ex
758 1324 857 1362 parte
880 1317 1066 1362 appetitus.
1084 1315 1273 1356 Quantum
1294 1327 1381 1350 vero
1404 1316 1447 1350 ad
1470 1315 1517 1358 id,
1539 1316 1636 1362 quod
1651 1324 1704 1351 est
1724 1327 1798 1350 ma—

230 1368 355 1402 teriale
370 1369 404 1403 in
427 1369 595 1415 passione
611 1370 757 1412 amoris,
772 1369 869 1416 quod
884 1377 936 1403 est
956 1369 1162 1403 immutatio
1183 1368 1302 1415 aliqua
1317 1368 1527 1415 corporalis,
1543 1369 1684 1412 accidit,
1698 1369 1795 1415 quod

232 1432 336 1456 amor
361 1422 406 1456 sit
431 1423 586 1457 laesivus
609 1431 754 1470 propter
781 1434 968 1458 excessum
990 1422 1275 1465 immutationis3
1297 1422 1390 1457 sicut
1411 1422 1542 1457 accidit
1562 1422 1598 1456 in
1620 1434 1738 1465 senSU,
1761 1431 1795 1457 et

230 1475 267 1508 in
295 1477 395 1510 omni
422 1484 503 1510 actu
530 1477 668 1511 virtutis
695 1476 849 1518 animae,
871 1476 933 1522 qui
959 1484 1143 1510 exercetur
1169 1487 1232 1522 per
1250 1475 1410 1522 aliquam
1427 1475 1721 1510 immutationem
1743 1487 1797 1511 or-

231 1529 315 1576 gani
337 1530 546 1576 corporalis.

302 1583 359 1616 Ad
379 1594 419 1617 ea
434 1595 532 1626 vero,
554 1595 645 1630 quae
668 1595 705 1619 m
730 1594 984 1619 CONTRAmUM
1007 1583 1240 1629 objiciuntur,
1269 1583 1473 1625 dicendum,
1495 1582 1592 1629 quod
1615 1584 1731 1618 amori
1750 1591 1797 1618 at-

230 1636 336 1671 tribui
362 1645 512 1682 possunt
537 1643 683 1683 quatuor
708 1636 855 1671 effectus
882 1637 1054 1683 proximi3
1082 1636 1236 1671 scilicet:
1259 1636 1458 1682 liquefactio,
1478 1637 1620 1683 fruitio,
1639 1636 1794 1682 languor,

231 1690 405 1736 etservor.
424 1690 520 1724 Inter
538 1702 629 1737 quae
651 1692 808 1737 primum
830 1698 883 1724 est
905 1691 1107 1736 liquefactio,
1131 1701 1222 1736 quae
1245 1690 1442 1736 opponitur
1465 1688 1731 1736 congelationi:
1754 1701 1795 1724 ea

232 1743 340 1785 enim,
360 1755 450 1789 quae
466 1751 547 1778 sunt
562 1743 764 1790 congelata,
786 1745 821 1777 in
844 1743 968 1790 seipsis
991 1743 1184 1777 constricta
1206 1751 1298 1785 sunt,
1318 1751 1355 1777 ut
1375 1754 1449 1777 non
1471 1743 1610 1789 possint
1631 1743 1673 1777 de
1694 1742 1792 1778 facili

231 1797 531 1831 subintrationem
554 1797 698 1831 alterius
720 1797 811 1843 pati:
836 1797 878 1831 ad
902 1808 1067 1831 amorem
1086 1804 1207 1830 autem
1222 1797 1387 1843 pertinet,
1406 1796 1503 1843 quod
1518 1797 1694 1843 appetitus
1717 1808 1797 1831 coa-

231 1858 347 1896 ptetur
369 1850 412 1884 ad
439 1851 685 1897 receptionem
711 1850 798 1885 boni
825 1850 946 1892 amati,
973 1857 1079 1896 prout
1106 1857 1268 1884 amatum
1293 1857 1344 1884 est
1365 1850 1402 1884 in
1433 1857 1588 1892 amante,
1611 1850 1702 1885 sicut
1722 1851 1796 1896 jam

231 1915 337 1950 supra
359 1904 493 1938 dictum
513 1912 565 1938 est
579 1905 661 1949 (art.
678 1916 708 1939 2.
724 1904 792 1949 huj.
808 1905 869 1950 q.);
888 1903 980 1938 unde
1003 1903 1121 1938 cordis
1141 1903 1362 1949 congelatio,
1383 1903 1441 1938 vel
1460 1903 1589 1938 duritia
1606 1911 1660 1938 est
1680 1903 1798 1950 dispo-

231 1957 312 1991 sitio
347 1969 548 2003 repugnans
578 1958 712 1992 amori:
748 1957 809 1992 sed
836 1958 1023 2003 liquefactio
1059 1959 1231 2003 importat
1257 1957 1453 2003 quamdam
1480 1956 1795 1992 mollificationem

233 2011 361 2052 cordis,
378 2023 446 2057 qua
462 2011 605 2046 exhibet
626 2022 663 2045 se
686 2022 748 2045 cor
762 2010 900 2053 habile,
923 2019 961 2045 ut
976 2018 1135 2044 amatum
1156 2011 1192 2044 in
1206 2011 1325 2057 ipsum
1339 2011 1529 2054 subintret3
1551 2010 1580 2045 si
1598 2022 1685 2057 ergo
1701 2022 1797 2045 arna-

231 2073 308 2099 tum
334 2064 439 2099 fuerit
465 2076 645 2112 praesens,
674 2073 708 2099 et
733 2065 910 2107 habitum,
933 2073 1100 2099 causatur
1126 2064 1330 2107 delectatio,
1357 2065 1432 2099 sive
1446 2065 1596 2111 fruitio:
1623 2064 1652 2099 si
1675 2073 1795 2099 autem

232 2118 337 2152 fuerit
359 2119 497 2161 absens,
520 2126 790 2165 consequuntur
809 2118 898 2152 duae
913 2118 1111 2165 passiones,
1126 2117 1264 2152 scilicet
1283 2118 1424 2152 tristitia
1446 2118 1489 2152 de
1512 2118 1681 2162 absentia,
1704 2130 1795 2165 quae

233 2171 454 2218 significatur
480 2183 542 2218 per
563 2172 755 2218 languorem
779 2172 890 2216 (unde
914 2180 947 2206 et
961 2171 1102 2206 Tullius
1123 2171 1158 2205 in
1184 2183 1214 2217 3.
1238 2171 1280 2206 de
1305 2170 1455 2206 Tuscul.
1478 2180 1613 2218 quaest.
1636 2172 1794 2207 maxime

231 2225 410 2259 tristitiam
438 2225 673 2270 aegritudinem
701 2225 895 2269 nominat),
923 2233 957 2259 et
989 2225 1171 2259 intensum
1206 2224 1424 2259 desiderium
1457 2225 1499 2259 de
1535 2225 1793 2259 consecutione

234 2279 354 2321 amati,
369 2279 465 2325 quod
480 2278 700 2324 significatur
721 2291 784 2325 per
797 2280 981 2324 ser-vorem.
1004 2278 1047 2312 Et
1068 2278 1125 2313 isti
1139 2278 1285 2324 quidem
1300 2286 1382 2313 sunt
1403 2277 1550 2312 effectus
1570 2278 1705 2313 amoris
1726 2277 1795 2312 for-

233 2332 375 2366 maliter
397 2332 533 2378 accepti
549 2333 747 2366 secundum
759 2332 1008 2366 habitudinem
1021 2331 1234 2378 appetitivae
1250 2332 1388 2366 virtutis
1404 2332 1447 2366 ad
1463 2332 1662 2378 objectum:
1682 2331 1743 2366 sed
1758 2333 1794 2366 in

234 2386 400 2432 passione
423 2385 556 2419 amoris
579 2394 848 2432 consequuntur
863 2385 972 2431 aliqui
987 2385 1134 2420 effectus
1156 2385 1210 2420 his
1233 2385 1498 2432 proportionati
1519 2386 1718 2420 secundum
1732 2386 1796 2420 im-

234 2440 474 2474 mutationem
497 2439 635 2485 organi.

781 2556 1126 2610 ARTICULUS
1163 2557 1240 2600 VI.
1727 2566 1787 2613 163

391 2659 543 2689 UTRUM
571 2659 690 2689 AMOR
719 2660 786 2689 sn*
814 2660 953 2689 CAUSA
982 2660 1173 2699 OMNIUM,
1202 2659 1320 2696 QUAE
1347 2659 1491 2689 AMANS
1520 2659 1639 2688 AGIT.

715 2741 754 2787 (3.
780 2742 864 2775 Uist.
888 2753 938 2787 27.
962 2754 990 2787 q.
1015 2754 1040 2776 ι.
1060 2746 1122 2775 art.
1147 2741 1309 2788 I.c‘01p.).

306 2824 364 2857 An
380 2834 531 2857 si-:x’rUM
547 2823 595 2857 sic
613 2823 826 2869 proceditur.
843 2824 1003 2865 Videtur,
1015 2825 1110 2869 quod
1123 2835 1248 2858 amans
1263 2835 1335 2858 non
1357 2832 1440 2869 agat
1454 2823 1577 2857 onmia
1592 2835 1632 2858 ex
1649 2834 1789 2858 amore:

236 2888 339 2911 amor
361 2878 456 2911 enim
480 2878 657 2922 quaedam
680 2878 798 2923 passio
823 2884 886 2918 cst,
910 2886 946 2911 ut
968 2888 1072 2923 supra
1096 2878 1229 2912 dictum
1253 2886 1306 2912 cst
1319 2878 1367 2924 (q.
1383 2879 1438 2913 26.
1461 2882 1525 2912 art.
1548 2879 1619 2923 2.):
1642 2877 1702 2911 scd
1719 2888 1791 2911 non
