1907 3198
523 146 746 184 Quaesrto
779 146 854 177 vn.
889 146 1136 178 ARTICULUS
1168 146 1212 177 11.
1596 137 1649 192 85

81 242 164 266 cum
185 230 328 273 Morali,
342 239 377 265 et
394 229 598 265 considerat
617 237 730 272 actm,
748 229 950 264 secundum
968 229 1065 276 quod
1085 237 1270 264 merentur
1289 240 1460 276 poenam,
1478 230 1536 265 vel
1554 242 1655 278 prae·

79 283 206 328 mium,
228 295 312 319 cum
333 283 507 326 Rhetore,
529 291 564 318 et
584 282 754 318 Politico.

630 411 978 458 ARTICULUS
1009 412 1088 456 111.
1170 384 1177 394 ’
1612 438 1647 471 51

211 521 363 552 UTRUM
396 521 735 552 CONVENIENTER
768 522 1095 552 ENUMERENTUR
1129 521 1518 553 CIRCUMSTANTIAE

506 587 549 618 IN
582 587 746 618 TERTIO
781 587 909 618 LIBRO
942 587 1222 618 ETHICORUM.

189 674 238 721 (4.
260 675 346 710 Dist.
374 675 426 711 16.
454 687 483 722 q.
501 687 530 722 3.
552 680 615 711 art.
635 688 662 711 1.
681 687 711 722 q.
734 687 765 711 2.
788 681 816 711 et
834 687 861 722 3.
880 680 909 711 et
936 675 1020 710 Mal.
1040 688 1069 722 q.
1089 687 1120 711 2.
1140 680 1204 711 art.
1227 676 1259 711 6.
1282 682 1371 723 corp.
1395 676 1465 711 lect.
1484 676 1542 723 3.).

13 799 19 811 ,
146 763 208 800 AD
227 774 400 800 TER'HUM
422 764 472 800 sic
495 764 712 811 proceditur.
734 763 895 807 Videtur,
914 765 1012 812 quod
1027 765 1335 803 inconvenienter
1357 765 1650 802 circumstantiae

75 825 311 854 numerentur
335 818 372 852 in
402 829 430 865 3.
459 818 672 853 Ethicorum
701 818 787 865 (cap.
814 831 842 854 ι.
871 830 889 852 a
918 818 1039 864 mad.):
1063 819 1337 853 circumstantia
1359 819 1457 854 enim
1481 828 1581 854 actus
1603 820 1652 854 di-

0 824 30 942 !
75 871 178 915 citur,
204 871 302 920 quod
328 872 482 907 exterius
509 883 546 907 se
571 872 682 907 habet
708 872 751 906 ad
779 880 919 907 actum:
947 873 1159 919 hujusmodi
1185 881 1307 908 autem
1330 882 1412 908 sunt
1433 882 1588 921 tempus,
1616 883 1651 909 ct

2 942 22 964 s
74 924 199 969 locus;
219 936 307 972 ergo
328 925 428 961 solae
449 925 541 961 duae
557 934 638 961 sunt
660 926 964 969 circumstantiae,
986 926 1143 962 scilicet:
1166 926 1311 973 quando,
1335 935 1370 962 et
1390 928 1459 962 ubi.

147 989 179 1015 2.
200 978 438 1015 PRAETEREA.
464 979 515 1014 Ex
538 979 817 1014 circumstantiis
839 980 1025 1027 accipitur,
1047 980 1132 1027 quid
1154 980 1257 1022 bene,
1279 980 1338 1015 vel
1360 980 1456 1016 male
1479 980 1556 1016 fiat:
1585 984 1647 1017 sec.

75 1032 148 1069 hoc
169 1032 323 1081 pertinet
340 1032 385 1068 ad
407 1032 558 1068 modum
586 1041 707 1077 actus;
734 1044 823 1080 ergo
850 1044 979 1069 omnes
1005 1034 1299 1069 circumstantiae
1325 1034 1560 1070 includuntur
1584 1036 1649 1071 sub

76 1097 160 1130 una,
180 1097 272 1135 quae
290 1094 344 1122 est
364 1087 494 1122 modus
516 1087 658 1133 agendi.

150 1151 180 1188 3.
211 1140 448 1177 PRAETEREA.
479 1139 785 1176 Circumstantiae
819 1153 892 1176 non
928 1150 1011 1176 sunt
1044 1141 1088 1176 de
1122 1142 1320 1177 substantia
1355 1151 1474 1178 actus:
1509 1144 1570 1178 sed
1605 1145 1648 1179 ad

75 1193 310 1231 substantiam
332 1201 433 1229 actus
454 1194 633 1240 pertinere
654 1194 822 1229 videntur
843 1206 974 1230 causae
994 1195 1105 1242 ipsius
1127 1204 1247 1239 actus;
1270 1208 1358 1243 ergo
1376 1196 1477 1232 nulla
1499 1197 1650 1232 circum-

72 1247 203 1284 stantia
219 1246 326 1282 debet
345 1247 439 1282 sumi
453 1258 496 1282 ex
511 1258 618 1282 causa
637 1248 747 1294 ipsius
766 1256 867 1283 actus
891 1248 952 1294 [al.
967 1261 1007 1284 ex
1022 1250 1220 1295 substantia]
1235 1262 1243 1292 3
1258 1250 1308 1284 sic
1324 1262 1412 1296 ergo
1431 1262 1548 1298 neque
1563 1253 1647 1298 quis,

71 1310 190 1348 neque
203 1305 347 1349 propter
365 1300 457 1348 quid,
470 1311 587 1348 neque
602 1302 693 1336 circa
711 1301 803 1348 quid,
823 1310 906 1336 sunt
924 1302 1235 1338 circumstantiae:
1250 1315 1335 1338 nam
1351 1306 1423 1350 quis
1436 1305 1590 1351 pertinet
1604 1306 1648 1340 ad

71 1363 219 1390 causam
239 1352 477 1390 efficientem:
489 1359 628 1402 propter
649 1355 728 1402 quid
747 1355 790 1390 ad
813 1355 982 1398 finalem3
1004 1357 1095 1391 circa
1115 1357 1194 1403 quid
1216 1357 1260 1392 ad
1283 1358 1521 1394 materialem.

143 1407 220 1444 San
246 1417 403 1444 conum
420 1416 475 1444 est
494 1408 691 1444 auctoritas
714 1408 851 1444 Philos.
871 1409 907 1444 in
930 1421 958 1456 3.
982 1409 1143 1445 Ethicor.
1168 1411 1250 1456 (loc.
1272 1418 1341 1459 sup.
1363 1412 1448 1458 cit).

141 1460 371 1498 RESPONDEO
392 1462 598 1505 dicendum,
620 1463 718 1510 quod
742 1462 885 1498 Tullius
907 1463 943 1498 in
965 1475 1030 1499 sua
1051 1464 1248 1500 Rhetorica
1271 1466 1537 1512 (aequivalenter
1558 1480 1584 1504 1.
1607 1468 1644 1504 de

70 1515 219 1563 Inveni.)
241 1515 401 1563 assignat
420 1524 559 1563 septem
582 1517 885 1560 circumstantias,
907 1529 999 1564 quae
1021 1518 1092 1553 hoc
1114 1529 1220 1554 versu
1243 1520 1494 1556 continentur:

323 1605 422 1652 Quis,
443 1605 534 1652 quid,
556 1607 615 1641 ubi
648 1607 766 1652 quibus
787 1607 934 1649 auxiliis,
957 1619 1029 1650 cur,
1052 1608 1227 1654 quomodo,
1249 1609 1393 1656 quando.

141 1687 460 1724 Considerandum
482 1696 536 1724 est
557 1689 655 1724 enim
681 1689 717 1724 in
745 1690 894 1733 actibus,
916 1691 987 1737 quis
1008 1690 1103 1733 fecit,
1125 1693 1242 1738 quibus
1267 1693 1415 1735 auxiliis,
1439 1693 1495 1729 vel
1518 1694 1647 1729 instru-

69 1741 202 1778 mentis
222 1741 358 1785 secerit,
379 1741 458 1790 quid
478 1741 614 1785 fecerit,
636 1744 694 1778 ubi
714 1742 850 1786 fecerit,
872 1756 933 1779 cur
953 1743 1089 1787 fecerit,
1111 1746 1273 1792 quomodo
1295 1745 1432 1790 fecerit,
1455 1755 1489 1785 et
1510 1749 1641 1794 quando

66 1794 203 1832 fecerit.
226 1795 298 1831 Sed
317 1795 468 1831 Aristot.
486 1796 523 1831 in
545 1807 573 1842 3.
593 1796 709 1831 Ethic.
730 1797 809 1842 (loc.
829 1799 898 1844 cit.)
919 1797 1017 1832 addit
1035 1798 1158 1842 aliam,
1176 1799 1316 1835 scilicet
1333 1802 1423 1836 circa
1441 1802 1532 1848 quid,
1551 1814 1644 1849 quae
1672 1834 1686 1846 ,

67 1861 88 1885 a
109 1848 236 1885 Tullio
257 1850 580 1897 comprehenditur
605 1851 670 1885 sub
693 1851 782 1898 quid.
810 1851 854 1886 Et
875 1852 966 1886 ratio
988 1852 1095 1899 hujus
1119 1854 1430 1890 annumerationis
1453 1856 1502 1890 sic
1527 1857 1641 1904 accipi

66 1911 196 1952 potest.
216 1903 314 1939 Nam
337 1904 608 1939 circumstantia
631 1905 762 1940 dicitur
782 1906 884 1952 quasi
904 1914 1002 1940 extra
1024 1906 1262 1942 substantiam
1286 1917 1387 1943 actus
1409 1910 1585 1953 existens„
1596 1911 1644 1945 ita

26 1990 29 2003 ,
65 1965 188 1993 tamen
206 1957 303 2005 quod
322 1957 445 2005 aliquo
467 1957 580 1993 modo
600 1959 744 2005 attingit
765 1959 900 2006 ipsum:
925 1960 1103 2005 contingit
1126 1970 1247 1996 autem
1265 1962 1337 1997 hoc
1362 1963 1436 1998 lieri
1458 1965 1642 2011 tripliciter.

70 2011 144 2048 Uno
170 2011 279 2055 modo,
304 2012 520 2059 inquantum
547 2013 690 2059 attingit
715 2013 834 2060 ipsum
860 2022 999 2056 actum;
1026 2015 1093 2049 alio
1120 2015 1227 2058 modo,
1255 2016 1470 2063 inquantum
1502 2019 1644 2065 attingit

65 2076 214 2101 causam
235 2074 356 2109 actus;
370 2067 464 2102 tertio
491 2066 597 2108 modo,
624 2067 839 2114 inquantum
861 2068 1005 2113 attingit
1026 2067 1207 2104 effectum.
1231 2070 1352 2117 Ipsum
1376 2079 1498 2106 autem
1520 2081 1642 2108 actum

65 2119 219 2167 attingit,
238 2119 297 2156 vel
317 2130 382 2168 per
401 2121 554 2155 modum
577 2132 781 2164 mensurae,
807 2121 900 2156 sicut
925 2130 1080 2169 tempus,
1108 2131 1143 2157 et
1167 2123 1290 2166 locus;
1317 2124 1375 2159 vcl
1401 2136 1464 2172 per
1489 2126 1642 2161 modum

64 2172 246 2222 qualitatis
266 2181 380 2218 actus,
401 2173 494 2209 sicut
515 2174 646 2210 modus
668 2175 816 2222 agendi:
844 2187 886 2210 cx
913 2184 1013 2223 parte
1035 2184 1157 2211 autem
1179 2176 1340 2220 effectus,
1363 2187 1401 2214 ut
1422 2190 1507 2214 cum
1529 2182 1644 2216 consi-

63 2227 209 2263 deratur
227 2227 308 2275 quid
327 2227 456 2276 aliquis
476 2227 624 2264 fecerit:
647 2241 689 2264 ex
711 2238 811 2276 parte
833 2240 920 2265 vero
948 2242 1079 2266 causae
1099 2240 1212 2274 actus,
1234 2241 1409 2279 quantum
1433 2234 1476 2268 ad
1492 2245 1641 2270 causam

62 2279 223 2324 finalem,
241 2280 417 2329 accipitur
431 2287 573 2330 propter
589 2282 687 2330 quid:
707 2294 749 2317 ex
768 2291 868 2330 parte
887 2292 1009 2319 autem
1029 2295 1160 2320 causae
1182 2287 1392 2329 materialis,
1415 2287 1489 2322 sive
1509 2289 1641 2335 objecti

63 2334 238 2382 accipitur
256 2335 349 2371 circa
368 2335 469 2382 quid.-
491 2347 534 2371 ex
556 2344 658 2383 parte
678 2347 766 2372 vero
794 2348 925 2372 causae
953 2338 1092 2384 agentis
1131 2339 1339 2386 principalis
1368 2341 1544 2388 accipitur
1569 2344 1640 2389 quis

63 2389 193 2437 egerit:
214 2399 258 2424 ex
278 2396 379 2436 parte
404 2401 493 2425 vero
520 2401 651 2425 causae
679 2391 818 2437 agentis
844 2391 1131 2427 instrumentalis
1159 2393 1334 2440 accipitur
1355 2396 1472 2441 quibus
1492 2397 1639 2432 auxiliis.

134 2443 194 2478 Αι)
214 2452 364 2479 PRIMUM
386 2453 474 2490 ergo
493 2443 700 2487 dicendum,
718 2445 816 2491 quod
835 2453 990 2492 tempus,
1009 2454 1044 2481 ct
1063 2446 1166 2481 locus
1186 2447 1422 2483 circumstant
1437 2457 1558 2483 actum
1578 2462 1641 2496 per

61 2495 215 2532 modum
235 2507 448 2539 mensurae3
469 2497 532 2532 sed
554 2497 624 2532 alia
646 2498 882 2533 circumstant
910 2508 1043 2542 actum,
1070 2500 1285 2547 inquantum
1313 2503 1493 2549 attingunt
1519 2503 1637 2550 ipsum

61 2560 293 2598 quocumque
315 2549 388 2586 alio
410 2551 523 2586 modo
545 2560 644 2587 extra
666 2552 905 2587 substantiam
928 2554 1004 2599 ejus
1028 2554 1227 2589 existentia.

132 2603 193 2640 AD
219 2614 427 2640 SECUNDUM
445 2604 653 2648 dicendum,
680 2606 777 2653 quod
804 2606 870 2641 iste
899 2607 1041 2650 modus,
1068 2608 1129 2654 qui
1157 2616 1210 2643 cst
1238 2610 1325 2653 bene,
1353 2609 1410 2644 vel
1438 2611 1534 2653 male,
1562 2622 1636 2646 non

59 2657 207 2707 ponitur
223 2658 506 2701 circumstantia,
525 2659 587 2695 sed
606 2670 834 2707 consequens
853 2661 895 2695 ad
912 2672 1040 2696 omnes
1060 2662 1368 2698 circumstantias:
1390 2664 1450 2698 sed
1470 2664 1638 2710 specialis

0 2741 1 2747 ,
60 2709 371 2748 circumstantiam
393 2712 539 2760 ponitur
560 2713 703 2756 modus,
725 2714 785 2761 qui
807 2716 960 2761 pertinet
982 2715 1025 2750 ad
1048 2715 1261 2763 qualitatem
1284 2726 1408 2759 actus;
1431 2726 1515 2763 puta
1537 2718 1635 2765 quod

60 2763 188 2814 aliquis
214 2766 377 2802 ambulet
403 2765 464 2812 [al.
492 2767 658 2813 ambulat]
685 2767 871 2810 velociter,
897 2768 955 2803 vel
981 2769 1099 2812 tarde3
1127 2779 1162 2804 et
1187 2770 1284 2816 quod
1308 2770 1436 2817 aliquis
1458 2771 1637 2818 percutiet

62 2816 125 2866 [al.
138 2819 299 2868 percutit]
322 2818 474 2864 fortiter,
494 2819 553 2856 vel
574 2821 743 2864 remisse;
765 2830 800 2856 et
821 2823 871 2857 sic
890 2822 934 2857 de
957 2822 1047 2857 aliis.

129 2870 192 2909 An
217 2882 390 2910 ‘mmmm
415 2873 623 2917 dicendum,
655 2874 753 2922 quod
781 2874 843 2910 illa
869 2875 1031 2911 conditio
1063 2887 1205 2920 causae,
1243 2888 1286 2911 ex
1323 2888 1394 2924 qua
1430 2877 1631 2913 substantia

210 2953 242 2985 S.
260 2954 385 2984 Tuom
404 2955 510 2983 snam
534 2955 696 2993 Theologica.
717 2957 782 2985 Vol.
805 2957 841 2985 11.
1476 2970 1491 2996 7
