1907 3198
518 197 743 235 QUAESTIO
776 197 896 228 cvm.
929 196 1175 228 ARTICULUS
1208 196 1235 226 1.
1574 185 1658 240 819

91 282 203 319 etiam
221 291 337 328 regno
350 280 441 322 Dei;
463 288 498 316 et
519 280 602 315 ideo
620 288 704 315 sunt
724 280 760 314 in
782 278 984 325 Evangelio
1006 278 1108 324 regni
1123 277 1356 325 prohibendi:
1371 277 1432 312 illa
1448 289 1548 320 vero,
1567 290 1659 325 quae

89 333 336 372 indifferenter
356 345 394 370 se
416 333 552 369 habent
569 342 773 380 respectum
792 333 938 375 horum,
952 341 1038 380 puta
1056 331 1251 368 comedere
1273 331 1353 373 hos,
1370 331 1428 366 vel
1449 331 1532 366 illos
1547 332 1659 374 cibos,

89 389 128 424 in
147 388 206 425 his
222 399 299 424 non
325 395 380 423 est
400 398 554 433 regnum
576 387 666 430 Dei;
693 387 787 422 unde
808 385 1009 434 Apostolus
1030 385 1246 433 praemittit:
1269 385 1346 421 Non
1367 390 1411 420 est
1437 398 1574 431 regnum
1596 387 1661 421 Dei

88 453 173 486 esca,
192 447 225 479 et
240 446 348 490 ροιω.

160 495 222 532 AD
251 504 460 532 SECUNDUM
491 494 699 533 dicendum.
729 494 826 540 quod
857 493 1058 529 secundum
1079 492 1347 539 Philosophum
1370 492 1406 527 in
1438 503 1465 527 1.
1496 492 1656 538 Metaph.

88 548 245 598 (capa.)
265 547 355 584 liber
375 556 440 590 est,
454 548 515 594 qui
530 547 582 582 sui
599 559 707 582 causa
726 557 798 590 est;
821 547 880 582 ille
899 558 987 592 ergo
1009 547 1121 582 libere
1136 546 1270 593 aliquid
1286 546 1372 592 agit,
1393 546 1455 593 qui
1475 557 1518 580 ex
1539 547 1659 593 seipso

90 603 178 651 agit,
195 601 296 650 quod
322 609 445 636 autem
467 601 582 636 homo
609 601 683 646 agit
705 613 748 636 ex
775 601 898 636 habitu
920 612 1006 636 suae
1028 609 1178 636 naturae
1200 600 1442 642 convenienti,
1469 611 1511 635 ex
1539 602 1659 647 seipso

89 656 183 704 agit:
204 655 289 704 quia
306 654 449 690 habitus
471 654 621 689 inclinat
640 656 674 689 in
694 655 847 689 modum
868 663 1036 689 naturae:
1060 656 1089 690 si
1109 665 1198 690 vero
1219 654 1363 689 habitus
1385 662 1490 697 esset,
1510 662 1659 689 naturae

89 720 307 759 repugnans,
318 709 435 744 homo
450 719 524 743 non
537 717 671 753 ageret,
687 709 888 744 secundum
906 710 1004 756 quod
1026 718 1080 744 est
1100 709 1189 756 ipse,
1204 710 1265 744 sed
1280 710 1482 744 secundum
1499 710 1658 757 aliquam

89 763 362 811 corruptionem
376 762 444 798 sibi
460 763 795 809 supervenientem:
818 763 902 810 quia
917 763 1026 810 igitur
1039 764 1155 809 gratia
1173 763 1328 810 Spiritus
1343 763 1467 798 Sancti
1489 772 1543 799 est
1563 765 1658 799 sicut

27 831 29 836 ’
89 817 239 853 interior
257 815 402 852 habitus
427 815 533 851 nobis
555 815 704 858 infusus,
730 816 909 852 inclinans
933 828 1001 852 nos
1027 817 1072 852 ad
1101 825 1198 852 recte
1224 817 1464 864 operandum,
1485 817 1571 853 facit
1591 829 1659 853 nos

89 870 200 907 libere
219 869 365 918 operari
389 880 445 913 ea,
470 881 563 916 quae
591 871 814 905 conveniunt
839 871 988 917 gratiae,
1010 879 1045 906 et
1065 871 1178 906 vitare
1205 883 1259 914 ea,
1280 882 1372 918 quae
1395 872 1531 918 gratiae
1559 883 1660 919 repu-

89 932 213 973 gnant.
233 923 295 960 Sic
314 923 425 971 igitur
437 922 495 958 lex
508 934 604 958 nova
626 924 756 958 dicitur
776 923 832 959 lex
855 925 1027 960 libertatis
1048 924 1238 972 dupliciter:
1261 938 1326 960 uno
1345 926 1454 969 modo,
1481 926 1565 973 quia
1582 937 1657 960 non

88 986 204 1014 arctat
221 988 291 1014 nos
310 977 356 1013 ad
378 975 557 1020 facienda,
586 977 645 1013 vel
674 977 820 1013 vitanda
851 977 982 1025 aliqua,
1004 978 1074 1013 nisi
1095 990 1187 1025 quae
1215 979 1260 1014 de
1282 990 1319 1014 se
1341 987 1424 1015 sunt
1448 979 1507 1014 vel
1535 991 1659 1015 neces-

87 1032 194 1076 saria,
217 1030 278 1067 vel
302 1031 540 1078 repugnantia
566 1031 685 1074 saluti,
711 1043 804 1078 quae
835 1031 968 1067 cadunt
997 1032 1060 1067 sub
1089 1040 1296 1079 praecepto,
1323 1033 1382 1068 vel
1413 1033 1658 1080 prohibitione

86 1085 196 1133 legis:
214 1084 366 1128 secundo,
393 1085 478 1132 quia
504 1085 714 1131 hujusmodi
735 1094 940 1132 praecepta,
961 1085 1019 1121 vel
1053 1086 1316 1133 prohibitiones
1342 1086 1428 1122 facit
1453 1098 1520 1122 nos
1547 1087 1658 1123 libere

87 1138 253 1188 implere,
276 1138 495 1186 inquantum
520 1150 563 1174 ex
588 1138 753 1174 interiori
779 1139 950 1175 instinctu
976 1140 1114 1186 gratiae
1141 1151 1183 1174 ea
1210 1140 1424 1187 implemus;
1450 1149 1486 1176 et
1510 1150 1657 1189 propter

89 1192 182 1230 haec
202 1192 266 1229 duo
286 1191 344 1228 lex
365 1203 462 1227 nova
483 1192 613 1228 dicitur
633 1193 686 1228 kx
700 1194 865 1240 perfectae
887 1194 1050 1229 libertatis
1062 1193 1190 1239 Jacobi
1216 1205 1243 1228 1.

159 1247 222 1283 AD
235 1256 409 1282 ‘tearum
423 1246 631 1289 dicendum,
652 1247 750 1293 quod
765 1246 821 1282 lex
835 1258 932 1282 nova
950 1247 1177 1294 prohibendo
1193 1248 1356 1282 animum
1379 1248 1422 1283 ab
1444 1249 1657 1284 inordinatis

89 1300 261 1343 motibus,
278 1308 423 1347 oportet
443 1301 555 1336 etiam
579 1300 677 1347 quod
692 1300 862 1336 cohibeat
875 1312 1027 1336 manum
1048 1301 1092 1336 ab
1107 1301 1320 1337 inordinatis
1335 1302 1485 1345 actibus,
1500 1303 1658 1350 quisunt

90 1353 243 1391 effectus
261 1353 478 1390 interiorum
497 1362 679 1389 motuum.

654 1511 1004 1558 ARTICULUS
1037 1514 1093 1557 11.
1591 1540 1653 1576 573

93 1632 249 1664 urum
272 1632 358 1664 mx
379 1632 503 1664 NOVA
528 1633 843 1666 SUFFICIENTER
870 1635 1141 1666 EXTERIORES
1169 1636 1312 1667 ACTUS
1339 1637 1654 1669 ORDINAVERIT.

467 1733 572 1781 (Insr.
590 1739 655 1770 art.
676 1746 710 1780 4.
737 1740 767 1771 et
789 1735 913 1781 Quodl.
934 1748 968 1781 4.
994 1742 1058 1772 art.
1085 1749 1129 1784 13.
1152 1739 1274 1784 corp).

156 1832 219 1869 AD
239 1842 449 1869 SECUNDUM
467 1834 517 1869 sic
540 1835 759 1881 proceditur.
780 1835 942 1880 Videtur,
968 1837 1066 1884 quod
1088 1837 1145 1872 lex
1166 1849 1263 1873 nova
1284 1837 1543 1874 insufficienter
1563 1847 1657 1874 exte·

86 1886 201 1923 riores
221 1895 324 1923 actus
344 1887 583 1925 ordinaverit:
605 1889 650 1924 ad
671 1889 794 1936 legem
824 1891 922 1926 enim
943 1902 1079 1926 novam
1101 1892 1295 1939 praecipue
1314 1892 1493 1939 pertinere
1515 1893 1656 1929 videtur

85 1939 176 1977 fides
203 1951 268 1989 per
298 1940 535 1978 dilectionem
564 1954 732 1990 operans,
762 1945 964 1980 secundum
996 1944 1084 1980 illud
1115 1946 1159 1981 ad
1182 1945 1265 1981 Gal.
1291 1957 1339 1991 5.:
1363 1946 1400 1981 In
1425 1947 1558 1982 Christo
1579 1948 1655 1992 Jesu

87 2006 190 2042 neque
206 1995 416 2031 circumcisio
436 1995 565 2043 aliquid
585 1997 686 2040 valet,
712 2010 812 2044 neque
825 2000 1057 2046 praeputium,
1079 1999 1131 2034 scd
1143 1999 1236 2046 fides,
1262 2012 1344 2047 quae
1368 2007 1432 2048 pcr
1449 2000 1654 2036 dilectionem

85 2052 264 2096 operatur.-
284 2048 348 2085 sed
368 2048 426 2085 lex
446 2060 542 2085 nova
565 2050 759 2097 explicavit
773 2053 953 2099 quaedam
968 2053 1161 2095 credenda,
1175 2065 1268 2100 quae
1282 2065 1356 2088 non
1371 2062 1474 2089 erant
1492 2054 1527 2089 in
1541 2055 1654 2090 veteri

85 2101 169 2150 lege
189 2101 379 2150 explicita;
399 2102 492 2139 sicut
513 2104 558 2139 de
579 2103 649 2140 fide
672 2104 880 2148 Trinitatis;
902 2118 990 2153 ergo
1005 2107 1115 2142 etiam
1130 2107 1252 2142 debuit
1270 2108 1512 2155 superaddere
1533 2108 1654 2156 aliqua

86 2155 268 2192 exteriora
287 2167 399 2204 opera
420 2156 587 2200 moralia,
609 2169 701 2205 quae
722 2170 798 2194 non
819 2168 921 2195 erant
942 2161 976 2195 in
997 2162 1110 2196 veteri
1132 2160 1213 2207 lege
1235 2161 1485 2197 determinata.

155 2218 191 2245 2.
210 2208 450 2247 ΡιΑΕτΕιΕΑ.
471 2211 512 2246 In
541 2212 654 2247 veteri
685 2212 765 2257 lege
794 2224 868 2248 non
890 2213 1012 2249 solum
1033 2223 1117 2250 sunt
1137 2215 1297 2251 instituta
1323 2225 1563 2259 sacramenta,
1589 2217 1652 2252 sed

84 2262 197 2299 etiam
218 2261 340 2311 aliqua
374 2274 490 2308 sacra,
523 2273 562 2300 ut
582 2276 689 2313 supra
724 2266 862 2302 dictum
896 2277 949 2303 est
981 2269 1030 2315 (q.
1051 2281 1122 2305 101.
1148 2275 1214 2305 art.
1235 2281 1268 2315 4.
1289 2275 1320 2305 ee
1348 2282 1378 2317 q.
1402 2282 1471 2306 ιο).
1497 2276 1561 2306 art.
1579 2272 1651 2316 4.).-

85 2315 149 2352 sed
170 2315 208 2352 in
231 2327 330 2353 nova
350 2316 433 2365 lege
453 2319 519 2354 etsi
540 2319 612 2354 sint
631 2320 792 2355 instituta
813 2320 934 2368 aliqua
955 2332 1194 2366 sacramenta,
1216 2323 1314 2358 nulla
1336 2332 1457 2359 tamen
1480 2335 1582 2359 sacra
1604 2325 1653 2360 in-

83 2370 210 2406 stituta
230 2381 252 2406 a
270 2369 354 2407 Deo
375 2370 561 2408 videntur:
584 2381 668 2420 puta
690 2385 782 2421 quae
804 2375 1006 2421 pertineant
1019 2376 1077 2412 vel
1090 2377 1133 2412 ad
1149 2377 1476 2412 sanctificationem
1500 2378 1651 2424 alicujus

82 2422 224 2472 templi,
243 2422 304 2460 vel
321 2435 509 2469 vasorum,
526 2426 584 2462 vel
603 2427 713 2462 etiarn
732 2427 777 2462 ad
799 2427 959 2476 aliquam
980 2429 1251 2466 solemnitatem
1270 2431 1544 2475 celebrandam;
1562 2443 1651 2479 ergo

82 2475 143 2514 lex
161 2488 262 2514 nova
284 2476 545 2515 insufficienter
565 2480 742 2516 exteriora
763 2492 874 2529 opera
895 2483 1086 2519 ordinavit.

158 2542 189 2579 3.
208 2530 447 2569 Pmrmuu.
461 2533 502 2568 In
516 2534 630 2569 veteri
643 2533 724 2581 lege
738 2536 830 2571 sicut
843 2546 946 2572 erant
963 2538 1143 2585 quaedam
1165 2539 1416 2574 observantiae
1432 2540 1651 2586 pertinentes

83 2584 130 2621 ad
142 2583 217 2622 Dei
233 2585 432 2630 ministros,
444 2586 494 2623 ita
515 2588 626 2623 etiam
648 2597 751 2624 erant
770 2590 951 2637 quaedam
965 2592 1217 2628 observantiae
1239 2593 1457 2640 pertinentes
1475 2594 1518 2629 ad
1541 2605 1651 2641 popu-

82 2636 174 2682 lum,
193 2646 234 2675 ut
258 2649 369 2688 supra
395 2639 534 2676 dictum
555 2650 610 2677 est
631 2642 678 2689 (q.
696 2654 766 2679 101.
786 2648 851 2679 art.
877 2656 911 2689 4.
935 2650 966 2681 ει
986 2658 1060 2682 102.
1081 2652 1145 2681 art.
1161 2659 1191 2693 5.
1208 2652 1238 2682 ct
1265 2648 1328 2692 6.),
1352 2658 1435 2682 cum
1459 2647 1503 2682 de
1533 2659 1652 2683 caere-

83 2692 304 2730 monialibus
323 2694 455 2731 veteris
476 2694 566 2741 legis
592 2705 778 2742 ageretur:
804 2698 866 2733 sed
888 2699 925 2734 in
946 2711 1042 2735 nova
1075 2700 1156 2746 lege
1178 2701 1345 2736 videntur
1367 2701 1509 2748 aliquae
1530 2702 1650 2737 obser-

82 2746 230 2784 vantiae
249 2758 331 2784 esse
350 2747 457 2784 datae
478 2749 652 2785 ministris
672 2750 754 2793 Dei,
776 2759 815 2787 ut
835 2760 933 2799 patet
953 2753 1080 2789 Matth.
1109 2765 1181 2790 10.:
1209 2755 1317 2790 Nolite
1335 2755 1499 2803 possidere
1511 2767 1648 2798 aurum,

82 2811 186 2849 neque
208 2806 396 2849 matum,
412 2811 515 2850 nequ
527 2805 687 2851 pecunias
707 2806 742 2840 in
757 2807 845 2852 zonis
857 2809 985 2850 vestris,
1008 2816 1044 2843 et
1065 2816 1219 2850 caetera,
1246 2820 1339 2856 quae
1366 2809 1412 2844 ibi
1439 2817 1647 2857 sequuntur,

82 2861 120 2891 et
137 2864 233 2902 quae
253 2850 421 2892 &annu
442 2855 532 2892 Luc.
551 2867 586 2905 9.
608 2864 645 2893 et
675 2868 748 2900 10.;
767 2870 856 2904 ergo
874 2860 983 2896 etiam
1005 2859 1205 2897 debuerunt
1227 2862 1367 2911 aliquae
1397 2863 1647 2900 observantiae

83 2906 222 2954 institui
239 2907 278 2946 in
296 2919 396 2947 nova
415 2907 498 2958 lege
519 2910 564 2946 ad
585 2910 761 2960 populum
782 2911 926 2949 fidelem
949 2915 1179 2962 pertinentes.
