1875 3198
234 172 319 225 766
676 182 897 218 QUAEsTlo
933 183 1004 213 c11.
1039 183 1283 213 ARthULus
1318 184 1356 212 v.

232 263 458 309 quadratum,
481 272 514 298 et
536 265 737 311 ponebatur
759 265 793 299 in
816 274 975 311 pectore,
999 273 1033 299 et
1055 265 1343 311 conjungebatur
1376 264 1682 311 superhumerali:
1705 272 1740 299 et
1760 265 1796 298 in

231 317 302 351 hoc
336 318 498 352 rationali
532 326 634 352 erant
658 319 827 353 duodecim
854 319 975 365 lapides
1002 320 1139 365 pretiosi
1164 319 1307 353 distincti
1326 325 1389 365 per
1414 324 1558 365 quatuor
1583 318 1723 361 ordines,
1758 318 1794 352 in

230 371 356 417 quibus
380 371 488 405 ctiam
511 371 650 418 sculpta
672 380 773 406 erant
794 373 943 406 nomina
974 371 1132 406 filiorum
1162 371 1284 413 Israel,
1319 372 1421 418 quasi
1455 372 1499 406 ad
1533 371 1795 418 designandum

230 424 327 470 quod
348 424 455 459 ferret
477 437 567 459 onus
590 426 699 459 totius
722 425 858 471 populi,
882 437 945 470 per
965 425 1037 459 hoc
1060 425 1156 471 quod
1179 425 1334 460 habebat
1359 425 1510 459 nomina
1531 436 1658 459 eorum
1680 425 1716 459 in
1736 425 1800 459 hu-

231 478 351 520 meris,
374 486 408 511 et
430 478 526 524 quod
548 479 678 524 jugiter
701 479 852 513 debebat
874 479 917 513 de
940 490 1067 512 eorum
1090 478 1204 513 salute
1227 479 1400 524 cogitare,
1423 490 1485 525 per
1506 479 1576 513 hoc
1599 479 1696 525 quod
1722 489 1800 525 por-

229 532 328 566 tabat
349 543 411 565 eos
433 532 468 565 in
491 540 648 578 pectore,
671 533 773 578 quasi
795 532 831 565 in
854 533 963 566 corde
985 533 1139 567 habens:
1162 532 1197 566 in
1214 544 1286 578 quo
1301 533 1411 567 etiam
1425 533 1586 567 rationali
1611 532 1798 566 mandavit

230 585 412 619 Dominus
434 586 520 631 poni
541 585 740 627 doctrinam,
765 593 798 620 et
819 588 991 620 veritatem
1004 599 1014 620 ,·
1035 586 1117 632 quia
1131 586 1310 632 quaedam
1324 586 1538 632 pertinentia
1553 586 1595 620 ad
1609 586 1799 620 veritatem
1846 615 1849 617 a

230 639 396 684 justitiae,
419 647 454 673 et
475 639 659 673 doctrinae
679 640 926 674 scribebantur
946 641 981 674 in
1004 639 1066 674 illo
1090 640 1261 674 rationali.
1292 640 1418 685 Judaei
1440 647 1562 674 tamen
1583 639 1799 680 fabulantur,

231 692 327 738 quod
349 692 385 726 in
408 693 566 727 rationali
588 701 663 727 erat
684 693 785 739 lapis,
809 693 870 739 qui
903 693 1105 728 secundum
1140 693 1301 728 diversos
1336 693 1478 728 colores
1512 693 1717 728 mutabatur
1750 704 1802 727 se-

232 746 391 780 cundum
413 746 565 788 diversa,
587 758 679 792 quae
702 747 880 781 debebant
902 747 1065 781 accidere
1088 747 1170 781 filiis
1184 747 1313 782 Israel:
1331 755 1365 782 et
1378 747 1450 782 hoc
1464 754 1599 782 vocant
1611 748 1798 789 veritatem,

232 807 267 834 et
286 799 493 835 doctrinam:
518 800 683 846 quintum
708 808 783 835 erat
805 801 959 844 baltheus,
981 801 1073 835 idest
1096 800 1261 847 cingulus
1284 801 1431 847 quidam
1453 800 1569 835 factus
1591 812 1634 835 ex
1661 800 1801 847 praedi-

232 853 297 887 ctis
320 861 474 899 quatuor
501 853 702 889 coloribus:
726 862 866 888 sextum
889 862 964 888 erat
986 856 1089 897 tiara,
1118 855 1209 889 idest
1244 855 1350 889 mitra
1384 854 1563 901 quaedam
1596 854 1639 888 de
1673 855 1800 900 bysso:

231 907 426 952 septimum
449 915 569 941 autem
592 915 668 942 erat
686 908 814 942 lamina
836 920 950 950 aurea,
974 908 1134 954 pendens
1156 908 1191 942 in
1214 907 1333 942 fronte
1356 909 1444 954 ejus,
1464 908 1501 942 in
1522 919 1592 954 qua
1619 915 1695 942 erat
1719 907 1802 942 scri-

231 969 333 1006 ptum
355 972 490 995 nomen
515 961 684 995 Domini:
709 969 881 996 octavum
915 970 1037 996 autem
1071 970 1171 996 erant
1198 962 1383 1008 femoralia
1416 962 1514 1004 linea,
1549 969 1588 996 ut
1621 961 1801 1008 operirent

231 1026 378 1049 carnem
399 1015 626 1061 turpitudinis
648 1027 746 1058 suae,
768 1015 913 1062 quando
948 1016 1137 1050 accederet
1159 1016 1201 1050 ad
1225 1015 1494 1057 Sanctuarium,
1515 1014 1573 1049 vel
1596 1015 1639 1049 ad
1661 1014 1798 1049 Altare.

230 1068 281 1102 Ex
303 1069 378 1103 istis
400 1077 522 1103 autem
537 1074 606 1104 octo
623 1069 847 1104 ornamentis
866 1070 1026 1104 minores
1046 1069 1263 1104 Sacerdotes
1281 1069 1464 1104 habebant
1480 1073 1633 1115 quatuor,
1654 1067 1800 1103 scilicet:

229 1123 377 1156 naricam
396 1122 530 1165 lineam,
547 1123 737 1168 femoralia,
762 1124 937 1165 lzaltheam,
958 1131 992 1158 et
1014 1124 1148 1158 tiaram.
1173 1123 1314 1157 Horum
1337 1130 1637 1157 ornamentorum
1655 1121 1801 1168 quidam

228 1176 408 1210 rationem
430 1175 609 1211 literalem
632 1177 828 1223 assignant,
851 1177 1011 1211 dicentes
1034 1177 1130 1223 quod
1152 1176 1188 1210 in
1211 1177 1286 1211 istis
1305 1178 1529 1211 ornamentis
1548 1175 1803 1222 designabatur

229 1229 418 1276 dispositio
441 1230 536 1264 orbis
557 1238 746 1273 terrarum,
777 1231 879 1277 quasi
914 1230 1080 1265 Pontifex
1108 1238 1378 1277 protestaretur,
1411 1242 1451 1265 se
1486 1241 1563 1265 esse
1596 1229 1800 1264 ministrum

230 1283 415 1318 Creatoris
437 1284 582 1326 mundi;
606 1284 699 1318 unde
722 1284 832 1318 etiam
855 1284 939 1330 Sap.
979 1284 1029 1318 18.
1065 1284 1205 1326 dicitur,
1229 1285 1325 1330 quod
1348 1286 1383 1318 in
1404 1289 1488 1319 veste
1517 1284 1636 1319 Aaron
1654 1288 1726 1318 erat
1751 1283 1804 1318 de-

230 1339 366 1383 scriptas
388 1338 475 1372 orias
497 1343 663 1372 tari-aram
677 1351 687 1374 .·
710 1350 796 1372 nam
810 1339 996 1384 fianoralia
1018 1338 1104 1372 linea
1129 1337 1333 1384 figurabant
1353 1345 1499 1380 terram,
1522 1349 1565 1372 ex
1587 1349 1657 1384 qua
1687 1337 1802 1372 linum

230 1391 406 1425 nascitur:
430 1392 548 1426 balam?
575 1392 856 1426 circumvolutio
887 1391 1115 1438 significabat
1138 1391 1343 1434 Oceanum,
1366 1392 1427 1438 qui
1449 1391 1705 1437 circumcingit
1733 1400 1803 1425 ter-

230 1456 328 1479 ram:
364 1447 475 1480 tunica
509 1446 723 1492 hyacinthina
744 1457 810 1480 suo
834 1445 958 1480 colore
981 1445 1207 1491 significabat
1226 1449 1359 1488 aerem,
1379 1457 1442 1492 per
1460 1446 1560 1492 cujus
1580 1445 1803 1480 tintinnabula

231 1499 527 1545 significabantur
547 1500 718 1542 tonitrua,
741 1512 803 1547 per
826 1501 914 1534 mala
935 1505 1080 1545 granata
1104 1500 1391 1534 coruscationes:
1413 1499 1681 1546 superhumerale
1713 1510 1801 1533 vero

232 1553 458 1599 significabat
479 1565 543 1588 sua
565 1554 738 1588 varietate
761 1553 907 1588 coelum
929 1554 1142 1600 sydereum:
1166 1554 1228 1588 (iao
1257 1554 1410 1599 onychini
1432 1553 1504 1587 duo
1522 1552 1802 1599 hemisphaeria,

231 1608 288 1642 vel
312 1607 449 1650 Solem,
473 1617 507 1643 et
529 1609 687 1643 Lunam:
719 1609 886 1643 duodecim
919 1619 1089 1654 gemmae
1111 1609 1147 1642 in
1170 1616 1316 1654 pectore
1339 1608 1535 1642 duodecim
1557 1608 1660 1653 signa
1682 1607 1717 1641 in
1737 1607 1801 1641 Zo-

231 1663 348 1704 diaco,
371 1674 461 1708 quae
485 1663 694 1697 dicebantur
713 1663 830 1709 posita
852 1663 887 1696 in
912 1663 1085 1705 rationali,
1120 1663 1204 1709 quia
1225 1662 1261 1696 in
1285 1661 1501 1696 coelestibus
1531 1669 1614 1696 sunt
1644 1661 1802 1695 rationes

229 1724 468 1759 terrenorum,
491 1717 691 1751 secundum
714 1716 802 1750 illud
820 1716 887 1762 Job
914 1717 986 1762 38.:
1010 1716 1183 1762 Namqaicl
1204 1717 1287 1750 nosti
1309 1715 1459 1750 ordinem
1481 1715 1573 1758 coeli,
1593 1720 1623 1750 et
1634 1721 1735 1762 pones
1750 1726 1805 1749 ra-

230 1771 349 1804 tionem
368 1772 436 1816 ejas
463 1771 495 1804 ia
523 1772 638 1805 terra?
659 1770 794 1805 Cirlaris
813 1777 946 1811 autem,
967 1769 1025 1804 vel
1045 1771 1134 1805 tiara
1156 1769 1383 1816 significabat
1401 1768 1547 1804 coelum
1569 1779 1802 1815 empyreum:

229 1823 357 1858 lamina
378 1835 480 1858 aarm
501 1824 622 1858 Deum
646 1824 815 1858 omnibus
839 1823 1116 1870 praesidentem.

301 1877 475 1923 Figuralis
497 1889 584 1912 vero
607 1878 697 1913 ratio
720 1877 910 1912 manifesta
930 1885 1000 1912 est:
1020 1889 1106 1912 narn
1122 1876 1301 1919 maculae,
1319 1876 1378 1911 vel
1394 1876 1554 1912 defectus
1577 1875 1798 1923 corporales,

231 1943 249 1966 a
272 1932 400 1978 quibus
423 1932 601 1966 debebant
615 1932 821 1966 sacerdotes
844 1943 921 1966 esse
943 1932 1137 1974 immunes,
1160 1931 1366 1977 significant
1387 1930 1527 1965 diversa
1549 1930 1646 1973 vitia,
1669 1938 1704 1965 et
1724 1941 1804 1976 pec-

231 1993 321 2028 cata,
345 1986 471 2032 quibus
493 1986 625 2020 debent
640 1997 777 2020 carere:
802 1985 1012 2032 prohibetur
1024 1985 1124 2020 enim
1140 1996 1218 2019 esse
1240 1996 1364 2027 (crocus,
1381 1984 1471 2019 idest
1486 1995 1530 2018 ne
1546 1984 1589 2019 sit
1611 1984 1802 2031 ignorans;

230 2051 275 2073 ne
302 2039 346 2074 sit
367 2039 513 2082 claudas,
542 2039 633 2073 idest
659 2039 846 2081 instabilis,
875 2047 910 2073 et
937 2039 980 2073 ad
1012 2039 1152 2073 diversa
1174 2050 1212 2073 se
1243 2038 1440 2073 inclinans:
1466 2049 1512 2072 ne
1539 2038 1583 2072 sit
1598 2044 1721 2084 parvo,
1743 2037 1801 2071 vel

227 2093 361 2137 grandi,
383 2093 441 2127 vel
468 2098 550 2128 torto
574 2105 662 2135 naso,
687 2093 778 2128 idest
803 2105 848 2127 ne
871 2104 934 2139 per
961 2091 1144 2127 defectum
1167 2092 1395 2127 discretionis
1420 2091 1479 2126 vel
1505 2091 1541 2126 in
1568 2090 1660 2138 plus,
1680 2090 1738 2125 vel
1765 2091 1801 2125 in

231 2147 349 2181 minus
371 2147 532 2189 excedat,
555 2155 615 2181 aut
637 2147 746 2181 etiam
781 2147 900 2193 aliqua
923 2158 1032 2193 prava
1059 2154 1242 2181 exerceat:
1264 2158 1326 2193 per
1353 2157 1483 2181 nasum
1505 2147 1602 2180 enim
1630 2145 1801 2180 discretio

231 2201 449 2247 designatur,
468 2201 551 2247 quia
574 2209 627 2235 cst
648 2201 859 2235 discretivus
883 2201 1024 2235 odoris:
1047 2212 1092 2235 ne
1119 2200 1163 2234 sit
1176 2201 1294 2246 fracto
1316 2200 1408 2246 pecie,
1430 2200 1482 2234 vel
1503 2210 1618 2241 manu,
1645 2199 1737 2234 idest
1757 2209 1802 2233 ne

232 2255 372 2289 amittat
393 2255 562 2289 virtutem
584 2255 674 2289 bene
698 2254 882 2301 operandi,
904 2254 962 2288 vel
984 2253 1199 2300 procedendi
1224 2254 1259 2288 in
1282 2254 1412 2288 virtute
1436 2253 1496 2299 [al.
1524 2255 1558 2288 in
1583 2253 1800 2297 virtatilms]:

230 2310 436 2355 repudiatur
455 2309 564 2343 etiam
586 2310 612 2343 51'
631 2309 746 2343 habeat
765 2310 899 2354 gidarum
919 2308 971 2343 *vel
992 2313 1076 2349 anlr’,
1096 2308 1149 2342 vol
1172 2313 1269 2350 retro,
1294 2319 1357 2354 per
1379 2319 1488 2354 quem
1510 2306 1732 2353 significatur
1749 2317 1803 2341 su-

230 2363 386 2409 perfluus
405 2374 509 2397 amor
528 2369 779 2397 terrenorum:
799 2362 827 2395 si
851 2370 903 2396 est
921 2362 1039 2408 lipklvas,
1060 2361 1150 2396 idest
1172 2373 1234 2408 per
1266 2360 1449 2395 carnalem
1469 2360 1639 2395 affectum
1659 2361 1734 2406 ejus
1753 2360 1802 2393 in-

231 2417 381 2460 genium
408 2416 638 2450 obscuratur:
667 2415 846 2460 contingit
873 2415 970 2449 enim
993 2414 1168 2461 lippitudo
1196 2426 1239 2449 ex
1263 2414 1359 2448 {luxu
1386 2414 1571 2448 humoris:
1595 2413 1803 2460 repudiatur

231 2471 352 2512 etiam,
379 2470 407 2504 si
435 2470 549 2504 habeat
571 2470 758 2515 allmgiwn.
782 2470 814 2502 in
842 2470 948 2511 (walo,
978 2469 1068 2503 idest
1090 2468 1424 2515 praesumptionem
1452 2467 1620 2502 candoris
1646 2466 1802 2512 justitiae

231 2524 265 2558 in
288 2536 351 2558 sua
367 2524 604 2568 cogitatione:
625 2523 830 2569 repudiatur
845 2523 966 2565 etiam,
986 2523 1015 2557 si
1030 2523 1266 2568 lialicatjaaum
1282 2522 1435 2563 scalam,
1453 2521 1543 2555 idest
1565 2520 1802 2567 petulantiam

231 2579 365 2612 carnis:
395 2586 429 2612 et
450 2578 477 2611 si
501 2579 654 2612 smirna-it
674 2578 906 2623 impetiginem,
931 2588 1022 2622 quae
1045 2577 1121 2610 sine
1144 2575 1270 2610 dolore
1294 2586 1424 2621 corpus
1447 2582 1614 2620 occupat,
1636 2582 1671 2608 et
1692 2584 1804 2608 mem-

229 2633 376 2667 brorum
393 2633 563 2666 decorem
584 2631 720 2673 soedat;
736 2642 797 2676 per
817 2642 925 2676 quam
943 2630 1090 2664 avaritia
1106 2630 1331 2675 designatur:
1350 2637 1384 2663 et
1403 2628 1513 2663 etiam
1531 2629 1559 2662 si
1573 2629 1614 2663 sit
1624 2628 1800 2668 herniosus,

230 2687 281 2720 ¹wl
296 2685 506 2732 poncia-osas,
525 2685 584 2731 qui
600 2684 737 2718 scilicet
759 2691 873 2729 gestat
892 2684 1032 2729 pondus
1054 2683 1284 2729 turpitudinis
1306 2683 1341 2716 in
1361 2682 1482 2723 corde,
1504 2681 1589 2716 licet
1610 2692 1684 2715 non
1704 2691 1804 2715 exer-

232 2748 311 2774 ceat
337 2740 372 2773 in
400 2738 524 2785 opere:
553 2750 614 2785 per
641 2745 853 2773 ornamenta
880 2749 966 2771 vero
996 2737 1229 2781 designantur
1257 2736 1404 2770 virtutes
1433 2735 1683 2769 ministrorum
1710 2734 1799 2769 Dei:
1849 2742 1854 2749 '

232 2803 314 2829 sunt
329 2802 448 2828 autem
468 2799 622 2839 aimanor,
643 2804 734 2839 quae
749 2800 830 2826 sunt
849 2792 1073 2826 necessariae
1091 2791 1260 2825 omnibus
1276 2790 1465 2824 ministris:
1485 2788 1643 2823 scilicet:
1659 2789 1800 2829 castitas,

233 2860 324 2894 quae
347 2848 569 2894 significatur
588 2858 650 2893 per
664 2847 1004 2893 fivnoralia:paritas
1018 2857 1105 2879 vero
1123 2846 1224 2885 vitae,
1242 2855 1333 2890 quac
1356 2842 1580 2887 significatur
1600 2853 1665 2889 per
1679 2842 1799 2876 lineam

232 2903 399 2937 tunicam:
424 2902 601 2936 ιηοιΙκνιιΙῘο
637 2899 874 2941 discretionis,
909 2909 999 2944 quae
1022 2898 1245 2943 significatur
1271 2909 1333 2943 per
1359 2897 1550 2943 cingulum:
1579 2904 1614 2930 ct
1642 2895 1801 2931 rectitudo
