1907 3182
242 186 323 228 194
641 182 862 219 QUAESTIO
894 182 1016 212 XXIII.
1049 181 1294 213 ARTICULUS
1326 181 1384 211 IV.

233 265 337 301 batur
351 266 395 301 ad
408 265 543 300 locum.
562 265 607 299 Et
620 264 784 299 similiter
802 263 1078 311 intelligendum
1093 271 1146 298 est
1164 262 1207 297 de
1219 274 1327 297 causa
1343 262 1569 310 repulsionis.
1580 263 1621 298 In
1634 263 1792 299 motibus

235 327 357 354 autem
371 319 586 366 appetitivae
603 318 711 365 partis
730 320 852 353 bonum
861 318 971 352 habet
985 317 1086 364 quasi
1099 317 1269 351 virtutem
1285 317 1657 359 attractivam,malum
1672 325 1793 351 autem

235 373 405 408 virtutem
427 372 657 419 repulsivam.
683 372 828 406 Bonum
850 382 937 417 ergo
953 373 1067 417 primo
1089 370 1125 404 in
1144 369 1305 416 potentia
1328 370 1521 416 appetitiva
1536 378 1659 405 causat
1672 381 1795 416 quam-

235 427 318 461 dam
340 426 627 468 inclinationem,
649 437 712 460 seu
735 425 982 471 aptitudinem,
1005 435 1067 458 seu
1091 422 1431 457 connaturalitatem
1457 424 1500 458 ad
1521 424 1670 466 bonum,
1696 423 1793 470 quod

234 480 387 526 pertinet
409 480 452 514 ad
474 480 684 526 passionem
706 479 851 520 amoris,
875 478 933 512 cui
954 489 1016 524 per
1038 477 1259 511 contrarium
1282 477 1474 522 respondet
1488 478 1612 512 odium
1634 489 1676 512 ex
1694 485 1793 524 parte

234 533 332 568 mali.
353 533 512 576 Secundo,
530 533 558 567 si
579 533 717 566 bonum
740 532 785 566 sit
805 532 968 565 nondum
986 531 1162 572 habitum,
1182 530 1241 564 dat
1255 530 1288 564 ei
1306 538 1447 564 motum
1466 531 1508 565 ad
1531 531 1795 577 assequendum

234 587 372 622 bonum
388 595 568 621 amatum:
589 594 623 620 et
636 586 706 619 hoc
727 585 880 631 pertinet
899 584 942 618 ad
961 584 1169 630 passionem
1188 583 1365 626 desiderii,
1383 584 1441 618 vel
1459 584 1792 630 concupiscentiae:

235 649 269 675 et
291 653 332 675 ex
354 641 522 687 opposito
545 651 587 674 ex
605 647 703 685 parte
726 638 813 672 mali
835 647 887 672 est
908 637 1004 683 fuga,
1026 637 1084 671 vel
1106 637 1341 671 abominatio.
1371 637 1495 680 Tertio,
1519 649 1603 672 cum
1625 638 1794 684 adeptum

234 693 340 728 fuerit
358 694 508 735 bonum,
530 694 589 727 dat
612 692 788 738 appetitus
811 691 1074 738 quietationem
1096 690 1294 736 quamdam
1311 690 1347 724 in
1369 690 1448 736 ipso
1469 691 1567 725 bono
1591 690 1740 737 adepto:
1760 699 1795 725 et

234 748 305 782 hoc
327 747 480 794 pertinet
502 747 545 780 ad
567 746 857 787 delectationem,
879 744 937 779 vel
952 744 1138 790 gaudium,
1161 744 1219 778 cui
1241 744 1435 790 opponitur
1450 755 1491 778 ex
1513 751 1612 790 parte
1627 744 1715 778 mali
1735 744 1795 778 do-

235 800 301 842 lor,
322 800 380 835 vel
400 800 552 835 tristitia.
574 800 615 833 In
636 798 864 845 passionibus
887 806 1009 832 autem
1026 796 1215 831 irascibilis
1234 797 1534 843 praesupponitur
1551 796 1697 842 quidem
1711 797 1796 843 apti-

234 855 332 896 tudo,
354 854 412 888 vel
432 853 619 888 inclinatio
643 853 685 886 ad
708 851 1003 898 prosequendum
1023 851 1173 892 bonum,
1191 850 1249 884 vel
1267 850 1480 896 fugiendum
1497 849 1636 899 malum
1653 861 1696 884 ex
1713 861 1795 884 con-

236 908 445 955 cupiscibili,
468 919 558 953 quae
582 906 743 941 absolute
757 905 900 951 respicit
916 906 1047 946 bonnm,
1063 903 1122 938 vel
1136 905 1281 939 malum:
1305 912 1339 938 et
1353 912 1516 950 respectu
1533 904 1621 938 boni
1632 903 1796 938 nondum

237 962 356 1008 adepti
378 968 430 995 est
444 972 535 1007 spes,
552 968 585 994 et
607 959 808 1005 desperatio
825 970 832 992 z
852 966 1017 1004 respectu
1040 965 1161 992 autem
1183 957 1271 992 mali
1296 958 1461 992 nondum
1481 957 1670 1004 injacentis
1686 965 1739 991 est
1759 957 1798 991 ti-

236 1027 328 1057 mor,
350 1023 385 1049 et
406 1015 573 1055 audacia3
596 1021 760 1060 respectu
784 1020 904 1046 autem
926 1012 1013 1046 boni
1035 1012 1154 1058 adepti
1175 1023 1249 1045 non
1272 1020 1325 1046 est
1347 1011 1466 1058 aliqua
1483 1011 1604 1058 passio
1622 1011 1659 1045 in
1677 1011 1798 1045 irasci-

235 1069 308 1111 bili,
331 1069 413 1114 quia
434 1069 507 1113 jam
534 1079 609 1101 non
630 1067 739 1101 habet
765 1066 945 1100 rationem
972 1065 1086 1107 ardui,
1113 1073 1150 1100 ut
1175 1077 1281 1112 supra
1303 1066 1440 1100 dictum
1462 1073 1515 1100 est
1541 1066 1620 1111 (art.
1638 1066 1796 1112 praec.):

236 1122 297 1158 sed
320 1134 362 1156 ex
383 1122 481 1156 malo
503 1122 577 1167 jam
599 1120 771 1167 injacenti
791 1120 951 1166 sequitur
972 1119 1091 1166 passio
1113 1119 1198 1154 irae.
1223 1119 1283 1154 Sic
1306 1120 1414 1166 igitur
1431 1127 1539 1166 patet,
1554 1120 1650 1166 quod
1664 1119 1700 1153 in
1716 1130 1798 1154 con-

237 1176 437 1222 cupiscibili
458 1183 538 1209 sunt
561 1180 621 1210 tres
644 1173 919 1220 conjugationes
941 1173 1170 1219 passionum3
1193 1172 1352 1208 scilicet:
1375 1185 1484 1216 amor,
1507 1181 1542 1208 et
1562 1172 1673 1208 odium
1682 1185 1694 1214 ;
1722 1172 1799 1208 desi-

236 1230 376 1272 derium,
393 1229 542 1275 etsuga;
563 1229 736 1274 gandium,
760 1236 794 1262 et
816 1228 960 1262 tristitia.
985 1226 1158 1275 Similiter
1178 1227 1214 1260 in
1236 1227 1407 1262 irascibili
1428 1235 1511 1262 sunt
1533 1232 1614 1268 tres‚·
1641 1226 1796 1262 scilicet:

235 1290 313 1330 spes,
336 1291 370 1317 et
391 1283 568 1329 desperatio
583 1295 595 1323 ;
621 1283 732 1324 timor,
756 1290 790 1315 et
811 1281 953 1315 audacia
967 1293 979 1321 ;
1003 1288 1036 1314 et
1059 1281 1122 1322 ira,
1143 1280 1201 1314 cui
1221 1280 1320 1315 nulla
1341 1281 1461 1328 passio
1484 1281 1693 1328 opponitur:
1716 1288 1798 1315 sunt

237 1349 324 1383 ergo
347 1348 474 1372 omnes
496 1336 682 1383 passiones
704 1335 823 1382 specie
846 1334 1051 1369 differentes
1073 1334 1245 1369 undecim:
1272 1347 1325 1369 sex
1347 1334 1492 1381 quidem
1514 1335 1550 1369 in
1577 1334 1799 1381 concupisci-

237 1391 311 1433 bili,
330 1399 365 1425 et
385 1392 525 1437 quinque
547 1391 582 1424 in
604 1389 785 1431 irascibili,
808 1389 871 1423 sub
895 1389 1024 1434 quibus
1047 1399 1174 1423 omnes
1191 1389 1333 1423 animae
1351 1389 1538 1435 passiones
1556 1388 1796 1423 continentur.

310 1444 354 1479 Et
374 1456 436 1491 per
456 1444 527 1478 hoc
549 1452 645 1491 patet
666 1442 853 1490 responsio
875 1453 925 1477 AD
949 1452 1124 1488 ossJECTA.

733 1786 1088 1848 QUAESTIO
1122 1785 1310 1834 XXIV.

452 1923 515 1954 DE
541 1922 683 1962 BONO,
713 1923 772 1954 ET
804 1922 937 1953 MALO
970 1921 1022 1952 IN
1053 1921 1241 1952 ANIMAE
1267 1920 1583 1961 PASSIONIBUS,

619 1994 669 2025 IN
697 1994 924 2034 QUATUOR
955 1992 1217 2024 ARTICULOS
1250 1993 1425 2025 DIVISA.

312 2135 452 2170 Deinde
472 2134 774 2169 considerandum
797 2141 849 2168 est
871 2133 913 2167 de
935 2133 1045 2175 bono,
1068 2140 1102 2167 et
1122 2131 1221 2167 malo
1245 2132 1340 2166 circa
1357 2131 1544 2178 passiones
1563 2131 1717 2166 animae.

700 2225 742 2259 Et
763 2226 853 2259 circa
875 2224 932 2258 hoc
955 2228 1158 2269 quaeruntur
1179 2227 1332 2269 quatuor.

314 2297 448 2331 Primo.
480 2296 611 2331 Utrum
636 2296 786 2338 bonum,
814 2303 847 2330 et
873 2294 1011 2329 malum
1039 2294 1178 2329 morale
1204 2294 1317 2341 possit
1343 2294 1379 2328 in
1405 2293 1631 2341 passionibus
1658 2293 1800 2329 animae

243 2362 405 2386 mvenm.

315 2404 494 2439 Secundo.
523 2404 653 2438 Utrum
676 2403 794 2437 omnis
817 2403 935 2450 passio
959 2402 1101 2436 animae
1124 2402 1168 2436 sit
1189 2401 1285 2436 mala
1307 2401 1502 2436 moraliter.

315 2457 452 2492 Tertio.
476 2458 606 2492 Utrum
626 2459 744 2492 omnis
766 2457 885 2503 passio
909 2456 1026 2498 addat,
1048 2456 1104 2490 vel
1127 2456 1304 2490 diminuat
1326 2456 1368 2490 ad
1390 2455 1603 2498 bonitatem,
1623 2453 1683 2489 vel
1703 2453 1803 2489 mali-

243 2513 330 2547 tiam
354 2520 463 2546 actus.

317 2565 469 2606 Quarto.
493 2565 622 2600 Utrum
647 2564 764 2610 aliqua
787 2564 905 2611 passio
928 2563 971 2598 sit
993 2563 1098 2605 bona,
1120 2562 1178 2597 vel
1200 2562 1295 2597 mala
1317 2574 1359 2597 ex
1377 2573 1440 2597 sua
1462 2562 1593 2609 specie.
