1907 3198
452 233 676 271 QUAESTIO
711 235 921 266 LXXXVIII.
955 236 1202 268 ARTICULUS
1236 237 1263 268 1.
1524 241 1531 246 '
1555 229 1638 284 627

496 477 854 540 QUAESTIO
877 481 1209 545 LXXXVIII.

64 599 129 632 DE
154 599 368 634 PECCATO
394 601 606 642 VENIALI,
636 603 696 635 ET
721 604 949 645 MORTALI,
980 606 1031 638 IN
1051 606 1141 639 SEX
1167 607 1432 640 ARTICULOS
1459 608 1635 641 DIVISA.

134 739 277 776 Deinde
287 741 371 789 quia
384 751 576 790 peccatum
591 744 744 789 veniale,
761 754 795 781 et
810 747 964 783 mortale
979 748 1249 795 distinguuntur
1262 749 1464 785 secundum
1483 758 1638 794 reatum,

63 793 371 831 considerandum
393 804 447 832 est
467 797 510 832 de
537 797 600 833 eis.
627 797 672 834 Et
688 801 801 846 primo
827 801 1134 837 considerandum
1164 811 1218 838 est
1238 803 1282 839 de
1303 803 1437 839 veniali
1454 815 1518 851 per
1539 815 1639 840 com-

62 846 292 894 parationem
313 848 358 884 ad
380 849 552 886 mortale:
573 852 712 888 sactmdo
739 852 783 888 de
810 854 943 890 veniali
965 856 1166 891 secundum
1189 868 1238 893 se.

557 940 659 977 Circa
674 944 827 989 primum
846 950 1053 991 quaerunlur
1066 958 1131 983 sex.

131 1006 270 1044 Primo.
292 1008 425 1045 Utrum
446 1010 589 1046 veniale
611 1021 805 1060 peccatum
825 1017 1085 1053 convenienter
1106 1017 1286 1054 dividatur
1307 1027 1434 1055 contra
1452 1019 1620 1055 mortale.

133 1060 317 1098 Secundo.
340 1062 475 1099 Utrum
501 1065 768 1113 distinguantur
789 1080 936 1115 genere.

133 1112 273 1151 Tertio.
296 1115 429 1152 Utrum
449 1118 592 1154 veniale
614 1129 808 1166 peccatum
829 1124 875 1158 sit
895 1123 1086 1170 dispositio
1109 1125 1152 1160 ad
1180 1126 1346 1162 mortale.

132 1167 288 1210 Quarto.
311 1169 445 1206 Utrum
465 1171 608 1208 veniale
629 1183 822 1220 peccatum
844 1177 957 1223 possit
978 1177 1054 1212 fieri
1077 1179 1243 1215 mortale.

132 1220 287 1264 Quinto.
309 1223 443 1260 Utrum
464 1225 737 1263 circumstantia
758 1240 963 1277 aggravans
984 1232 1099 1278 possit
1121 1233 1165 1268 de
1186 1233 1319 1269 veniali
1340 1242 1493 1281 peccato
1513 1234 1633 1272 facere

40 1274 226 1313 mortale.

153 1327 277 1367 Sexto.
298 1330 434 1367 Utrum
454 1341 648 1380 peccatum
670 1335 825 1372 mortale
846 1337 960 1384 possit
980 1337 1057 1374 fieri
1078 1339 1234 1376 veniale.

643 1465 992 1513 ARTICULUS
1026 1469 1060 1513 Ι.
1557 1484 1629 1529 468

194 1569 348 1602 UTRUM
378 1571 567 1604 VENIALE
598 1574 839 1607 PECCATUM
871 1578 1213 1613 CONVENIENTER
1241 1583 1488 1614 DIVIDATUR

629 1639 809 1672 CONTRA
835 1644 1060 1676 MORTALE.

163 1721 211 1767 (2.
231 1723 322 1760 Dist.
341 1735 399 1771 42.
419 1737 451 1772 q.
471 1738 500 1762 1.
521 1732 588 1763 art.
605 1739 634 1774 3.
652 1734 681 1764 et
698 1729 755 1764 lib.
772 1742 801 1777 3.
826 1731 942 1767 Contr.
963 1745 994 1780 g.
1017 1740 1090 1781 cap.
1111 1746 1179 1782 139.
1189 1736 1254 1782 fin.
1275 1741 1305 1772 et
1325 1748 1393 1784 143.
1415 1742 1481 1772 art.
1504 1750 1532 1774 1.

634 1787 666 1818 et
686 1783 771 1818 Mal.
793 1796 824 1831 q.
847 1796 876 1832 7.
899 1792 965 1822 art.
988 1789 1043 1834 1.).

125 1863 187 1901 An
207 1875 359 1903 Panum
379 1867 431 1903 sic
462 1870 682 1916 proceditur.
710 1872 869 1917 Videtur,
891 1875 989 1922 quod
1011 1877 1154 1912 veniale
1174 1887 1366 1925 peccatum
1397 1891 1472 1915 non
1503 1892 1634 1917 conve-

52 1917 194 1954 nienter
213 1919 395 1957 dividatur
416 1931 544 1958 contra
566 1925 740 1961 mortale:
760 1927 847 1962 dicit
868 1929 966 1964 enim
989 1930 1145 1977 August.
1169 1942 1224 1966 22.
1240 1932 1299 1967 lib.
1315 1942 1441 1968 contra
1457 1933 1631 1970 Faustum

54 1969 146 2021 (cap.
158 1983 215 2021 27.
232 1974 268 2010 in
281 1975 436 2023 princ.).·
450 1975 625 2013 Peccatum
646 1984 690 2014 est
711 1979 850 2024 dictum,
865 1983 918 2017 vel
928 1983 1074 2030 sactum,
1097 1985 1150 2020 val
1167 1988 1378 2033 concupitum
1397 1994 1514 2023 contra
1533 1989 1631 2035 legem

51 2029 243 2062 aeternam:
261 2027 326 2064 sed
348 2039 427 2065 esse
442 2038 569 2066 contra
583 2031 704 2079 legem
720 2045 920 2078 aeternam,
934 2036 994 2071 dat
1012 2046 1163 2084 peccato
1178 2040 1274 2086 quod
1291 2040 1337 2075 sit
1351 2041 1524 2086 mortale;
1543 2055 1631 2089 ergo

52 2088 164 2116 omne
197 2089 391 2129 peccatum
412 2091 468 2119 est
487 2085 662 2130 mortale;
691 2098 766 2122 non
796 2099 885 2135 ergo
915 2099 1107 2137 peccatum
1137 2093 1278 2129 veniale
1309 2094 1479 2130 dividitur
1505 2105 1632 2132 contra

51 2132 220 2170 mortale.

122 2196 155 2222 2.
170 2185 408 2226 PRAETEREA.
422 2190 625 2238 Apostolus
646 2193 734 2229 dicit
760 2205 787 2229 1.
814 2195 983 2232 Corinth.
1003 2208 1071 2234 1o.:
1096 2199 1173 2235 Sive
1189 2200 1407 2244 ›ttanducatis,
1423 2204 1490 2238 ςίῑέ
1505 2204 1629 2247 bibin's,

49 2238 121 2277 Sive
146 2240 277 2289 aliquid
296 2242 391 2279 aliud
405 2244 529 2289 facilis,
556 2249 669 2283 omnia
689 2249 721 2282 in
738 2249 883 2294 gloriam
903 2251 969 2286 Dei
986 2252 1106 2295 facite:
1133 2255 1194 2289 sed
1228 2263 1354 2290 contra
1385 2255 1456 2290 hoc
1488 2268 1632 2304 praece·

50 2308 51 2317 2
119 2305 156 2330 m
172 2292 261 2331 facit
280 2296 501 2346 quicumque
531 2309 674 2347 peccat:
698 2313 771 2337 non
795 2303 893 2338 enim
915 2314 1108 2351 peccatum
1131 2307 1169 2342 fit
1190 2317 1336 2356 propter
1356 2309 1513 2356 gloriam
1539 2311 1630 2354 Dei;

52 2356 140 2384 cum
161 2359 252 2397 ergo
272 2347 394 2387 facere
416 2359 543 2388 contra
563 2363 800 2402 praeceptum
821 2357 867 2392 sit
887 2366 1078 2405 peccatum
1099 2361 1267 2405 mortale,
1285 2362 1427 2398 videtur
1441 2365 1538 2411 quod
1556 2366 1631 2412 qui-

138 2412 209 2449 que
229 2410 370 2451 peccat,
387 2405 591 2442 mortaliter
612 2416 749 2455 peccet.

56 2494 64 2501 ,
125 2466 156 2503 3.
176 2454 415 2494 PRAETEREA.
436 2458 673 2509 Quicumque
696 2474 822 2499 amore
842 2463 949 2500 alicui
972 2467 1021 2502 rei
1045 2467 1220 2511 inhaeret,
1239 2469 1403 2506 inhaeret
1418 2471 1450 2506 ei
1465 2471 1522 2506 vel
1537 2472 1630 2509 sicut

108 2519 185 2553 ens,
210 2508 270 2546 vel
294 2512 388 2547 sicut
414 2520 529 2558 utens,
552 2523 590 2550 ut
611 2524 708 2562 patet
737 2528 800 2563 per
822 2518 975 2564 August.
998 2519 1034 2555 in
1061 2532 1088 2555 1.
1111 2522 1155 2557 dc
1177 2523 1304 2558 Doctr.
1332 2524 1466 2560 Christ.
1496 2526 1584 2574 (cap.
1601 2539 1629 2573 3.

97 2562 171 2610 4.).·
192 2562 256 2600 sed
277 2563 398 2602 nullus
419 2577 576 2614 peccans
598 2568 762 2605 inhaeret
776 2571 875 2606 bono
891 2574 1154 2620 commutabili,
1170 2577 1272 2623 quasi
1288 2586 1409 2613 utens:
1434 2591 1506 2613 non
1527 2580 1624 2615 enim

62 2611 66 2617 '
106 2623 161 2652 ert
180 2615 298 2664 ipsum
315 2618 360 2654 ad
374 2618 524 2664 bonum,
539 2622 636 2668 quod
652 2634 719 2657 nos
734 2624 860 2659 beatos
875 2625 978 2669 sacit3
1000 2629 1096 2674 quod
1120 2632 1263 2676 proprie
1285 2640 1338 2665 est
1361 2632 1422 2674 uti,
1439 2641 1475 2667 ut
1500 2634 1623 2679 Augu-

83 2667 95 2678 ⁸
121 2679 164 2705 us
177 2669 264 2706 dicit
277 2671 360 2708 ibid.
383 2672 470 2721 (cap.
488 2676 557 2721 3.),·
575 2687 663 2722 crgo
685 2677 906 2726 quicumque
929 2691 1066 2727 peccat,
1089 2682 1217 2719 fruitur
1234 2684 1332 2719 bono
1352 2687 1624 2722 commutabili:

91 2720 114 2758 d
127 2720 197 2758 frui
218 2723 323 2760 rebus
344 2727 487 2763 utendis
501 2736 554 2763 est
569 2729 730 2765 humana
752 2733 977 2778 perversitas,
1001 2744 1038 2770 ut
1059 2736 1214 2780 August.
1230 2738 1316 2773 dicit
1338 2739 1372 2773 in
1389 2739 1446 2773 lib.
1463 2740 1518 2785 83.
1537 2741 1625 2783 QQ.

90 2800 100 2812 .
116 2782 310 2826 japetum
331 2790 353 2815 a
367 2781 522 2828 princ.);
546 2793 631 2818 cum
653 2796 741 2829 ergo
764 2787 978 2831 perversitas
1001 2798 1190 2835 peccatum
1219 2791 1375 2827 mortale
1406 2794 1626 2838 nominetur,

75 2826 86 2837 '
113 2837 193 2866 etur
213 2831 310 2879 quod
337 2833 558 2882 quicumque
581 2845 718 2883 peccat,
746 2839 947 2876 mortaliter
974 2851 1111 2888 peccet.

68 2923 73 2925 ,
119 2892 154 2927 4.
168 2881 406 2923 ΡκΑιτειΕΑ.
423 2885 658 2937 Quicumque
682 2891 821 2926 accedit
837 2893 880 2927 ad
896 2904 1010 2930 unum
1022 2897 1233 2940 terminum,
1248 2911 1290 2934 ex
1305 2898 1375 2934 hoc
1393 2899 1471 2947 ipso
1490 2901 1625 2937 recedit

116 2934 209 2973 alio:
223 2937 287 2974 sed
305 2939 525 2990 quicumque
546 2952 685 2990 peccat,
707 2945 846 2981 accedit
868 2947 911 2981 ad
928 2947 1065 2984 bonum
1082 2951 1363 2995 commutabiie;
1387 2965 1475 3001 ergo
1490 2955 1625 2991 recedit
