1907 3182
263 155 346 209 368
695 164 915 200 QUAEsrro
949 163 1038 193 L111.
1071 162 1315 192 ARTICULUS
1348 161 1375 190 1.

782 392 1138 454 QUAESTIO
1180 392 1300 438 LIII.

451 518 513 549 DE
544 516 891 554 CORRUPTIONE,
920 515 981 546 ET
1006 513 1333 545 DIMINUTIONE
1360 512 1629 550 HABITUUM,

698 586 750 617 IN
775 586 890 617 TRES
916 584 1178 616 ARTICULOS
1204 584 1378 615 DIVISA.

332 722 473 756 Deinde
494 720 798 755 considerandum
821 728 874 754 est
892 720 935 753 de
957 718 1208 760 diminutione,
1231 726 1266 752 et
1288 717 1518 763 corruptione
1532 716 1732 750 habituum.

754 809 799 843 Et
817 809 908 842 circa
935 808 993 842 hoc
1015 811 1221 853 quaeruntur
1243 807 1322 841 tria.

331 881 467 915 Primo.
491 880 623 914 Utrum
645 879 787 913 habitus
810 878 994 924 corrumpi
1015 878 1139 923 possit.

332 934 516 968 Secundo.
540 933 671 967 Utrum
693 932 807 979 possit
828 932 991 981 diminui.

332 986 469 1022 Tertio.
492 987 549 1020 De
573 987 685 1020 modo
709 985 961 1031 corruptionis,
985 992 1019 1018 et
1041 983 1300 1018 diminutionis.

832 1124 1179 1169 ARTICULUS
1213 1124 1247 1166 Ι.
1756 1136 1825 1179 284

630 1232 785 1262 UTRL’M
817 1231 1004 1260 HABITUS
1039 1231 1262 1260 CORRUMPI
1295 1231 1460 1260 POSSIT.

818 1319 862 1363 (r.
886 1330 916 1364 q.
938 1319 994 1363 89.
1014 1323 1077 1352 art.
1095 1330 1124 1364 5.
1147 1317 1265 1364 corp).

332 1410 391 1443 AD
419 1418 569 1443 PR1MUM
591 1408 640 1442 sic
663 1407 880 1454 proceditur.
902 1406 1064 1449 Videtur,
1093 1406 1190 1452 quod
1216 1406 1358 1440 habitus
1385 1405 1569 1452 corrumpi
1594 1416 1668 1440 non
1695 1405 1825 1452 possit:

263 1463 406 1497 habitus
429 1462 526 1496 enim
548 1461 651 1503 inest,
674 1461 766 1495 sicut
786 1468 913 1494 natura
940 1460 1138 1506 quaedam:
1165 1460 1260 1494 unde
1287 1459 1517 1506 operationes
1542 1458 1743 1494 secundum
1767 1458 1829 1493 ha-

262 1516 378 1550 bitum
397 1523 480 1550 sunt
502 1513 748 1548 delectabiles:
771 1513 832 1547 sed
851 1521 979 1547 natura
1000 1524 1075 1547 non
1098 1513 1351 1559 corrumpitur,
1373 1520 1543 1546 manente
1565 1523 1622 1554 eo,
1648 1513 1748 1558 cujus
1775 1520 1829 1546 est

262 1577 410 1610 natura3
433 1579 520 1614 ergo
543 1579 659 1613 neque
681 1567 823 1600 habitus
851 1567 1035 1613 corrumpi
1056 1574 1185 1613 potest,
1208 1573 1376 1600 manente
1398 1566 1572 1611 subjecto.

334 1632 366 1657 2.
389 1622 627 1656 PRAETEREA.
645 1620 778 1655 Omnis
798 1620 982 1666 corruptio
998 1619 1137 1654 formae
1158 1619 1217 1653 vel
1231 1627 1284 1653 est
1297 1630 1360 1665 per
1373 1620 1645 1665 corruptionem
1665 1618 1827 1665 subjecti,

262 1675 320 1709 vel
342 1682 394 1710 est
417 1686 435 1708 a
459 1674 660 1716 contrari03
683 1674 776 1707 sicut
798 1674 985 1719 aegritudo
1009 1673 1250 1719 corrumpitur
1272 1679 1441 1718 corrupto
1462 1671 1621 1714 animali,
1639 1671 1697 1706 vel
1718 1672 1827 1706 etiam

264 1729 539 1775 superveniente
562 1727 734 1761 sanitate:
757 1726 819 1761 sed
834 1727 995 1769 scientia,
1018 1738 1109 1773 quae
1129 1734 1181 1760 est
1203 1726 1349 1772 quidam
1365 1725 1518 1767 habitus,
1531 1736 1606 1760 non
1620 1733 1739 1772 potest
1754 1736 1830 1760 cor-

263 1782 383 1828 rumpi
405 1793 468 1828 per
491 1781 762 1826 corruptionem
785 1780 955 1826 subjecti;
977 1780 1061 1826 quia
1083 1779 1297 1821 intellectus,
1313 1779 1373 1825 qui
1387 1787 1440 1813 est
1453 1779 1655 1825 subjectum
1670 1780 1757 1824 ejus,
1776 1787 1828 1814 est

262 1835 462 1870 substantia
485 1834 675 1881 quaedam,
699 1841 733 1868 et
753 1844 827 1867 non
848 1833 1091 1879 corrumpitur
1114 1833 1175 1878 [al.
1190 1844 1271 1878 quae:
1287 1845 1353 1866 non
1371 1832 1633 1879 corrumpitur]‚
1647 1840 1686 1867 ut
1699 1832 1828 1867 dicitur

261 1889 297 1922 in
324 1899 351 1922 1.
375 1889 418 1922 de
441 1888 575 1922 Anima
599 1888 679 1932 (tex.
704 1887 786 1933 659:
809 1895 844 1921 et
864 1886 1030 1921 similiter
1043 1887 1152 1921 etiam
1168 1897 1242 1920 non
1257 1894 1376 1933 potest
1387 1887 1571 1932 corrumpi
1587 1897 1606 1920 a
1625 1886 1826 1921 contrario:

260 1953 345 1975 nam
368 1942 507 1988 species
530 1940 774 1986 intelligibiles
795 1951 869 1974 non
891 1948 975 1974 sunt
996 1940 1040 1974 acl
1062 1940 1219 1974 invicem
1240 1939 1453 1982 contrariae,
1468 1947 1506 1974 ut
1523 1939 1653 1974 dicitur
1672 1940 1708 1974 in
1724 1939 1827 1985 1ib.7.

260 1995 420 2041 Metaph.
445 1995 522 2038 (tax.
542 1995 611 2040 52);
632 2005 719 2039 ergo
746 1993 889 2028 habitus
911 1993 1083 2028 scientiae
1105 1992 1206 2027 nullo
1229 1993 1341 2027 modo
1364 1992 1548 2039 corrumpi
1569 2001 1697 2040 potest.

334 2059 362 2094 3.
385 2047 621 2082 PRAETERfia.
651 2047 783 2082 Omnis
814 2047 997 2093 corruptio
1029 2055 1082 2081 est
1110 2058 1174 2093 per
1203 2046 1361 2092 aliquem
1393 2054 1559 2080 motum:
1588 2046 1650 2080 sed
1683 2046 1825 2081 habitus

259 2101 443 2142 scientiae,
466 2101 526 2147 qui
548 2109 602 2135 est
623 2102 658 2134 in
678 2100 810 2142 anima,
832 2111 905 2134 non
932 2108 1052 2146 potest
1078 2101 1262 2146 corrumpi
1289 2110 1352 2146 per
1380 2107 1523 2134 motum
1554 2110 1617 2146 per
1650 2110 1688 2134 se
1715 2099 1826 2146 ipsius

259 2155 422 2189 animae:
445 2154 527 2200 quia
551 2154 671 2187 anima
692 2165 756 2200 per
773 2165 811 2188 se
833 2165 907 2188 non
935 2161 1113 2195 movetur,
1141 2161 1309 2187 movetur
1330 2160 1452 2187 autem
1479 2163 1542 2199 per
1569 2152 1738 2187 accidens
1764 2164 1827 2199 per

259 2216 401 2242 motum
424 2207 604 2253 corporis:
628 2206 726 2241 nulla
749 2215 870 2241 autem
892 2207 1146 2241 transmutatio
1166 2205 1365 2253 corporalis
1383 2206 1525 2241 videtur
1543 2217 1648 2252 posse
1668 2217 1827 2241 corrum-

259 2272 343 2306 pere
362 2261 499 2307 species
521 2260 765 2305 intelligibiles
788 2260 979 2294 existentes
1001 2260 1036 2294 in
1058 2260 1257 2302 intellectu,
1288 2271 1372 2294 cum
1402 2259 1606 2294 intellectus
1632 2259 1679 2294 sit
1699 2270 1762 2306 per
1788 2270 1826 2294 se

259 2314 360 2349 locus
383 2314 584 2360 specierum
607 2313 682 2347 sine
705 2324 877 2359 corpore:
900 2313 994 2348 unde
1017 2314 1173 2360 ponitur,
1196 2313 1293 2359 quod
1315 2323 1381 2347 nec
1404 2323 1466 2359 per
1491 2312 1647 2355 senium,
1675 2324 1742 2347 nec
1765 2323 1827 2359 per

259 2375 416 2402 mortem
439 2374 720 2413 corrumpuntur
745 2367 908 2408 habitus3
935 2378 1022 2413 ergo
1049 2367 1200 2401 scientia
1231 2366 1414 2413 corrumpi
1440 2377 1514 2400 non
1543 2374 1673 2412 potest,
1703 2374 1738 2401 et
1764 2377 1827 2412 per

260 2431 487 2466 consequens
511 2431 577 2454 nec
601 2420 743 2453 habitus
764 2420 915 2462 virtutis,
943 2421 1003 2466 qui
1034 2421 1143 2454 etiam
1167 2428 1220 2454 est
1250 2420 1284 2453 in
1312 2419 1433 2453 anima
1462 2419 1647 2454 rationali:
1675 2427 1710 2454 et
1735 2420 1827 2454 sicut

258 2474 396 2508 Philos.
419 2473 504 2508 dicit
525 2473 561 2506 in
588 2484 615 2506 1.
638 2472 796 2506 Ethicor.
820 2473 911 2520 (rap.
934 2485 984 2508 ro.
1014 2475 1046 2507 in
1066 2473 1189 2518 mecm:
1219 2473 1359 2508 Virtutes
1379 2478 1452 2507 sunt
1471 2474 1755 2520 permanentior&
1780 2472 1828 2507 di-

258 2527 416 2574 sciplinis.

332 2580 406 2614 SED
429 2590 584 2615 CONTRA
607 2587 670 2621 est,
692 2579 789 2625 quod
812 2579 947 2613 Philos.
971 2580 1055 2614 dicit
1077 2580 1112 2613 in
1131 2579 1223 2613 libro
1246 2580 1290 2614 de
1313 2579 1568 2625 Longitudine,
1590 2587 1626 2614 et
1648 2579 1826 2614 Brevitate

258 2632 364 2668 Vitae
388 2633 477 2680 (cap.
500 2633 561 2677 2.)‚
585 2632 681 2678 quod
702 2633 854 2666 scientiae
876 2635 1046 2679 corruptio
1069 2638 1110 2667 cs!
1133 2633 1269 2675 oblivio,
1292 2638 1320 2667 ct
1337 2632 1501 2680 drapum
1517 2633 1702 2679 peccando
1717 2632 1826 2666 etiam

260 2686 387 2732 aliquis
409 2686 573 2720 habitum
595 2685 733 2719 virtutis
754 2685 901 2719 amittit:
926 2694 960 2719 et
979 2697 1020 2719 cx
1043 2687 1230 2720 contrariis
1258 2686 1395 2720 actibus
1422 2686 1571 2720 virtutes
1598 2694 1827 2732 generantur,

260 2747 293 2774 et
316 2747 608 2785 corrumpuntur,
631 2747 667 2772 ut
689 2738 818 2772 dicitur
840 2738 874 2771 in
899 2749 928 2772 2.
953 2738 1111 2772 Ethicor.
1135 2740 1226 2786 (cap.
1249 2750 1279 2774 2.
1304 2751 1367 2773 non
1391 2738 1530 2774 multum
1553 2750 1572 2773 ιι
1589 2739 1731 2786 prinu).

331 2793 561 2827 Respoxnno
584 2791 790 2832 dicendum,
813 2791 909 2837 quod
929 2792 1129 2825 secundum
1152 2804 1188 2826 se
1212 2792 1340 2826 dicitur
1362 2791 1480 2838 aliqua
1503 2791 1620 2826 forma
1643 2791 1826 2838 corrumpi

260 2857 322 2892 per
341 2846 563 2880 contrarium
583 2856 707 2887 suum;
730 2856 791 2892 per
814 2845 981 2878 accidens
1004 2854 1124 2879 autem
1148 2857 1210 2891 per
1233 2845 1504 2891 corruptionem
1533 2845 1587 2880 sui
1605 2845 1775 2890 subjecti:
1798 2845 1826 2880 si
