1907 3198
520 154 744 192 QUAESTIO
779 153 883 182 XXX.
918 152 1167 183 ARTICULUS
1201 153 1228 182 Ι.
1577 153 1662 197 229

83 243 162 279 bilis
184 240 386 277 secundum
408 250 569 282 sensum,
592 237 690 285 quod
712 236 857 285 proprie
881 244 935 272 est
956 235 1230 283 concupiscere,
1253 235 1408 283 pertinet
1427 235 1471 270 ad
1490 235 1565 270 vim
1585 247 1668 270 con-

84 294 346 345 cupiscibilem.

660 423 1009 469 ARthutus
1043 423 1100 467 Π.
1603 446 1664 482 171

322 535 478 566 UTRUM
506 533 898 565 CONCUPISCENTIA
924 533 992 563 SIT
1019 533 1171 563 PASSIO
1201 533 1436 563 SPECIALIS.

568 625 609 671 (3.
632 624 720 660 Dist.
743 624 800 660 26.
822 636 852 671 q.
876 636 904 659 ι.
926 628 991 659 art.
1010 635 1039 670 3.
1062 624 1184 670 corp).

154 729 214 765 AD
236 737 446 764 SECUNDUM
464 726 515 762 sic
538 726 758 774 proceditur.
773 725 938 768 Videtur,
954 726 1052 773 quod
1075 724 1376 772 concupiscentia
1394 735 1469 759 non
1485 723 1530 759 sit
1547 724 1669 771 passio

82 782 250 832 specialis
270 780 455 829 potentiae
479 780 795 827 concupiscibilis:
824 779 1013 827 passiones
1041 779 1141 814 enirn
1167 779 1439 825 distinguuntur
1466 778 1668 813 secundum

83 838 242 885 objecta:
265 836 328 871 sed
351 835 537 881 obJectum
557 834 854 881 concupiscibilis
869 842 923 869 est
937 833 1150 869 delectabile
1167 833 1370 868 secundum
1385 844 1551 876 sensum;
1571 832 1670 879 quod

82 892 193 928 etiarn
227 899 281 926 est
313 890 500 936 objectum
534 889 866 935 concupiscentiae,
901 889 1104 923 secundum
1138 887 1411 934 Philosophum
1438 887 1475 921 in
1507 898 1534 921 1.
1561 886 1669 921 Rhet.

83 946 171 994 (cap.
185 958 232 982 Π.
242 951 371 992 parum
392 955 413 979 a
428 944 573 992 princ.);
598 954 685 990 ergo
709 943 1009 990 concupiscentia
1030 954 1105 978 non
1128 951 1182 977 est
1202 942 1325 989 passio
1348 940 1516 989 specialis
1534 941 1571 976 in
1587 952 1671 976 con-

82 999 296 1048 cupiscibili.

155 1065 187 1090 2.
209 1054 449 1089 PRAETEREA.
471 1051 700 1098 Augustinus
723 1051 811 1086 dicit
831 1051 868 1086 in
891 1051 950 1086 lib.
975 1051 1031 1098 83.
1057 1050 1147 1093 QQ.
1167 1052 1214 1098 (q.
1233 1063 1277 1098 33.
1301 1051 1361 1086 cir.
1382 1049 1483 1096 med.)
1503 1050 1601 1097 quod
1619 1062 1673 1085 cu-

75 1108 201 1159 piditas
221 1113 265 1144 est
285 1119 384 1143 amor
404 1119 518 1142 rerum
541 1107 783 1141 transeuntium
793 1119 806 1148 ;
831 1114 866 1141 et
887 1107 938 1140 sic
959 1106 1002 1140 ab
1027 1117 1153 1140 amore
1171 1117 1246 1140 non
1267 1105 1516 1152 distinguitur:
1540 1115 1670 1139 omnes

82 1172 205 1200 autem
226 1162 414 1211 passiones
433 1160 609 1208 speciales
625 1161 667 1195 ab
683 1160 843 1195 invicem
858 1160 1146 1206 distinguuntur3
1170 1171 1258 1207 ergo
1281 1159 1582 1207 concupiscentia
1595 1170 1672 1194 non

82 1226 136 1255 est
155 1217 278 1266 passio
300 1214 468 1264 specialis
489 1215 527 1250 in
549 1214 840 1262 concupiscibili.

157 1284 186 1320 3.
208 1272 448 1307 PRAETEREA.
476 1269 639 1304 Cuilibet
654 1269 818 1315 passioni
839 1267 1137 1316 concupiscibilis
1168 1268 1366 1315 opponitur
1396 1267 1517 1316 aliqua
1547 1267 1670 1315 passio

81 1325 250 1375 specialis
269 1325 308 1360 in
327 1322 616 1371 concupiscibili,
643 1332 682 1358 ut
708 1335 817 1371 supra
843 1323 983 1358 dictum
1010 1331 1064 1358 est
1090 1323 1138 1370 (q.
1161 1335 1210 1370 23.
1232 1328 1298 1358 art.
1321 1324 1385 1370 2.):
1409 1322 1472 1358 sed
1499 1322 1671 1369 concupi-

81 1380 242 1418 scentiae
263 1391 340 1415 non
362 1378 559 1426 opponitur
581 1376 703 1425 aliqua
724 1377 846 1425 passio
873 1376 1042 1425 specialis
1068 1377 1105 1412 in
1133 1376 1430 1425 concupiscibili:
1459 1377 1546 1412 dicit
1572 1377 1670 1412 enim

81 1437 255 1472 Damasc.
278 1434 353 1481 (lib.
374 1445 407 1469 2.
431 1432 526 1469 Orth.
549 1432 625 1468 Fid.
648 1438 720 1479 cap.
742 1444 792 1468 12.
815 1433 851 1467 in
864 1432 958 1479 fin),
983 1432 1081 1479 quod
1105 1440 1339 1479 expectatum
1365 1432 1506 1467 bonum
1537 1443 1670 1466 concu-

82 1489 298 1538 piscentiam
321 1487 519 1530 constituit,
540 1498 712 1534 praesens
734 1497 821 1521 vero
843 1485 1042 1522 laetitiam:
1074 1486 1239 1521 similiter
1267 1494 1501 1533 expectatum
1528 1485 1670 1520 malum

81 1545 266 1586 timorem,
288 1553 460 1590 praesens
480 1552 569 1576 vero
591 1541 793 1576 tristitiam:
823 1552 866 1576 ex
893 1552 966 1588 quo
993 1540 1147 1584 videtur,
1170 1541 1269 1588 quod
1296 1541 1390 1576 sicut
1415 1541 1560 1576 tristitia
1587 1552 1672 1575 con-

81 1598 250 1634 trariatur
270 1596 443 1639 laetitiae,
464 1595 514 1630 ita
535 1596 647 1631 timor
669 1595 911 1630 contrariatur
938 1595 1278 1643 concupiscentiae:
1306 1595 1418 1630 timor
1445 1603 1569 1630 autem
1594 1606 1671 1629 non

83 1661 137 1690 est
157 1653 194 1687 in
215 1649 504 1698 concupiscibili,
525 1649 588 1685 sed
610 1650 646 1684 in
668 1649 860 1693 irascibili;
886 1661 963 1684 non
986 1661 1074 1697 ergo
1095 1649 1395 1697 concupiscentia
1422 1658 1477 1685 est
1502 1649 1671 1697 specialis

82 1707 204 1756 passio
225 1706 262 1740 in
284 1703 573 1752 concupiscibili.

155 1760 232 1796 SED
259 1769 416 1795 CONTRA
444 1766 509 1802 est,
538 1758 638 1806 quod
668 1759 968 1806 concupiscentia
996 1767 1165 1794 causatur
1195 1759 1238 1793 ab
1269 1770 1409 1802 amore,
1437 1766 1473 1793 et
1498 1759 1614 1794 tendit
1635 1758 1671 1793 in

82 1815 380 1858 delectationem,
397 1824 491 1861 quae
508 1821 592 1848 sunt
608 1813 798 1860 passiones
818 1813 1131 1860 concupiscibilis:
1152 1823 1188 1848 et
1205 1813 1256 1849 sic
1277 1813 1510 1860 distinguitur
1529 1813 1571 1848 ab
1592 1813 1671 1848 aliis

81 1869 311 1919 passionibus
333 1867 641 1915 concupiscibilis,
664 1876 855 1915 tamquam
877 1868 998 1915 passio
1021 1868 1203 1915 specialis.

152 1924 386 1960 RESPONDEO
413 1922 610 1957 dicendum
637 1922 747 1969 quod,
774 1922 868 1957 sicut
895 1922 1035 1957 dictum
1057 1931 1111 1957 est
1132 1923 1180 1969 (q.
1203 1934 1252 1970 23.
1274 1927 1339 1957 art.
1361 1922 1420 1968 1.),
1443 1922 1585 1957 bonum
1613 1922 1671 1957 de-

81 1977 249 2015 lectabile
270 1977 474 2013 secundum
496 1988 647 2012 sensum
670 1985 724 2012 est
746 1977 994 2011 communiter
1016 1976 1201 2023 objectum
1229 1976 1546 2023 concupiscibilis;
1574 1977 1670 2011 unde

82 2033 284 2070 secundum
305 2033 382 2079 ejus
403 2030 625 2066 differentias
653 2031 817 2066 diversae
845 2031 1035 2078 passiones
1063 2030 1359 2078 concupiscibilis
1387 2031 1667 2078 distinguuntur.

82 2087 285 2124 Diversitas
307 2094 431 2121 autem
453 2085 589 2133 objecti
610 2093 731 2133 potest
746 2086 894 2127 attendi,
913 2085 966 2120 vel
985 2085 1188 2120 secundum
1206 2093 1376 2120 naturam
1394 2085 1505 2132 ipsius
1526 2085 1671 2132 objecti,

82 2143 134 2178 vel
154 2141 356 2178 secundum
377 2140 626 2175 diversitatem
645 2140 681 2174 in
699 2140 831 2175 virtute
846 2139 997 2186 agendi:
1019 2139 1206 2174 diversitas
1225 2139 1374 2187 quidem
1395 2140 1529 2186 objecti
1548 2140 1668 2183 activi,

83 2208 177 2244 quae
199 2203 253 2231 est
278 2194 481 2231 secundum
507 2194 559 2230 rei
585 2202 766 2236 naturam,
793 2193 880 2229 facit
906 2193 1135 2229 materialem
1163 2193 1406 2229 differentiam
1434 2194 1669 2241 passionum:

84 2251 147 2286 sed
173 2249 373 2292 diversitas,
403 2260 495 2296 quae
518 2257 573 2284 est
595 2248 798 2283 secundum
826 2248 997 2283 virtutem
1029 2249 1199 2292 activam,
1229 2247 1317 2282 facit
1345 2247 1543 2283 formalem
1574 2248 1671 2283 diffe-

83 2304 238 2340 rentiam
259 2303 486 2351 passionum,
508 2302 712 2338 secundum
734 2314 846 2350 quarn
867 2303 1056 2350 passiones
1079 2303 1199 2350 specie
1223 2302 1403 2337 differunt.

156 2358 220 2394 Est
241 2365 364 2392 autem
387 2356 458 2392 alia
478 2357 571 2392 ratio
593 2356 734 2391 virtutis
757 2357 919 2392 motivae
932 2357 1042 2404 ipsius
1058 2356 1151 2400 finis,
1165 2356 1224 2392 vel
1239 2357 1337 2399 boni,
1354 2357 1556 2392 secundum
1573 2357 1672 2404 quod

86 2421 140 2448 est
158 2411 305 2448 realiter
325 2423 511 2460 praesens,
533 2419 569 2446 et
590 2411 793 2446 secundum
815 2411 914 2458 quod
937 2419 992 2447 est
1013 2411 1162 2447 absens:
1184 2423 1272 2446 nam
1287 2411 1491 2446 secundum
1506 2412 1604 2459 quod
1620 2420 1673 2447 est

85 2479 269 2516 praesen3‚
289 2466 378 2502 facit
397 2467 433 2501 in
456 2467 576 2514 seipso
599 2466 806 2513 quiescere:
830 2467 1034 2502 secundum
1058 2475 1181 2502 autem
1204 2466 1303 2514 quod
1334 2475 1388 2501 est
1419 2467 1560 2510 absens,
1587 2467 1674 2502 facit

86 2522 131 2558 ad
152 2522 314 2570 seipsum
336 2521 499 2564 moveri3
521 2521 617 2555 unde
639 2520 760 2568 ipsum
782 2521 998 2556 delectabile
1029 2522 1232 2556 secundum
1264 2532 1424 2564 sensum,
1456 2521 1672 2568 inquantum

87 2576 286 2624 appetitum
308 2575 376 2611 sibi
399 2575 545 2622 adaptat
566 2575 858 2622 quodammodo,
881 2583 915 2610 et
937 2575 1157 2618 conformat,
1178 2583 1304 2610 causat
1319 2587 1486 2610 amorem
1502 2588 1509 2610 ι
1525 2576 1674 2622 inquan-

85 2638 164 2666 tum
183 2641 273 2666 vero
296 2630 426 2665 absens
457 2629 606 2664 attrahit
634 2629 678 2664 ad
708 2631 882 2677 seipsum,
913 2638 1039 2664 causat
1070 2630 1428 2677 concupiscentiam:
1457 2630 1673 2677 inquantum

85 2695 174 2720 vero
200 2695 372 2732 praesens
403 2684 541 2731 quietat
572 2684 609 2718 in
639 2684 772 2731 seipso,
804 2693 930 2720 causat
964 2684 1259 2720 delectationem.
1293 2685 1353 2719 Sic
1386 2697 1474 2731 ergo
1503 2686 1675 2732 concupi-

87 2739 225 2774 scentia
247 2747 301 2774 est
321 2739 443 2786 passio
466 2737 636 2773 differens
656 2739 776 2785 specie
800 2747 835 2774 et
857 2739 900 2773 ab
924 2750 1063 2782 amore,
1086 2747 1121 2774 et
1148 2751 1167 2773 a
1198 2738 1465 2774 delectatione:
1495 2740 1558 2774 sed
1589 2751 1674 2774 con-

89 2793 272 2841 cupiscere
293 2793 366 2828 hoc
388 2791 616 2835 delectabile,
638 2792 697 2827 vel
718 2792 806 2828 illud
829 2793 915 2828 facit
938 2793 1255 2841 concupiscentias
1278 2793 1438 2828 diversas
1456 2805 1624 2828 numero.

158 2847 220 2883 AD
245 2857 397 2882 PRIMUM
417 2857 506 2894 ergo
537 2846 744 2890 dicendum,
775 2847 873 2894 quod
903 2848 1044 2882 bonum
1074 2847 1289 2882 delectabile
1320 2859 1395 2882 non
1425 2857 1478 2883 est
1507 2848 1672 2884 absolute

88 2901 273 2949 objectum
295 2900 628 2949 concupiscentiae,
659 2901 721 2936 sed
750 2902 814 2936 sub
846 2902 986 2937 ratione
1018 2902 1195 2938 absentis:
1225 2901 1319 2937 sicut
1347 2910 1382 2937 et
1410 2902 1580 2938 sensibile
1607 2903 1671 2939 sub

230 2983 260 3013 S.
281 2983 404 3012 'raone
425 2983 531 3011 Summa
557 2982 721 3021 Theologica.
741 2984 807 3011 Vol.
829 2984 867 3013 11.
1498 2987 1529 3012 16
