1875 3198
219 175 302 229 762
652 185 873 221 QUAESTIO
909 186 981 215 CII.
1015 186 1260 216 ARTICULUS
1293 186 1333 215 V.

219 278 261 301 ex
284 266 386 313 aquis
408 274 609 310 sumuntur,
640 274 678 300 ut
708 278 769 313 per
791 267 862 301 hoc
886 267 1155 314 exprimeretur,
1178 267 1274 314 quod
1303 266 1390 302 illud
1411 266 1630 301 sacrificium
1659 266 1784 301 offere-

219 320 324 354 batur
347 320 514 354 Creatori
535 328 689 366 quatuor
711 320 988 355 elementorum.
1011 321 1055 354 Et
1076 321 1159 367 quia
1180 320 1391 366 hujusmodi
1412 320 1630 355 sacrificium
1652 319 1785 355 offere-

218 374 322 408 batur
343 385 407 420 pro
430 382 581 421 peccato
604 374 842 416 idololatriae,
865 374 901 408 in
924 376 999 421 ejus
1018 375 1307 417 detestationem,
1334 380 1364 409 et
1388 376 1590 418 comburens,
1617 380 1648 410 et
1665 375 1785 410 cineres

220 428 382 474 colligens,
405 433 433 462 ct
455 428 506 462 illc
525 429 581 474 qni
599 429 741 474 afflugit
760 439 874 473 aquas,
897 430 929 462 z'n
951 429 1066 474 qicz'lms
1085 429 1166 463 cinis
1186 429 1382 475 ponebatur,
1405 428 1570 463 immundi
1587 429 1785 475 reputaban-

222 486 297 522 tm';
321 489 359 515 ut
380 493 443 528 per
463 481 534 515 hoc
558 482 816 524 ostenderetur,
845 482 941 528 quod
969 482 1140 528 quidquid
1168 493 1400 528 quocumque
1427 481 1539 516 modo
1567 482 1611 516 ad
1636 480 1788 516 idolola-

222 535 329 569 triam
351 535 515 581 pertinet,
535 535 636 581 quasi
657 535 889 569 immundum
912 544 964 570 est
986 535 1240 581 abjiciendum.
1256 536 1312 569 Ab
1327 536 1396 569 hac
1420 544 1540 570 autem
1555 535 1787 569 immunditia

221 588 502 634 purificabantur
536 600 599 634 per
625 588 742 623 solam
768 589 1070 623 vestimentorum
1098 589 1340 623 ablutionem:
1368 600 1434 623 nec
1461 589 1672 636 indigebant
1696 600 1788 635 aqua

224 644 364 688 aspergi
387 650 533 689 propter
555 642 765 687 hujusmodi
793 643 1080 685 immunditiam3
1103 643 1186 689 quia
1209 643 1259 677 sic
1290 650 1382 677 esset
1402 654 1592 690 processus
1614 643 1650 677 in
1676 642 1791 676 infini=

221 704 317 730 turn:
340 695 400 730 ille
423 696 520 730 enim
538 696 598 742 qui
620 696 836 742 aspergebat
851 707 994 742 aquam,
1013 696 1222 730 immundus
1238 695 1362 739 fiebat;
1378 705 1412 731 et
1425 697 1476 731 sic
1490 697 1520 731 si
1539 697 1615 744 ipse
1629 696 1788 743 seipsum

222 757 438 796 aspergeret,
474 749 683 784 immundus
711 757 930 785 remaneret:
959 750 988 784 si
1015 758 1136 784 autem
1164 749 1254 784 alius
1282 761 1366 784 eum
1394 758 1610 797 aspergeret,
1637 749 1697 784 ille
1726 749 1791 783 im-

222 803 377 838 mundus
399 811 510 838 esset:
534 812 568 838 et
585 803 749 838 similiter
770 803 829 838 ille
856 804 916 850 qui
937 803 1040 838 illum
1063 812 1286 851 aspergeret3
1309 812 1344 839 et
1363 804 1414 838 sic
1436 804 1472 838 in
1489 804 1680 838 infinitum.

294 856 470 903 Figuralis
493 865 613 892 autem
632 857 724 891 ratio
746 857 852 903 hujus
874 857 1041 891 sacrificii
1064 866 1127 900 est,
1152 857 1235 904 quia
1265 868 1328 904 per
1347 869 1500 892 vaccam
1521 857 1638 892 rufam
1659 856 1791 904 signifi-

223 918 324 945 catur
346 910 524 954 Christus,
544 911 744 945 secundum
766 910 1015 945 infirmitatem
1043 919 1277 956 assumptam,
1304 922 1414 958 quam
1438 910 1659 946 foemininus
1685 922 1790 945 sexus

223 964 398 1010 designat,
421 965 637 1011 sanguinem
660 972 781 999 autem
803 964 981 1011 passionis
1001 965 1076 1011 ejus
1098 964 1263 1011 designat
1281 976 1416 1000 vaccae
1439 965 1551 1000 color.
1570 965 1656 1000 Erat
1670 973 1790 1000 autem

221 1029 325 1053 vacca
347 1018 423 1063 rufa
445 1019 560 1053 aetatis
578 1019 744 1064 intcgrcm·
768 1018 850 1064 quia
874 1018 993 1053 omnis
1022 1018 1186 1065 operatio
1215 1018 1353 1053 Christi
1379 1026 1432 1053 est
1458 1018 1635 1065 perfecta:
1658 1019 1699 1053 In
1725 1029 1790 1064 qua

222 1072 314 1107 nulla
334 1077 407 1107 erat
429 1072 572 1114 macula,
601 1084 656 1107 nec
679 1074 835 1119 pertavit
851 1074 995 1119 jugz1m;
1023 1072 1106 1118 quia
1129 1072 1296 1107 Christus
1323 1073 1495 1107 innocens
1522 1072 1599 1116 fuit,
1620 1083 1687 1107 nec
1714 1084 1793 1119 por-

221 1126 309 1161 tavit
327 1126 455 1172 jugum
477 1126 627 1172 peccati.
655 1126 880 1172 Praecipitur
907 1134 1028 1160 autern
1055 1125 1176 1161 adduci
1202 1126 1244 1160 ad
1272 1127 1430 1173 Moysem,
1457 1127 1541 1173 quia
1565 1126 1793 1173 imputabant

222 1180 254 1214 ei
275 1180 600 1225 transgressionem
630 1179 816 1214 Mosaicae
839 1179 928 1226 legis
952 1181 987 1214 in
1005 1179 1204 1214 violatione
1228 1180 1385 1214 Sabbati.
1420 1180 1643 1226 Praecipitur
1669 1187 1792 1214 autem

223 1234 312 1268 tradi
334 1233 494 1279 Eleazaro
516 1233 699 1275 sacerdoti,·
720 1233 803 1280 quia
827 1233 994 1268 Christus
1017 1233 1238 1268 occidendus
1260 1233 1297 1268 in
1319 1245 1448 1268 manus
1471 1234 1702 1269 sacerdotum
1724 1242 1790 1268 tra-

223 1289 316 1323 ditus
336 1296 399 1322 est.
422 1289 621 1323 Inunolatzcr
639 1293 749 1323 mitam
771 1293 866 1323 extra
889 1293 1018 1329 castren
1041 1288 1125 1334 quia
1151 1293 1244 1323 extra
1267 1293 1403 1335 portam
1433 1288 1582 1323 Christus
1603 1294 1719 1335 passus
1738 1293 1791 1322 cst.

224 1343 363 1388 Inlingit
384 1347 490 1377 auitam
511 1342 661 1377 sacerdos
683 1342 821 1387 digitium.
846 1343 879 1376 [n
900 1343 1057 1389 sangnine
1078 1344 1167 1388 cjns,·
1191 1342 1275 1388 quia
1296 1353 1360 1388 per
1387 1342 1656 1385 discretionem,
1683 1353 1792 1388 quam

225 1396 356 1443 digitus
370 1395 562 1442 significat,
585 1396 799 1443 mysterium
819 1396 995 1441 passionis
1021 1395 1157 1430 Christi
1180 1404 1232 1430 est
1254 1395 1571 1439 considerandum,
1598 1404 1634 1430 et
1653 1395 1795 1430 imitan-

225 1449 323 1484 dum.
347 1451 547 1497 Aspcrgz'tur
574 1455 681 1485 tristem
710 1455 827 1485 contra
854 1450 1119 1493 tabernaculzmz,
1148 1461 1210 1496 per
1236 1450 1333 1496 quod
1359 1461 1548 1496 synagoga
1575 1449 1819 1496 designatur‚.

225 1504 283 1539 vel
303 1504 346 1538 ad
369 1504 731 1538 comdemnationem
749 1504 971 1549 Judaeorum
999 1515 1073 1538 non
1097 1503 1332 1547 credentium,
1359 1504 1415 1538 vel
1439 1503 1482 1537 ad
1504 1503 1793 1550 purificationem

226 1558 468 1593 credentium:
493 1565 525 1592 et
546 1558 618 1592 hoc
639 1563 757 1604 septem
779 1558 920 1599 vicibus,
940 1557 998 1591 vel
1024 1565 1170 1604 propter
1197 1565 1337 1604 septem
1358 1557 1454 1591 dona
1482 1557 1634 1603 Spiritus
1657 1556 1792 1599 Sancti,

225 1611 282 1646 vel
315 1619 461 1658 propter
487 1620 626 1658 septem
653 1612 740 1654 dies,
767 1612 803 1645 in
834 1612 961 1658 quibus
989 1623 1099 1646 omne
1133 1619 1277 1658 tempus
1303 1610 1525 1657 intelligitur.
1554 1610 1646 1646 Sunt
1672 1618 1793 1645 autem

225 1666 361 1708 onmia,
377 1677 468 1712 quae
489 1666 533 1700 ad
557 1666 693 1700 Christi
708 1665 1001 1700 incarnationem
1021 1666 1212 1712 pertinent,
1232 1667 1305 1712 igne
1320 1665 1509 1707 cremanda,
1527 1665 1619 1700 idest
1635 1665 1795 1712 spiritua-

224 1719 304 1754 liter
324 1719 582 1766 intelligenda3
605 1731 690 1754 nam
707 1726 768 1766 μ’)-
782 1720 914 1766 pellem,
938 1725 967 1754 ct
985 1731 1119 1754 carnem
1143 1719 1298 1754 exterior
1321 1719 1457 1754 Christi
1479 1719 1642 1766 operatio
1656 1719 1795 1766 signiti-

229 1782 348 1816 catur3
365 1780 426 1821 per
446 1775 638 1819 sangninem
661 1773 812 1817 subtilis,
836 1782 870 1808 et
890 1773 1031 1808 interna
1052 1773 1164 1807 virtus
1187 1773 1365 1808 exteriora
1386 1772 1480 1808 facta
1502 1773 1708 1816 vivificans3
1734 1780 1795 1820 par

218 1829 340 1875 fimum
368 1828 555 1870 lassitudo,
578 1828 664 1871 sitis,
692 1836 726 1862 et
753 1828 877 1862 omnia
903 1828 1116 1874 hujusmodi
1143 1828 1187 1862 ad
1209 1827 1457 1862 infirmitatem
1478 1827 1702 1874 pertinentia.
1725 1827 1796 1862 Ad-

225 1882 356 1917 duntur
379 1890 499 1916 autem
522 1883 612 1923 triu,-
637 1882 794 1917 scilicet:
818 1881 941 1925 cedrus,
966 1881 1062 1928 quod
1085 1881 1264 1928 significat
1285 1880 1511 1916 altitudinem
1533 1883 1619 1929 spei,
1633 1881 1690 1916 vel
1713 1892 1796 1916 con-

222 1936 469 1982 templationis
484 1949 492 1979 3
508 1937 671 1984 hyssopus,
687 1936 784 1982 quod
800 1935 979 1982 significat
993 1935 1249 1978 humilitatem,
1263 1935 1322 1970 vel
1334 1935 1464 1978 fidem3
1480 1947 1591 1971 coccus
1603 1937 1651 1970 bis
1665 1937 1794 1978 tinctas,

223 1991 321 2037 quod
343 1990 525 2037 significat
546 1991 732 2037 geminam
752 1990 979 2032 charitatem,
1002 2001 1064 2036 per
1086 1990 1177 2025 haec
1199 1990 1298 2024 enini
1320 1989 1494 2025 debemus
1517 1989 1666 2025 Christo
1688 2001 1794 2036 passo

225 2044 433 2079 adhaerere.
453 2044 523 2079 Iste
539 2052 659 2079 autem
676 2044 764 2079 cinis
778 2044 1042 2078 combustionis
1058 2044 1224 2089 colligitur
1238 2056 1258 2078 a
1271 2045 1347 2078 viro
1362 2043 1483 2078 mzmdo
1497 2057 1506 2078 :
1522 2044 1605 2090 quia
1620 2043 1794 2091 reliquiae

224 2106 463 2145 pervenerunt
485 2098 528 2132 ad
553 2097 727 2140 Gentiles,
751 2098 811 2144 qui
832 2109 906 2132 non
925 2097 1069 2132 fuerunt
1092 2097 1290 2144 culpabiles
1312 2098 1347 2131 in
1371 2097 1508 2132 Christi
1530 2106 1658 2133 morte.
1679 2099 1794 2145 Appe-

224 2157 350 2186 nemim·
371 2157 477 2187 cultam
501 2153 624 2187 cineres
645 2153 679 2186 iti
702 2163 789 2198 aqua
803 2152 845 2186 ud
859 2151 1081 2199 expiandum.-
1098 2152 1180 2198 quia
1197 2163 1238 2186 ex
1252 2151 1420 2198 passione
1439 2151 1576 2186 Christi
1597 2152 1794 2198 baptismus

227 2205 372 2240 sortitur
394 2205 563 2240 virtutem
588 2205 808 2240 emundandi
830 2213 990 2252 peccata.
1011 2205 1167 2240 Sacerdos
1186 2213 1319 2248 autem,
1340 2206 1398 2251 qui
1419 2205 1626 2249 immolabat,
1654 2211 1682 2241 ct
1707 2217 1795 2241 com-

225 2260 363 2294 lutabat
383 2271 537 2302 vamum,
557 2264 586 2294 et
607 2259 659 2294 illa
681 2260 737 2305 qui
756 2260 981 2302 comlusrcluzt,
1001 2264 1028 2294 et
1046 2260 1102 2305 qui
1128 2259 1299 2305 colligebat
1320 2260 1453 2301 cineres,
1475 2259 1664 2294 imrmmdas
1681 2264 1751 2294 aral
1768 2265 1796 2294 ct

224 2314 324 2348 eliam
346 2315 404 2359 qni
430 2314 621 2360 aspergebat
642 2324 777 2359 uquam,
801 2313 859 2347 vel
885 2313 968 2360 quia
986 2313 1113 2358 Judaei
1135 2321 1218 2347 sunt
1238 2312 1324 2347 facti
1344 2313 1524 2347 immundi
1547 2324 1588 2348 ex
1611 2313 1796 2348 occisione

226 2366 374 2409 Christi,
397 2378 458 2412 per
480 2378 589 2413 quam
613 2374 735 2401 nostra
759 2375 907 2413 peccata
930 2367 1130 2413 expiantur,
1157 2374 1191 2401 et
1217 2367 1288 2400 hoc
1316 2379 1413 2413 usqua
1436 2367 1478 2401 ad
1498 2374 1682 2414 vesperum,
1706 2367 1796 2402 idest

226 2432 337 2467 usque
361 2421 403 2455 ad
428 2420 535 2455 [inem
561 2421 698 2462 mundi,
713 2420 858 2467 quaudo
874 2420 1047 2467 reliquiae
1066 2420 1177 2455 lsrael
1193 2428 1466 2455 convertentur:
1489 2420 1546 2456 vel
1565 2421 1647 2468 quia
1669 2421 1721 2455 illi
1735 2421 1795 2467 qui

224 2482 379 2509 tractant
409 2482 545 2517 sancta,
576 2474 802 2508 intendentes
834 2474 876 2508 ad
909 2474 1208 2509 emundationem
1241 2473 1395 2508 aliorum
1425 2474 1493 2521 ipsi
1521 2475 1630 2510 etiam
1657 2474 1795 2521 aliquas

226 2528 474 2562 immunditias
494 2528 724 2570 contrahunt,
742 2536 778 2562 ut
794 2528 948 2573 Gregor.
965 2528 1050 2562 dicit
1072 2528 1105 2561 in
1123 2527 1301 2562 Pastor-ali
1318 2528 1420 2574 (part.
1440 2540 1471 2563 2.
1493 2535 1564 2575 cap.
1583 2541 1611 2575 5.
1634 2529 1694 2564 cir.
1704 2529 1793 2574 fin),

226 2590 260 2617 et
282 2582 352 2616 hoc
377 2594 472 2628 usqua
495 2582 536 2617 ud
556 2588 741 2629 impurum,
767 2582 856 2615 idest
877 2594 988 2628 usque
1012 2582 1055 2616 ad
1076 2582 1184 2616 finem
1208 2582 1406 2628 praesentis
1427 2583 1534 2617 vitae.

297 2636 356 2670 AD
379 2647 533 2671 SEXTUM
554 2636 759 2677 dicendum,
779 2636 887 2681 quod,
910 2636 1002 2670 sicut
1023 2636 1159 2670 dictum
1179 2643 1233 2670 est
1251 2636 1303 2681 (in
1319 2642 1399 2681 resp.
1415 2635 1532 2681 21114.),
1553 2635 1794 2677 immunditia,

225 2701 317 2736 quae
341 2702 381 2724 ex
409 2690 640 2736 corruptione
663 2689 897 2736 proveniebat
919 2689 974 2723 vel
999 2690 1140 2731 mentis,
1155 2689 1213 2724 vel
1237 2690 1411 2735 corporis,
1430 2689 1639 2736 expiabatur
1660 2701 1723 2736 per
1743 2701 1795 2724 sa-

226 2743 359 2778 crificia
381 2755 446 2790 pro
469 2752 631 2790 peccato.
649 2742 904 2778 Offerebantur
926 2751 1047 2777 autem
1069 2742 1239 2789 specialia
1262 2742 1439 2777 sacrificia
1461 2754 1526 2789 pro
1549 2743 1706 2790 peccatis
1727 2744 1795 2778 sin-

226 2797 415 2843 gulorum:
438 2797 499 2831 sed
519 2798 601 2844 quia
624 2797 733 2843 aliqui
754 2796 980 2842 negligentes
1000 2805 1101 2831 erant
1116 2797 1210 2832 circa
1229 2796 1473 2843 expiationem
1492 2797 1702 2842 hujusmodi
1717 2807 1796 2844 pec-

227 2858 404 2893 catorum,
431 2858 466 2886 et
491 2851 816 2893 immunditiarum,
843 2850 898 2884 vel
927 2850 1037 2884 etiam
1065 2859 1209 2897 propter
1235 2849 1479 2896 ignorantiam
1514 2850 1556 2884 ab
1590 2850 1794 2897 expiatione

227 2904 437 2951 hujusmodi
460 2904 686 2947 desistebant,
711 2904 911 2939 institutum
934 2903 1008 2946 suit,
1029 2912 1065 2938 ut
1088 2904 1198 2938 semel
1228 2904 1262 2938 in
1291 2914 1386 2938 anno
1409 2903 1555 2938 decima·
1573 2903 1629 2938 dic
1651 2904 1794 2951 septimi
