1907 3198
524 188 746 225 omi-:sno
780 188 925 219 Lxxrx.
960 187 1204 219 Ani-mutus
1238 187 1265 218 1.
1591 189 1671 232 573

182 270 244 307 AD
261 279 433 306 ’rr-:R‘rxuu
466 269 674 312 dicendum,
703 269 800 316 quod
827 267 977 304 effectus
999 279 1130 304 causae
1164 268 1306 303 mediae
1329 268 1529 315 procedens
1557 269 1598 303 ab
1621 280 1676 311 ea,

109 323 310 360 secundum
343 323 440 370 quod
463 323 626 357 subditur
646 323 764 357 ordini
797 333 928 358 causae
949 322 1099 369 primae,
1126 322 1308 357 reducitur
1332 322 1442 357 etiarn
1464 322 1500 356 in
1527 333 1675 357 causam

109 378 282 425 primam:
304 376 366 412 sed
383 376 413 411 si
432 376 605 423 procedat
623 387 643 410 a
660 387 770 411 causa
792 376 924 418 media,
939 376 1139 410 secundum
1155 375 1253 422 quod
1271 375 1343 410 exit
1356 376 1522 410 ordinem
1544 387 1676 410 causae

107 430 259 478 primae,
279 441 354 465 non
375 429 558 465 reducitur
586 429 621 464 in
654 441 802 465 causam
836 430 1011 477 primam:
1034 430 1127 464 sicut
1156 430 1186 464 si
1208 429 1372 464 minister
1404 428 1512 465 faciat
1541 429 1675 476 aliquid

107 491 236 520 contra
254 483 469 519 mandatum
489 483 641 524 domini,
660 483 730 518 hoc
753 495 827 518 non
854 483 1036 518 reducitur
1062 483 1097 517 in
1120 483 1324 525 dominum,
1346 483 1438 518 sicut
1459 483 1494 517 in
1517 495 1678 527 causam,

107 544 145 573 et
158 536 324 574 similiter
343 544 548 584 peccatum,
569 537 667 583 quod
689 536 842 572 liberum
865 537 1052 572 arbitrium
1074 536 1271 572 committit
1292 545 1420 572 contra
1441 545 1675 584 praeceptum

105 590 190 634 Dei,
212 601 289 627 non
308 590 491 626 reducitur
511 590 546 625 in
569 590 703 633 Deum,
725 591 816 625 sicut
837 591 874 625 in
895 601 1055 625 causam.

178 645 241 681 An
265 654 455 685 QUARTuu
484 644 692 687 dicendum,
713 645 811 692 quod
837 656 956 692 poena
989 645 1186 692 opponitur
1206 645 1304 680 bono
1327 645 1415 690 ejus,
1437 645 1497 692 qui
1519 645 1676 691 punitur,

107 698 170 746 qui
189 698 349 746 privatur
364 709 597 746 quocumque
620 698 736 734 bono:
758 698 820 734 sed
843 698 949 746 culpa
970 698 1168 745 opponitur
1188 699 1287 733 bono
1313 698 1462 741 ordinis,
1483 699 1545 745 qui
1566 707 1620 734 est
1640 700 1675 734 in

106 752 254 796 Deum;
270 752 367 788 unde
392 752 527 788 directe
557 752 754 800 opponitur
782 752 935 788 bonitati
966 752 1122 796 divinae,
1143 761 1180 788 et
1198 761 1346 800 propter
1371 753 1443 788 hoc
1464 764 1539 788 non
1560 762 1615 788 est
1635 754 1677 789 si-

107 805 205 842 milis
223 806 316 843 ratio
336 806 382 842 de
402 805 521 853 culpa,
541 813 578 842 et
597 817 726 853 poena.

669 947 1016 994 ARTICULUS
1045 948 1102 992 II.
1604 961 1674 1004 428

481 1057 634 1088 UTRUM
662 1057 805 1088 Aeros
831 1057 1021 1089 Placent
1048 1057 1116 1088 sn·
1138 1058 1167 1088 A
1193 1058 1298 1088 nno.

125 1142 230 1192 (Insr.
250 1156 282 1192 q.
302 1144 359 1181 80.
380 1149 447 1180 art.
468 1157 496 1181 1.
523 1151 615 1193 corp.
636 1150 668 1181 et
686 1157 715 1181 1.
737 1146 826 1181 Dist.
853 1156 910 1191 40.
933 1157 963 1192 q.
985 1156 1018 1190 4.
1045 1150 1109 1180 art.
1131 1156 1163 1181 2.
1190 1151 1221 1181 et
1246 1145 1335 1181 Dist.
1355 1156 1412 1191 42.
1435 1157 1465 1192 q.
1487 1157 1519 1181 2.
1541 1150 1605 1181 art.
1627 1158 1654 1182 1.

462 1203 494 1235 et
512 1210 545 1235 2.
566 1199 656 1234 Dist.
671 1210 722 1246 37.
744 1210 775 1246 q.
796 1211 828 1235 2.
850 1204 880 1235 et
907 1200 996 1236 Dist.
1021 1210 1078 1244 44.
1101 1210 1132 1246 q.
1153 1204 1266 1235 rnart.
1289 1211 1316 1235 1.

216 1257 249 1289 et
268 1251 324 1288 lib.
342 1263 372 1300 3.
395 1251 513 1288 Contr.
533 1263 564 1299 g.
586 1258 658 1300 cap.
679 1252 755 1288 162.
776 1257 806 1288 et
827 1252 911 1288 Mal.
932 1264 962 1299 q.
987 1265 1015 1300 3.
1037 1258 1102 1288 art.
1123 1264 1155 1288 2.
1177 1258 1208 1288 et
1226 1254 1320 1289 Rom.
1343 1265 1386 1289 ιι.
1411 1253 1483 1289 lect.
1500 1254 1560 1300 5.).

176 1342 238 1379 AD
258 1353 467 1380 SECUNDUM
487 1343 540 1379 sic
559 1343 777 1391 proceditur.
787 1341 952 1386 Videtur,
973 1343 1071 1390 quod
1088 1351 1189 1379 actus
1210 1343 1351 1391 peccati
1367 1354 1442 1379 non
1464 1343 1508 1379 sit
1530 1355 1550 1378 a
1570 1344 1673 1380 Deo:

105 1395 193 1432 dicit
211 1396 310 1432 enim
335 1396 490 1443 August.
511 1397 548 1432 in
568 1396 628 1432 lib.
650 1396 694 1432 de
716 1395 868 1432 Perfect.
891 1396 1055 1443 Justitiae
1075 1396 1163 1445 (cap.
1176 1409 1208 1433 2.
1230 1399 1310 1433 circ.
1332 1397 1445 1444 med),
1468 1397 1565 1444 quod
1583 1404 1675 1434 actus

98 1450 242 1498 peccati,
262 1461 329 1485 non
348 1455 394 1486 est
405 1461 455 1486 res
474 1449 611 1497 aliqua:
633 1461 744 1485 omne
759 1458 893 1493 autem,
915 1450 1013 1498 quod
1035 1459 1089 1486 est
1115 1462 1135 1485 a
1155 1451 1249 1494 Deo,
1271 1459 1326 1486 est
1346 1462 1402 1486 res
1424 1451 1562 1499 aliqua;
1585 1463 1673 1499 ergo

67 1543 72 1549 ¹
106 1510 208 1539 actus
227 1503 369 1550 peccati
387 1514 463 1540 non
484 1512 539 1539 est
559 1514 580 1539 a
599 1503 694 1539 Deo.

175 1566 208 1592 2.
228 1556 467 1594 Pmrl-:Rl-:A-
494 1557 619 1594 Homo
636 1568 712 1592 non
733 1557 864 1593 dicitur
884 1569 962 1593 esse
981 1569 1091 1594 causa
1111 1558 1264 1606 peccati,
1284 1559 1353 1594 nisi
1375 1559 1459 1606 quia
1480 1559 1597 1594 horno
1618 1568 1673 1594 est

104 1619 215 1646 causa
239 1618 342 1646 actus
366 1611 526 1658 peccati:
551 1611 660 1647 nullus
689 1611 789 1646 enim
818 1611 987 1647 intendens
1012 1611 1055 1647 ad
1082 1612 1208 1647 malum
1242 1618 1413 1660 operatur,
1447 1620 1486 1648 ut
1517 1613 1671 1660 Dionys.

102 1662 190 1699 dicit
207 1673 243 1707 4.
260 1674 340 1711 cap.
361 1664 407 1700 de
431 1664 515 1700 Div.
533 1664 643 1700 Nom.
666 1664 769 1712 (part.
795 1676 829 1710 4.
855 1665 927 1701 lect.
949 1677 1000 1710 14.
1027 1671 1055 1701 et
1076 1666 1165 1713 23.):
1187 1666 1249 1701 sed
1270 1666 1370 1701 Deus
1393 1677 1467 1702 non
1489 1674 1543 1702 est
1563 1678 1673 1702 causa

102 1717 255 1765 peccati,
272 1725 312 1752 ut
330 1717 468 1753 dictum
487 1726 542 1753 est
561 1718 644 1764 (art.
658 1719 790 1765 praec.)
800 1731 813 1760 ,·
836 1730 924 1766 ergo
933 1719 1034 1755 Deus
1055 1731 1130 1754 non
1148 1728 1202 1755 est
1223 1731 1331 1755 causa
1350 1729 1451 1755 actus
1473 1721 1624 1768 peccati.

175 1781 206 1818 3.
226 1770 464 1808 PRAETEREA.
487 1771 611 1819 Aliqui
632 1780 733 1807 actus
755 1773 955 1807 secundum
986 1784 1090 1808 suam
1111 1774 1272 1820 speciem
1294 1782 1378 1809 sunt
1411 1774 1510 1817 mali,
1537 1783 1573 1810 et
1593 1786 1674 1822 pec-

101 1831 195 1867 cata,
215 1832 255 1861 ut
274 1835 317 1860 ex
337 1836 446 1872 supra
466 1825 571 1861 dictis
589 1833 686 1872 patet
709 1825 754 1872 (q.
775 1827 825 1862 18.
845 1832 909 1862 art.
928 1839 959 1863 2.
981 1832 1010 1862 et
1031 1828 1104 1872 8.).·
1127 1827 1189 1862 sed
1211 1827 1385 1874 quidquid
1407 1836 1461 1863 est
1479 1839 1589 1863 causa
1611 1829 1672 1864 ali-

101 1878 217 1924 cujus,
244 1886 299 1914 est
326 1889 436 1914 causa
457 1880 546 1925 ejus,
571 1879 669 1926 quod
703 1880 876 1915 convenit
904 1881 936 1915 ei
963 1880 1165 1916 secundum
1197 1892 1301 1916 suam
1328 1882 1507 1929 speciem;
1534 1883 1562 1918 si
1584 1894 1672 1930 ergo

100 1931 203 1967 Deus
227 1940 322 1968 esset
351 1943 460 1968 causa
485 1941 586 1968 actus
613 1933 765 1980 peccati,
793 1942 1014 1980 sequeretur,
1040 1935 1137 1981 quod
1164 1943 1260 1970 esset
1284 1946 1394 1971 causa
1420 1936 1577 1983 peccati:
1604 1938 1667 1972 sed

101 1985 175 2021 hoc
194 1995 272 2022 non
293 1993 349 2022 est
367 1997 510 2030 verum,
530 1995 570 2022 ut
590 1994 780 2022 ostensum
800 1995 855 2022 est
876 1988 956 2032 (art.
974 1990 1106 2036 praec.)
1117 2001 1130 2030 ,·
1153 2000 1242 2036 ergo
1264 1989 1364 2025 Deus
1386 2001 1460 2025 non
1483 1998 1536 2026 est
1562 2001 1672 2026 causa

100 2046 206 2076 actm
225 2040 378 2087 peccati.

172 2092 249 2130 SED
268 2103 437 2130 coum.
459 2094 574 2130 Actus
596 2095 737 2142 peccati
755 2103 810 2131 est
825 2095 974 2143 quidam
990 2104 1111 2132 motus
1126 2095 1228 2132 liberi
1243 2097 1399 2132 arbitrii:
1422 2097 1485 2133 sed
1501 2097 1670 2134 voluntas

102 2145 174 2183 Dei
193 2154 249 2183 eet
267 2157 378 2184 causa
398 2148 566 2184 omnium
579 2148 800 2192 motionum,
821 2158 860 2185 ut
879 2149 1035 2196 August.
1051 2150 1137 2185 dicit
1152 2152 1188 2185 in
1207 2162 1236 2197 3.
1255 2151 1299 2186 de
1322 2150 1424 2187 Trin.
1440 2151 1526 2199 (cap.
1541 2163 1574 2198 4.
1592 2158 1623 2188 et
1637 2165 1668 2199 9.

104 2201 142 2236 in
158 2200 258 2247 fin.)‚·
280 2212 370 2249 ergo
390 2201 560 2238 voluntas
580 2202 651 2238 Dei
672 2210 726 2238 est
747 2214 856 2238 causa
878 2212 979 2239 actus
1003 2204 1154 2251 peccati.

172 2254 405 2293 Rmounzo
426 2256 634 2299 dicendum,
655 2257 753 2304 quod
775 2265 876 2293 actus
897 2259 1036 2305 peccati
1058 2266 1094 2294 et
1114 2267 1168 2294 est
1189 2270 1265 2303 ens,
1292 2267 1326 2294 et
1347 2267 1401 2295 est
1421 2268 1541 2303 actus,
1567 2269 1601 2296 et
1627 2272 1669 2296 ex

101 2315 256 2357 utroque
275 2309 397 2353 habet,
418 2309 516 2357 quod
531 2310 576 2346 sit
589 2321 610 2345 a
627 2310 728 2346 Deo:
751 2322 862 2346 omne
877 2312 974 2347 enirn
990 2323 1066 2355 ens,
1080 2324 1314 2360 quocumque
1329 2314 1441 2348 modo
1457 2316 1513 2357 sit,
1527 2323 1670 2362 oportet

100 2363 199 2411 quod
219 2363 401 2400 derivetur
413 2375 435 2400 a
448 2363 566 2411 primo
581 2372 676 2407 ente,
689 2373 729 2400 ut
742 2373 841 2412 patet
853 2377 917 2412 per
930 2366 1084 2413 Dionys.
1103 2377 1131 2411 5.
1151 2378 1228 2414 cap.
1249 2368 1294 2402 de
1308 2367 1390 2402 Div.
1406 2367 1516 2403 Nom.
1532 2367 1618 2412 (lect.
1642 2381 1669 2405 1.

99 2420 132 2453 el
150 2416 225 2462 2.).·
245 2417 367 2453 omnis
400 2425 523 2453 autem
550 2418 646 2453 actio
675 2426 843 2454 causatur
871 2419 915 2454 ab
944 2419 1067 2467 aliquo
1089 2421 1262 2456 existente
1284 2421 1320 2456 in
1351 2430 1446 2464 actu,
1468 2422 1552 2469 quia
1579 2422 1669 2457 nihil

101 2469 188 2517 agit,
207 2469 278 2507 nisi
296 2471 501 2507 secundum
518 2471 616 2518 quod
630 2479 684 2507 est
698 2480 799 2507 actu:
821 2483 934 2508 omne
948 2482 1069 2508 autern
1084 2484 1148 2509 ens
1163 2482 1244 2509 actu
1261 2475 1443 2510 reducitur
1458 2475 1492 2510 in
1511 2476 1669 2522 primum

100 2531 238 2567 actum,
256 2523 399 2560 scilicet
418 2524 552 2568 Deum,
582 2525 675 2560 sicut
703 2525 739 2560 in
770 2536 930 2569 causam,
959 2527 1020 2574 qui
1042 2536 1095 2562 est
1117 2539 1179 2575 per
1200 2539 1303 2563 suam
1331 2529 1525 2564 essentiam
1549 2538 1667 2564 actus:

101 2577 198 2614 uude
219 2576 445 2626 relinquitur,
463 2578 563 2626 quod
584 2578 685 2614 Deus
706 2579 751 2614 sit
772 2591 880 2615 causa
907 2581 1028 2616 omnis
1050 2581 1215 2624 actionis,
1241 2583 1454 2629 inquantum
1481 2591 1535 2618 est
1561 2584 1668 2618 actio.

101 2629 175 2667 Sed
195 2639 387 2679 peccatum
406 2631 574 2668 nominat
586 2643 663 2674 ens,
678 2641 713 2668 et
727 2633 909 2669 actionem
925 2645 1009 2669 cum
1024 2635 1183 2681 quodam
1198 2635 1357 2671 defectu:
1372 2635 1532 2671 defectus
1547 2645 1667 2672 autem

98 2683 163 2721 ille
181 2692 237 2721 est
257 2696 301 2722 ex
321 2696 431 2722 causa
453 2694 586 2729 creata,
606 2686 746 2722 scilicet
765 2686 880 2723 libero
902 2689 1061 2731 arbitrio,
1083 2689 1297 2736 inquantum
1324 2689 1443 2725 deficit
1471 2691 1513 2725 ab
1541 2691 1668 2726 ordine

102 2738 211 2786 primi
231 2740 384 2786 agentis,
404 2739 545 2776 scilicet
565 2740 654 2783 Dei;
674 2741 770 2776 unde
791 2740 952 2777 desectus
974 2743 1040 2778 iste
1061 2754 1134 2778 non
1163 2744 1346 2778 reducitur
1367 2744 1402 2778 in
1428 2744 1547 2779 Deum
1575 2745 1667 2780 sicut

101 2789 140 2828 in
159 2802 323 2836 eausam,
342 2793 406 2829 sed
427 2793 463 2828 'm
489 2792 640 2830 liberum
664 2794 866 2830 arbitrium:
886 2796 979 2831 sicut
1000 2795 1160 2832 defectus
1183 2797 1459 2832 claudicationis
1485 2798 1667 2833 reducitur

101 2843 141 2881 in
158 2845 287 2882 tibiam
306 2857 457 2885 curvam
478 2847 571 2882 sicut
587 2847 624 2882 in
646 2858 806 2890 causam,
828 2859 903 2884 non
930 2858 1051 2885 autem
1074 2850 1111 2888 in
1136 2851 1306 2886 virtutem
1333 2851 1522 2894 motivam,
1549 2863 1569 2887 a
1595 2864 1665 2899 qua

98 2905 223 2935 nmen
249 2906 418 2936 causamr
442 2900 617 2948 quidquid
645 2909 701 2937 est
729 2902 904 2938 motionis
929 2903 967 2939 in
988 2901 1276 2947 claudicatione;
1303 2914 1337 2940 et
1364 2906 1564 2941 secundum
1593 2906 1664 2941 hoc
