1907 3198
411 197 635 235 Quas-no
668 198 831 229 Lxxvn.
864 198 1111 230 ARTICULUS
1142 199 1235 230 vm.
1529 190 1611 244 565

117 281 193 318 SED
214 291 371 318 CONTRA
392 288 456 324 est,
471 280 568 327 quod
588 280 717 327 Apost.
737 280 825 315 dicit
843 280 951 315 Rom.
974 291 1006 327 7.
1025 280 1124 327 quod
1139 283 1304 328 passiones
1315 286 1530 329 peccatorum
1544 288 1616 330 ope-

43 341 167 373 rantur
186 337 223 371 in
247 336 406 371 membris
431 335 550 370 nostris
575 334 618 369 ad
631 334 912 381 fructificandum
939 336 1060 370 morti:
1091 335 1163 369 hoc
1195 344 1316 370 autem
1347 344 1400 371 est
1428 335 1614 382 proprium

43 389 209 426 mortalis
221 388 374 436 peccati,
389 388 487 435 quod
508 387 701 423 fructificet
714 387 844 430 morti3
859 399 948 435 ergo
966 396 1172 435 peccatum,
1191 389 1289 436 quod
1304 397 1358 424 est
1378 400 1420 424 ex
1435 389 1615 436 passione,

43 451 163 492 potest
183 454 262 479 esse
284 441 450 477 mortale.
1355 464 1360 468 ·

113 496 346 533 Rnsrouoto
364 494 572 537 dicendum,
586 494 684 542 quod
703 503 894 542 peccatum
913 494 1081 538 mortale,
1097 504 1134 530 ut
1152 507 1260 543 supra
1278 495 1417 531 dictum
1431 504 1485 531 est
1499 496 1545 543 (q.
1562 508 1615 543 72.

41 556 107 587 art.
115 550 176 598 5.),
191 549 357 586 consistit
370 549 407 584 in
422 548 612 584 aversione
629 548 672 582 ab
688 548 818 583 ultimo
834 548 915 591 fine,
931 561 991 596 qu1
1006 557 1060 584 est
1073 549 1185 591 Deus,
1200 561 1293 596 quae
1308 550 1457 597 quidem
1470 551 1612 586 aversio

42 604 198 653 pertinet
219 603 263 638 ad
285 603 467 638 rationem
488 601 763 644 deliberantem,
786 603 888 648 cujus
910 603 1021 638 etiarn
1047 611 1102 637 est
1128 603 1297 638 ordinare
1325 604 1361 638 in
1388 603 1516 638 finem:
1543 604 1616 639 hoc

42 658 151 706 igitur
171 656 409 693 solummodo
430 663 550 703 potest
571 655 796 702 contingere,
819 656 916 703 quod
935 656 1124 691 inclinatio
1139 657 1283 691 animae
1299 657 1334 691 in
1357 656 1504 704 aliquid,
1518 658 1616 704 quod

42 711 284 747 contrariatur
304 709 434 745 ultimo
456 709 530 751 fini,
548 720 623 744 non
645 709 690 744 sit
711 718 904 756 peccatum
923 710 1092 753 mortale,
1111 711 1195 757 quia
1213 711 1305 745 ratio
1324 710 1527 746 deliberans
1541 722 1616 746 non

0 754 3 760 ¹
41 773 163 813 potest
181 773 394 806 occurrere;
414 763 514 810 quod
535 763 716 809 contingit
736 763 773 798 in
796 764 922 798 subitis
943 764 1122 798 motibus:
1145 775 1230 798 cum
1246 771 1368 799 autem
1386 775 1428 799 ex
1448 764 1617 811 passione

0 840 2 854 ι
43 818 172 866 aliquis
192 817 358 866 procedit
378 817 423 852 ad
450 825 573 852 actum
595 817 748 864 peccati,
770 817 828 852 vel
851 818 894 852 ad
918 828 1138 853 consensum
1166 817 1418 861 deliberatum,
1444 819 1516 853 hoc
1541 830 1617 853 non

41 872 83 909 fit
101 872 239 915 subit03
260 871 357 906 unde
377 871 471 906 ratio
492 870 697 906 deliberans
715 879 835 918 potest
849 871 908 905 hic
927 882 1137 906 occurrere:
1157 880 1277 919 potest
1294 872 1393 906 enim
1412 872 1617 915 excludere,

0 922 4 970 ζ
41 925 102 962 vel
125 925 256 962 saltem
275 924 453 972 impedire
473 925 694 972 passionem,
716 933 755 959 ut
772 925 910 960 dictum
931 933 985 960 est
1005 925 1087 971 (art.
1104 926 1237 972 praec.)
1246 938 1259 967 ,·
1282 926 1377 960 unde
1403 926 1433 961 si
1458 937 1533 961 non
1555 937 1615 961 oc-

42 987 173 1023 currat,
191 986 245 1015 est
260 986 454 1026 peccatum
471 978 645 1013 mortale:
665 978 759 1013 sicut
775 979 953 1021 videmus,
971 979 1069 1026 quod
1088 979 1203 1014 multa
1220 979 1432 1022 homicidia,
1451 988 1486 1015 et
1503 979 1619 1015 multa

42 1033 220 1070 adulteria
238 1043 303 1080 per
322 1032 532 1080 passionem
554 1032 844 1067 committuntur.

113 1087 175 1124 AD
193 1098 345 1124 numm
366 1098 454 1135 ergo
476 1087 684 1130 dicendum,
703 1088 813 1134 quod,
834 1087 977 1123 veniale
999 1088 1128 1123 dicitur
1149 1089 1350 1136 triph'citer:
1372 1100 1438 1124 uno
1459 1089 1556 1124 modo
1575 1101 1618 1125 ex

41 1152 170 1186 causa;
191 1141 276 1190 quia
296 1141 436 1177 scilicet
455 1141 565 1176 habet
587 1141 746 1188 aliquam
769 1153 919 1177 causam
941 1142 1080 1184 veniae,
1102 1153 1194 1189 quae
1216 1142 1385 1177 diminuit
1405 1151 1617 1189 peccatum:

42 1203 80 1232 et
97 1195 150 1231 sic
176 1203 369 1243 peccatum
403 1206 445 1230 ex
477 1194 699 1238 infirmitate,
725 1195 783 1230 vel
810 1195 1015 1242 ignorantia
1037 1196 1168 1230 dicitur
1187 1196 1346 1231 veniale:
1369 1197 1436 1231 alio
1457 1197 1553 1232 modo
1575 1209 1618 1232 ex

42 1257 187 1292 eventu,
208 1249 302 1284 sicut
322 1259 433 1284 omne
451 1257 643 1296 peccatum
662 1260 725 1296 per
743 1249 1003 1296 poenitentiam
1024 1249 1063 1284 fit
1079 1249 1234 1292 veniale,
1252 1250 1344 1285 idest
1364 1251 1509 1285 veniam
1531 1262 1619 1286 con-

42 1302 220 1350 sequitur:
243 1304 340 1339 certio
356 1302 454 1338 modo
472 1302 603 1338 dicitur
614 1302 758 1337 veniale
776 1314 818 1337 ex
837 1314 968 1349 genere
983 1316 991 1346 ;
1014 1303 1107 1338 sicut
1123 1304 1274 1338 verbum
1293 1304 1470 1339 otiosum:
1494 1313 1529 1340 et
1545 1305 1618 1340 hoc

43 1356 167 1393 solum
185 1356 329 1393 veniale
349 1357 547 1405 opponitur
563 1357 729 1392 mortali:
753 1358 911 1404 obJectio
933 1366 1055 1393 autern
1078 1360 1241 1405 procedit
1263 1360 1306 1394 de
1323 1362 1450 1408 primo.

114 1411 176 1447 An
196 1421 405 1447 sncuunuu
427 1410 635 1453 dicendum,
657 1411 754 1458 quod
777 1412 898 1459 passio
921 1420 973 1447 est
994 1423 1104 1448 causa
1122 1413 1263 1460 peccati
1285 1425 1327 1448 ex
1348 1422 1448 1461 parte
1470 1425 1619 1450 conver-

41 1464 176 1508 sionis;
196 1464 294 1512 quod
316 1472 440 1500 autem
460 1464 506 1500 sit
526 1463 694 1507 mortale,
716 1474 770 1500 est
790 1477 833 1501 ex
859 1474 959 1512 parte
993 1467 1203 1509 aversionis,
1233 1478 1326 1514 quae
1356 1480 1420 1514 per
1450 1468 1618 1503 accidens

41 1517 204 1566 sequitur
223 1517 270 1553 ad
290 1518 582 1561 conversionem,
601 1526 640 1554 ut
660 1518 798 1554 dictum
812 1527 866 1554 est
881 1519 962 1564 (art.
985 1520 1018 1556 6.
1037 1520 1106 1567 huj.
1125 1532 1156 1567 q.
1175 1520 1218 1556 ad
1235 1522 1301 1565 1.)‚·
1321 1522 1415 1557 unde
1433 1522 1525 1557 ratio
1543 1534 1618 1558 non

41 1571 214 1620 sequitur.

113 1625 176 1662 AD
197 1635 370 1662 τεκτιυκ
398 1625 607 1669 dicendum,
636 1626 734 1674 quod
763 1627 855 1662 ratio
883 1638 959 1662 non
993 1638 1135 1675 semper
1168 1628 1204 1663 in
1226 1639 1293 1664 suo
1315 1637 1397 1664 actu
1418 1629 1577 1665 totaliter
1599 1641 1618 1665 a

41 1679 212 1728 passione
231 1679 447 1728 impeditur;
467 1680 562 1715 unde
584 1688 749 1715 remanet
770 1681 802 1716 ei
823 1680 978 1716 liberum
1000 1682 1199 1724 arbitrium,
1222 1691 1260 1717 ut
1282 1683 1395 1730 possit
1415 1684 1539 1727 averti,
1560 1683 1618 1718 vel

42 1733 207 1770 converti
228 1733 273 1769 ad
298 1734 433 1777 Deum,
454 1734 485 1770 si
505 1742 628 1769 autern
648 1734 809 1770 totaliter
829 1734 1017 1770 tolleretur
1038 1747 1123 1771 usus
1145 1737 1308 1779 rationis,
1329 1738 1403 1783 jam
1425 1749 1500 1773 non
1522 1747 1618 1773 esset

41 1795 235 1836 peccatum
254 1797 322 1824 nec
344 1786 512 1832 mortale,
532 1799 600 1823 nec
622 1787 775 1824 veniale.

485 2127 843 2190 QUAESTIO
885 2129 1163 2179 Lxxvm.

304 2263 370 2296 DE
406 2263 561 2297 CAUSA
598 2264 810 2305 PECCATI,
851 2265 982 2307 QUAE
1021 2267 1106 2299 EST
1144 2267 1359 2308 MALITIA,

424 2335 476 2368 IN
502 2335 731 2377 QUATUOR
758 2336 1022 2371 ARTICULOS
1048 2339 1226 2374 DIVISA.

111 2480 257 2518 Deinde
275 2482 582 2519 considerandum
608 2492 662 2520 est
681 2484 726 2520 de
745 2495 854 2520 causa
872 2486 1024 2533 peccati,
1045 2498 1138 2534 quae
1157 2495 1211 2523 est
1228 2500 1270 2524 ex
1289 2497 1389 2536 parte
1406 2489 1616 2532 voluntatis,

114 2547 137 2573 e
156 2536 288 2573 dicitur
308 2537 458 2573 malitia.

506 2628 551 2664 Et
571 2629 663 2664 circa
684 2629 744 2665 hoc
763 2636 970 2677 quaeruntur
990 2636 1144 2678 quatuor.

113 2696 251 2734 Primo.
274 2697 407 2734 Utrum
428 2698 558 2747 aliquis
579 2700 693 2747 possit
714 2712 757 2736 ex
778 2710 875 2737 certa
897 2702 1047 2746 malitia,
1069 2714 1131 2738 seu
1154 2704 1328 2739 industria
1350 2715 1513 2751 peccare.

113 2750 297 2788 Secundo.
319 2751 453 2788 Utrum
474 2754 694 2801 quicumque
716 2764 843 2802 peccat
864 2768 906 2792 ex
928 2757 1064 2800 habitu,
1088 2767 1214 2803 peccet
1235 2770 1276 2793 ex
1299 2767 1397 2793 certa
1418 2758 1568 2793 malitia.

113 2803 254 2841 Tertio.
277 2805 410 2842 Utrum
431 2807 652 2855 quicumque
674 2817 803 2855 peccat
824 2822 867 2845 cx
889 2819 986 2846 certa
1009 2811 1159 2853 malitia,
1182 2820 1307 2858 peccet
1330 2824 1371 2846 ex
1394 2812 1530 2847 habitu.

113 2857 270 2901 Quarto.
291 2858 424 2896 Utrum
445 2859 506 2896 ille
526 2861 587 2909 qui
608 2870 737 2909 peccat
757 2874 799 2898 cx
821 2871 918 2900 certa
942 2864 1095 2908 malitia,
1109 2866 1254 2912 gravius
1272 2874 1409 2912 peccet,
1427 2877 1536 2913 quam
1556 2865 1616 2901 illc

122 2919 252 2960 peccat
270 2923 315 2948 ex
334 2912 514 2961 passione.

189 2992 220 3024 S.
238 2993 363 3023 ΤΙοΙΔΙ
382 2994 487 3023 Son-a
513 2995 674 3033 Theologica.
696 2997 761 3027 vol.
785 2998 821 3027 ll.
1442 3011 1470 3035 57
