1907 3198
2 439 29 766 ‹mv-mm
8 343 29 430 μὶν·
12 317 16 322 ·
12 287 18 300 ·’

8 780 25 844 «Fr

531 159 757 196 QUAESTIO
790 159 890 190 XLV.
924 159 1174 190 ARTICULUS
1207 160 1268 191 111.
1607 162 1687 205 321

108 243 230 286 timor,
254 251 289 278 et
309 254 404 290 spes,
428 251 462 278 et
485 243 595 278 etiam
619 243 784 286 audacia,
807 254 892 277 cum
914 242 985 277 sint
1005 243 1194 289 passiones
1217 243 1410 289 quaedam,
1433 243 1638 278 consistunt
1655 244 1692 278 in

107 306 211 332 motu
233 297 424 344 appetitus,
446 305 481 331 et
503 297 538 331 in
562 297 721 344 quadam
743 298 1047 332 transmutatione
1071 296 1266 344 corporali,
1294 297 1470 344 dupliciter
1497 305 1617 344 potest
1639 309 1694 332 ac-

108 351 180 399 cipi
202 363 311 386 causa
338 351 525 393 audaciae,
547 353 615 386 siva
637 360 815 398 quantum
838 351 882 386 ad
904 351 1208 398 provocationem
1238 351 1325 398 spei,
1351 353 1419 386 siva
1442 360 1619 398 quantum
1648 352 1691 386 ad

105 405 357 441 exclusionem
378 405 539 440 timoris:
563 418 629 440 uno
653 405 748 440 modo
771 405 919 452 quidem
942 416 984 439 ex
1007 413 1107 452 parte
1131 405 1316 452 appetitivi
1343 413 1486 440 motus:
1509 406 1576 440 alio
1603 417 1691 440 vero

105 460 202 495 modo
223 471 266 494 ex
287 468 387 506 parte
409 460 724 494 transmutationis
747 459 960 507 corporalis.
983 459 1035 493 Ex
1052 465 1151 506 parte
1174 459 1322 506 quidem
1346 460 1532 506 appetitivi
1555 468 1692 501 motus,

105 514 166 560 qui
187 514 348 561 sequitur
362 513 704 561 apprehensionem,
720 522 942 560 provocatur
963 525 1044 560 spes
1068 525 1221 548 causans
1245 513 1436 548 audaciam
1451 526 1514 559 per
1530 526 1583 556 ea,
1599 526 1692 561 quae

102 567 242 603 faciunt
267 579 335 602 nos
363 568 568 610 aestimare,
595 569 693 614 quod
722 567 893 615 possibile
920 568 965 602 sit
991 567 1142 614 adipisci
1168 568 1380 602 victoriam:
1409 569 1462 603 vel
1487 568 1691 602 secundum

103 622 290 669 propriam
311 622 526 668 potentiam,
550 622 643 656 sicut
664 621 839 657 fortitudo
863 623 1039 669 corporis,
1063 622 1282 668 experientia
1305 622 1341 656 in
1364 622 1545 668 periculis,
1573 621 1693 656 multi-

102 676 192 712 tudo
213 677 466 724 pecuniarum,
490 684 525 711 et
548 676 618 710 alia
640 677 871 723 hujusmodi:
891 678 959 712 sive
981 688 1045 723 per
1066 676 1271 722 potentiam
1294 676 1463 719 aliorum,
1486 677 1580 711 sicut
1601 676 1692 711 mul-

102 731 220 767 titudo
255 731 474 774 amicorum,
501 730 560 765 vel
587 742 907 778 quorumcumque
938 731 1211 765 auxiliantium:
1234 738 1269 765 et
1291 731 1484 777 praecipue
1515 731 1545 766 si
1574 731 1689 765 homo

103 785 264 821 confidat
285 786 328 820 de
351 785 485 820 auxilio
501 785 646 828 divino,
666 786 761 820 unde
776 785 840 827 illi,
855 785 916 832 qui
938 796 976 820 se
998 785 1089 820 bene
1111 785 1247 819 habent
1267 785 1310 818 ad
1325 785 1460 827 divina,
1476 785 1690 820 audaciores

102 847 197 882 sunt,
219 847 258 874 ut
279 839 390 874 etiam
406 839 543 874 Philos.
568 839 655 874 dicit
669 841 704 874 in
724 850 755 874 2.
772 839 923 874 Rhetor.
947 840 1039 886 (cap.
1058 851 1086 885 5.
1109 840 1276 885 sztbsm.):
1296 839 1408 873 timor
1431 847 1552 874 autem
1573 839 1691 874 exclu-

102 894 199 928 ditur
212 894 416 929 secundum
431 894 542 928 istum
557 894 711 928 modum
727 905 790 940 per
804 894 1051 928 remotionem
1066 893 1281 928 terribilium
1298 893 1689 940 appropinquantium3

101 956 187 995 puta
208 948 293 995 quia
314 948 431 983 homo
446 960 521 983 non
536 948 646 983 habet
660 948 851 991 inimicos3
867 948 951 995 quia
962 947 1051 982 nulli
1070 948 1216 991 nocuit3
1231 948 1315 994 quia
1329 959 1404 982 non
1424 948 1522 982 videt
1541 947 1688 995 aliquod

101 1002 307 1050 periculum
341 1002 556 1037 imminere:
594 1002 663 1037 illis
700 1004 796 1036 enim
824 1003 991 1037 videntur
1019 1003 1177 1037 maxime
1207 1002 1368 1049 pericula
1394 1003 1599 1045 imminere,
1629 1003 1690 1049 qui

101 1057 180 1092 aliis
202 1065 418 1092 nocuerunt.
438 1057 489 1092 Ex
502 1063 600 1104 parte
618 1069 705 1092 vero
721 1058 1034 1092 transmutationis
1051 1057 1252 1104 corporalis
1271 1066 1440 1092 causatur
1459 1058 1611 1092 audacia
1627 1070 1690 1105 per

100 1112 406 1159 provocationem
428 1112 516 1159 spei,
532 1120 567 1146 et
585 1112 838 1146 exclusionem
859 1112 1002 1146 timoris
1030 1123 1072 1145 ex
1099 1112 1167 1154 his,
1190 1124 1282 1159 quae
1304 1111 1442 1147 faciunt
1464 1112 1689 1146 caliditatem

100 1166 196 1201 circa
216 1177 297 1201 cor:
318 1166 412 1201 unde
435 1166 528 1200 Phil.
544 1166 641 1214 dicit.
665 1166 701 1200 in
723 1166 783 1200 lib.
810 1177 838 1212 3.
859 1166 902 1200 de
925 1166 1091 1200 Partibus
1112 1166 1326 1200 animalium
1344 1167 1432 1213 (cap,
1451 1179 1484 1211 4.
1504 1167 1687 1213 circ.fin.)‚

99 1221 198 1268 quod
220 1221 284 1264 illi,
307 1221 369 1268 qui
389 1221 525 1256 habent
539 1232 690 1268 parvum
708 1232 773 1255 cor
787 1221 988 1255 secundum
1010 1221 1263 1267 quantitatem,
1279 1229 1362 1255 sunt
1377 1221 1494 1267 magis
1511 1221 1686 1255 audaces:

100 1284 136 1311 et
158 1275 331 1310 animalia
352 1275 523 1310 habentia
546 1286 724 1321 magnum
748 1286 812 1309 cor
833 1275 1037 1309 secundum
1065 1275 1304 1321 quantitatem
1332 1283 1414 1309 sunt
1435 1276 1582 1318 timida3
1604 1275 1688 1321 quia

99 1329 201 1365 calor
214 1329 388 1364 naturalis
407 1341 482 1364 non
497 1337 639 1364 tantum
654 1337 774 1376 potest
789 1328 990 1363 calefacere
1005 1340 1183 1375 magnum
1199 1340 1274 1371 cor,
1290 1329 1384 1363 sicut
1402 1340 1555 1375 parvum
1569 1341 1576 1363 ε
1595 1330 1689 1364 sicut

97 1384 192 1431 ignis
213 1395 289 1418 non
310 1391 453 1419 tantum
471 1391 593 1430 potest
610 1382 811 1419 calefacere
830 1395 1003 1430 magnam
1021 1383 1187 1425 domum,
1202 1383 1296 1418 sicut
1316 1395 1479 1430 parvam.
1502 1383 1548 1418 Et
1567 1383 1604 1418 in
1626 1383 1686 1418 lib.

98 1439 142 1473 de
164 1438 348 1473 Problem.
373 1437 461 1484 (sect.
476 1449 530 1485 27.
543 1438 655 1486 probl.
678 1438 728 1483 4.)
743 1437 840 1480 dicit,
859 1437 969 1484 quod,
984 1437 1160 1472 habentes
1182 1450 1360 1484 magnum
1374 1438 1591 1485 pulmonem
1605 1450 1687 1473 san-

98 1493 273 1539 guineum
292 1500 376 1528 sunt
397 1492 611 1527 audaciores
625 1500 774 1539 propter
789 1491 1011 1526 caliditatem
1033 1492 1154 1527 cordis
1176 1493 1303 1527 exinde
1319 1501 1618 1539 consequentem.
1642 1493 1687 1528 Et

96 1547 232 1582 ibidem
251 1546 349 1590 dicit,
363 1546 462 1594 quod
476 1546 551 1581 vini
573 1555 757 1581 amatores
776 1555 859 1581 sunt
874 1547 991 1593 magis
1007 1547 1176 1589 audaces,
1191 1555 1339 1594 propter
1354 1547 1577 1582 caliditatem
1590 1548 1685 1591 vini;

97 1601 192 1636 unde
214 1609 250 1636 et
270 1612 378 1648 supra
399 1601 539 1636 dictum
566 1609 620 1636 est
643 1600 687 1647 (q.
714 1612 772 1646 40.
800 1606 866 1636 art.
892 1601 957 1647 6.),
986 1601 1084 1648 quod
1112 1601 1266 1636 ebrietas
1293 1601 1380 1636 facit
1409 1602 1454 1636 ad
1481 1602 1685 1637 bonitatem

96 1655 190 1703 spei:
214 1655 378 1690 caliditas
400 1656 499 1690 enim
526 1655 646 1690 cordis
668 1654 811 1701 repellit
831 1655 1017 1698 timorem,
1041 1663 1076 1690 et
1098 1664 1224 1690 causat
1250 1668 1365 1703 spem,
1393 1664 1541 1703 propter
1563 1657 1684 1691 cordis

96 1709 360 1752 extensionem,
379 1717 414 1744 et
432 1709 769 1756 amplificationem.

168 1764 229 1799 AD
244 1774 395 1799 PRIMUM
411 1775 499 1811 ergo
515 1764 724 1806 dicendum,
740 1764 837 1810 quod
853 1764 1006 1799 ebrietas
1022 1772 1148 1799 causat
1162 1765 1366 1808 audaciam,
1381 1777 1456 1800 non
1467 1766 1684 1813 inquantum

95 1826 150 1853 est
175 1817 350 1861 defectus„
377 1818 439 1853 sed
468 1818 686 1865 inquantum
712 1817 799 1852 facit
827 1818 946 1853 cordis
974 1818 1240 1862 dilatationem,
1269 1827 1303 1854 et
1329 1820 1558 1866 inquantumv
1574 1821 1684 1855 etiam

94 1871 182 1908 facit
203 1873 497 1908 aestimationem
521 1873 710 1919 cujusdam
734 1873 1007 1919 magnitudinis.

167 1927 228 1962 Ar>
255 1937 464 1963 SECUNDUM
487 1927 697 1970 dicendum,
724 1927 822 1974 quod
850 1927 902 1962 illi
929 1928 990 1974 qui
1017 1936 1100 1962 sunt
1121 1928 1298 1974 inexperti
1320 1928 1581 1975 periculorum,
1601 1938 1686 1965 sunt

95 1980 321 2024 audaciores,
335 1993 410 2016 non
425 1989 573 2029 propter
587 1980 783 2024 defectum,
798 1982 861 2016 sed
876 1993 940 2028 per
955 1982 1137 2024 accidens,
1150 1984 1368 2029 inquantum
1382 1983 1523 2018 scilicet
1537 1992 1685 2030 propter

93 2035 394 2082 inexperientiam
414 2046 534 2082 neque
553 2035 777 2070 debilitatem
797 2047 901 2070 suam
923 2044 1164 2082 cognoscunt,
1187 2048 1305 2083 neque
1328 2038 1573 2083 praesentiam
1594 2039 1685 2085 peri-

95 2088 283 2133 culorum;
305 2097 340 2124 et
360 2089 409 2124 ita
424 2101 488 2137 per
509 2090 798 2124 subtractionem
821 2101 952 2124 causae
974 2090 1118 2125 timoris
1141 2091 1302 2137 sequitur
1324 2092 1487 2126 audacia.

166 2143 227 2179 AD
250 2154 423 2180 TERTIUM
442 2144 651 2186 dicendum,
674 2144 784 2190 quod,
807 2144 900 2178 sicut
913 2144 1051 2179 Philos.
1066 2145 1153 2179 dicit
1170 2145 1205 2179 in
1223 2155 1254 2180 2.
1270 2146 1376 2180 Rhet.
1398 2146 1487 2193 (cap.
1499 2159 1526 2193 5.
1544 2147 1680 2194 infin),

93 2197 268 2244 injustum
283 2198 379 2245 passi
393 2198 592 2233 redduntur
604 2198 829 2240 audaciores,
845 2200 929 2245 quia
944 2199 1149 2241 aestimant,
1160 2200 1258 2246 quod
1269 2200 1370 2235 Deus
1385 2201 1559 2246 injustum
1567 2202 1682 2248 passis

95 2251 269 2287 auxilium
289 2252 400 2296 ferat;
423 2261 458 2288 et
478 2253 529 2287 sic
557 2261 666 2300 patet,
689 2253 787 2300 quod
810 2253 931 2287 nullus
959 2253 1120 2289 defectus
1143 2263 1268 2289 causat
1295 2256 1500 2298 audaciam,
1526 2257 1595 2291 nisi
1618 2268 1682 2304 per

93 2306 283 2350 accidens;
304 2307 522 2355 inquantum
543 2307 684 2342 scilicet
705 2307 814 2342 habet
835 2308 1045 2353 adjunctam
1069 2308 1230 2356 aliquam
1253 2310 1521 2353 excellentiam,
1543 2311 1601 2346 vel
1623 2323 1681 2346 ve-

93 2372 185 2404 ram,
205 2361 264 2396 vel
285 2361 528 2405 aestimatam,
551 2361 610 2396 vel
632 2373 674 2396 ex
696 2370 796 2408 parte
820 2362 978 2406 alterius,
1000 2362 1059 2397 vel
1081 2375 1123 2399 ex
1145 2372 1246 2410 parte
1269 2365 1335 2399 sui.

654 2492 1003 2538 ARTICULUS
1039 2494 1116 2538 IV.
1610 2519 1680 2556 250

270 2602 426 2634 UTRUM
459 2602 662 2633 AUDACES
697 2603 796 2634 SINT
834 2603 1143 2635 PROMPTIORES
1178 2605 1223 2636 IN
1255 2606 1497 2645 PRINCIPIO,

485 2669 612 2705 QUAM
638 2669 682 2699 IN
710 2669 809 2700 FINE
836 2670 880 2701 IN
908 2671 1013 2700 IPSIS
1044 2671 1285 2702 PERICULIS.

551 2752 666 2800 (Supr.
682 2765 712 2800 q.
727 2765 783 2799 44.
803 2759 867 2789 art.
882 2767 910 2801 3.
930 2759 959 2789 ct
976 2767 1006 2802 q.
1021 2766 1070 2802 45.
1087 2760 1151 2790 art.
1167 2756 1221 2800 Ι.)

165 2841 226 2878 AD
248 2853 439 2883 QUARTUM
461 2843 512 2878 sic
535 2844 755 2891 proceditur.
774 2844 938 2888 Videtur,
960 2845 1058 2892 quod
1082 2846 1238 2881 audaces
1253 2857 1327 2880 non
1343 2846 1413 2880 sint
1433 2847 1676 2894 promptiores

64 2916 65 2919 ¹
94 2905 131 2930 m
156 2888 348 2944 prinCIPIO,
369 2908 480 2945 quam
507 2897 542 2932 ln
571 2898 656 2946 lPSlS
678 2899 866 2946 perlCUllS.
888 2908 1028 2935 tremor
1054 2900 1151 2935 enlm
1180 2912 1222 2935 CX
1248 2909 1380 2936 tlmore
1408 2909 1588 2946 Causatus,
1615 2903 1677 2951 qu
