1923 3198
579 182 802 220 QUAESTIO
837 182 864 213 1.
898 181 1144 214 ARTICULUS
1177 181 1236 211 Vl.
1638 182 1692 225 27

126 277 282 313 cumque
296 267 357 309 rei,
372 265 512 300 etiamsi
527 266 569 300 de
585 264 714 300 ultimo
729 264 798 300 fine
818 273 899 299 actu
914 275 987 299 non
1004 264 1200 310 cogitetur:
1221 263 1312 297 sicut
1333 273 1406 296 non
1423 270 1577 309 oportet,
1596 263 1693 309 quod

125 320 188 367 qui
208 320 305 354 vadit
325 331 388 366 per
409 320 518 361 viam,
540 319 575 353 in
597 318 758 365 quolibet
779 329 886 365 passu
909 318 1044 364 cogitet
1065 317 1108 351 de
1137 316 1217 351 fine.

657 476 1003 523 ARTICULUS
1038 476 1138 520 VII.

1629 498 1647 532 x]

286 599 439 630 UTRUM
471 598 539 629 SIT
572 598 685 629 UNUS
719 597 912 628 ULTIMUS
946 597 1056 628 FINIS
1091 595 1270 627 OMNIUM
1302 594 1528 625 HOMINUM.

506 698 622 746 (Supr.
645 702 710 733 art.
728 709 756 745 5.
779 704 869 745 corp.
891 702 920 733 et
942 709 968 733 r.
991 697 1066 732 Em.
1089 696 1158 731 lect.
1177 707 1209 743 9.
1227 695 1313 741 fin).

196 799 257 836 AD
283 809 476 835 sm’TIMUM
503 799 553 834 sic
581 800 798 846 proceditur.
821 799 983 842 Videtur,
1010 799 1107 846 quod
1135 810 1208 833 non
1236 798 1403 833 omnium
1429 797 1623 832 hominum
1652 797 1698 832 sit

125 865 217 889 unus
247 853 327 888 finis
355 853 522 888 ultimus:
546 854 704 889 maxime
725 854 823 888 enim
845 854 984 888 videtur
1006 853 1154 888 ultimus
1176 852 1256 887 finis
1277 863 1356 887 esse
1377 851 1538 886 hominis
1560 851 1698 886 incom-

125 906 299 943 mutabile
321 907 474 942 bonum:
498 908 559 942 sed
581 907 728 954 quidam
751 915 959 942 avertuntur
982 907 1024 941 ab
1051 906 1342 941 incommutabili
1364 906 1462 940 bono
1485 905 1692 952 peccando3

126 971 201 996 non
222 970 312 1007 ergo
333 961 500 996 omnium
522 961 714 996 hominurn
738 972 829 996 unus
851 969 904 996 est
925 959 1073 995 ultimus
1095 959 1187 995 finis.

199 1024 231 1050 2.
253 1014 490 1051 PRAETEREA.
513 1014 723 1050 Secundum
746 1014 915 1049 ultimum
937 1013 1046 1048 finem
1068 1022 1144 1048 tota
1167 1014 1239 1048 vita
1261 1013 1422 1048 hominis
1443 1012 1647 1059 regulatur;
1669 1012 1698 1046 si

124 1068 234 1116 igitur
254 1076 347 1104 esset
369 1080 460 1103 unus
482 1068 630 1103 ultimus
652 1068 730 1103 finis
753 1069 918 1103 omnium
938 1067 1145 1109 hominum,
1163 1074 1384 1114 sequeretur,
1403 1067 1500 1114 quod
1523 1067 1558 1101 in
1581 1066 1697 1100 homi-

124 1121 229 1157 nibus
250 1132 324 1156 non
346 1129 466 1156 essent
486 1122 627 1156 diversa
649 1121 766 1156 studia
788 1121 946 1164 vivendi,
965 1122 1062 1168 quod
1085 1129 1182 1168 patet
1204 1132 1281 1156 esse
1303 1119 1446 1155 falsum.

198 1186 228 1222 3.
254 1174 491 1211 PRAETEREA.
514 1175 611 1210 Finis
633 1183 686 1210 est
708 1175 860 1210 actionis
882 1175 1075 1210 terminus:
1099 1175 1262 1209 actiones
1285 1182 1406 1209 autem
1433 1181 1516 1209 sunt
1542 1172 1700 1219 singula-

123 1228 236 1264 rium:
254 1228 424 1263 homines
446 1236 579 1271 autem,
602 1229 668 1263 etsi
689 1229 909 1264 conveniant
943 1230 977 1263 in
999 1237 1126 1263 natura
1149 1229 1294 1276 speciei,
1316 1236 1438 1263 tamen
1461 1227 1629 1263 differunt
1648 1238 1700 1262 se-

125 1282 286 1318 cundum
308 1292 363 1325 ea,
388 1293 480 1329 quae
508 1282 552 1316 ad
578 1282 762 1317 individua
788 1282 984 1330 pertinent;
1011 1293 1086 1317 non
1113 1293 1201 1329 ergo
1229 1283 1396 1317 omnium
1422 1282 1616 1316 hominum
1644 1289 1697 1316 est

125 1347 218 1372 unus
238 1335 387 1372 ultimus
408 1335 500 1371 finis.

196 1389 272 1425 SED
291 1399 448 1426 CONTRA
471 1397 535 1432 est,
557 1389 654 1436 quod
678 1389 832 1436 August.
855 1389 941 1424 dicit
959 1399 1010 1436 13.
1025 1389 1069 1424 de
1087 1388 1216 1424 Trinit.
1238 1389 1327 1434 (cap.
1345 1400 1377 1434 4.
1394 1389 1429 1423 in
1441 1389 1568 1436 princ.)
1585 1387 1697 1434 quod,

125 1453 254 1480 omnes
274 1443 444 1478 homines
466 1443 688 1478 conveniunt
709 1443 744 1478 in
763 1443 968 1490 appetendo
991 1443 1159 1478 ultimum
1182 1442 1304 1485 finem,
1323 1443 1384 1490 qui
1403 1450 1456 1477 est
1472 1441 1669 1476 beatitudo.

195 1496 426 1533 RESPONDEO
452 1496 658 1540 dicendum,
695 1497 791 1544 quod
819 1497 862 1532 de
890 1496 1020 1531 ultimo
1052 1496 1123 1532 fine
1153 1507 1348 1544 possumus
1381 1496 1482 1543 loqui
1508 1496 1695 1543 dupliciter.

130 1550 205 1586 Uno
226 1550 322 1586 modo
343 1548 543 1585 secundum
572 1551 751 1586 rationem
778 1549 896 1585 ultimi
923 1550 1003 1585 finis
1014 1547 1026 1584 ε’
1046 1551 1112 1585 alio
1134 1550 1230 1585 modo
1256 1549 1457 1585 secundum
1485 1549 1532 1592 id,
1559 1550 1594 1583 in
1622 1561 1695 1596 quo

124 1603 205 1640 finis
225 1603 343 1639 ultimi
364 1604 456 1639 ratio
478 1604 667 1639 invenitur.
693 1605 867 1649 Quantum
890 1604 998 1650 igitur
1025 1604 1068 1638 ad
1096 1605 1276 1639 rationem
1304 1603 1422 1639 ultimi
1449 1603 1541 1645 finis,
1569 1614 1698 1637 omnes

125 1657 347 1693 conveniunt
368 1657 403 1692 in
426 1657 584 1705 appetitu
607 1657 686 1692 finis
708 1657 844 1692 ultimi:
865 1657 948 1704 quia
968 1669 1096 1694 omnes
1119 1665 1292 1705 appetunt
1309 1668 1413 1692 suam
1435 1656 1698 1704 perfectionem

126 1710 334 1758 adimpleri3
355 1722 447 1758 quae
469 1719 523 1746 est
543 1711 634 1746 ratio
657 1710 774 1746 ultimi
796 1711 888 1754 finis,
910 1719 948 1746 ut
966 1711 1102 1746 dictum
1125 1721 1178 1746 est
1193 1710 1317 1758 (art.5.
1333 1712 1402 1758 lmj.
1418 1711 1492 1758 q.):
1514 1711 1574 1746 sed
1590 1722 1699 1757 quan-

123 1772 203 1800 tum
224 1765 267 1800 ad
290 1765 338 1808 id,
364 1765 399 1799 in
426 1776 498 1812 quo
526 1765 592 1800 ista
618 1765 710 1800 ratio
738 1765 928 1808 invenitur,
955 1776 1029 1800 non
1057 1777 1186 1801 omnes
1212 1765 1382 1800 homines
1411 1765 1634 1799 conveniunt
1661 1764 1696 1798 in

124 1817 254 1854 ultimo
275 1818 357 1854 fine.
375 1819 472 1854 Nam
494 1819 630 1866 quidam
652 1827 824 1866 appetunt
842 1819 996 1862 divitias,
1010 1827 1199 1866 tamquam
1219 1826 1515 1854 consummatum
1534 1819 1692 1861 bonum;

123 1872 260 1920 quidam
280 1883 369 1908 vero
389 1872 636 1920 voluptatem3
658 1873 794 1920 qnidam.
815 1884 902 1908 vero
925 1873 1182 1920 quodcumque
1205 1873 1318 1908 aliud:
1343 1873 1434 1907 sicut
1457 1880 1491 1907 et
1513 1872 1614 1906 omni
1637 1883 1698 1918 gu-

123 1925 193 1962 stui
217 1925 430 1962 delectabile
457 1934 511 1962 est
536 1926 660 1962 dulce:
688 1927 749 1962 sed
776 1927 991 1974 quibusdam
1019 1928 1177 1962 maxime
1207 1926 1430 1962 delectabilis
1458 1935 1510 1961 est
1538 1926 1693 1961 dulcedo

123 1980 209 2030 yini,
223 1981 439 2028 quibusdam
459 1979 615 2015 dulcedo
638 1980 769 2024 mellis,
785 1989 845 2015 aut
861 1980 1011 2026 alicujus
1027 1981 1166 2016 talium.
1183 1981 1274 2015 Illud
1289 1989 1412 2016 tamen
1431 1980 1536 2015 dulce
1555 1987 1699 2027 oportet

124 2033 336 2081 simpliciter
355 2045 433 2070 esse
455 2034 583 2070 melius
607 2035 830 2078 delectabile,
846 2036 881 2070 in
904 2046 976 2082 quo
999 2036 1157 2071 maxime
1179 2036 1389 2079 delectatur,
1406 2036 1465 2083 qui
1483 2036 1593 2071 habet
1611 2037 1699 2082 opti-

124 2098 227 2123 mum
248 2095 412 2134 gustum3
434 2096 470 2123 et
490 2088 654 2123 similiter
680 2088 767 2123 illud
794 2089 930 2123 bonum
960 2098 1104 2136 oportet
1125 2101 1205 2125 esse
1228 2090 1576 2137 completissimum3
1599 2090 1696 2137 quod

123 2148 312 2189 tamquam
332 2141 503 2177 ultimum
524 2142 633 2177 finem
657 2143 792 2189 appetit
812 2143 949 2178 habens
972 2143 1143 2178 affectum
1165 2145 1256 2179 bene
1280 2144 1506 2191 dispositum.

195 2195 256 2231 AD
277 2206 426 2231 PRIMUM
449 2207 536 2243 ergo
558 2196 764 2239 dicendum,
791 2197 888 2243 quod
916 2196 979 2239 illi,
1006 2198 1066 2244 qui
1095 2206 1259 2245 peccant,
1283 2206 1491 2233 avertuntur
1513 2198 1556 2232 ab
1578 2209 1635 2240 eo,
1662 2198 1697 2232 in

124 2259 198 2297 quo
219 2260 302 2284 vere
323 2249 502 2285 invenitur
527 2250 620 2285 ratio
647 2249 764 2285 ultimi
791 2250 888 2285 finis:
910 2261 985 2286 non
1013 2260 1134 2287 autem
1162 2252 1204 2286 ab
1232 2252 1307 2299 ipsa
1334 2252 1453 2287 ultimi
1480 2251 1560 2287 finis
1587 2253 1699 2286 inten-

123 2303 235 2347 tione,
256 2314 366 2350 quam
392 2312 568 2351 quaerunt
589 2302 680 2338 falso
703 2304 737 2338 in
761 2303 840 2339 aliis
861 2305 978 2339 rebus.

195 2357 256 2393 AD
277 2367 486 2393 SECUNDUM
512 2357 718 2400 dicendum,
737 2358 834 2405 quod
853 2358 994 2393 diversa
1009 2359 1127 2394 studia
1140 2359 1285 2394 vivendi
1301 2360 1517 2406 contingunt
1532 2359 1567 2393 in
1582 2359 1698 2394 homi-

124 2410 229 2446 nibus
250 2418 396 2458 propter
416 2411 574 2446 diversas
589 2422 658 2454 res,
681 2411 715 2446 in
735 2412 863 2458 quibus
885 2413 1067 2459 quaeritur
1088 2414 1179 2448 ratio
1202 2414 1338 2448 summi
1361 2415 1458 2449 boni.

195 2464 257 2500 AD
278 2474 451 2501 TER'HUM
473 2465 678 2508 dicendum,
701 2465 797 2513 quod
820 2466 886 2500 etsi
921 2467 1082 2502 actiones
1114 2468 1184 2502 sint
1205 2467 1462 2514 singularium;
1484 2475 1607 2502 tamen
1630 2467 1696 2514 pri-

125 2529 227 2554 mum
249 2518 465 2566 principium
488 2519 618 2566 agendi
646 2519 681 2554 in
708 2519 759 2554 eis
786 2527 840 2555 est
864 2528 1003 2564 natura,
1025 2532 1118 2568 quae
1139 2522 1254 2557 tendit
1281 2521 1323 2556 ad
1352 2533 1477 2564 unum,
1500 2530 1537 2556 ut
1559 2521 1695 2556 dictum

126 2579 180 2609 est
201 2572 282 2618 (art.
297 2584 327 2620 5.
349 2573 418 2620 huj.
440 2574 500 2620 q.).
