1907 3182
226 189 306 231 134
613 185 831 221 QUAESTIO
863 185 950 214 XVI.
985 183 1228 213 ARTICULUS
1261 181 1322 212 111.

289 269 349 304 AD
376 279 584 304 SECUNDUM
607 267 812 309 dicendum,
835 266 932 313 quod
954 265 1034 300 finis
1061 265 1256 299 assumitur
1277 264 1313 298 in
1339 263 1550 298 facultatem
1572 261 1782 304 voluntatis,

220 332 258 357 ut
278 322 446 357 voluntas
465 322 502 356 in
523 321 586 355 illo
610 322 788 367 quiescat:
811 320 905 354 unde
923 320 1001 365 ipsa
1015 319 1156 365 requies
1174 319 1211 352 in
1229 318 1310 359 fine,
1330 328 1422 363 quae
1436 316 1557 351 fruitio
1575 324 1638 357 est,
1654 315 1785 349 dicitur

218 378 290 412 hoc
314 377 426 411 modo
449 388 533 410 usus
555 376 654 410 finis:
678 375 739 409 sed
761 375 796 408 id
818 374 914 420 quod
937 381 991 408 est
1012 373 1055 407 ad
1076 373 1199 414 finem,
1222 371 1416 406 assumitur
1435 371 1472 405 in
1494 370 1704 405 facultatem
1724 381 1786 404 vo-

217 431 375 472 luntatis,
397 441 472 464 non
499 429 619 464 solum
640 431 675 463 in
703 429 829 462 ordine
857 427 900 461 ad
927 431 1033 461 usum
1060 428 1147 472 ejus,
1175 425 1272 472 quod
1299 432 1353 459 est
1374 424 1417 459 ad
1443 424 1565 466 finem,
1588 423 1650 458 sed
1671 423 1709 457 in
1730 434 1784 458 or-

218 485 300 519 dine
323 485 366 518 ad
389 484 498 518 aliam
519 494 608 524 rem,
630 483 666 516 in
689 494 759 528 qua
781 481 948 515 voluntas
971 480 1133 526 quiescit.

290 538 350 572 AD
373 548 544 572 TERTIUM
567 535 772 576 dicendum,
795 534 891 580 quod
914 545 999 568 usus
1022 534 1197 579 accipitur
1218 533 1254 566 in
1275 532 1393 566 verbis
1420 531 1549 566 Hilarii
1573 542 1638 578 pro
1666 530 1786 577 quiete

222 592 259 626 in
280 591 410 625 ultimo
432 590 513 632 fine,
537 601 580 623 eo
603 589 715 622 modo
738 599 809 634 quo
833 587 972 633 aliquis,
996 587 1239 621 communiter
1260 585 1456 631 loquendo,
1479 586 1608 619 dicitur
1634 584 1686 618 uti
1711 583 1783 617 fine

219 645 263 679 ad
285 644 522 679 obtinendum
548 643 679 689 ipsum,
701 642 794 676 sicut
815 642 952 675 dictum
975 648 1028 674 est
1051 640 1100 684 (in
1122 646 1210 686 corp.
1233 644 1261 674 et
1287 639 1329 673 ad
1349 641 1416 684 1.):
1444 639 1539 673 unde
1566 639 1721 684 August.
1747 637 1786 671 in

218 697 250 733 6.
273 699 316 732 de
339 697 439 731 Trin.
462 699 549 743 (cap.
571 709 622 731 10.
646 698 705 730 cir.
728 695 828 739 mad.)
852 694 949 736 dicit,
972 694 1069 740 quod
1095 693 1157 727 illa
1184 692 1389 735 delectatiO,
1410 691 1574 735 felicitas,
1596 691 1654 727 vel
1675 691 1785 726 beati-

219 752 306 786 tudo
328 763 412 786 usus
435 751 477 785 ab
501 762 544 785 eo
568 749 777 796 appellatur.

779 870 1127 916 ARTICULUS
1156 871 1232 913 IV.
1743 893 1790 930 94

554 981 708 1011 UTRUM
733 981 840 1010 USUS
868 979 1130 1010 PRAECEDAT
1158 978 1458 1009 ELECTIONEM.

294 1071 354 1105 AD
377 1080 568 1110 QUARTUM
590 1069 640 1103 sic
663 1068 879 1115 proceditur.
907 1067 1070 1109 Videtur,
1097 1067 1195 1113 quod
1221 1079 1306 1102 usus
1332 1066 1526 1114 praecedat
1551 1066 1789 1102 electionem:

223 1133 304 1172 post
332 1124 550 1158 electionem
573 1123 670 1156 enirn
696 1121 787 1156 nihil
813 1122 974 1168 sequitur
994 1121 1064 1155 nisi
1085 1121 1270 1155 executio:
1293 1121 1355 1155 sed
1380 1132 1479 1163 usus,
1507 1131 1591 1154 cum
1616 1121 1793 1167 pertineat

227 1180 269 1214 ad
292 1178 532 1219 voluntatem,
554 1177 737 1223 praecedit
759 1176 1030 1217 executionem3
1053 1186 1141 1220 ergo
1168 1175 1352 1221 praecedit
1377 1174 1488 1209 etiam
1515 1173 1744 1209 electionem.

295 1242 326 1266 2.
350 1232 588 1266 PRAETEREA.
610 1230 832 1264 Absolutum
851 1238 903 1263 est
925 1237 1006 1263 ante
1025 1228 1198 1271 relatum,
1219 1240 1306 1274 ergo
1325 1228 1446 1262 minus
1464 1227 1620 1262 relatum
1639 1236 1692 1263 est
1710 1236 1792 1263 ante

222 1286 338 1331 magis
360 1284 531 1319 relatum:
555 1284 616 1318 sed
636 1283 766 1318 electio
785 1283 959 1329 importat
978 1282 1065 1316 duas
1084 1281 1290 1324 relationes,
1313 1293 1424 1315 unam
1443 1282 1518 1327 ejus
1533 1282 1630 1327 quod
1649 1281 1793 1327 eligitur

223 1340 267 1373 ad
289 1339 411 1380 finem,
431 1338 540 1372 aliam
553 1348 640 1371 vero
663 1337 707 1370 ad
729 1337 764 1370 id
788 1337 845 1370 cui
858 1335 1106 1382 praeeligitur:
1130 1347 1214 1370 usus
1235 1343 1356 1369 autem
1374 1335 1549 1381 importat
1565 1334 1684 1370 solam
1706 1335 1793 1370 rela-

223 1393 362 1428 tionem
385 1392 428 1426 ad
450 1391 577 1433 finem;
600 1402 687 1436 ergo
710 1401 793 1424 usus
812 1398 866 1424 est
886 1390 984 1436 prior
1006 1389 1196 1424 electione.

298 1458 327 1492 3.
346 1446 583 1480 PRAETEREA.
605 1444 785 1478 Voluntas
807 1444 917 1477 utitur
939 1443 1016 1477 aliis
1038 1443 1220 1489 potentiis,
1240 1442 1456 1488 inquantum
1477 1450 1602 1476 movet
1623 1453 1701 1477 eas:
1730 1442 1792 1477 sed

222 1499 390 1534 voluntas
411 1507 536 1533 movet
558 1500 666 1532 etiam
688 1497 856 1543 seipsam,
875 1505 914 1531 ut
935 1497 1072 1530 dictum
1092 1504 1145 1530 est
1160 1496 1205 1542 (q.
1229 1508 1260 1542 9.
1280 1501 1343 1530 art.
1359 1496 1425 1542 3.);
1447 1506 1534 1541 ergo
1554 1496 1664 1530 etiam
1683 1496 1793 1530 utitur

223 1554 339 1599 seipsa
362 1552 578 1599 applicando
597 1563 634 1585 se
655 1551 698 1585 ad
719 1551 920 1597 agendum:
941 1551 1003 1584 sed
1022 1551 1094 1584 hoc
1114 1550 1209 1592 facit,
1233 1562 1317 1584 cum
1337 1550 1534 1593 consentit3
1554 1561 1641 1596 ergo
1659 1551 1696 1584 in
1713 1551 1792 1597 ipso

224 1618 404 1642 consensu
426 1615 478 1640 est
500 1617 602 1640 usus:
626 1606 687 1639 sed
708 1616 905 1639 consensus
927 1604 1110 1651 praecedit
1131 1603 1361 1646 electionem,
1383 1611 1422 1638 ut
1443 1604 1580 1638 dictum
1603 1612 1655 1639 est
1675 1605 1722 1650 (q.
1744 1616 1789 1651 15.

223 1667 288 1696 art.
308 1673 335 1707 3.
359 1660 401 1695 ad
418 1661 485 1706 3.);
510 1671 596 1705 ergo
620 1667 655 1693 et
676 1671 772 1693 usus.

294 1714 368 1748 SED
396 1724 552 1748 CONTRA
575 1721 637 1754 est,
660 1713 756 1758 quod
775 1713 947 1746 Damaso
970 1711 1056 1746 dicit
1075 1711 1150 1757 (lib.
1169 1723 1199 1746 2.
1218 1711 1314 1746 Orth.
1329 1710 1403 1746 Fid.
1423 1717 1495 1757 cap.
1513 1711 1599 1756 22.),
1619 1711 1717 1758 quod
1734 1723 1796 1747 vo-

225 1767 343 1802 luntas
365 1775 447 1813 post
468 1766 686 1801 electionem
708 1766 885 1812 impetum
906 1765 993 1800 facit
1014 1766 1058 1799 ad
1078 1765 1342 1812 operationem,
1362 1772 1397 1799 et
1413 1772 1541 1811 postea
1558 1766 1688 1809 utitur;
1706 1777 1794 1812 ergo

224 1833 308 1856 usus
331 1821 490 1868 sequitur
517 1820 747 1855 electionem.

296 1876 526 1910 Rssspoxm-:o
546 1875 741 1909 dicendum
758 1874 855 1920 quod
873 1873 1042 1908 voluntas
1061 1873 1223 1920 duplicem
1242 1873 1493 1908 habitudinem
1510 1873 1620 1908 habet
1639 1874 1683 1908 ad
1700 1874 1793 1909 voli-

225 1938 314 1964 tum.
343 1930 453 1963 Umzm
476 1929 634 1974 quidem,
650 1928 852 1962 secundum
867 1928 964 1974 quod
979 1936 1033 1962 est
1048 1927 1324 1973 quodammodo
1339 1927 1376 1961 in
1390 1927 1576 1962 volentem
1594 1939 1659 1974 per
1673 1940 1796 1974 quam-

225 1984 309 2017 dam
323 1983 611 2029 proportionem,
623 1982 681 2016 vel
703 1982 868 2016 ordinem
881 1982 924 2016 ad
934 1982 1108 2016 volitum:
1124 1981 1219 2015 unde
1234 1989 1269 2015 et
1287 1993 1354 2023 reS,
1370 1993 1462 2028 quae
1480 1981 1691 2016 naturaliter
1715 1991 1798 2016 sunt

225 2037 521 2083 proportionatae
541 2036 584 2070 ad
605 2035 762 2082 aliquem
779 2035 901 2077 finem,
921 2036 1088 2069 dicuntur
1104 2043 1272 2081 appetere
1294 2035 1398 2069 illum
1413 2035 1640 2077 naturaliter;
1659 2036 1722 2070 sed
1743 2036 1795 2070 sic

226 2091 358 2125 habere
370 2090 479 2124 finem
494 2098 547 2124 est
563 2089 774 2136 imperfecte
793 2090 926 2123 habere
945 2090 1082 2135 ipsum:
1101 2100 1210 2123 omne
1227 2096 1348 2122 autem
1362 2088 1616 2135 imperfectum
1633 2089 1748 2123 tendit
1760 2089 1796 2122 in

226 2144 506 2191 perfectionem:
528 2152 561 2177 et
575 2144 657 2177 ideo
680 2151 755 2176 tam
778 2143 955 2189 appetitus
978 2142 1163 2184 naturalis,
1179 2154 1289 2188 quam
1303 2142 1529 2176 voluntarius
1546 2142 1671 2184 tendit,
1686 2143 1798 2176 utha-

226 2199 308 2232 beat
321 2198 441 2244 ipsum
462 2197 571 2231 finem
594 2197 754 2238 realiter3
771 2197 868 2242 quod
883 2205 935 2231 est
950 2196 1106 2242 perfecte
1121 2197 1254 2230 habere
1269 2197 1405 2242 ipsum:
1431 2204 1465 2230 et
1478 2197 1569 2230 haec
1585 2204 1639 2230 est
1658 2196 1797 2231 secunda

227 2251 401 2286 habitudo
423 2251 620 2285 voluntatis
643 2252 686 2283 ad
708 2250 875 2284 volitum.
898 2250 1064 2284 Volitum
1087 2258 1208 2284 autem
1234 2261 1309 2285 non
1335 2250 1457 2284 solum
1478 2258 1531 2284 est
1556 2250 1649 2292 finis,
1671 2251 1733 2285 sed
1761 2250 1796 2284 id

229 2306 326 2352 quod
349 2313 403 2339 est
424 2305 467 2338 ad
491 2305 611 2338 finem.
637 2304 818 2338 Ultimum
847 2312 980 2345 autem,
1004 2304 1100 2349 quod
1123 2304 1278 2350 pertinet
1303 2304 1346 2338 ad
1369 2305 1526 2351 primam
1546 2304 1797 2339 habitudinem

227 2359 437 2400 voluntatis,
460 2366 625 2404 respectu
648 2359 723 2402 ejus
746 2357 843 2403 quod
866 2366 919 2391 est
941 2358 986 2391 ad
1013 2357 1135 2399 finem,
1158 2366 1212 2392 est
1233 2357 1380 2392 electio:
1403 2358 1453 2392 ibi
1473 2358 1572 2392 enim
1595 2357 1799 2404 completur

229 2412 416 2459 proportio
439 2411 648 2452 voluntatis,
671 2419 709 2444 ut
731 2410 914 2456 complete
940 2410 1027 2445 velit
1054 2411 1088 2444 id
1111 2411 1207 2457 quod
1236 2420 1290 2446 est
1311 2411 1354 2445 ad
1377 2411 1506 2446 finem:
1534 2411 1596 2446 sed
1619 2422 1704 2446 usus
1725 2413 1799 2457 jam

229 2466 383 2513 pertinet
404 2465 448 2499 ad
471 2466 669 2499 secundam
696 2464 947 2498 habitudinem
967 2464 1176 2506 voluntatis,
1198 2476 1268 2511 qua
1290 2465 1404 2499 tendit
1433 2465 1476 2499 ad
1500 2465 1799 2512 consequendum

230 2531 309 2554 rem
331 2518 503 2553 volitam:
523 2518 616 2552 unde
639 2517 871 2552 manifestum
895 2526 957 2559 est,
977 2518 1072 2563 quod
1095 2529 1178 2552 usus
1198 2519 1358 2564 sequitur
1376 2518 1616 2560 electionem;
1634 2518 1663 2553 si
1677 2526 1801 2553 tamen

232 2573 428 2619 accipiatur
451 2583 546 2613 usus,
569 2572 768 2606 secundum
785 2572 880 2617 quod
904 2571 1072 2605 voluntas
1091 2572 1200 2606 utitur
1219 2572 1406 2606 executiva
1425 2572 1597 2618 potentia,
1616 2571 1800 2607 movendo

234 2627 361 2673 ipsam.
386 2626 457 2660 Sed
481 2626 563 2671 quia
585 2625 754 2659 voluntas
777 2625 886 2659 etiam
909 2625 1184 2670 quodammodo
1207 2626 1386 2660 rationem
1404 2634 1539 2668 movet,
1562 2634 1597 2660 et
1617 2625 1726 2660 utitur
1747 2636 1800 2666 ea,

232 2688 351 2727 potest
372 2679 526 2725 intelligi
547 2691 632 2713 usus
654 2680 729 2723 ejus
752 2679 848 2724 quod
875 2687 928 2712 est
957 2679 999 2712 ad
1031 2679 1152 2721 finem,
1184 2679 1385 2713 secundum
1413 2680 1509 2725 quod
1537 2687 1592 2714 est
1619 2679 1656 2713 in
1687 2679 1802 2713 consi-

233 2734 418 2768 deratione
442 2734 590 2767 rationis
612 2732 796 2767 referentis
819 2733 936 2778 ipsum
967 2733 1002 2766 in
1034 2732 1162 2768 finem:
1194 2741 1228 2767 et
1259 2733 1328 2767 hoc
1361 2734 1474 2768 modo
1506 2745 1591 2768 usus
1619 2733 1803 2780 praecedit

235 2787 465 2822 electionem.

306 2841 365 2875 AD
388 2851 536 2875 PR1MUM
569 2851 656 2885 ergo
687 2840 893 2881 dicendum,
922 2840 1018 2886 quod
1045 2841 1161 2886 ipsam
1191 2841 1444 2876 executionem
1473 2841 1592 2887 operis
1619 2840 1800 2888 praecedit

236 2895 364 2937 motio,
386 2906 456 2941 qua
478 2894 646 2929 voluntas
669 2902 792 2929 movet
814 2895 857 2929 ad
881 2895 1149 2941 exequendum:
1172 2895 1332 2942 sequitur
1353 2903 1476 2931 autem
1502 2895 1738 2932 electionem:
1765 2901 1801 2930 et
