1907 3198
540 189 760 225 Qqusrlo
792 194 909 227 cxw.
942 198 1188 233 Ακτῐευιυε
1219 205 1309 236 vm.
1621 203 1702 259 885

143 271 307 311 angetur,
328 267 390 302 sed
413 279 480 303 suo
507 278 683 318 tempore,
706 285 789 310 cum
815 277 955 315 scilicet
981 280 1110 330 aliquis
1134 284 1354 324 sufficienter
1379 290 1484 328 fucrit
1509 294 1703 342 dispositus

142 315 187 352 ad
207 320 345 364 gratiae
363 331 612 367 augmentum.

698 489 1043 540 ARTICULUS
1078 497 1154 543 IX.
1632 521 1700 557 (ηε

371 601 523 635 urium
545 605 676 639 nouo
698 610 850 644 possrr
874 615 1259 652 pensem-:mmmm
1286 624 1458 657 affinem.

607 711 657 753 (4.
675 709 764 746 Dist.
784 724 835 759 45.
855 726 886 761 q.
907 727 939 752 2.
961 723 1027 753 art.
1049 731 1077 755 1.
1095 722 1217 769 corp).

199 797 261 834 An
286 809 425 839 nomm
451 804 502 840 sic
530 809 747 853 proceditur.
776 811 938 858 Videtur,
964 819 1061 865 quod
1088 820 1217 869 aliquis
1243 826 1356 871 possit
1382 832 1688 874 perseverantiam

126 851 275 889 mereri:
295 853 383 890 illud
405 858 515 901 enim,
541 862 637 908 quod
665 863 780 900 homo
806 867 943 905 obtinet
973 874 1142 918 petendo,
1164 885 1282 923 potest
1312 881 1441 917 cadere
1464 884 1528 918 sub
1557 886 1689 921 merito

124 902 291 942 habentis
302 909 475 954 gratiam:
496 914 558 948 sed
577 920 883 962 perseverantiam
902 926 1058 970 petendo
1077 927 1247 966 homines
1265 943 1285 967 a
1304 933 1386 969 Deo
1406 935 1588 981 obtinent;
1604 939 1692 975 alio-

122 956 209 1004 quin
229 957 361 997 frustra
381 973 563 1010 peteretur
587 980 606 1004 a
631 970 714 1006 Deo
740 972 777 1008 in
807 977 1039 1021 petitionibus
1069 983 1245 1020 orationis
1278 986 1510 1034 Dominicae,
1533 1000 1571 1027 ut
1593 993 1688 1041 Aug.

121 1011 271 1058 exponit
290 1013 326 1050 in
348 1015 441 1053 libro
462 1019 506 1055 de
529 1021 634 1058 Bono
655 1023 951 1066 perseverantiae
971 1033 1063 1081 (cap.
1089 1047 1120 1072 2.
1146 1042 1176 1073 et
1200 1041 1288 1085 17.),·
1311 1052 1400 1088 ergo
1421 1048 1687 1090 perseverantia

118 1070 240 1110 potest
258 1067 388 1106 cadere
408 1072 473 1107 sub
495 1076 626 1112 merito
649 1077 815 1116 habentis
837 1085 1003 1129 gratiam.

189 1128 222 1154 2.
242 1119 481 1162 PRAETEREA.
503 1127 622 1176 Magis
643 1140 696 1167 est
714 1145 787 1169 non
809 1147 917 1183 posse
938 1151 1102 1186 peccare,
1124 1156 1233 1191 quam
1252 1159 1326 1184 non
1345 1161 1512 1197 peccare:
1529 1155 1591 1190 sed
1610 1167 1684 1191 non

114 1180 223 1217 posse
242 1185 396 1222 peccare
417 1180 513 1216 cadit
539 1183 603 1218 sub
630 1187 778 1222 merito:
806 1200 966 1227 meretur
991 1195 1089 1231 enim
1117 1197 1246 1246 aliquis
1272 1202 1384 1238 vitam
1412 1214 1611 1251 aeternam,
1639 1210 1684 1245 de

113 1225 216 1272 cujus
236 1228 378 1267 ratione
399 1241 453 1269 est
474 1235 780 1284 impeccabilitas;
801 1253 888 1291 ergo
911 1247 1028 1284 multo
1055 1252 1171 1298 magis
1198 1263 1317 1300 potest
1343 1257 1455 1306 aliqui
1483 1263 1614 1298 mereri
1644 1273 1682 1299 ut

103 1491 141 1527 in
161 1494 290 1540 gratia,
309 1508 421 1545 quam
442 1502 522 1548 quis
543 1503 662 1542 habet.

177 1547 255 1585 SED
275 1560 432 1591 coum
453 1564 519 1600 est,
541 1560 638 1605 quod
661 1572 772 1599 omne
793 1568 891 1613 quod
910 1570 990 1616 quis
1009 1582 1178 1618 meretur,
1200 1589 1220 1612 a
1242 1578 1324 1615 Deo
1346 1586 1591 1632 consequitur,
1607 1589 1675 1624 nisi

104 1598 324 1649 impediatur
343 1618 408 1654 per
427 1620 638 1656 peccatum:
661 1617 722 1652 sed
746 1619 849 1654 multi
871 1621 1006 1660 habent
1027 1637 1137 1674 opera
1157 1633 1353 1677 meritoria,
1372 1638 1431 1683 qui
1453 1651 1526 1674 non
1550 1652 1675 1678 conse-

101 1663 260 1700 quuntur
271 1664 596 1704 perseverantiam:
619 1678 687 1703 nec
701 1679 820 1716 potest
834 1674 917 1719 dici,
931 1679 1028 1724 quod
1044 1680 1115 1716 hoc
1131 1682 1192 1719 fiat
1207 1697 1354 1734 propter
1367 1690 1669 1738 impedimentum

103 1708 256 1753 peccati,
276 1711 362 1759 quia
382 1713 454 1750 hoc
470 1717 588 1764 ipsum
606 1722 704 1767 quod
723 1732 776 1760 est
789 1737 953 1772 peccare,
971 1742 994 1766 0
1098 1735 1105 1742 ‘
1414 1745 1421 1751 '
1507 1747 1515 1754 '

98 1759 129 1802 ai
148 1760 279 1810 aliquis
306 1771 615 1812 perseverantiam
642 1786 851 1823 mereretur,
878 1781 978 1820 Deus

98 1823 312 1862 peccatum3
332 1830 407 1856 non
427 1821 539 1869 igitur
559 1832 828 1873 perseverantia
855 1837 950 1872 cadit
971 1840 1035 1874 sub
1058 1844 1200 1880 merito.

170 1867 403 1910 Rmonneo
429 1876 638 1924 dicendum,

1109 2448 1202 2483 quae
1224 2449 1277 2476 est
1290 2443 1507 2493 principium
1530 2451 1650 2487 omnis

83 2470 236 2559 largitu}
265 2524 273 2532 .
851 2481 858 2488 '
1111 2490 1272 2539 largitur,
1308 2498 1525 2549 cuicumque
1560 2503 1646 2541 illud
