1907 3182
245 185 330 227 422
679 183 896 218 QUAESTIO
930 183 1014 212 LXI.
1048 182 1291 212 ARTICULUS
1325 184 1367 212 ΙΙ.

313 265 542 299 RESPONDEO
565 264 770 306 dicendum,
793 263 889 310 quod
910 274 1081 297 numerus
1105 262 1311 308 aliquorum
1326 263 1441 310 accipi
1463 271 1581 309 potest
1602 271 1663 298 aut
1682 275 1805 299 secun-

243 318 329 352 dum
351 317 526 364 principia
546 317 726 359 formalia,
748 325 809 351 aut
823 317 1021 350 secundum
1036 316 1213 361 subjecta:
1230 324 1265 350 et
1279 324 1432 362 utroque
1450 317 1561 351 modo
1576 317 1805 351 inveniuntur

242 379 397 417 quatuor
419 370 618 405 cardinales
647 372 807 404 virtutes.
831 369 1054 415 Principium
1084 369 1181 402 enim
1202 368 1354 403 formale
1376 370 1527 412 virtutis,
1548 369 1592 403 de
1614 382 1684 416 qua
1708 381 1803 404 nunc

242 424 437 470 loquimur,
460 433 513 459 est
533 424 681 458 rationis
702 424 861 464 bonum3
883 422 979 468 quod
995 422 1140 468 quidem
1162 422 1333 468 dupliciter
1346 431 1466 468 potest
1488 423 1724 457 considerari:
1739 435 1803 457 uno

242 478 349 519 modo,
373 478 571 512 secundum
592 477 688 523 quod
710 477 745 510 in
760 477 837 522 ipsa
851 475 1139 509 consideratione
1161 475 1310 509 rationis
1333 476 1512 511 consistit:
1535 484 1570 510 et
1590 476 1640 510 sic
1655 476 1721 510 erit
1734 488 1805 511 una

243 533 354 565 virtus
375 530 594 577 principalis,
618 541 708 575 quae
724 529 851 563 dicitur
867 529 1069 575 prudentia:
1093 528 1158 562 alio
1173 528 1279 570 modo,
1303 529 1502 563 secundum
1517 529 1615 575 quod
1636 530 1731 563 circa
1746 529 1806 563 ali-

244 585 328 630 quid
351 586 495 630 ponitur
517 583 664 617 rationis
687 582 796 616 ordo:
821 590 855 616 et
875 581 946 616 hoc
973 581 1031 615 vel
1058 581 1153 615 circa
1180 581 1425 627 operationes,
1452 590 1487 616 θῖ
1508 583 1557 616 sic
1585 590 1638 616 est
1653 584 1802 628 justitia,-

242 637 299 671 vel
323 637 417 671 circa
440 637 645 683 passiones;
669 643 702 669 et
723 635 773 669 sic
795 646 944 669 necesse
961 642 1012 668 est
1027 646 1103 668 esse
1118 634 1206 668 duas
1227 635 1395 669 virtutes:
1411 635 1575 669 ordinem
1590 636 1687 669 enim
1701 636 1806 670 ratio-

241 690 296 724 nis
318 702 466 724 necesse
489 697 541 724 est
562 700 696 735 ponere
720 689 815 722 circa
837 688 1036 734 passiones,
1064 687 1291 722 considerata
1318 689 1554 733 repugnantia
1575 690 1734 735 ipsarum
1757 678 1803 723 xad

240 744 430 777 rationem.
445 743 550 783 Quae
561 742 707 788 quidem
721 749 839 787 potest
853 752 930 775 esse
945 741 1138 787 dupliciter:
1153 753 1217 774 uno
1231 741 1339 783 modo,
1354 742 1553 776 secundum
1568 743 1665 788 quod
1682 743 1803 788 passio

242 797 395 842 impellit
418 797 460 830 ad
484 796 617 841 aliquid
641 795 860 829 contrarium
882 795 1032 836 rationi;
1056 802 1090 828 et
1110 794 1160 828 sic
1187 805 1334 828 necesse
1357 802 1419 836 est,
1442 795 1538 840 quod
1559 796 1678 841 passio
1700 796 1806 842 repri-

240 858 376 883 matur:
402 857 436 883 et
457 850 499 883 ab
522 849 593 882 hoc
617 848 870 882 denominatur
889 849 1126 894 tampercmtia:
1143 848 1209 881 alio
1231 847 1340 889 modo,
1359 848 1558 881 secundum
1573 849 1669 894 quod
1683 849 1802 895 passio

243 903 390 936 retrahit
413 902 454 936 ab
479 914 534 943 eo,
557 902 653 947 quod
677 901 768 935 ratio
797 901 924 943 dictat;
947 903 1037 935 sicut
1058 901 1169 934 timor
1194 900 1451 946 periculorum,
1477 901 1536 935 vel
1561 901 1741 936 laborum:
1770 910 1804 936 et

242 956 292 989 sic
315 967 463 989 necesse
486 963 549 996 est,
573 955 669 1001 quod
690 955 805 988 homo
828 954 989 988 firmetur
1010 955 1045 987 in
1069 965 1124 996 eo,
1148 954 1243 1000 quod
1266 962 1319 988 est
1340 954 1500 996 rationis,
1521 966 1566 989 ne
1588 956 1746 989 recedat:
1770 964 1805 990 et

244 1009 284 1042 ab
308 1009 378 1042 hoc
403 1009 658 1043 denominatur
680 1008 851 1051 tortitudo.
874 1008 917 1041 Et
938 1007 1103 1042 similiter
1118 1007 1317 1042 secundum
1336 1007 1494 1053 subJecta
1515 1008 1612 1042 idem
1632 1020 1804 1043 numerus

240 1063 427 1096 invenitur.
452 1062 670 1108 Quadruplex
692 1061 789 1095 enim
812 1061 991 1094 invenitur
1012 1061 1215 1106 subjectum
1240 1061 1347 1107 hujus
1372 1061 1523 1102 virtutis,
1545 1061 1588 1095 de
1611 1074 1681 1108 qua
1706 1074 1802 1096 nunc

239 1115 439 1161 loquimur:
464 1115 617 1149 scilicet:
641 1115 805 1149 rationale
830 1121 890 1160 per
911 1116 1090 1155 essentiam,
1125 1114 1222 1160 quod
1244 1114 1432 1160 prudentia
1460 1114 1616 1160 perficit:
1646 1123 1680 1149 et
1705 1117 1805 1150 ratio-

240 1171 311 1204 nale
326 1176 389 1216 per
403 1170 723 1216 participationem,
743 1169 839 1214 quod
860 1168 1027 1202 dividitur
1042 1170 1076 1201 in
1100 1170 1184 1203 tria:
1207 1168 1315 1202 idest:
1338 1169 1375 1202 in
1395 1169 1610 1211 voluntatem,
1633 1180 1724 1215 quae
1751 1177 1804 1204 est

239 1223 441 1268 subjectum
463 1223 634 1267 justitiae:
659 1230 693 1256 et
715 1222 750 1255 in
778 1222 1074 1268 cozvzcupiscihilem,
1102 1233 1193 1267 quae
1216 1229 1269 1256 est
1295 1222 1496 1268 subjectum
1522 1223 1802 1268 temperantiae;

242 1285 277 1311 et
297 1277 333 1310 in
357 1277 566 1318 irascibilem,
590 1286 681 1321 quae
701 1283 753 1309 est
775 1275 976 1320 subjectum
998 1274 1227 1309 fortitudinis.

310 1330 370 1364 AD
392 1340 541 1364 PRIMUM
569 1340 656 1375 ergo
679 1329 884 1370 dicendum,
912 1328 1020 1374 quod,
1047 1328 1234 1374 prudentia
1260 1337 1313 1363 est
1338 1328 1547 1375 simpliciter
1572 1328 1803 1375 principalior

244 1384 428 1417 omnibus:
451 1384 513 1417 sed
535 1383 626 1417 aliae
649 1390 830 1428 ponuntur
851 1381 1077 1428 principales,
1097 1393 1333 1428 unaquaeque
1355 1382 1390 1416 in
1412 1393 1477 1416 suo
1500 1393 1642 1427 genere.

313 1438 371 1471 AD
395 1447 600 1471 sECUNDUM
624 1436 828 1477 dicendum,
848 1436 944 1481 quod
958 1435 1135 1469 rationale
1161 1447 1223 1481 per
1245 1435 1558 1482 participationem
1584 1435 1752 1470 dividitur
1764 1435 1801 1470 in

239 1491 317 1532 tria,
339 1499 377 1524 ut
398 1490 534 1524 dictum
557 1498 609 1524 est
630 1490 680 1534 (in
703 1489 820 1535 corp).

311 1544 371 1577 AD
391 1554 563 1577 TERTIUM
586 1542 791 1583 dicendum,
815 1542 910 1588 quod
933 1553 1061 1576 omnes
1083 1541 1173 1576 aliae
1194 1542 1354 1584 virtutes,
1377 1553 1528 1588 quarum
1550 1554 1621 1576 una
1641 1550 1694 1577 est
1710 1542 1802 1589 prin-

239 1596 390 1643 cipalior
409 1596 489 1638 alia,
509 1596 725 1630 reducuntur
744 1596 787 1629 ad
810 1596 1009 1641 praedictas
1032 1603 1195 1641 quatuor,
1219 1603 1253 1629 et
1274 1603 1447 1641 quantum
1470 1596 1513 1630 ad
1531 1596 1744 1642 subjectum,
1767 1604 1802 1631 et

238 1658 412 1696 quantum
435 1651 477 1684 ad
497 1650 654 1684 rationes
672 1648 854 1683 formales.

784 1794 1127 1840 ARTICULUS
1162 1795 1240 1838 ΠΙ.
1733 1819 1798 1855 324

327 1916 478 1946 UTRUM
504 1915 633 1945 ALIAE
659 1916 874 1946 VIRTUTES
903 1916 1032 1945 MAGIS
1061 1915 1262 1946 DEBEANT
1289 1915 1382 1945 DICI
1410 1915 1705 1956 PRINCIPALES,

873 1982 998 2018 QUAM
1022 1982 1160 2012 ISTAE.

378 2081 493 2127 (Supr.
513 2085 575 2114 art.
596 2093 622 2115 1.
645 2086 673 2115 et
691 2093 722 2116 2.
740 2086 768 2115 et
786 2081 845 2116 loc.
865 2082 911 2116 ibi
930 2085 1029 2115 notat.
1049 2086 1079 2115 et
1092 2093 1120 2127 3.
1141 2081 1227 2115 Dist.
1243 2092 1286 2126 33.
1310 2092 1339 2126 q.
1362 2091 1392 2115 2.
1415 2085 1480 2115 art.
1499 2093 1527 2115 1.
1546 2092 1575 2126 q.
1594 2081 1657 2126 4..)

308 2181 368 2215 AD
396 2191 565 2215 TERTIUM
588 2181 636 2214 sic
660 2181 875 2227 proceditur.
899 2180 1060 2222 Videtur,
1091 2180 1187 2226 quod
1211 2179 1300 2214 aliae
1323 2179 1470 2214 virtutes
1501 2179 1617 2225 magis
1646 2179 1799 2214 debcant

237 2235 306 2268 dici
329 2233 555 2280 principales,
578 2246 686 2279 quam
708 2235 816 2269 istae:
839 2235 872 2268 id
896 2234 1005 2276 enim,
1028 2234 1123 2280 quod
1147 2242 1199 2268 cst
1220 2233 1420 2267 maximum
1442 2233 1478 2266 in
1500 2243 1719 2279 unoquoque
1741 2244 1799 2278 gc-

237 2299 334 2329 nerc,
356 2288 495 2321 videtur
514 2298 590 2321 esse
606 2288 854 2333 principalius:
877 2288 937 2322 sed
954 2287 1234 2333 magnanimitas
1257 2295 1424 2333 operatur
1438 2297 1613 2332 magnum
1635 2286 1670 2320 in
1686 2287 1799 2320 omni-

236 2342 302 2375 bus
324 2341 523 2381 virtutibus,
555 2349 592 2374 ut
619 2341 746 2374 dicitur
775 2342 809 2374 in
837 2351 868 2383 4.
897 2340 1011 2374 Ethic.
1041 2340 1126 2387 (rap.
1155 2352 1182 2386 3.
1212 2352 1232 2374 a
1255 2339 1374 2385 med.)‚·
1403 2351 1490 2386 ergo
1518 2339 1798 2386 magnanimitas

238 2395 395 2428 maxime
418 2394 521 2428 debet
542 2394 611 2427 dici
634 2394 839 2439 principalis
861 2394 982 2428 virtus.

309 2458 339 2481 2.
363 2448 597 2482 PRAETEREA.
622 2447 724 2488 illud,
747 2459 809 2493 per
832 2447 927 2493 quod
956 2447 1045 2481 aliae
1067 2447 1213 2481 virtutes
1242 2446 1438 2488 firmantur,
1465 2447 1604 2481 videtur
1625 2458 1703 2481 esse
1726 2458 1798 2481 ma-

236 2502 332 2536 xime
347 2500 553 2547 principalis
564 2501 685 2542 virtus;
702 2501 762 2534 scd
775 2500 957 2534 humilitas
973 2508 1024 2534 cst
1041 2501 1258 2545 hujusmodi:
1271 2501 1354 2534 dicit
1370 2500 1466 2534 enim
1480 2499 1633 2546 Gregor.
1650 2500 1752 2544 (hom.
1766 2511 1795 2546 7.

239 2557 272 2589 in
295 2556 424 2599 Evang.
448 2556 480 2588 in
499 2555 591 2600 ]ῑ)ι.),
616 2554 711 2599 quod
734 2554 794 2599 qui
818 2562 976 2587 caeteras
992 2554 1139 2587 virtutes
1153 2554 1229 2588 sinc
1244 2553 1447 2587 humilitate
1463 2562 1673 2599 congregat,
1693 2553 1792 2600 quasi

238 2608 358 2655 paleas
376 2609 411 2641 in
431 2616 577 2642 ventum
597 2616 732 2653 portat3
755 2618 841 2651 crgo
864 2607 1048 2640 humilitas
1071 2607 1208 2641 videtur
1231 2618 1309 2641 csse
1330 2607 1485 2640 maxime
1505 2606 1723 2653 principalis.

312 2673 338 2707 3.
362 2662 595 2696 PRAffrfflum.
619 2660 707 2694 Illud
731 2660 869 2694 videtur
895 2671 970 2694 csse
999 2662 1153 2694 maxime
1176 2660 1382 2706 principale,
1411 2660 1507 2706 quod
1536 2668 1587 2694 cst
1614 2659 1797 2706 perfectis—

240 2716 390 2749 simum:
414 2715 474 2749 sed
497 2715 567 2748 hoc
590 2715 741 2760 pertinet
764 2714 805 2747 ad
834 2714 1056 2758 patientiam,
1079 2714 1277 2747 secundum
1300 2713 1386 2747 illud
1404 2713 1530 2758 Jacobi
1557 2724 1602 2748 1.:
1627 2714 1792 2748 Patientia

239 2777 315 2815 opus
334 2769 514 2815 perflatum
538 2769 651 2808 lulla-m
676 2778 762 2812 ergo
787 2767 953 2812 patientia
977 2767 1081 2800 debet
1109 2767 1192 2812 poni
1222 2767 1438 2813 principalis.

313 2823 386 2856 81-21)
409 2833 562 2856 CONTRA
587 2830 649 2862 est,
672 2821 768 2867 quod
785 2820 926 2853 'l'nllius
950 2820 982 2852 in
1000 2831 1061 2853 sna
1084 2820 1275 2854 Rhetorica
1295 2821 1371 2866 (lib.
1387 2831 1416 2856 2.
1431 2820 1467 2855 dc
1486 2820 1614 2855 Invcnt.
1633 2819 1792 2869 aliquant.

241 2877 418 2922 (athesin),
443 2876 484 2909 ad
509 2875 572 2909 lias
595 2883 747 2922 quatuor
770 2885 897 2908 omnes
920 2873 1006 2907 alias
1031 2873 1176 2908 reducit.
