1875 3198
248 217 331 259 594
636 215 857 251 QUAESTIO
891 214 1052 244 LXXXII.
1087 214 1331 244 ARTICULUS
1365 214 1420 243 1v.

316 296 376 330 AD
398 307 547 331 PRIMUM
569 307 657 342 ergo
680 296 884 338 dicendum,
907 296 1004 342 quod
1027 295 1148 330 soluto
1171 294 1318 330 vinculo
1340 294 1526 341 originalis
1545 295 1713 341 justitiae,
1739 297 1804 331 sub

245 360 316 395 quo
339 349 498 395 quodam
521 349 645 384 ordine
665 361 792 383 omnes
814 349 906 383 vires
929 350 1071 383 animae
1095 349 1381 391 continebantur,
1403 360 1642 395 unaquaeque
1662 349 1716 384 vis
1735 350 1807 384 ani-

244 414 325 437 mae
346 403 460 437 tendit
479 403 515 437 in
542 415 646 438 suurn
669 403 855 449 proprium
882 411 1036 445 motum,
1064 411 1097 436 et
1122 410 1222 436 tanto
1249 402 1512 444 vehementius,
1540 410 1674 448 quanto
1701 402 1806 438 fuerit

241 456 386 491 fortior:
411 457 587 502 contingit
602 464 735 498 autem,
756 456 849 490 vires
866 455 1002 502 aliquas
1027 456 1169 490 animae
1189 467 1266 490 esse
1286 455 1454 490 fortiores
1475 455 1511 489 in
1530 467 1615 498 uno,
1638 467 1748 502 quam
1768 456 1805 490 in

243 509 326 552 alio,
348 519 494 556 propter
512 510 669 544 diversas
693 509 854 556 corporis
878 509 1171 556 complexiones:
1194 509 1291 555 quod
1310 520 1397 555 ergo
1420 520 1510 543 unus
1531 509 1646 543 homo
1670 509 1714 544 sit
1727 521 1806 556 pro-

241 564 322 598 nior
344 564 386 597 ad
403 563 745 610 concupiscendum,
768 575 877 609 quam
895 563 994 605 alter,
1012 575 1086 597 non
1109 571 1161 597 est
1182 563 1321 597 ratione
1344 562 1483 609 peccati
1502 562 1706 608 originalis;
1722 575 1804 598 cum

241 617 278 651 in
301 617 468 651 omnibus
491 617 686 663 aequaliter
708 616 868 650 solvatur
889 616 1076 650 vinculum
1099 616 1285 662 originalis
1306 616 1474 661 justitiae,
1497 623 1531 650 et
1553 616 1748 662 aequaliter
1769 617 1805 650 in

242 671 409 705 omnibus
427 679 544 717 partes
562 669 751 704 inferiores
774 670 916 703 animae
935 670 1001 704 sibi
1023 670 1285 715 relinquantur:
1302 669 1363 703 sed
1379 669 1509 704 accidit
1522 669 1593 704 hoc
1609 681 1651 704 ex
1665 669 1805 704 diversa

242 724 476 770 dispositione
499 724 754 770 potentiarum,
777 724 869 758 sicut
890 724 1027 758 dictum
1047 732 1099 757 est
1120 724 1189 768 (hic
1210 723 1307 769 514².)ss

313 778 373 812 AD
393 788 599 812 SECUNDUM
615 777 820 819 dicendum,
840 778 936 823 quod
953 777 1140 823 aegritudo
1156 776 1354 823 corporalis
1370 787 1444 810 non
1458 775 1567 810 habet
1581 776 1617 810 in
1636 776 1805 812 omnibus

243 831 431 878 aequalem
460 843 618 873 causam,
641 831 783 866 etiamsi
805 831 849 865 sit
875 831 1036 876 ejusdem
1059 830 1209 877 speciei:
1232 838 1317 876 puta
1339 830 1369 864 si
1395 830 1439 864 sit
1459 829 1566 864 febris
1594 841 1636 864 ex
1659 830 1805 865 cholera

242 885 451 931 putrefacta,
474 893 591 931 potest
613 896 690 919 esse
713 885 840 930 major,
867 884 927 919 vel
948 885 1068 918 minor
1089 884 1314 931 putrefactio,
1343 892 1378 918 et
1403 883 1650 930 propinquior,
1676 884 1735 919 vel
1755 897 1806 920 re-

242 939 377 973 motior
396 950 414 972 a
430 939 607 985 principio
622 939 736 981 vitae3
759 938 819 973 sed
835 950 942 973 causa
958 938 1144 984 originalis
1158 938 1297 985 peccati
1317 937 1354 971 in
1373 937 1541 971 omnibus
1557 945 1610 972 est
1624 938 1802 984 aequalis:

241 992 335 1026 unde
357 1004 431 1026 non
451 1001 503 1027 est
523 992 651 1027 simile.

312 1047 372 1081 AD
389 1057 560 1081 TERT1UM
582 1046 787 1088 dicendum,
810 1046 905 1092 quod
928 1045 1057 1088 libido,
1074 1056 1165 1092 quae
1183 1044 1392 1079 transmittit
1413 1052 1605 1091 peccatum
1623 1045 1801 1092 originale

239 1100 276 1134 in
298 1100 452 1146 prolem,
474 1112 548 1135 non
572 1108 625 1134 est
650 1099 763 1134 libido
791 1099 959 1141 actualis3
987 1099 1069 1145 quia
1097 1099 1181 1133 dato
1209 1099 1306 1145 quod
1333 1098 1463 1133 virtute
1485 1098 1606 1132 divina
1633 1099 1807 1133 concede-

240 1162 336 1188 retur
358 1154 476 1196 alicui,
498 1154 595 1200 quod
617 1153 756 1187 nullam
770 1153 1016 1187 inordinatam
1030 1152 1217 1187 libidinem
1240 1153 1275 1186 in
1290 1160 1371 1186 actu
1386 1152 1629 1197 generationis
1647 1153 1804 1195 sentiret,

241 1207 358 1241 adhuc
380 1208 638 1242 transmitteret
659 1207 695 1241 in
716 1206 858 1253 prolem
877 1206 1053 1252 originale
1075 1214 1285 1252 peccatum:
1305 1205 1366 1240 sed
1388 1205 1499 1239 libido
1521 1205 1583 1239 illa
1605 1213 1658 1240 est
1678 1206 1806 1240 intelli-

240 1261 357 1307 genda
378 1261 619 1303 habitualiter‚
641 1261 842 1295 secundum
864 1261 961 1307 quod
989 1260 1165 1307 appetitus
1192 1259 1383 1294 sensitivus
1408 1271 1482 1294 non
1510 1260 1714 1294 continetur
1738 1261 1803 1295 sub

240 1315 390 1358 ratione,
417 1315 537 1350 soluto
564 1315 710 1350 vinculo
738 1314 924 1361 originalis
949 1315 1123 1361 justitiae:
1153 1322 1187 1349 et
1204 1313 1285 1349 talis
1306 1313 1417 1349 libido
1431 1314 1468 1349 in
1489 1314 1658 1350 omnibus
1677 1322 1730 1350 est
1751 1327 1806 1350 ae—

241 1368 366 1415 qualis.
586 1370 589 1374 ’

686 1619 1042 1681 QUAESTIO
1083 1619 1364 1667 LXXXIII.

477 1743 545 1773 DE
590 1742 863 1783 SUBJECTO
915 1742 1251 1774 ORIGINALIS
1301 1742 1560 1782 PECCATI,

627 1814 678 1845 IN
706 1813 934 1854 QUATUOR
960 1814 1224 1846 ARTICULOS
1249 1814 1425 1846 DIVISA.

309 1955 450 1990 Deinde
474 1956 778 1991 considerandum
798 1964 850 1990 est
868 1956 911 1991 de
934 1956 1096 2003 subjecto
1120 1955 1306 2002 originalis
1326 1956 1478 2003 peccati.

708 2047 750 2081 Et
771 2048 860 2081 circa
875 2047 933 2081 hoc
955 2052 1161 2093 quaeruntur
1181 2051 1335 2092 quatuor.

309 2118 444 2152 Primo.
464 2118 595 2152 Utrum
618 2118 819 2164 subjectum
838 2118 1024 2163 originalis
1046 2118 1185 2164 peccati
1204 2130 1265 2165 per
1286 2118 1384 2165 prius
1402 2118 1447 2153 sit
1473 2129 1570 2161 caro,
1587 2118 1647 2154 vel
1665 2119 1798 2154 anima.

311 2171 491 2206 SecundO.
516 2172 553 2205 Si
576 2172 708 2214 anima,
731 2180 851 2206 utrum
873 2184 936 2218 per
958 2172 1164 2214 essentiam,
1187 2180 1246 2206 aut
1267 2184 1330 2218 per
1348 2172 1526 2219 potentias
1547 2183 1640 2207 suas.

310 2224 448 2259 Tertio.
469 2225 598 2259 Utrum
622 2225 790 2260 voluntas
817 2237 879 2272 per
906 2225 1002 2272 prius
1024 2225 1069 2260 sit
1090 2226 1290 2271 subjectum
1312 2226 1451 2272 pcccati
1472 2225 1670 2272 originalis,
1691 2238 1801 2274 quam

239 2279 329 2313 aliae
351 2279 533 2325 potentiae
557 2279 709 2313 animae.

311 2332 464 2374 Quarto.
488 2332 618 2366 Utrum
639 2333 778 2378 aliquae
802 2333 983 2379 potentiae
999 2333 1142 2367 animae
1165 2333 1235 2368 sint
1256 2333 1460 2380 specialiter
1478 2332 1642 2376 infectae,
1664 2333 1801 2370 scilicet

239 2386 457 2433 generativa,
479 2386 531 2420 vis
554 2386 857 2433 concupiscibilis,
881 2396 914 2421 et
936 2398 1061 2421 sensus
1080 2395 1206 2421 tactus.

812 2504 1156 2549 ARTICULUS
1192 2505 1224 2548 I.
1730 2526 1799 2560 444

236 2601 389 2632 UTRUM
417 2601 654 2632 ORIGINALE
681 2601 919 2631 PECCATUM
940 2603 1006 2632 SIT
1031 2602 1162 2631 MAGIS
1187 2602 1230 2633 IN
1258 2602 1412 2642 CARNE,
1436 2601 1560 2638 QUAM
1583 2602 1625 2631 IN
1647 2601 1797 2632 ANIMA.

427 2677 468 2721 (1.
493 2679 578 2712 Dist.
602 2679 650 2712 JS.
673 2690 702 2723 q.
726 2689 756 2712 2.
780 2683 844 2712 art.
868 2691 894 2712 1.
918 2678 960 2712 ad
978 2690 1004 2723 3.
1027 2684 1056 2713 ct
1083 2679 1171 2714 Dist.
1191 2690 1242 2724 30.
1269 2691 1297 2724 ‹J-
1321 2691 1347 2713 1.
1370 2683 1433 2712 art.
1456 2690 1487 2713 2.
1511 2678 1554 2713 ad
1574 2691 1607 2723 4.

235 2736 263 2765 ct
286 2732 371 2765 Disl.
392 2743 438 2777 31,
453 2744 482 2776 q.
502 2744 527 2766 1.
547 2737 612 2766 ιιι-ί.
628 2744 654 2765 1.
677 2731 718 2765 ud
733 2743 764 2766 2.
779 2737 805 2765 cl
824 2743 855 2775 4.
878 2737 905 2765 c!
923 2744 952 2776 q.
983 2743 1012 2766 2.
1036 2737 1220 2778 ‹1t·t.1.pcr
1238 2737 1291 2766 Iol.
1314 2737 1341 2766 ct
1362 2732 1451 2766 I'eri.
1469 2744 1499 2778 q.
1521 2744 1568 2778 25·
1583 2737 1646 2767 art.
1662 2733 1694 2768 6.
1710 2738 1797 2779 corp.

370 2791 397 2818 c!
419 2798 447 2830 q.
471 2797 523 2831 27.
546 2790 610 2819 ιιι-ί.
634 2788 666 2819 (ι.
689 2784 730 2818 ud
752 2796 781 2819 2.
804 2790 833 2819 rt
856 2785 937 2818 Mal.
961 2797 989 2830 e]-
1013 2797 1044 2829 4.
1068 2790 1130 2819 uri.
1149 2798 1174 2830 3.
1197 2790 1226 2819 ret
1247 2797 1278 2829 4.
1301 2790 1329 2819 cl
1352 2786 1444 2820 Rom.
1464 2797 1492 2830 5.
1515 2786 1584 2820 lact.
1603 2786 1661 2832 3.).

309 2868 367 2902 Λι)
391 2878 538 2903 pumen
562 2869 610 2902 sic
640 2868 855 2914 proceditur.
883 2867 1045 2909 Videtur,
1073 2869 1168 2914 quod
1197 2876 1385 2914 peccatum
1415 2868 1590 2915 originale
1613 2868 1728 2913 magis
1753 2868 1798 2904 sit

238 2922 271 2955 in
293 2933 411 2964 carne,
431 2934 539 2968 quam
563 2923 596 2956 in
614 2923 753 2956 anima:
778 2922 1011 2968 repugnantia
1027 2922 1123 2956 enim
1140 2922 1310 2957 carnisad
1331 2931 1489 2957 mentem
1505 2934 1546 2956 ex
1565 2922 1795 2969 corruptione
