1907 3198
537 186 760 228 Quaesrto
793 185 882 218 crx.
914 179 1160 215 iuuentus
1193 178 1220 210 1.
1570 161 1654 217 827

98 285 111 305 ⁹
161 275 285 315 Nono.
306 273 438 311 Utrum
452 273 568 308 homo
583 271 737 317 gratiam
750 275 969 304 consecutus
989 263 1104 313 possit
1123 262 1258 308 absque
1283 258 1355 294 alio
1377 257 1500 292 divino
1522 254 1657 291 auxilio

91 333 230 371 bonum
250 329 382 371 facere,
403 336 438 363 et
458 329 570 362 vitare
591 333 795 372 peccatum.

164 384 333 422 Decimo.
356 382 486 418 Utrum
513 380 627 427 possit
646 387 876 426 perseverare
899 374 935 409 in
955 373 1054 408 bono
1075 381 1138 418 per
1159 369 1329 416 seipsum.

669 517 1014 566 ARTICULUS
1049 516 1082 560 1.
1598 517 1662 564 576

94 636 250 670 UTRUM
279 635 410 671 HOMO
437 633 534 665 SINE
567 630 728 662 GRATIA
755 627 958 664 ALIQUOD
988 623 1136 656 VERUM
1169 618 1463 653 COGNOSCERE
1495 615 1660 646 POSSlT.

475 720 581 768 (Insr.
603 723 669 754 art.
691 729 722 754 2.
743 715 787 752 ad
803 728 832 764 3.
854 721 884 751 ct
905 726 934 751 2.
959 715 1045 749 Diu.
1068 713 1121 748 28.
1143 715 1209 746 art.
1228 710 1283 757 3.).

168 816 231 852 AD
249 823 400 852 numu
420 813 471 848 sic
493 811 710 859 proceditur.
730 809 895 850 Videtur,
917 806 1013 854 quod
1031 806 1147 840 homo
1162 804 1238 838 sine
1253 801 1368 849 gratia
1382 798 1523 835 nullum
1538 807 1666 832 verum

97 879 306 918 cognocere
325 867 450 916 possit,
471 866 556 914 quia
577 875 684 912 super
705 863 792 898 illud
812 873 839 896 1.
857 860 1025 896 Corinth.
1046 869 1117 894 12.:
1133 858 1238 894 Nemo
1250 860 1353 904 potest
1366 854 1486 895 dicere,
1502 852 1668 887 Dominus

92 924 196 971 Iesus,
216 923 283 958 nisi
301 923 338 957 in
360 921 491 969 Spiritu
511 920 645 961 Sancto,
668 917 755 952 dicit
776 915 879 951 Glos.
903 913 1107 949 Ambrosii:
1145 912 1252 947 Omne
1272 921 1400 950 rerum,
1423 919 1444 942 α
1465 916 1668 953 quocumque

97 977 243 1021 dicam,
262 987 285 1012 a
303 975 431 1023 spirim
453 973 574 1010 Sancto
595 977 660 1008 cst:
686 971 749 1006 sed
764 970 916 1016 Spiritus
931 968 1085 1003 Sanctus
1099 966 1236 1001 habitat
1248 965 1285 999 in
1299 962 1404 998 nobis
1418 972 1480 1009 per
1493 959 1647 1006 gratiam
1660 970 1669 1000 ;

92 1037 189 1080 'ergo
206 1029 398 1066 veritatem
420 1037 645 1075 cognoscere
665 1036 740 1060 non
762 1033 956 1071 possumus
977 1022 1055 1056 sine
1078 1020 1203 1067 gratia.

117 1097 127 1111 ·
170 1094 205 1120 2.
225 1083 463 1120 ΡιΑετειιεΑ.
485 1080 711 1127 Augustinus
731 1078 819 1113 dicit
839 1079 874 1112 in
901 1087 929 1111 1.
957 1075 1111 1121 Soliloq.
1135 1073 1222 1120 (cup.
1245 1073 1279 1108 6.
1303 1073 1335 1106 in
1355 1070 1486 1118 princ.)
1507 1067 1604 1115 quod
1623 1065 1672 1100 di·

99 1137 335 1186 sdplinarum
356 1135 558 1171 certissima
578 1133 665 1168 talia
686 1140 780 1174 sunt,
802 1130 922 1178 qualia
944 1129 1017 1170 illa,
1039 1139 1131 1175 quae
1154 1138 1172 1161 a
1195 1126 1272 1161 sole
1294 1125 1528 1163 illustrantur,
1559 1129 1598 1155 ut
1621 1119 1670 1154 vi-

73 1214 85 1228 ·
99 1192 178 1230 deri
196 1190 355 1240 possint:
377 1190 478 1225 Deus
501 1195 621 1223 autem
643 1187 719 1234 ipse
746 1194 811 1228 est,
834 1184 894 1231 qui
916 1183 1087 1218 illustrat:
1114 1181 1205 1216 ratio
1229 1187 1349 1214 autem
1373 1179 1420 1213 ita
1442 1185 1495 1212 est
1517 1176 1552 1210 in
1575 1185 1674 1209 men·

98 1245 207 1289 tibus,
227 1252 267 1281 ut
286 1243 323 1279 in
343 1242 460 1279 oculis
481 1250 536 1278 est
555 1249 740 1288 aspectus:
762 1239 894 1274 mentis
916 1245 1037 1272 autem
1060 1235 1157 1270 oculi
1179 1243 1262 1269 sunt
1283 1243 1408 1268 sensus
1428 1231 1592 1265 animae:
1610 1227 1671 1263 sed

99 1309 229 1338 tunsus
248 1297 425 1346 corporis,
446 1303 783 1344 quantumcumque
804 1293 848 1327 sit
862 1303 982 1338 purus,
996 1301 1070 1325 non
1089 1297 1207 1336 potest
1226 1287 1372 1334 aliquod
1392 1284 1532 1319 visibile
1550 1283 1673 1317 videre

102 1352 182 1390 she
200 1351 289 1389 solis
309 1350 568 1391 illustratione3
590 1359 678 1395 ergo
711 1347 873 1382 humana
908 1356 1023 1386 mens,
1055 1350 1393 1390 quantumcumque
1426 1339 1470 1373 sit
1503 1336 1674 1384 perfecta,

102 1414 180 1444 non
197 1413 317 1455 potest
336 1403 588 1439 ratiocinando
621 1401 810 1436 veritatem
845 1392 1070 1445 cognoscere
1106 1397 1239 1443 absque
1273 1393 1512 1429 illustratione
1543 1390 1675 1430 divina,

64 1463 71 1472 ’
102 1468 198 1515 με
223 1459 269 1495 ad
294 1457 468 1494 auxilium
494 1456 630 1503 gratiae
651 1455 815 1502 pertinet.

125 1516 130 1522 ⁴
159 1522 210 1562 ⁴3.
231 1512 471 1549 Ρυετειιεᾼ.
494 1510 664 1546 Humana
686 1519 790 1543 mens
810 1518 884 1542 non
908 1513 1027 1554 potest
1046 1504 1236 1539 veritatem
1267 1501 1468 1544 intelligere
1490 1499 1559 1534 nisi
1581 1497 1678 1543 cogi-

103 1567 230 1611 tando,
248 1573 289 1602 ut
307 1573 406 1614 patet
426 1576 490 1612 per
510 1563 757 1610 Augustinum
779 1562 814 1596 in
841 1571 892 1604 14.
908 1561 951 1594 de
967 1558 1069 1594 Trin.
1094 1558 1182 1605 (cap.
1206 1569 1235 1604 7.
1236 1557 1269 1601 ).·
1289 1555 1351 1590 sed
1371 1553 1572 1601 Apostolus
1591 1551 1677 1585 dicit

106 1632 140 1659 2.
161 1621 206 1658 ad
226 1620 315 1658 Cor.
339 1631 388 1668 3.:
410 1619 488 1655 Non
507 1618 698 1665 sufficientes
714 1628 824 1652 sumus
841 1614 969 1661 aliquid
986 1615 1131 1659 cogitare
1145 1624 1164 1646 ιι
1180 1612 1284 1653 nobis,
1299 1610 1393 1656 quasi
1407 1620 1446 1643 cx
1459 1608 1573 1646 nobis:
1589 1616 1676 1651 ergo

105 1677 224 1714 homo
242 1686 318 1712 nou
339 1682 460 1724 potest
479 1682 704 1719 cognoscere
726 1670 915 1705 veritatem
937 1679 1000 1715 per
1021 1667 1181 1713 seipsum
1203 1666 1279 1700 sine
1302 1662 1435 1698 auxilio
1458 1660 1606 1707 gratiae.

180 1728 258 1767 San
277 1737 435 1766 coum
456 1734 522 1770 est,
542 1725 640 1774 quod
662 1724 888 1768 Augustinus
910 1722 997 1757 dicit
1019 1721 1054 1755 in
1082 1731 1108 1754 1.
1131 1719 1288 1754 Retract.
1315 1719 1405 1764 (cap.
1428 1717 1494 1761 4.):
1521 1715 1598 1750 Non
1624 1718 1680 1760 ap·

101 1785 223 1835 probo,
249 1782 336 1831 quod
356 1783 392 1817 in
412 1782 560 1817 oratione
585 1779 680 1814 dixi.-
702 1779 805 1821 Deus,
827 1778 885 1824 qui
906 1776 1038 1810 nonnisi
1058 1773 1194 1808 nnundos
1215 1783 1333 1807 verum
1354 1771 1436 1805 scire
1454 1769 1590 1803 voluisti
1601 1779 1611 1802 .·
1630 1779 1679 1801 re-

106 1837 262 1888 sponderi
279 1837 368 1874 em‘m
382 1840 500 1884 potest,
523 1833 642 1868 munos
662 1833 759 1868 etiam
781 1843 846 1866 non
869 1829 1005 1865 mundos
1023 1828 1127 1863 multa
1145 1828 1227 1862 scire
1240 1837 1322 1861 vem
1334 1838 1344 1859 .·
1364 1823 1425 1858 sed
1444 1834 1507 1870 per
1525 1821 1680 1868 gratiam

108 1892 227 1929 homo
242 1890 401 1927 mundus
421 1887 586 1930 efficitur,
607 1885 808 1922 secundum
830 1884 918 1919 illud
941 1883 997 1918 Ps.
1020 1892 1091 1927 5o.:
1108 1881 1178 1916 Cor
1196 1879 1354 1914 mundum
1370 1889 1443 1913 crea
1460 1878 1492 1911 in
1509 1888 1558 1910 ma
1577 1875 1679 1916 Deus,

109 1951 142 1983 et
156 1946 311 1995 spin‘utm
329 1948 456 1980 rectum
478 1943 602 1977 innova
626 1942 658 1974 in
678 1939 858 1974 vIsceribus
880 1938 958 1972 meis
969 1949 981 1977 ,·
1005 1947 1093 1982 ergo
1115 1935 1192 1970 sine
1215 1934 1329 1980 gratia
1348 1939 1468 1979 potest
1484 1930 1600 1964 homo
1618 1939 1682 1975 per

108 1999 269 2048 seipsum
288 1997 479 2034 veritatem
500 2005 737 2042 cognoscere.

181 2052 413 2090 Rmouozo
439 2049 645 2088 dicendum,
667 2046 763 2094 quod
786 2055 1010 2091 cognoscere
1033 2044 1222 2078 veritatem
1245 2048 1299 2076 est
1328 2050 1413 2075 usus
1442 2037 1602 2085 quidam,
1622 2035 1682 2071 vel

112 2114 215 2146 oms
234 2103 489 2142 intellectualis
511 2102 677 2138 luminis:
699 2100 795 2147 quia,
814 2098 1013 2134 secundum
1035 2095 1254 2143 Apostolum
1275 2094 1319 2128 ad
1338 2093 1469 2140 Ephes.
1494 2103 1542 2136 3.:
1563 2091 1681 2132 Omne,

96 2161 200 2211 quod
223 2160 467 2207 manifestatur,
489 2158 598 2193 lumen
619 2160 682 2191 est:
707 2165 790 2189 usus
812 2162 933 2187 autern
955 2150 1106 2198 quilibet
1126 2149 1321 2196 quemdam
1342 2155 1483 2182 motum
1499 2146 1683 2191 importat,

87 2222 91 2227 ‘
113 2215 215 2263 large
235 2212 448 2262 accipiendo
469 2218 625 2250 motum,
647 2207 847 2244 secundum
869 2205 965 2253 quod
989 2204 1201 2250 intelligere,
1223 2211 1258 2237 ct
1279 2201 1371 2236 velle
1393 2209 1515 2234 motus
1536 2198 1683 2245 quidam

116 2278 196 2306 cue
215 2267 395 2309 dicuntur,
416 2272 455 2301 ut
474 2272 573 2312 patet
593 2274 656 2310 per
678 2260 944 2306 Philosophum
967 2259 1002 2293 in
1028 2269 1057 2304 3.
1079 2258 1123 2292 de
1147 2257 1280 2291 Anima
1303 2256 1381 2299 (ter.
1405 2255 1485 2296 28).
1509 2252 1684 2287 Videmus

119 2329 242 2359 autem
262 2321 299 2357 in
320 2317 581 2368 corporalibus,
602 2316 699 2364 quod
722 2315 766 2350 ad
789 2322 930 2348 motum
964 2323 1037 2347 non
1066 2311 1185 2346 solum
1220 2309 1412 2356 requiritur
1445 2308 1520 2354 ipsa
1556 2305 1684 2345 forma,

115 2384 212 2425 quae
230 2381 286 2411 est
303 2372 521 2422 principium
543 2378 698 2411 motum,
719 2367 776 2403 vel
799 2367 963 2407 actionis,
985 2365 1046 2400 sed
1069 2365 1178 2400 etiam
1201 2363 1394 2410 requiritur
1427 2360 1543 2395 motio
1579 2359 1686 2406 primi

117 2427 316 2466 moventis:
337 2426 495 2474 primum
515 2433 636 2460 autem
655 2433 808 2457 movens
827 2421 862 2455 in
881 2420 1008 2455 ordine
1027 2417 1273 2465 corporalium
1293 2425 1345 2451 est
1364 2426 1494 2461 corpus
1514 2413 1686 2451 coeleste,

62 2499 67 2504 ·
118 2481 571 2530 unde.quantumcumque
593 2477 685 2523 ignis
707 2475 838 2510 habeat
859 2473 1020 2509 calorem
1053 2471 1266 2520 perfectum.
1299 2481 1374 2504 nou
1408 2468 1585 2505 alteraret,
1619 2466 1686 2501 nisi

0 3101 8 3198 ——v-
0 2979 7 3064 vvvv

120 2544 185 2586 pet
204 2535 411 2572 motionem
432 2531 596 2580 corporis
618 2529 797 2566 coelestis.
820 2526 1051 2563 Manifestum
1075 2534 1128 2561 est
1150 2533 1283 2565 autem,
1310 2522 1406 2570 quod
1442 2522 1533 2555 sicut
1567 2528 1688 2554 motus

120 2594 251 2628 onnes
270 2586 480 2637 corporales
499 2585 720 2622 reducuntur
740 2583 775 2617 in
797 2590 939 2617 motum
962 2579 1130 2615 coelestis
1162 2578 1338 2624 corporis,
1360 2576 1452 2610 sicut
1472 2575 1507 2609 in
1531 2574 1687 2621 primum

119 2642 276 2682 movens
295 2639 512 2690 corporale}
528 2640 576 2674 ita
597 2648 726 2673 ornnes
748 2645 868 2671 motus
889 2643 964 2671 tam
984 2632 1204 2680 corporales,
1226 2642 1335 2678 quam
1363 2627 1564 2675 spirituales
1590 2627 1690 2661 redu-

121 2704 254 2735 cuntur
271 2696 309 2732 in
329 2695 488 2744 primum
510 2702 662 2728 movens
683 2689 905 2737 simpliciter,
927 2688 1024 2735 quod
1046 2696 1100 2722 cst
1121 2686 1239 2724 Deus:
1258 2693 1293 2719 et
1307 2683 1400 2724 ideo,
1415 2689 1691 2728 quantumcum-

123 2760 196 2801 que
213 2758 344 2787 natura
361 2748 480 2799 iliqua
503 2745 716 2794 corporalis,
736 2743 795 2779 vel
815 2742 1010 2790 spiritualis
1031 2749 1186 2788 ponatur
1208 2737 1377 2786 perfecta,
1407 2747 1480 2770 non
1515 2742 1633 2781 potest
1655 2734 1688 2767 in

124 2811 374 2852 suumtactum
395 2801 604 2850 procedere.
626 2799 693 2834 nisi
716 2805 906 2833 moveatur
926 2807 946 2831 a
969 2796 1069 2830 Deo:
1097 2804 1190 2840 quae
1223 2792 1369 2839 quidem
1405 2789 1520 2824 motio
1554 2796 1607 2823 est
1640 2798 1692 2822 se-

122 2858 286 2896 eundum
304 2866 392 2894 suae
411 2853 660 2904 providentiae
681 2851 873 2892 rationem,
900 2860 975 2884 non
986 2847 1209 2884 *secundum
1243 2844 1497 2881 necessitatem
1531 2850 1692 2881 naturae,

122 2912 223 2950 §iem
238 2910 358 2948 notio
377 2908 540 2957 corporis
561 2905 740 2943 coelestis.
762 2904 846 2940 Non
868 2903 989 2939 solum
1023 2910 1144 2936 autem
1167 2911 1186 2934 a
1209 2899 1290 2935 Deo
1323 2907 1377 2934 est
1409 2896 1530 2932 omnis
1563 2894 1692 2933 motio.
