1907 3198
554 190 780 226 QUAESTIO
815 189 886 219 LX.
920 189 1168 220 ARTICULUS
1202 189 1230 219 1.
1600 190 1682 234 413

683 359 1031 406 ARTICULUS
1067 359 1101 402 1.
1620 383 1685 419 317

372 471 529 501 UTRUM
561 470 629 500 SIT
664 471 754 500 UNA
787 469 975 500 TANTUM
1006 469 1164 499 VIRTUS
1198 469 1404 499 MORALIS.

643 560 687 607 (3.
710 561 798 596 Dist.
818 572 863 607 35.
886 572 917 606 q.
938 572 966 596 1.
989 565 1055 595 art.
1078 559 1137 604 1.).

169 650 232 686 AD
252 660 404 686 PRtMUM
426 649 477 685 sic
505 649 724 697 proceditur.
746 648 910 691 Videtur,
933 649 1031 696 quod
1053 649 1098 684 sit
1119 660 1191 683 una
1212 656 1357 683 tantum
1379 649 1531 683 moralis
1553 649 1684 685 virtus:

97 704 191 740 sicut
204 704 304 740 enim
320 704 358 739 in
377 704 517 739 actibus
536 703 736 739 moralibus
758 703 910 738 directio
932 703 1088 750 pertinet
1103 703 1147 737 ad
1165 703 1360 745 rationem,
1380 714 1472 749 quae
1495 711 1549 738 est
1570 703 1685 750 subje-

97 766 198 794 ctum
231 757 535 794 intellectualium
565 758 760 800 virtutum;
788 758 837 792 ita
863 757 1053 792 inclinatio
1081 757 1236 804 pertinet
1262 757 1307 791 ad
1333 757 1406 791 vim
1437 758 1684 804 appetitivam,

97 823 190 860 quae
213 821 267 848 est
287 813 492 858 subjectum
514 811 712 846 moralium
733 811 926 846 virtutum:
950 811 1014 846 sed
1044 822 1116 846 una
1143 820 1198 845 est
1222 810 1480 846 intellectualis
1502 812 1615 847 virtus
1637 812 1686 847 di-

96 866 217 914 rigens
238 867 276 901 in
297 866 469 901 omnibus
490 865 692 900 moralibus
715 865 866 907 actibus,
889 865 1029 900 scilicet
1049 865 1258 912 prudentia;
1278 876 1367 912 ergo
1387 866 1499 900 etiam
1517 877 1589 900 una
1611 874 1686 901 tan-

96 928 176 955 tum
197 928 252 955 est
271 919 424 955 moralis
445 919 558 954 virtus
580 918 761 953 inclinans
782 918 818 952 in
842 919 1013 954 omnibus
1037 919 1237 954 moralibus
1260 919 1409 954 actibus.

169 983 201 1008 2.
216 973 457 1009 PRAETEREA.
468 973 623 1008 Habitus
641 984 717 1007 non
731 972 1002 1019 distinguuntur
1016 973 1219 1008 secundum
1233 973 1437 1008 materialia
1452 973 1607 1020 objecta,
1623 974 1685 1008 sed

96 1027 300 1063 secundum
320 1026 496 1062 formales
511 1027 672 1062 rationes
694 1027 941 1072 objectorum:
961 1026 1128 1062 formalis
1150 1036 1273 1062 autem
1296 1028 1388 1062 ratio
1410 1028 1510 1070 boni,
1527 1028 1571 1062 ad
1586 1028 1686 1074 quod

95 1081 285 1117 ordinatur
301 1082 415 1116 virtus
437 1081 600 1124 moralis,
620 1089 674 1116 est
691 1093 774 1124 una,
793 1080 933 1116 scilicet
955 1081 1088 1116 modus
1109 1082 1278 1124 rationis3
1301 1093 1390 1128 ergo
1412 1082 1566 1125 videtur,
1586 1082 1684 1129 quod

95 1135 143 1171 sit
162 1147 236 1170 una
255 1144 399 1171 tantum
421 1135 572 1170 moralis
593 1136 718 1176 virtus.

171 1201 201 1237 3.
228 1189 468 1225 PRAETEREA.
487 1189 643 1225 Moralia
665 1189 843 1236 recipiunt
863 1189 1025 1236 speciem
1048 1201 1068 1223 a
1090 1189 1172 1232 fine,
1195 1198 1234 1224 ut
1247 1201 1354 1237 supra
1369 1190 1508 1225 dictum
1524 1200 1577 1226 est
1593 1191 1638 1238 (q.
1654 1204 1682 1227 ι.

97 1248 165 1280 art.
182 1255 211 1291 3.
234 1248 264 1279 et
279 1244 328 1291 5.)
337 1255 351 1285 ,·
374 1244 438 1278 sed
458 1243 538 1278 finis
562 1245 731 1278 omnium
751 1244 927 1278 virtutum
941 1243 1152 1283 ,moralium
1181 1245 1391 1279 communis
1414 1253 1468 1280 est
1489 1257 1594 1287 unus,
1617 1245 1686 1280 sci-

97 1297 184 1333 licet
203 1296 377 1340 felicitas;
398 1297 535 1345 proprii
557 1306 691 1340 autem,
713 1305 747 1332 et
769 1297 964 1344 propinqui
985 1305 1070 1332 sunt
1090 1297 1240 1331 infiniti:
1263 1310 1339 1332 non
1362 1307 1446 1333 sunt
1468 1307 1592 1333 autem
1610 1299 1687 1333 infi-

96 1351 364 1387 nitae.virtutes
386 1351 562 1395 morales3
582 1363 670 1399 ergo
691 1351 844 1395 videtur,
868 1351 966 1398 quod
989 1351 1034 1386 sit
1055 1363 1126 1386 una
1147 1359 1302 1386 tantum.

169 1404 246 1441 SED
264 1415 424 1441 CONTRA
446 1413 510 1448 est,
533 1406 632 1452 quod
652 1417 746 1440 unus
768 1405 912 1440 habitus
934 1417 1011 1440 non
1032 1414 1154 1452 potest
1176 1417 1254 1441 esse
1276 1406 1312 1440 in
1332 1406 1482 1442 diversis
1502 1407 1685 1454 potentiis,

95 1466 135 1494 ut
154 1470 263 1506 supra
281 1459 420 1494 dictum
432 1467 487 1494 est
505 1459 553 1506 (q.
568 1459 623 1506 56.
643 1464 707 1494 art.
727 1459 777 1505 2.)
786 1472 799 1500 ,·
819 1459 883 1494 sed
903 1460 1107 1505 subjectum
1125 1460 1302 1494 virtutum
1320 1460 1520 1495 moralium
1535 1469 1588 1496 est
1602 1474 1683 1509 pars

95 1513 293 1560 appetitiva
315 1513 472 1556 animae,
503 1525 595 1560 quae
617 1525 681 1561 per
707 1514 865 1549 diversas
892 1515 1074 1560 potentias
1102 1514 1345 1561 distinguitur,
1368 1522 1407 1549 ut
1427 1515 1464 1549 in
1491 1527 1518 1550 1.
1547 1516 1685 1550 dictum

94 1572 148 1602 est
169 1567 216 1614 (q.
237 1567 289 1603 81.
311 1573 378 1605 art,
399 1568 475 1614 2.);
499 1579 587 1614 ergo
609 1579 685 1602 non
706 1576 828 1615 potest
849 1579 928 1602 esse
951 1579 1023 1602 una
1046 1576 1190 1603 tantum
1206 1569 1320 1603 virtus
1343 1569 1506 1604 moralis.

164 1620 398 1657 RESPONDEO
421 1621 630 1665 dicendum,
649 1622 760 1669 quod,
776 1622 869 1656 sicut
882 1634 990 1669 supra
1004 1622 1143 1657 dictum
1158 1629 1211 1657 est
1231 1622 1277 1669 (q.
1288 1624 1340 1670 58.
1357 1629 1420 1658 art.
1437 1626 1508 1670 2.);
1528 1625 1681 1660 virtutes

95 1674 254 1710 morales
275 1683 360 1710 sunt
378 1675 524 1711 habitus
546 1676 695 1723 quidam
718 1677 936 1723 appetitivae
969 1677 1095 1724 partis:
1119 1676 1263 1711 habitus
1295 1686 1417 1712 autem
1439 1679 1561 1725 specie
1588 1677 1686 1714 diffe-

93 1738 178 1764 runt
198 1729 401 1765 secundum
424 1730 600 1777 speciales
627 1729 847 1766 differentias
870 1731 1112 1777 objectorum,
1134 1739 1172 1765 ut
1193 1742 1301 1778 supra
1319 1731 1457 1767 dictum
1480 1741 1534 1768 est
1566 1733 1614 1779 (q.
1631 1745 1683 1778 54.

93 1787 159 1818 art.
180 1784 253 1828 2.):
285 1783 426 1830 species
448 1792 573 1818 autem
600 1784 733 1830 objecti
760 1784 974 1832 appetibilis,
1000 1785 1093 1820 sicut
1120 1793 1155 1820 et
1181 1785 1372 1831 cujuslibet
1399 1788 1462 1828 rei,
1486 1787 1682 1822 attenditur

94 1836 298 1872 secundum
319 1836 479 1872 formam
501 1837 724 1885 specificam,
741 1850 833 1885 quae
849 1847 903 1874 est
918 1839 960 1873 ab
977 1847 1118 1886 agente.
1142 1839 1206 1874 Est
1219 1847 1343 1874 autem
1363 1841 1683 1884 considerandum,

94 1891 194 1939 quod
216 1891 370 1926 materia
391 1892 560 1939 patientis
588 1903 625 1927 se
647 1892 758 1927 habet
778 1893 822 1927 ad
851 1904 964 1939 agens
985 1893 1171 1940 dupliciter.
1200 1894 1412 1940 Quandoque
1433 1895 1530 1929 enim
1558 1895 1684 1943 recipit

92 1945 253 1981 formam
275 1946 417 1992 agentis
438 1946 641 1981 secundum
664 1947 833 1981 eamdem
857 1948 1050 1989 rationem,
1073 1955 1181 1994 prout
1203 1955 1257 1982 est
1278 1947 1314 1982 in
1338 1956 1488 1994 agente,
1516 1949 1610 1984 sicut
1631 1957 1684 1984 est

91 1999 130 2035 in
152 1999 324 2035 omnibus
345 2000 536 2047 agentibus
558 2000 744 2035 univocis:
771 2008 806 2036 et
832 2001 882 2036 sic
910 2012 1061 2035 necesse
1088 2009 1152 2043 est,
1176 2001 1274 2048 quod
1301 2002 1330 2036 si
1353 2013 1465 2049 agens
1488 2011 1542 2038 est
1568 2015 1682 2038 unum

92 2053 227 2101 specie,
249 2054 404 2088 materia
425 2054 577 2101 recipiat
597 2053 757 2089 formam
780 2055 886 2089 unius
909 2055 1062 2102 speciei:
1087 2055 1179 2090 sicut
1206 2056 1249 2089 ab
1272 2056 1357 2101 igne
1384 2068 1460 2091 non
1488 2066 1684 2104 generatur

92 2107 250 2143 univoce
270 2107 342 2143 nisi
363 2107 512 2155 aliquod
534 2110 690 2143 existens
712 2109 749 2143 in
771 2109 891 2156 specie
915 2110 1021 2156 ignis.
1044 2109 1239 2156 Aliquando
1261 2121 1349 2144 vero
1377 2113 1531 2146 materia
1552 2112 1682 2159 recipit

93 2160 253 2196 formam
274 2162 320 2196 ab
346 2170 478 2209 agente
499 2173 574 2197 non
600 2163 803 2198 secundum
831 2163 1001 2197 eamdem
1032 2163 1225 2206 rationem,
1253 2172 1362 2210 prout
1383 2173 1437 2199 est
1463 2165 1498 2199 in
1527 2174 1680 2212 agente:

91 2214 307 2262 sicutpatet
327 2217 364 2250 in
386 2217 643 2262 generantibus
662 2228 738 2251 non
757 2217 942 2260 univocis;
966 2225 1004 2251 ut
1019 2217 1155 2251 animal
1170 2226 1364 2264 generatur
1383 2230 1401 2252 a
1420 2218 1499 2254 sole
1516 2233 1523 2254 :
1543 2228 1578 2254 et
1595 2228 1681 2255 tunc

91 2267 235 2304 formae
257 2278 426 2316 receptae
446 2270 484 2304 in
511 2272 665 2306 materia
687 2271 730 2305 ab
754 2272 886 2306 eodem
909 2280 1042 2318 agente
1064 2283 1138 2306 non
1160 2280 1244 2307 sunt
1265 2272 1372 2307 unius
1394 2273 1541 2319 speciei,
1557 2274 1618 2308 sed
1634 2274 1683 2308 di-

92 2322 342 2358 versificantur
363 2324 567 2359 secundum
589 2324 772 2359 diversam
794 2325 1072 2372 proportionem
1095 2326 1270 2360 materiae
1294 2327 1338 2360 ad
1358 2327 1611 2374 recipiendum
1632 2328 1683 2362 in—

92 2375 231 2412 fluxum
254 2377 416 2424 agentis:
450 2378 544 2413 sicut
571 2379 750 2421 videmus,
780 2380 878 2426 quod
901 2379 944 2414 ab
973 2391 1044 2414 una
1074 2380 1219 2415 actione
1250 2380 1337 2415 solis
1368 2389 1589 2427 generantur
1618 2393 1682 2429 per

92 2429 402 2477 putrefactionem
424 2431 596 2467 animalia
618 2433 844 2468 diversarum
863 2434 1080 2480 specierum,
1100 2434 1303 2469 secundum
1326 2435 1510 2470 diversam
1533 2447 1683 2482 propor-

91 2484 233 2520 tionem
254 2485 441 2520 materiae.
464 2485 701 2521 Manifestum
730 2496 784 2522 est
806 2496 940 2530 autern,
968 2488 1067 2535 quod
1094 2489 1128 2522 in
1157 2488 1357 2523 moralibus
1385 2489 1477 2523 ratio
1506 2498 1561 2524 est
1588 2490 1681 2524 sicut

92 2538 289 2586 imperans,
305 2546 530 2583 etz-moveam
549 2541 602 2575 vis
618 2549 740 2575 autem
757 2541 952 2588 appetitiva
967 2542 1060 2577 sicut
1075 2542 1310 2589 imperata‚et
1328 2551 1446 2577 mota:
1466 2554 1540 2577 non
1558 2552 1680 2578 autem

93 2592 274 2640 appetitus
294 2593 424 2640 recipit
444 2593 726 2640 impressionem
748 2596 898 2630 rationis
920 2596 1023 2643 quasi
1045 2597 1222 2639 univoce;
1244 2597 1328 2643 quia
1347 2608 1422 2631 non
1442 2597 1481 2632 fit
1498 2597 1677 2632 rationale

91 2657 157 2693 per
177 2646 386 2690 essentiam,
408 2647 471 2682 sed
493 2658 557 2694 per
577 2648 906 2695 participationem,
929 2658 968 2684 ut
989 2650 1120 2685 dicitur
1141 2651 1176 2684 in
1204 2661 1231 2685 1.
1256 2650 1337 2685 Eth.
1353 2653 1443 2698 (cap.
1464 2652 1564 2697 ult.);
1583 2651 1679 2686 unde

93 2699 302 2748 appetibilia
323 2701 526 2736 secundum
549 2702 754 2737 motionem
775 2704 926 2739 rationis
948 2706 1218 2739 constituuntur
1244 2705 1280 2739 in
1304 2705 1453 2739 diversis
1475 2705 1679 2752 speciebus,

93 2754 296 2789 secundum
323 2754 421 2801 quod
448 2755 694 2791 diversimode
721 2767 759 2791 se
785 2756 921 2792 habent
947 2758 992 2792 ad
1019 2759 1209 2793 rationem.
1239 2758 1282 2793 Et
1309 2759 1356 2793 ita
1379 2761 1552 2805 sequitur,
1579 2760 1677 2806 quod

92 2807 241 2844 virtutes
262 2807 423 2844 morales
444 2810 515 2844 sint
535 2809 700 2844 diversae
723 2811 926 2846 secundum
949 2812 1121 2859 speciem,
1144 2820 1179 2847 et
1201 2823 1275 2847 non
1297 2825 1368 2847 una
1388 2821 1542 2847 tantum.

164 2861 226 2905 AD
246 2872 398 2898 PRIMUM
420 2873 510 2909 ergo
532 2862 741 2907 dicendum,
760 2865 858 2911 quod
878 2866 1064 2912 objectum
1083 2867 1234 2902 rationis
1252 2874 1306 2901 est
1323 2879 1461 2902 verum.-
1482 2876 1536 2902 est
1554 2876 1677 2902 autern

93 2915 222 2952 eadem
242 2916 336 2952 ratio
356 2917 432 2951 veri
451 2916 488 2951 in
510 2917 681 2953 omnibus
697 2917 908 2962 moralibus,
923 2931 1016 2966 quae
1032 2929 1116 2955 sunt
1131 2921 1382 2967 contingentia
1398 2921 1564 2967 agibilia3
1580 2922 1675 2956 unde
