1875 3198
230 192 316 245 634
462 193 471 208 ¹
602 201 825 236 QUAEsrro
859 200 1069 230 Lxxxvm.
1103 199 1348 230 ART1cULus
1382 199 1423 229 v.

226 282 413 318 constituit
439 293 575 316 novam
599 283 759 328 speciem
786 282 939 327 peccati,
967 293 1058 328 quae
1080 282 1210 316 dicitur
1233 280 1462 315 adulterium.
1485 278 1714 326 Impossibile
1740 286 1792 313 est

230 344 364 377 autem,
392 336 489 381 quod
512 336 785 369 circumstantia
807 336 850 369 de
872 344 1024 381 peccato
1046 335 1179 369 veniali
1200 334 1309 368 faciat
1326 334 1493 376 mortale,
1511 334 1582 368 nisi
1600 333 1726 367 afferat
1739 333 1797 366 de-

226 389 448 423 formitatem
471 389 616 422 alterius
640 389 799 433 generis:
824 389 961 422 dictum
984 396 1036 422 est
1059 389 1157 422 enim
1179 389 1261 432 (art.
1280 401 1307 423 1.
1323 388 1392 433 huj.
1413 388 1474 433 q),
1491 387 1586 433 quod
1602 394 1795 433 peccatum

226 442 367 477 veniale
388 443 498 476 habet
519 441 789 475 deformitatem
810 453 872 487 per
887 442 971 483 hoc,
990 443 1087 487 quod
1106 442 1279 486 importat
1297 441 1612 474 deordinationem
1627 440 1724 474 circa
1741 450 1796 482 ea,

227 507 318 542 quae
341 504 424 530 sunt
445 496 488 529 ad
511 495 640 529 finem:
662 503 853 540 peccatum
876 504 998 529 autem
1020 495 1174 528 mortale
1196 495 1305 528 habet
1331 493 1601 528 deformitatem
1621 504 1685 539 per
1710 493 1795 534 hoc,

227 549 324 596 quod
346 549 518 594 importat
544 548 861 582 deordinationem
887 556 1051 594 respectu
1078 548 1197 582 ultimi
1224 547 1324 590 finis3
1350 548 1445 581 unde
1471 546 1706 581 manifestum
1732 553 1796 588 est,

227 603 324 649 quod
347 602 618 636 circumstantia
639 613 714 635 non
732 610 851 647 potest
869 602 912 635 de
931 601 1064 635 veniali
1082 609 1233 646 peccato
1249 601 1370 635 facere
1389 600 1545 635 mortale
1563 611 1715 634 manens
1734 599 1798 633 cir-

226 656 455 697 cumstantia,
478 655 540 689 sed
562 655 682 689 solum
704 663 789 688 tunc
806 655 951 700 quando
970 654 1138 688 transfert
1151 655 1187 688 in
1204 654 1314 688 aliam
1331 655 1503 700 speciem,
1518 662 1554 688 et
1566 653 1606 688 fit
1623 653 1798 700 quodam-

228 709 340 743 modo
363 708 563 742 differentia
585 708 753 754 specifica
775 708 925 742 moralis
947 716 1058 742 actus.

298 763 358 796 AD
373 772 522 796 PRIMUM
542 773 629 807 ergo
645 762 851 802 dicendum,
868 762 964 806 quod
980 761 1193 795 diuturnitas
1207 772 1282 795 non
1297 769 1350 795 est
1365 760 1634 795 circumstantia
1649 759 1796 794 trahens

227 817 264 850 in
287 816 396 850 aliam
417 815 593 861 speciem3
615 815 781 849 similiter
805 826 871 848 nec
898 814 1111 861 frequentia,
1132 814 1191 849 vel
1213 815 1413 856 assiduitas,
1442 814 1511 848 nisi
1538 813 1632 848 forte
1655 825 1718 860 per
1741 824 1798 847 ac-

228 870 350 904 cidens
365 881 408 903 ex
423 869 543 915 aliquo
567 869 850 914 supervenienti:
873 880 949 902 non
972 869 1070 903 enim
1089 868 1223 914 aliquid
1245 868 1398 914 acquirit
1415 879 1550 902 novam
1571 869 1732 914 speciem
1754 878 1797 901 ex

228 923 298 957 hoc
323 923 420 968 quod
439 922 710 968 multiplicatur,
731 921 790 956 vel
812 921 1027 968 protelatur;
1046 922 1115 956 nisi
1137 921 1230 956 forte
1251 922 1288 955 in
1310 930 1393 956 actu
1414 920 1607 967 protelato,
1628 920 1688 955 vel
1709 920 1798 954 mul-

226 976 388 1022 tiplicato
405 976 633 1021 superveniat
656 975 801 1021 aliquid,
817 976 913 1021 quod
932 976 1047 1009 variet
1061 976 1240 1021 speciem3
1263 974 1627 1021 puta·inobedientia,
1641 973 1700 1008 vel
1715 985 1798 1007 con-

228 1038 397 1075 temptus,
419 1029 478 1063 vel
500 1028 633 1074 aliquid
655 1029 885 1074 hujusmodi:
910 1029 1105 1063 dicendum
1124 1037 1177 1063 est
1195 1040 1294 1075 ergo,
1317 1029 1414 1074 quod
1430 1039 1514 1062 cum
1535 1029 1588 1062 ira
1609 1027 1655 1062 sit
1675 1034 1797 1061 motus

227 1083 339 1117 animi
361 1083 405 1116 ad
426 1083 635 1116 nocendum
658 1082 839 1128 proximo,
861 1082 891 1116 si
912 1083 957 1117 sit
974 1082 1045 1116 tale
1067 1090 1344 1124 nocumentum,
1367 1083 1402 1116 in
1425 1082 1523 1128 quod
1543 1081 1659 1116 tendit
1675 1088 1798 1114 motus

226 1137 311 1178 irae,
340 1136 437 1182 quod
460 1148 502 1170 ex
524 1147 656 1182 genere
683 1147 749 1170 suo
772 1136 817 1170 sit
838 1144 1030 1182 peccatum
1052 1135 1207 1170 mortale
1235 1136 1345 1180 (sicut
1369 1135 1624 1177 homicidium,
1645 1133 1705 1168 vel
1731 1133 1799 1168 fur-

225 1191 320 1233 tum)
342 1189 423 1224 talis
445 1191 495 1223 ira
519 1202 561 1223 ex
588 1201 719 1235 genere
742 1201 807 1223 suo
836 1198 889 1224 est
915 1198 1105 1236 peccatum
1128 1189 1301 1223 mortale:
1329 1189 1391 1223 sed
1419 1188 1517 1235 quod
1538 1188 1583 1222 sit
1603 1195 1797 1234 peccatum

226 1243 378 1285 veniale,
400 1243 509 1277 habet
530 1255 572 1277 ex
594 1243 868 1288 imperfectione
888 1252 1000 1285 actus,
1023 1244 1239 1290 inquantum
1257 1251 1310 1277 est
1328 1250 1448 1276 motus
1470 1241 1607 1276 subitus
1629 1240 1800 1275 sensuali-

226 1298 327 1331 tatis:
351 1297 381 1331 si
401 1308 488 1331 vero
512 1297 556 1331 sit
577 1297 756 1338 diuturna,
779 1297 870 1330 redit
897 1297 941 1331 ad
967 1305 1135 1331 naturam
1161 1297 1216 1331 sui
1243 1296 1385 1343 generis
1412 1307 1475 1342 per
1502 1306 1723 1329 consensum
1744 1305 1797 1328 ra-

226 1350 352 1385 tionis:
376 1350 405 1384 si
426 1361 513 1384 vero
536 1358 813 1391 nocumentum,
832 1350 868 1383 in
891 1350 988 1396 quod
1010 1350 1124 1384 tendit
1145 1358 1265 1384 motus
1287 1350 1373 1391 irae,
1396 1356 1491 1383 esset
1512 1347 1654 1383 veniale
1677 1360 1719 1383 ex
1741 1359 1799 1394 ge-

226 1415 312 1438 nere
339 1415 404 1438 suo
433 1404 535 1449 (puta
563 1415 646 1437 cum
674 1403 802 1449 aliquis
833 1405 867 1437 in
895 1404 965 1437 hoc
993 1404 1158 1437 irascitur
1185 1412 1311 1438 contra
1334 1402 1505 1449 aliquem,
1533 1402 1630 1448 quod
1660 1401 1737 1436 vult
1766 1401 1799 1435 ei

227 1457 347 1491 dicere
375 1457 522 1502 aliquod
547 1457 699 1490 verbum
726 1456 817 1498 leve,
845 1465 879 1491 et
904 1458 1085 1502 Jocosum,
1107 1457 1204 1503 quod
1231 1457 1420 1491 modicum
1446 1456 1566 1502 ipsum
1593 1456 1797 1499 contristet)

226 1522 301 1545 non
324 1511 390 1544 erit
409 1511 458 1544 ita
480 1518 672 1555 peccatum
700 1509 866 1552 mortale,
894 1519 1230 1557 quantumcumque
1256 1511 1302 1548 sit
1322 1510 1500 1552 diuturna,
1526 1509 1597 1544 nisi
1621 1509 1714 1544 forte
1735 1521 1799 1555 per

228 1564 413 1599 accidens:
436 1572 521 1610 puta
543 1564 572 1598 si
595 1575 637 1598 ex
658 1564 729 1597 hoc
753 1575 861 1609 grave
884 1563 1097 1598 scandalum
1119 1565 1266 1606 oriatur,
1283 1563 1342 1598 vel
1363 1571 1510 1610 propter
1532 1563 1666 1609 aliquid
1679 1563 1800 1608 hujus-

227 1618 338 1652 modi.
354 1618 410 1651 De
424 1617 595 1651 ebrietate
617 1628 703 1651 vero
727 1617 922 1651 dicendum
937 1626 1000 1659 est,
1018 1618 1115 1664 quod
1129 1619 1330 1652 secundum
1352 1629 1457 1652 suam
1479 1617 1660 1651 rationem
1673 1616 1795 1658 habet,

229 1671 326 1717 quod
348 1671 393 1705 sit
414 1679 607 1716 peccatum
634 1670 793 1705 morale:
817 1671 914 1717 quod
937 1672 1035 1705 enirn
1061 1672 1176 1705 homo
1204 1672 1339 1717 absque
1367 1670 1583 1705 necessitate
1613 1669 1740 1704 reddat
1760 1680 1798 1704 se

224 1725 466 1771 impotentem
499 1725 543 1758 ad
571 1725 745 1758 utendum
770 1725 923 1766 ratione,
950 1736 1013 1771 per
1039 1736 1148 1771 quam
1176 1725 1292 1759 homo
1320 1725 1358 1758 in
1385 1724 1507 1758 Deum
1537 1723 1734 1765 ordinatur,
1765 1731 1799 1757 et

226 1778 341 1812 multa
359 1786 509 1824 peccata
525 1778 751 1812 occurrentia
769 1778 869 1820 vitat,
892 1789 934 1812 ex
956 1778 1035 1812 sola
1054 1778 1239 1825 voluptate
1260 1778 1347 1820 vini,
1369 1789 1535 1824 expresse
1559 1777 1799 1812 contrariatur

225 1833 364 1867 virtuti:
387 1832 448 1866 sed
471 1832 568 1878 quod
591 1832 635 1866 sit
656 1840 849 1878 peccatum
866 1831 1020 1874 veniale,
1041 1832 1219 1878 contingit
1240 1839 1387 1878 propter
1408 1831 1654 1878 ignorantiam
1676 1841 1801 1877 quam-

226 1886 322 1928 dam,
341 1885 399 1920 vel
420 1885 686 1919 infirmitatem:
715 1894 801 1931 puta
827 1897 911 1920 cum
938 1886 1053 1920 homo
1080 1886 1196 1920 nescit
1221 1886 1392 1920 virtutem
1413 1885 1499 1927 vini,
1526 1893 1588 1919 aut
1613 1884 1799 1931 propriam

227 1940 471 1981 debilitatem3
493 1940 588 1973 unde
603 1951 677 1973 non
692 1947 793 1985 putat
814 1951 851 1973 se
866 1940 1050 1974 inebriari:
1066 1948 1151 1974 tunc
1175 1940 1273 1974 enim
1286 1950 1361 1973 non
1375 1939 1573 1985 imputatur
1595 1939 1627 1973 ei
1645 1938 1799 1973 ebrietas

227 1993 270 2027 ad
298 2002 502 2040 peccatum,
525 1993 587 2027 sed
610 1993 731 2027 solum
753 1993 1082 2039 superabundantia
1104 2001 1226 2040 potus:
1249 1993 1312 2027 sed
1334 1993 1481 2039 quando
1502 1991 1707 2039 frequenter
1727 1992 1800 2026 ine-

224 2047 369 2089 briatur,
387 2058 462 2081 non
478 2054 596 2093 potest
607 2047 776 2093 perhanc
800 2047 1045 2092 ignorantiam
1061 2047 1235 2089 excusari,
1251 2047 1337 2093 quin
1351 2046 1516 2080 videatur
1529 2045 1698 2080 voluntas
1720 2046 1796 2091 ejus

226 2100 359 2146 eligere
386 2101 503 2146 magis
526 2101 598 2147 pati
620 2101 843 2143 ebrietatem,
866 2113 975 2147 quam
1003 2101 1182 2136 abstinere
1201 2112 1221 2135 a
1243 2101 1328 2135 vino
1355 2099 1558 2147 superflu0;
1585 2099 1680 2134 unde
1706 2099 1800 2134 redit

226 2163 418 2201 peccatum
441 2155 485 2188 ad
507 2166 611 2189 suam
633 2162 811 2188 naturam.

298 2209 359 2243 AD
382 2219 589 2243 SECUNDUM
613 2208 821 2250 dicendum,
849 2208 946 2254 quod
974 2208 1168 2243 delectatio
1197 2219 1344 2242 morosa
1365 2219 1440 2242 non
1462 2207 1592 2242 dicitur
1613 2218 1692 2242 esse
1718 2217 1797 2253 pec-

228 2270 350 2296 catum
381 2262 546 2304 mortale,
575 2262 643 2295 nisi
669 2262 704 2295 in
732 2262 787 2296 his
815 2274 907 2308 quae
935 2274 976 2296 ex
1003 2274 1070 2296 suo
1097 2273 1230 2308 genere
1257 2270 1340 2297 sunt
1365 2270 1515 2309 peccata
1541 2261 1729 2296 mortalia:
1762 2261 1798 2295 in

227 2316 355 2362 quibus
382 2317 411 2351 si
441 2315 633 2350 delectatio
661 2327 735 2349 non
763 2327 911 2350 morosa
934 2317 978 2351 sit
997 2325 1189 2363 peccatum
1210 2316 1362 2358 veniale,
1385 2324 1438 2351 est
1459 2327 1502 2350 ex
1522 2315 1797 2362 imperfectione

229 2378 349 2411 actus;
372 2371 464 2404 sicut
485 2378 520 2403 et
541 2369 583 2403 de
606 2370 658 2403 ira
681 2369 817 2403 dictum
840 2378 893 2404 cst
916 2370 966 2413 (in
992 2371 1086 2405 solut.
1104 2370 1236 2417 praec.)
1250 2383 1259 2404 :
1275 2370 1404 2404 dicitur
1426 2370 1524 2404 enim
1546 2369 1597 2404 ira
1619 2369 1798 2411 diuturna,

229 2431 263 2457 et
284 2423 476 2457 delectatio
501 2434 647 2457 morosa
670 2431 816 2469 propter
838 2424 1140 2469 approbationem
1162 2424 1312 2458 rationis
1334 2423 1577 2458 deliberantis.

299 2477 359 2511 AD
383 2487 554 2512 TERTIUM
570 2477 775 2518 dicendum,
790 2478 887 2522 quod
907 2478 1176 2511 circumstantia
1191 2488 1266 2511 non
1280 2477 1365 2511 facit
1379 2477 1423 2512 de
1438 2477 1536 2512 bono
1551 2485 1633 2511 actu
1648 2475 1798 2518 malum,

227 2530 296 2564 nisi
319 2531 541 2566 constituens
563 2531 724 2576 speciem
746 2531 896 2576 peccati,
919 2539 955 2566 ut
978 2542 1085 2577 supra
1107 2531 1216 2565 etiam
1238 2530 1403 2565 habitum
1425 2538 1478 2565 est
1500 2531 1548 2577 (q.
1575 2531 1625 2566 18.
1653 2535 1717 2565 art.
1743 2542 1795 2566 ιο.

229 2589 258 2618 et
279 2584 354 2629 IL).
