1875 3198
243 195 325 237 722
686 194 905 230 QUAESTIO
940 195 979 224 C.
1007 194 1250 225 ARTICULUS
1283 194 1341 223 VI.

241 283 275 310 et
295 275 376 309 ideo
403 275 493 310 inter
514 283 706 322 praecepta
728 275 931 310 ordinantia
959 275 1001 309 ad
1029 276 1233 321 proximum
1255 275 1372 321 primo
1393 276 1538 322 ponitur
1563 284 1794 323 praeceptum

240 329 419 374 pertinens
435 329 653 375 adparentes
666 340 672 362 :
685 328 777 362 inter
792 328 861 362 alia
872 339 958 362 vero
977 336 1168 374 praecepta
1184 328 1294 362 etiam
1316 337 1463 374 apparet
1484 329 1573 364 ordo
1595 330 1796 365 secundum

240 382 404 416 ordinem
426 383 609 428 gravitatis
631 390 883 428 peccatorum:
907 382 1050 428 gravius
1064 390 1117 416 est
1127 382 1235 424 enim,
1258 389 1292 416 et
1313 383 1429 428 magis
1444 382 1575 416 rationi
1592 394 1795 429 repugnans

239 447 389 481 peccare
412 447 530 482 opere,
550 447 659 482 quarn
681 447 754 477 ore,
783 443 817 469 et
838 446 911 477 ore,
938 446 1048 481 quam
1074 435 1198 469 corde:
1227 443 1261 469 et
1287 435 1379 469 inter
1405 443 1553 481 peccata
1575 435 1693 482 operis
1720 447 1795 482 gra-

238 489 316 523 vius
339 497 391 524 est
410 489 661 531 homicidium,
696 500 757 534 per
791 489 887 534 quod
914 487 1051 522 tollitur
1076 488 1147 522 vita
1174 488 1334 522 hominis
1367 489 1441 533 jam
1468 489 1661 530 existentis,
1687 500 1796 535 quam

240 542 467 584 adulterium,
489 554 551 588 per
578 542 674 588 quod
708 541 899 588 impeditur
922 541 1096 575 certitudo
1124 541 1234 586 prolis
1262 541 1481 576 nasciturae:
1509 550 1543 576 et
1581 541 1796 577 adulterium

239 597 382 642 gravius
402 604 464 638 est,
487 607 595 642 quam
622 595 767 638 furtum,
789 595 885 641 quod
907 595 1060 640 pertinet
1082 595 1125 628 ad
1143 595 1239 628 bona
1261 595 1447 629 exteriora.

311 649 369 683 AD
395 660 543 684 PRIMUM
567 660 653 694 ergo
673 648 877 690 dicendum,
904 648 1001 694 quod
1023 648 1188 694 quamvis
1210 648 1410 682 secundum
1430 647 1528 682 viam
1546 659 1670 683 sensus
1684 649 1797 695 proxi-

241 714 320 736 mus
350 703 393 737 sit
420 702 535 747 magis
561 710 679 743 notus,
709 713 818 747 quam
839 702 958 743 Deus;
985 709 1108 735 tamen
1127 700 1271 735 dilectio
1293 701 1364 735 Dei
1397 709 1450 735 est
1474 702 1566 735 ratio
1594 701 1795 737 dilectionis

241 756 406 802 proximi,
428 763 465 789 ut
483 755 574 789 infra
595 755 730 801 patebit
751 755 833 799 (2-2.
853 767 882 800 q.
905 749 961 800 25ss
975 759 1038 788 art.
1061 767 1087 789 1.
1110 759 1140 789 ct
1153 766 1183 800 q.
1198 754 1253 789 26.
1276 759 1340 788 art.
1362 754 1425 800 2.);
1449 762 1484 788 et
1502 754 1585 789 ideo
1607 763 1797 802 praecepta

241 809 443 843 ordinantia
466 808 509 842 ad
530 808 651 842 Deum
671 807 813 841 fuerunt
835 807 1132 853 praeordinanda.

311 862 371 896 AD
398 872 605 896 SECUNDUM
626 861 831 903 dicendum,
854 861 951 907 quod
972 861 1064 895 sicut
1089 861 1190 894 Deus
1212 867 1264 894 est
1286 859 1496 895 universalis
1523 871 1632 895 causa
1653 869 1687 895 et
1708 861 1798 908 prin-

241 915 377 961 cipium
399 915 540 949 essendi
561 915 746 956 omnibus;
768 914 817 948 ita
839 922 874 949 et
891 922 991 960 pater
1013 922 1065 948 est
1086 914 1303 960 principium
1330 913 1515 960 quoddam
1537 914 1679 949 essendi
1705 914 1798 957 filio3

240 976 274 1002 et
290 968 373 1002 ideo
396 968 652 1002 convenienter
665 975 746 1014 post
760 975 950 1014 praecepta
971 967 1185 1013 pertinentia
1203 967 1247 1002 ad
1257 967 1379 1001 Deum
1400 967 1545 1013 ponitur
1565 976 1798 1014 praeceptum

240 1021 419 1067 pertinens
442 1021 485 1055 ad
507 1029 689 1067 parentes:
712 1021 803 1055 ratio
822 1028 944 1055 autem
966 1021 1138 1067 procedit,
1161 1020 1304 1066 quando
1327 1019 1552 1063 affirmativa,
1575 1028 1608 1055 et
1627 1021 1798 1067 negativa

239 1075 415 1121 pertinent
437 1074 481 1109 ad
503 1075 599 1109 idem
621 1085 734 1120 genus
756 1074 894 1120 operis:
918 1074 1082 1120 quamvis
1106 1074 1216 1108 etiam
1250 1081 1283 1108 et
1315 1073 1352 1107 in
1373 1074 1445 1108 hoc
1467 1085 1542 1108 non
1562 1073 1695 1109 habeat
1724 1086 1799 1109 om-

238 1128 426 1162 nimodam
457 1127 673 1163 efficaciam:
702 1128 767 1162 etsi
792 1127 889 1161 enim
919 1128 954 1161 in
983 1127 1194 1162 executione
1221 1127 1340 1174 operis
1373 1128 1470 1173 prius
1497 1127 1704 1174 extirpanda
1729 1130 1799 1164 sint

238 1181 335 1223 vitia,
365 1193 473 1227 quam
507 1180 718 1215 inserendae
740 1180 899 1223 virtutes,
922 1180 1124 1215 secundum
1145 1180 1232 1214 illud
1257 1181 1314 1215 Ps.
1344 1192 1416 1227 33.:
1438 1181 1583 1216 Declina
1603 1193 1624 1216 a
1644 1181 1745 1224 malo,
1768 1188 1798 1218 et

231 1235 291 1281 suc
311 1236 452 1270 bonum:
481 1242 515 1269 et
535 1235 602 1269 Isa.
629 1245 679 1269 1.:
704 1235 867 1278 Quiescite
900 1245 995 1279 agere
1015 1240 1179 1280 perverse,
1217 1234 1327 1270 discite
1363 1235 1439 1269 bene
1456 1234 1591 1281 facere:
1613 1242 1736 1270 tamen
1762 1235 1798 1270 in

239 1288 447 1333 cognitione
469 1288 566 1334 prior
587 1297 640 1322 est
659 1288 782 1329 virtus,
805 1299 913 1333 quam
933 1296 1145 1333 peccatum,
1161 1288 1243 1333 quia
1258 1294 1321 1334 per
1341 1293 1467 1323 rectum
1489 1289 1694 1334 cognoscitur
1714 1289 1796 1323 obli-

238 1353 350 1387 quum,
374 1349 412 1375 ut
430 1341 557 1375 dicitur
578 1341 614 1374 in
641 1351 668 1374 1.
691 1341 734 1374 de
756 1341 878 1374 Anim.
904 1340 979 1385 (tex.
996 1341 1072 1386 85).
1095 1341 1164 1375 Per
1188 1340 1309 1387 legem
1332 1348 1453 1376 autem
1475 1341 1636 1387 cognitio
1658 1342 1798 1388 peccati

237 1395 398 1436 habetur,
417 1402 455 1429 ut
472 1395 579 1429 Rom.
606 1405 634 1439 5.
655 1394 802 1428 dicitur:
827 1402 862 1428 et
890 1394 1090 1428 secundum
1112 1394 1184 1428 hoc
1206 1403 1442 1440 praeceptum
1463 1393 1719 1429 affirmativum
1741 1395 1798 1430 de-

240 1448 374 1482 buisset
392 1448 508 1493 primo
530 1449 635 1494 poni:
655 1447 716 1482 sed
738 1459 812 1481 non
831 1455 884 1482 est
904 1448 971 1481 ista
992 1447 1083 1481 ratio
1111 1447 1258 1489 ordinis,
1283 1448 1345 1482 sed
1367 1459 1458 1494 quae
1480 1459 1586 1494 supra
1605 1448 1722 1494 posita
1744 1457 1798 1483 est

242 1501 293 1546 (in
314 1508 404 1548 corp.
427 1502 528 1547 czrt.);
553 1501 635 1547 quia
661 1501 697 1534 in
726 1501 925 1547 praeceptis
946 1501 1205 1547 pertinentibus
1225 1501 1268 1535 ad
1290 1501 1423 1543 Deum,
1442 1512 1533 1548 quae
1555 1509 1638 1536 sunt
1658 1501 1796 1548 primae

239 1554 392 1597 tabulae,
414 1554 542 1589 ultimo
564 1554 709 1601 ponitur
729 1562 963 1600 praeceptum
985 1553 1261 1597 affirmativum3
1277 1554 1360 1601 quia
1382 1555 1457 1601 ejus
1475 1555 1713 1601 transgressio
1735 1555 1798 1589 mi-

240 1620 368 1643 norem
385 1616 526 1642 reatum
543 1608 690 1642 inducit.

309 1663 368 1696 An
391 1672 562 1697 TERTmM
583 1661 777 1695 dicendum
800 1661 896 1707 quod
919 1661 983 1695 etsi
997 1668 1188 1708 peccatum
1211 1661 1329 1696 cordis
1345 1661 1389 1696 sit
1403 1661 1500 1707 prius
1521 1661 1558 1696 in
1573 1661 1796 1704 executione,

238 1723 360 1750 tamen
382 1716 456 1761 ejus
478 1715 673 1761 prohibitio
692 1717 877 1761 posterius·
891 1714 985 1749 cadit
1009 1715 1046 1748 in
1068 1715 1217 1749 ratione.

785 1842 1127 1887 ARTICULUS
1156 1842 1255 1886 VII.
1733 1851 1797 1900 536

328 1953 479 1983 UTRUM
504 1953 756 1983 PRAECEPTA
783 1953 1009 1982 DECALOGI
1041 1952 1384 1983 CONVENIENTER
1411 1952 1692 1982 TRADANTUR.

759 2047 800 2093 (3.
828 2048 916 2083 Dist.
939 2059 991 2093 27.
1019 2059 1049 2093 q.
1071 2059 1098 2082 Ι.
1122 2052 1185 2081 art.
1213 2047 1273 2092 2.).

309 2142 369 2177 AD
391 2152 583 2177 SEPTIMUM
611 2142 660 2176 sic
684 2142 899 2188 proceditur.
922 2141 1084 2183 Videtur,
1107 2140 1202 2187 quod
1226 2148 1416 2188 praecepta
1438 2139 1607 2187 decalogi
1631 2140 1797 2176 inconve-

237 2197 378 2230 nienter
410 2194 612 2229 tradantur:
647 2202 837 2241 praecepta
860 2195 957 2229 enim
981 2194 1193 2228 affirmativa
1229 2194 1396 2229 ordinant
1417 2193 1461 2228 ad
1483 2202 1583 2228 actus
1605 2193 1796 2235 virtutun13

238 2256 427 2295 praecepta
459 2257 580 2282 autem
606 2249 773 2293 negativa
796 2248 1007 2282 abstrahunt
1028 2248 1070 2282 ab
1094 2248 1230 2282 actibus
1264 2247 1454 2282 vitiorum:
1474 2247 1536 2282 sed
1559 2247 1654 2282 circa
1675 2257 1799 2293 quam-

238 2302 324 2337 libet
350 2302 539 2336 materiam
563 2310 794 2348 opponuntur
816 2302 882 2336 sibi
903 2302 1049 2336 virtutes
1077 2310 1112 2336 et
1132 2301 1237 2344 vitia3
1273 2313 1362 2347 ergo
1395 2301 1430 2335 in
1457 2300 1615 2348 qualibet
1636 2301 1795 2341 materia,

237 2356 281 2390 de
303 2367 373 2402 qua
388 2356 529 2390 ordinat
550 2363 781 2401 praeceptum
804 2355 981 2401 decalogi,
997 2355 1118 2390 debuit
1133 2355 1218 2401 poni
1240 2362 1474 2401 praeceptum
1496 2353 1749 2388 affirmativum
1763 2359 1797 2387 et

238 2409 464 2453 negativum,
485 2409 780 2443 inconvenienter
802 2409 909 2453 igitur
930 2417 1112 2455 ponuntur
1126 2409 1305 2455 quaedam
1328 2407 1553 2450 affirmativa,
1572 2415 1606 2442 et
1621 2406 1796 2454 quaedam

237 2464 416 2509 negativa.

309 2527 339 2551 2.
362 2517 596 2551 Pmmmm.
620 2516 777 2551 Isidorus
797 2516 881 2550 dicit
901 2516 975 2560 (mr.
998 2528 1028 2551 2.
1056 2516 1197 2563 Eli-mol.
1221 2522 1291 2562 cap.
1314 2516 1398 2561 πα),
1420 2515 1517 2562 quod
1539 2516 1644 2550 omnis
1670 2515 1721 2550 lex
1746 2524 1796 2548 ra-

238 2572 322 2605 tionu
336 2576 479 2605 constal:
495 2571 556 2604 sed
579 2570 701 2604 omnia
724 2578 914 2615 praecepta
937 2569 1104 2615 decalogi
1126 2570 1303 2616 pertinent
1322 2570 1364 2603 ad
1381 2569 1499 2614 legem
1515 2569 1690 2610 divinam;
1709 2577 1796 2613 ergo

237 2624 271 2657 in
295 2624 461 2657 omnibns
480 2624 600 2658 debuit
622 2624 712 2657 ratio
735 2623 921 2665 assignari,
939 2632 973 2657 et
994 2634 1068 2656 non
1086 2623 1206 2657 solnm
1222 2623 1255 2656 in
1273 2623 1402 2669 primo,
1417 2630 1451 2657 et
1466 2622 1571 2657 tertio
1590 2628 1794 2668 praecepto.

313 2689 339 2722 3.
364 2677 598 2711 Pimffriinlzn.
619 2677 687 2711 Per
706 2676 970 2710 observanti-„uu
991 2685 1266 2722 praeceptorum
1287 2684 1469 2710 merentur
1488 2675 1615 2721 aliquis
1637 2673 1795 2721 praemia

239 2743 257 2764 η
279 2731 378 2764 Deo:
402 2731 463 2764 sed
486 2731 627 2764 divinae
651 2729 908 2775 promissiones
932 2738 1013 2763 sunt
1036 2730 1078 2763 de
1101 2730 1269 2775 praemiis
1292 2737 1588 2775 praeceptorun13
1611 2738 1697 2773 ergo
1720 2737 1797 2772 pro-

239 2784 363 2817 missio
383 2784 502 2817 debuit
518 2784 602 2828 poni
626 2783 659 2816 in
683 2783 850 2817 omnibns
874 2783 1084 2827 praeceptis,
1107 2792 1140 2817 et
1163 2794 1234 2816 non
1258 2782 1376 2816 solum
1401 2782 1434 2816 in
1457 2782 1587 2828 primo,
1606 2789 1640 2816 et
1657 2787 1795 2827 quarto.

308 2847 340 2879 4.
365 2837 599 2871 l'1{.x1=2'1·1,1{12.›x.
626 2837 696 2870 Lex
720 2845 821 2870 vetus
844 2836 972 2869 dicitnr
994 2836 1038 2868 Lux
1066 2837 1206 2877 timoris,
1230 2835 1442 2881 inquantum
1465 2847 1526 2881 per
1545 2832 1796 2869 comminatio-

239 2903 302 2925 nes
325 2902 523 2937 poenarum
554 2890 745 2924 inducebat
773 2890 814 2923 ad
845 2889 1115 2924 observationes
1145 2898 1440 2935 praeceptorum:
1464 2888 1525 2924 sed
1555 2887 1677 2923 onmia
1700 2896 1795 2933 prae·
