1907 3198
12 234 36 275 ’Ἀ
7 0 46 203 esw'Jaetffl

558 182 782 218 QUAESTIO
815 183 874 213 IV.
907 184 1155 214 ARTICULUS
1187 185 1229 215 V.
1626 186 1681 229 57

99 264 240 307 licitati,
262 264 325 300 sed
346 264 585 300 omnimodae
606 264 822 312 perfecti0ni
839 265 966 313 ipsius:
989 273 1025 300 et
1045 266 1096 300 sic
1120 266 1301 312 separatio
1324 266 1469 301 animae
1489 277 1508 300 a
1528 277 1683 313 corpore

99 318 233 354 dicitur
257 318 426 352 animam·
447 318 641 361 retardare,
663 329 709 353 ne
735 326 813 354 tota
832 319 1033 354 intentione
1055 319 1181 354 tendat
1205 319 1243 353 in
1260 319 1441 354 visionem
1465 319 1611 354 divinae
1633 331 1685 355 es-

98 371 249 408 sentiae.
270 371 423 418 Appetit
443 372 543 406 enim
564 372 688 406 anima
714 372 765 407 sic
787 371 857 406 frui
878 373 974 414 Deo,
995 372 1094 419 quod
1115 373 1228 407 etiarn
1254 373 1333 420 ipsa
1354 372 1478 407 fruitio
1501 373 1685 408 derivetur

97 425 147 460 ad
160 435 292 485 corpus
305 436 369 472 per
382 425 675 468 redundantiam,
697 425 791 460 sicut
813 434 868 461 est
887 425 1078 472 possibile:
1102 434 1138 461 et
1155 426 1239 461 ideo
1261 426 1437 473 quamdiu
1458 427 1537 472 ipsa
1556 426 1685 462 fruitur

98 478 183 514 Deo
209 478 287 514 sine
313 489 480 525 corpore,
502 479 682 526 appetitus
708 473 785 525 ej'us
812 479 862 514 sic
890 479 1045 526 quiescit
1070 479 1106 513 in
1133 490 1190 522 eo,
1213 480 1312 527 quod
1338 488 1463 515 tamen
1492 480 1611 515 adhuc
1639 481 1684 515 ad

98 532 417 590 participationem
439 533 516 578 ejus
537 532 648 567 vellet
670 544 778 567 suum
799 544 932 578 corpus
958 533 1175 580 pertingere.

122 619 126 622 .
170 580 234 621 Αἰ)
251 596 434 625 QUINTUM
452 586 662 628 dicendum,
685 586 783 632 quod
805 586 1026 621 desiderium
1041 587 1185 622 animae
1199 595 1389 634 separatae
1402 587 1565 622 totaliter
1587 588 1684 634 quie-

96 638 169 675 scit
187 644 340 686 exparte
366 639 554 686 appetibilis
577 639 639 685 [al.
661 640 865 686 appetibiliJ,
889 640 973 686 quia
993 640 1104 675 habet
1124 640 1172 683 id,
1199 641 1297 687 quod
1324 651 1392 676 suo
1419 641 1595 688 appetitui
1616 640 1686 676 suf·

98 691 191 728 ficit:
208 692 272 727 sed
291 703 369 727 non
389 692 550 728 totaliter
570 693 725 740 quiescit
745 705 785 728 ex
800 698 898 740 parte
911 695 1088 740 appetentis
1095 706 1108 735 ;
1132 694 1216 740 quia
1238 694 1327 729 illud
1349 695 1489 729 bonum
1509 705 1587 729 non
1604 706 1686 742 pos-

95 745 193 783 sidet
210 746 413 782 secundum
434 757 587 782 omnem
609 746 775 789 modum,
801 758 874 794 quo
901 747 1088 794 possidere
1113 747 1240 782 vellet:
1268 756 1304 783 et
1324 748 1420 791 ideo,
1448 759 1604 795 corpore
1631 760 1683 785 re-

96 807 259 848 sumpto,
275 799 462 835 beatitudo
485 800 626 843 crescit,
643 811 719 836 non
741 800 932 844 intensive,
958 801 1020 836 sed
1043 801 1240 836 extensive.

170 853 233 889 An
253 863 410 889 sexum
431 853 641 896 dicendum,
663 854 762 901 quod
783 854 831 897 id,
845 855 944 901 quod
964 854 1101 889 ibidem
1119 855 1263 898 dicitur,
1281 855 1381 902 quod
1399 855 1545 902 spiritus
1560 855 1685 891 defun-

95 914 244 942 ctorum
263 918 341 942 non
360 907 413 942 sic
434 907 560 942 vident
577 907 712 951 Deum,
733 908 828 943 sicut
844 907 990 955 Angeli,
1012 919 1087 943 non
1109 916 1164 943 est
1182 908 1462 956 intelligendum
1481 910 1684 944 secundum

95 959 396 1008 inaequalitatem
421 961 651 1008 quantitatis:
676 961 761 1008 quia
783 961 894 996 etiam
913 961 1028 996 modo
1050 961 1193 1009 aliquae
1217 962 1362 997 animae
1382 963 1576 998 beatorum
1601 971 1685 998 sunt

95 1022 307 1062 assumptae
327 1014 375 1049 ad
395 1014 604 1062 superiores
631 1015 777 1050 ordines
799 1015 1042 1062 Angelorum,
1064 1015 1196 1051 clarius
1223 1017 1387 1052 videntes
1413 1017 1548 1060 Deum,
1571 1029 1682 1064 quam

95 1067 288 1103 inferiores
306 1067 446 1115 angeli:
469 1068 533 1102 sed
547 1067 763 1115 intelligitur
775 1069 978 1104 secundum
990 1069 1291 1116 inaequalitatem
1312 1071 1580 1118 proportionis3
1598 1071 1683 1118 quia

95 1120 221 1168 angeli
238 1121 351 1156 etiam
371 1120 488 1156 infimi
504 1121 642 1157 habent
663 1133 814 1157 omnem
837 1122 1101 1169 perfectionem
1120 1123 1363 1168 beatitudinis,
1387 1136 1498 1172 quam
1522 1134 1606 1160 sunt
1623 1125 1685 1160 ha·

98 1174 225 1218 bituri;
245 1186 322 1210 non
341 1182 464 1210 autem
487 1174 634 1210 animae
657 1183 845 1222 separatae
867 1184 1090 1211 sanctorum.

657 1306 1008 1352 ARTICULUS
1041 1307 1119 1350 VI.
1638 1331 1683 1366 30

93 1413 253 1446 UTRUM
271 1415 333 1446 AD
351 1415 699 1446 BEATITUDINEM
712 1415 996 1451 REQUIRATUR
1008 1416 1177 1453 ALIQUA
1189 1417 1434 1447 PERFECTIO
1452 1417 1680 1449 CORPORIS.

549 1509 667 1557 (Supr.
689 1514 754 1544 art.
771 1521 801 1556 5.
824 1514 854 1545 et
875 1509 954 1545 locis
974 1511 1023 1545 ibi
1043 1509 1213 1556 inductis).

167 1605 229 1641 AD
251 1615 407 1641 SEXTUM
428 1604 480 1640 sic
507 1604 727 1652 proceditur.
754 1604 919 1647 Videtur,
946 1605 1044 1652 quod
1071 1604 1245 1652 perfectio
1274 1606 1438 1653 corporis
1465 1617 1542 1641 non
1568 1607 1683 1653 requi-

93 1666 195 1694 ratur
207 1658 253 1694 ad
264 1658 528 1694 beatitudinem
542 1658 705 1693 hominis
715 1657 934 1706 perfectam:
950 1657 1126 1705 perfectio
1142 1659 1240 1693 enim
1255 1660 1418 1706 corporis
1430 1669 1483 1695 est
1495 1660 1680 1707 quoddam

93 1712 288 1760 corporale
312 1713 468 1748 bonum:
495 1712 558 1748 sed
584 1723 693 1760 supra
715 1721 905 1748 ostensum
927 1720 981 1747 est
1006 1712 1056 1759 (q.
1077 1713 1139 1756 2.)‚
1161 1713 1259 1760 quod
1279 1713 1464 1748 beatitudo
1492 1725 1567 1748 non
1595 1725 1681 1749 con-

95 1766 188 1802 sistit
195 1767 233 1802 in
246 1766 498 1814 corporalibus
511 1766 635 1809 bonis;
650 1777 739 1814 ergo
756 1766 800 1800 ad
814 1766 1076 1801 beatitudinem
1090 1766 1253 1801 hominis
1268 1778 1342 1801 non
1354 1768 1546 1814 requiritur
1561 1768 1681 1815 aliqua

92 1819 255 1867 perfecta
278 1820 470 1868 dispositio
493 1820 670 1867 corporis.

167 1884 200 1909 2.
221 1874 461 1910 Prummu.
486 1873 679 1909 Beatitudo
701 1873 864 1908 hominis
884 1873 1050 1908 consistit
1066 1873 1102 1908 in
1121 1874 1262 1909 visione
1277 1874 1420 1910 divinae
1433 1875 1625 1918 essentiae,
1644 1884 1683 1910 ut

93 1936 285 1964 ostensum
305 1936 360 1964 est
380 1928 428 1975 (q.
446 1939 476 1975 3.
497 1932 562 1963 art.
584 1928 658 1974 8)
678 1927 744 1962 sed
767 1927 810 1962 ad
832 1927 927 1962 hanc
948 1927 1200 1974 operationem
1214 1927 1307 1962 nihil
1321 1928 1467 1964 exhibet
1481 1940 1624 1976 corpus,
1643 1938 1682 1964 ut

92 1981 235 2017 dictum
255 1989 310 2018 est
331 1981 412 2027 (art.
427 1987 531 2029 praec
534 1981 583 2027 .,·)
608 1992 698 2028 ergo
719 1981 820 2015 nulla
842 1981 1033 2028 dispositio
1056 1981 1220 2028 corporis
1247 1982 1441 2028 requiritur
1467 1983 1511 2017 ad
1533 1983 1683 2018 beatitu-

96 2035 235 2070 dinem.

170 2089 462 2137 3.PRA1-:T13REA.
486 2088 640 2131 Quanto
662 2087 868 2123 intellectus
891 2096 945 2123 est
965 2089 1084 2134 magis
1111 2088 1312 2124 abstractus
1339 2100 1360 2124 a
1386 2100 1552 2136 corpore,
1578 2098 1681 2125 tanto

92 2142 290 2191 perfectius
310 2142 499 2190 intelligit:
524 2143 587 2178 sed
611 2142 796 2177 beatitudo
820 2142 983 2176 consistit
1005 2142 1041 2176 in
1063 2141 1328 2188 perfectissima
1347 2143 1561 2189 operatione
1582 2143 1683 2178 intel-

93 2196 232 2240 lectus;
253 2207 343 2244 ergo
357 2204 504 2244 oportet
518 2195 691 2231 omnibus
705 2195 825 2230 modis
840 2195 1001 2230 animam
1017 2206 1097 2230 esse
1115 2195 1335 2231 abstractam
1350 2208 1369 2230 a
1385 2207 1559 2244 corpore;
1578 2196 1680 2232 nullo

56 2262 57 2266 ¹
93 2261 185 2298 ergo
208 2251 323 2286 modo
344 2250 538 2298 requiritur
559 2249 680 2296 aliqua
702 2249 893 2296 dispositio
917 2249 1082 2295 corporis
1104 2249 1148 2283 ad
1165 2249 1440 2284 beatitudinem.

168 2303 244 2340 SED
270 2314 440 2340 coum.
471 2303 685 2338 Praemium
711 2303 852 2337 virtutis
879 2311 932 2338 est
957 2303 1165 2339 beatitudo:
1193 2303 1289 2338 unde
1315 2303 1447 2338 dicitur
1467 2303 1572 2350 Joan.
1608 2315 1680 2350 13.:

95 2358 190 2393 Beati
201 2359 304 2400 eritis,
316 2359 345 2393 si
349 2357 499 2405 feceritis
517 2368 575 2393 aa:
594 2356 656 2391 sed
672 2357 806 2391 sanctis
821 2357 1082 2402 repromittitur
1096 2367 1162 2404 pro
1177 2357 1341 2404 praemio
1355 2368 1430 2392 non
1448 2357 1569 2392 solum
1587 2358 1682 2393 visio

93 2410 178 2455 Dei,
199 2419 236 2446 et
254 2410 462 2454 delectatio,
483 2411 546 2446 sed
568 2410 681 2445 etiam
704 2410 868 2457 corporis
889 2410 986 2444 bona
1007 2410 1218 2457 dispositio:
1241 2410 1373 2445 dicitur
1395 2411 1494 2445 enim
1516 2411 1584 2445 Isa.
1605 2411 1680 2447 ult.:

102 2464 272 2508 videbitis,
293 2470 324 2500 et
341 2464 496 2511 gaudebit
515 2475 574 2499 cor
592 2468 751 2507 vestrum,
778 2468 807 2498 et
832 2475 901 2499 ossa
927 2468 1049 2506 vestra,
1069 2465 1163 2510 quasi
1180 2464 1282 2499 herba
1300 2465 1539 2510 germinabunt
1547 2477 1560 2506 ,·
1590 2475 1679 2511 ergo

92 2517 192 2554 bona
213 2518 404 2566 dispositio
426 2517 590 2565 corporis
610 2517 805 2564 requiritur
826 2517 870 2552 ad
891 2517 1165 2552 beatitudinem.

165 2571 400 2608 Respounno
425 2571 636 2614 dicendum,
663 2571 761 2618 quod
788 2570 818 2606 si
839 2570 1035 2618 loquamur
1056 2571 1100 2606 de
1121 2571 1344 2606 beatitudine
1365 2571 1540 2614 hominis,
1564 2571 1681 2618 qualis

59 2662 61 2664 ,
95 2626 133 2661 in
152 2625 223 2661 hac
243 2625 318 2660 vita
338 2633 460 2673 potest
480 2625 618 2667 haberi,
642 2623 877 2659 manifestum
894 2632 959 2666 est,
973 2624 1071 2671 quod
1092 2625 1136 2659 ad
1158 2636 1240 2659 eam
1263 2636 1307 2660 ex
1327 2626 1545 2660 necessitate
1567 2625 1683 2672 requi-

94 2678 185 2714 ritur
202 2678 300 2714 bona
321 2678 512 2726 dispositio
535 2678 718 2726 corporis:
742 2678 908 2713 consistit
929 2678 1026 2712 enim
1048 2678 1140 2712 haec
1163 2679 1363 2720 beatitudo,
1377 2679 1580 2713 secundum
1595 2678 1680 2713 Phi-

93 2731 296 2780 losophum
317 2732 364 2778 (r.
387 2732 495 2768 Etbic.
518 2738 592 2780 cap.
615 2743 646 2778 7.
669 2733 731 2767 cir.
751 2731 866 2776 med),
889 2731 924 2766 in
947 2731 1161 2777 operatione
1182 2732 1323 2766 virtutis
1351 2731 1545 2779 perfectae.
1567 2732 1682 2767 Mani-

93 2784 226 2822 festum
241 2793 297 2821 est
317 2793 452 2829 autem,
468 2785 566 2833 quod
580 2797 645 2833 per
659 2784 947 2820 invaletudinem
963 2786 1126 2832 corporis
1140 2785 1176 2820 in
1194 2786 1296 2820 omni
1312 2786 1525 2833 operatione
1539 2787 1678 2822 virtutis

95 2838 214 2874 homo
234 2839 402 2887 impediri
424 2847 556 2887 potest.
583 2838 655 2874 Sed
682 2840 710 2874 si
739 2838 934 2886 loquamur
959 2839 1004 2874 de
1025 2839 1248 2874 beatitudine
1270 2839 1440 2886 perfecta,
1467 2840 1516 2875 sic
1543 2840 1679 2887 quidam

94 2900 307 2940 posuerunt,
327 2893 426 2941 quod
447 2904 525 2928 non
546 2892 740 2940 requiritur
767 2893 811 2927 ad
837 2892 1100 2927 beatitudinem
1127 2893 1248 2940 aliqua
1275 2893 1441 2940 corporis
1468 2894 1677 2940 dispositio:
