1907 3198
543 221 766 258 QUAESTIO
801 221 887 251 LXI.
923 220 1170 252 ARTICULUS
1201 220 1262 251 111.
1591 223 1674 267 423

172 305 403 341 RESPONDEO
419 303 746 350 dicendum‚quod,
758 304 851 339 sicut
864 315 972 351 supra
987 303 1125 338 dictum
1141 311 1195 338 est
1210 302 1290 348 (art.
1302 304 1450 350 praes),
1466 303 1678 350 hujusmodi

100 367 255 406 quatuor
274 359 423 394 virtutes
446 357 647 393 cardinales
670 359 896 405 accipiuntur
917 357 1120 392 secundum
1143 365 1299 404 quatuor
1321 357 1493 392 formales
1515 358 1674 394 rationes

98 413 250 456 virtutis,
271 413 315 448 de
338 424 408 460 qua
429 412 632 459 loquimur:
655 423 747 459 quae
770 411 918 459 quidem
941 411 976 445 in
1000 411 1178 458 aliquibus
1201 411 1351 454 actibus,
1370 411 1428 446 vel
1447 412 1676 458 passionibus

96 466 341 515 principaliter
361 466 610 501 inveniuntur:
634 466 726 500 sicut
747 466 885 500 bonum
911 465 1113 500 consistens
1141 466 1176 499 in
1206 465 1501 500 consideratione
1525 466 1677 501 rationis

98 520 345 568 principaliter
365 520 547 555 invenitur
568 520 603 554 in
626 520 705 566 ipso
729 520 879 554 rationis
902 519 1070 566 imperio,
1090 530 1163 553 non
1185 527 1305 554 autem
1323 519 1357 553 in
1374 519 1540 562 consilio,
1558 531 1676 567 neque

97 575 133 610 in
153 575 301 622 judicio,
323 582 361 609 ut
382 585 489 621 supra
511 574 649 608 dictum
672 582 725 608 est
749 574 793 621 (q.
813 586 864 620 57.
887 578 951 608 art.
972 586 997 608 r.
1020 585 1050 608 2.
1070 578 1100 608 at
1114 575 1158 620 5.)
1179 586 1188 608 .·
1208 573 1373 608 similiter
1393 581 1515 608 autem
1534 574 1676 608 bonum

97 629 260 672 rationis,
282 636 389 676 prout
410 628 556 675 ponitur
578 628 612 662 in
641 628 915 674 operationibus
938 627 1140 662 secundum
1163 627 1343 662 rationem
1367 627 1467 670 recti,
1491 635 1525 662 et
1552 628 1675 670 debiti,

97 682 342 730 principaliter
367 682 550 717 invenitur
576 681 612 716 in
640 681 1004 724 commutationibus,
1031 680 1089 715 vel
1116 681 1441 724 distributionibus,
1470 693 1562 728 quae
1590 691 1673 717 sunt

99 737 143 772 ad
166 736 319 772 alterurn
347 748 430 771 cum
458 735 696 782 aequalitate:
719 736 857 770 bonum
886 743 1008 770 autem
1035 735 1262 769 refraenandi
1285 735 1474 782 passiones
1496 736 1674 783 principa-

97 790 180 826 liter
201 791 382 825 invenitur
403 790 440 824 in
461 790 702 837 passionibus,
722 801 810 836 quas
830 790 990 824 maxime
1009 788 1155 824 difficile
1174 797 1227 824 est
1250 790 1456 836 reprimere,
1479 790 1619 825 scilicet
1637 791 1673 825 in

97 844 399 880 delectationibus
420 851 549 879 tactus.
574 844 723 878 Bonum
744 852 866 878 autem
888 843 1067 878 firmitatis
1091 843 1134 877 ad
1157 844 1327 878 standum
1350 844 1385 878 in
1404 844 1504 878 bono
1524 845 1674 879 rationis

98 905 225 933 contra
251 898 429 946 impeturn
458 898 671 945 passionum
694 898 885 946 praecipue
913 898 1093 932 invenitur
1120 899 1155 932 in
1182 897 1351 944 periculis
1374 898 1514 941 mortis,
1543 907 1671 934 contra

96 963 188 999 quae
210 951 467 987 difficillimum
489 960 542 987 est
563 959 668 986 stare.
698 952 757 986 Sic
785 952 893 998 igitur
920 951 1122 998 praedictas
1145 959 1301 998 quatuor
1327 952 1476 987 virtutes
1499 952 1674 999 dupliciter

96 1006 327 1042 considerare
354 1017 560 1053 possumus.
590 1007 662 1041 Uno
690 1006 784 1040 modo
812 1006 1014 1040 secundum
1043 1017 1261 1040 communes
1288 1007 1447 1041 rationes
1474 1006 1668 1042 formales:

97 1068 132 1095 et
158 1060 360 1096 secundum
386 1061 458 1095 hoc
487 1060 656 1094 dicuntur
681 1059 912 1107 principales,
935 1060 1034 1106 quasi
1059 1059 1247 1106 generales
1276 1060 1319 1094 ad
1348 1072 1476 1095 omnes
1503 1061 1671 1096 virtutes:

96 1122 135 1150 ut
156 1122 242 1162 puta
264 1114 361 1161 quod
384 1114 504 1149 omnis
526 1116 650 1156 virtus,
673 1126 764 1160 quae
786 1113 872 1148 facit
893 1114 1033 1148 bonum
1056 1114 1090 1148 in
1115 1114 1408 1149 consideratione
1436 1115 1599 1158 rationis,
1626 1116 1675 1150 di-

96 1177 197 1203 catur
212 1168 414 1216 prudentia:
437 1176 472 1203 et
499 1168 596 1215 quod
624 1169 744 1202 omnis
771 1168 894 1210 virtus,
923 1179 1014 1214 quae
1043 1167 1127 1202 facit
1152 1168 1291 1202 bonum
1320 1169 1441 1210 debiti,
1465 1176 1499 1203 et
1521 1170 1609 1203 recti
1636 1169 1672 1204 in

97 1222 381 1270 operationibus,
404 1222 544 1257 dicatur
561 1224 714 1268 justitia.-
734 1230 768 1256 et
790 1222 910 1256 omnis
931 1222 1054 1263 virtus,
1074 1233 1166 1267 quae
1183 1222 1329 1256 cohibet
1348 1222 1546 1268 passiones,
1561 1231 1595 1258 et
1613 1223 1670 1258 de-

96 1277 229 1324 primit,
241 1277 380 1311 dicatur
391 1278 630 1323 twnperanlim
652 1284 686 1310 et
703 1276 822 1310 omnis
838 1276 962 1317 virtus,
976 1287 1069 1322 quae
1084 1275 1171 1310 facit
1186 1276 1396 1311 firmitatem
1413 1277 1525 1311 animi
1542 1286 1668 1312 contra

95 1341 343 1378 quascumque
364 1330 564 1377 passiones,
587 1330 727 1364 dicatur
742 1329 933 1376 fortitudo:
957 1337 993 1363 et
1014 1329 1063 1363 sic
1088 1329 1193 1364 multi
1220 1330 1419 1376 loquuntur
1441 1331 1484 1365 de
1507 1331 1582 1366 istis
1604 1332 1672 1366 vir-

95 1384 230 1419 tutibus
251 1391 327 1418 tam
349 1384 442 1418 sacri
463 1384 659 1426 Doctores,
681 1395 791 1430 quam
807 1384 917 1418 etiam
941 1383 1177 1431 Philosophi:
1202 1391 1236 1419 et
1258 1385 1308 1420 sic
1327 1384 1418 1420 aliae
1436 1385 1586 1420 virtutes
1605 1386 1670 1421 sub

93 1437 180 1485 ipsis
195 1437 436 1472 continentur.

164 1491 271 1526 Unde
293 1499 436 1527 cessant
457 1502 585 1527 omnes
607 1502 873 1539 ossJficrtoNES.

165 1546 243 1581 Alio
258 1557 346 1581 vero
360 1546 456 1581 modo
470 1542 628 1593 ‘possunt
639 1546 766 1593 accipi,
782 1546 983 1581 secundum
999 1546 1097 1593 quod
1113 1546 1202 1581 istae
1216 1546 1368 1582 virtutes
1385 1547 1668 1584 denominantur

93 1599 136 1634 ab
159 1611 216 1643 eo,
235 1600 333 1648 quod
355 1608 410 1635 est
430 1600 669 1647 praecipuum
691 1600 726 1634 in
749 1612 965 1647 unaquaque
988 1601 1160 1636 materia:
1184 1609 1217 1635 et
1238 1601 1288 1636 sic
1309 1610 1391 1636 sunt
1409 1603 1585 1650 speciales
1603 1603 1671 1637 vir-

91 1661 184 1690 tutes
201 1661 327 1690 contra
339 1653 427 1689 alias
442 1654 597 1689 divisae:
615 1654 783 1690 dicuntur
796 1662 918 1689 tamen
935 1654 1151 1702 principales
1171 1663 1336 1702 respectu
1353 1656 1504 1691 aliarum
1520 1665 1670 1704 propter

92 1707 397 1756 principalitatem
420 1709 616 1744 materiae:
640 1716 726 1756 puta
749 1709 846 1755 quod
858 1709 1040 1756 prmlentia
1060 1709 1210 1751 dicatur,
1235 1721 1327 1756 quae
1346 1712 1578 1758 praeceptiva
1598 1720 1666 1746 est:

86 1764 231 1810 justitia,
255 1773 346 1810 quae
377 1770 431 1797 est
452 1763 549 1797 circa
571 1763 734 1797 actiones
757 1762 894 1797 debitas
916 1763 1009 1797 inter
1031 1762 1219 1810 aequales:
1243 1767 1473 1811 temperantia,
1494 1777 1586 1812 quae
1613 1778 1665 1800 re-

90 1816 214 1864 primit
231 1816 546 1864 concupiscentias
560 1816 847 1851 delectationum
865 1824 1001 1851 tactus:
1017 1817 1198 1864 fortitudo,
1216 1829 1308 1864 quae
1330 1818 1451 1854 firmat
1466 1827 1592 1854 contra
1611 1832 1670 1867 pe-

91 1869 204 1906 ricula
226 1871 366 1906 mortis.

161 1923 206 1960 Et
226 1925 277 1960 sic
297 1926 407 1960 etiam
426 1933 569 1960 cessant
590 1935 862 1972 onJrzerroNEs:
887 1926 970 1972 quia
993 1925 1085 1961 aliae
1104 1926 1253 1961 virtutes
1272 1936 1423 1974 possunt
1445 1929 1580 1964 habere
1603 1929 1669 1964 ali-

90 1990 179 2026 quas
199 1979 287 2014 alias
308 1979 611 2027 principalitates:
634 1979 695 2014 sed
718 1981 808 2015 istae
835 1980 1005 2015 dicuntur
1025 1981 1233 2028 principales
1254 1982 1393 2018 ratione
1417 1984 1602 2028 materiae,
1629 1993 1667 2020 ut

90 2044 198 2081 supra
219 2033 358 2069 dictum
385 2042 439 2069 est
462 2035 512 2080 (in
539 2034 659 2082 corp).

655 2195 1003 2242 ARTICULUS
1031 2198 1107 2241 Ν.
1600 2226 1661 2262 325

115 2315 268 2346 UTRUM
296 2315 513 2352 QUATUOR
538 2316 755 2347 VIRTUTES
785 2318 1056 2349 CARDINALES
1084 2320 1329 2352 DIFFERANT
1358 2322 1410 2352 AB
1439 2323 1637 2356 INVICEM.

301 2416 404 2464 (Infr.
426 2429 457 2464 q.
480 2417 537 2454 66.
561 2423 626 2454 αἰί.
650 2430 680 2454 2.
703 2426 793 2466 corp.
821 2424 849 2454 et
870 2431 935 2455 2-2.
958 2432 987 2467 q.
1012 2433 1078 2468 123.
1101 2427 1167 2456 art.
1190 2434 1220 2457 2.
1240 2427 1268 2457 ct
1289 2435 1335 2458 Il.
1359 2430 1450 2472 corp.

92 2475 123 2506 et
136 2481 254 2518 q.194.
270 2475 334 2507 art.
349 2483 378 2507 1.
392 2478 482 2520 corp.
497 2477 528 2508 et
542 2485 569 2519 3.
586 2473 675 2508 Dist.
691 2485 735 2562 ξι.
749 2485 784 2562 ἕ.
800 2479 1079 2575 ἓίἶήὶειῖἰφδῧαί
1099 2475 1186 2511 Veri.
1206 2488 1236 2523 q.
1252 2489 1278 2512 r.
1298 2483 1362 2513 art.
1378 2490 1428 2514 12.
1444 2479 1487 2514 ad
1500 2492 1542 2527 13.
1559 2485 1587 2515 et
1601 2481 1656 2516 26.

772 2555 780 2563 ι
871 2555 878 2562 ι
931 2547 939 2563 L
963 2556 970 2563 ι
1018 2556 1024 2563 ι
1048 2556 1054 2563 ι

160 2626 220 2661 AD
243 2637 433 2668 QUARTUM
461 2629 511 2663 sic
539 2628 758 2676 proceditur.
786 2627 949 2672 Videtur,
977 2631 1073 2677 quod
1102 2640 1257 2678 quatuor
1284 2633 1490 2680 praedictae
1512 2635 1660 2671 virtutes

89 2690 163 2715 non
186 2680 257 2716 sint
277 2681 441 2717 diversae
458 2682 619 2725 virtutes,
643 2690 677 2717 et
696 2682 737 2716 ab
758 2682 915 2718 invicem
935 2684 1139 2720 distinctae:
1161 2686 1247 2720 dicit
1266 2687 1362 2721 enim
1385 2687 1537 2733 Gregor.
1556 2689 1589 2723 in
1607 2700 1662 2724 22.

89 2733 183 2769 Mor.
209 2734 296 2782 (cap.
320 2747 346 2771 1.
362 2747 382 2770 α
400 2736 524 2781 mcd.):
548 2736 728 2772 Prudentia
751 2749 831 2771 vcra
853 2750 918 2772 non
946 2744 1001 2780 est,
1030 2751 1111 2785 quae
1135 2742 1225 2785 justa
1247 2745 1275 2775 e!
1297 2745 1490 2787 Iclllpt't‘rllls‚
1510 2748 1538 2778 c!
1553 2744 1660 2787 lbrtis,

88 2800 154 2823 uon
172 2793 235 2824 est:
257 2802 314 2825 nec
335 2791 483 2837 perfecta
507 2793 740 2839 temperantia,
759 2803 840 2837 quac
854 2793 968 2839 sortis,
990 2795 1090 2838 justa,
1119 2799 1149 2829 ct
1171 2795 1319 2841 prudens
1341 2808 1405 2829 1101}
1428 2802 1491 2831 cst:
1515 2810 1571 2833 nec
1593 2799 1662 2841 sor-

90 2842 194 2877 titudo
217 2844 357 2890 integra,
381 2856 463 2891 quae
480 2845 641 2892 prudens,
665 2850 860 2892 temperans,
885 2851 915 2882 et
928 2849 1020 2893 [Μία
1043 2860 1108 2881 non
1136 2853 1200 2882 cst:
1224 2861 1280 2883 ner
1307 2861 1386 2883 τίϊιι
1406 2852 1549 2895 jaslz'fflt,
1578 2841 1661 2898 rinae

85 2896 244 2943 prudens,
267 2902 296 2932 et
305 2898 422 2945 sortis,
442 2904 471 2934 et
485 2903 669 2946 temperans
688 2911 752 2933 non
770 2904 831 2934 est:
854 2900 925 2934 hoc
942 2909 1063 2936 autem
1081 2912 1154 2935 non
1171 2902 1385 2947 contigeret,
1408 2904 1435 2937 si
1455 2906 1661 2951 praedictae

88 2957 245 2998 quatuor
260 2950 410 2990 virtutes
429 2960 549 2990 essent
567 2952 609 2989 ab
633 2953 789 2989 invicem
809 2953 1016 2991 distinctae:
1036 2955 1198 2992 diversae
1218 2956 1315 2992 enim
1338 2958 1476 3006 species
1498 2960 1658 3006 ejusdem
