1875 3198
213 162 295 218 842
658 176 879 211 QUAESTIO
915 177 984 206 CX.
1020 176 1264 206 ARTICULUS
1297 176 1324 205 Ι.

284 255 358 291 SED
382 267 548 292 CONTRA.
572 257 650 291 Lux
669 258 771 303 ponit
789 257 923 303 aliquid
945 257 981 290 in
1002 257 1207 292 illuminato
1223 270 1230 292 ε
1250 257 1311 291 sed
1327 257 1441 303 gratia
1455 265 1508 292 est
1522 258 1699 304 quaedam
1715 257 1775 292 lux

214 309 374 353 animae3
394 310 488 344 unde
503 311 727 356 Augustinus
742 311 827 345 dicit
840 311 876 344 in
891 310 981 345 libro
998 310 1041 345 de
1055 311 1204 353 Natura,
1220 318 1254 345 et
1269 310 1394 345 Gratia
1411 311 1496 358 (cap.
1511 324 1564 347 22.
1579 313 1614 346 in
1623 313 1774 360 princ.):

212 364 525 398 praevaricatorem
540 365 615 410 Iagis
629 365 722 410 digna
745 364 801 398 lux
816 364 932 399 descrit
946 366 1112 407 veritatis,
1128 376 1194 411 qua
1208 364 1347 400 desertus
1367 366 1476 411 utique
1488 366 1526 409 fit
1538 377 1651 401 caecus
1658 378 1671 407 ;
1689 376 1774 412 ergo

211 417 325 463 gratia
347 418 449 464 ponit
471 418 602 464 aliquid
625 418 659 451 in
681 418 812 451 anima.

281 471 512 506 RESPONDEO
535 471 741 513 dicendum,
769 471 865 517 quod
885 472 1086 506 secundum
1105 483 1341 507 communem
1365 472 1517 507 modurn
1531 472 1703 519 loquendi
1721 473 1778 507 tri-

206 525 340 571 pliciter
362 527 475 571 gratia
499 525 615 571 accipi
637 525 840 559 consuevit:
863 537 928 559 uno
950 525 1044 560 modo
1067 538 1132 572 pro
1160 525 1353 560 dilectione
1381 525 1550 572 alicujus:
1577 527 1670 561 sicut
1695 537 1778 560 con-

211 578 393 613 suevimus
405 579 536 620 dicere,
552 579 648 624 quod
665 580 718 612 ista
734 579 822 613 miles
837 579 930 613 habet
942 581 1089 625 gratiam
1104 581 1199 626 regis,
1214 579 1306 614 idest
1319 591 1380 614 rex
1393 580 1504 614 habet
1517 591 1601 614 eum
1617 587 1776 626 gratum:

210 631 346 666 secundo
369 632 522 666 sumitur
543 643 607 678 pro
631 631 753 677 aliquo
776 632 873 666 dono
897 633 1006 678 gratis
1026 633 1130 667 dato:
1146 633 1239 667 sicut
1253 634 1509 668 consuevimus
1524 633 1778 668 dicere:Hanc

210 687 355 731 gratiam
366 686 460 732 facio
490 686 567 720 tibi:
596 687 690 720 tcrtlo
717 685 811 720 modo
839 686 992 720 sumitur
1018 698 1083 732 pro
1110 687 1451 733 recompensatione
1477 686 1644 721 beneficii
1669 686 1778 733 gratis

213 739 297 782 dati,
319 740 519 774 secundum
543 740 638 785 quod
662 739 815 774 dicimur
835 751 941 786 agere
963 741 1096 786 gratias
1117 740 1389 775 beneficiorum.
1414 740 1585 781 Quorum
1605 740 1714 775 trium
1736 752 1779 774 se-

213 793 355 828 cundum
377 793 556 839 dependet
579 805 621 827 ex
638 795 751 840 primo
765 807 773 828 :
797 805 839 827 ex
863 805 986 828 amore
1009 794 1118 837 enim,
1141 806 1213 841 quo
1230 794 1356 840 aliquis
1374 794 1483 829 habet
1497 794 1607 828 alium
1623 801 1778 840 gratum,

213 847 375 893 procedit
398 846 495 892 quod
515 846 648 893 aliquid
672 847 704 881 ei
726 847 834 893 gratis
856 847 1060 894 impendat:
1084 860 1126 882 ex
1146 848 1282 883 secundo
1306 856 1428 883 autem
1449 848 1613 895 procedit
1632 849 1776 890 tertium,

213 900 296 946 quia
318 912 361 934 ex
381 899 564 934 beneficiis
587 900 697 946 gratis
719 901 884 935 exhibitis
907 902 1105 947 gratiarum
1129 902 1223 936 actio
1244 902 1439 948 consurgit.
1461 901 1652 943 Quantum
1673 901 1781 947 igitur

213 954 256 988 ad
279 954 351 987 duo
371 954 510 996 ultima,
533 953 764 988 manifestum
788 963 851 996 est,
875 955 971 1000 quod
994 956 1107 1001 gratia
1131 955 1265 1002 aliquid
1284 956 1387 1002 ponit
1407 956 1444 990 in
1467 967 1522 999 eo,
1545 955 1603 1002 qui
1623 955 1778 1002 gratiam

213 1008 361 1053 accipit:
378 1009 491 1054 primo
516 1008 661 1053 quidem
684 1008 802 1054 ipsum
825 1009 962 1043 donum
985 1010 1094 1055 gratis
1117 1010 1261 1044 datum:
1283 1009 1420 1045 secundo
1442 1010 1549 1056 hujus
1571 1009 1658 1044 doni
1683 1020 1782 1043 reco-

216 1061 394 1107 gnitione:
419 1061 480 1095 sed
507 1070 682 1107 quantum
711 1062 754 1095 ad
775 1064 928 1108 primum
955 1071 1008 1097 est
1034 1063 1235 1098 differentia
1261 1063 1477 1098 attendenda
1504 1064 1598 1098 circa
1625 1063 1780 1109 gratiam

212 1115 294 1157 Dei,
314 1123 348 1149 et
366 1115 518 1161 gratiam
538 1115 716 1149 hominis:
737 1116 820 1162 quia
842 1117 937 1150 enim
966 1117 1104 1151 bonum
1127 1125 1310 1152 creaturae
1332 1117 1499 1164 provenit
1525 1128 1568 1151 ex
1592 1115 1780 1151 voluntate

213 1169 346 1211 divina,
367 1169 449 1203 ideo
477 1180 519 1203 ex
547 1169 740 1203 dilectione
766 1170 847 1212 Dei,
876 1182 945 1216 qua
972 1170 1048 1204 vult
1075 1179 1259 1205 creaturae
1285 1171 1436 1213 bonum,
1463 1170 1609 1217 profluit
1636 1169 1781 1216 aliquod

211 1223 349 1256 bonum
371 1223 405 1256 in
430 1231 611 1257 creatura:
633 1223 801 1257 voluntas
826 1232 947 1258 autem
969 1224 1129 1259 hominis
1156 1233 1324 1259 movetur
1342 1236 1385 1259 ex
1402 1225 1500 1259 bono
1521 1224 1781 1271 praeexistente

211 1277 247 1310 in
268 1276 392 1310 rebus:
417 1284 451 1310 et
474 1276 556 1310 inde
580 1284 643 1319 est,
666 1277 762 1323 quod
786 1276 930 1312 dilectio
953 1278 1113 1312 hominis
1135 1290 1210 1312 non
1233 1287 1358 1313 causat
1382 1277 1543 1312 totaliter
1568 1278 1621 1312 rei
1645 1277 1783 1312 bonita-

212 1339 298 1372 tem,
321 1330 384 1365 sed
406 1331 665 1377 praesupponit
686 1331 802 1377 ipsam
815 1331 874 1365 vel
888 1332 924 1365 in
939 1340 1052 1379 parte,
1067 1332 1125 1367 vel
1139 1333 1176 1366 in
1190 1340 1285 1367 toto:
1300 1340 1400 1379 patet
1414 1332 1532 1379 igitur,
1549 1331 1646 1378 quod
1662 1343 1784 1378 quam-

211 1384 298 1418 libet
318 1384 388 1418 Dei
415 1384 649 1418 dilectionem
675 1385 835 1431 sequitur
862 1385 1007 1432 aliquod
1035 1387 1175 1420 bonum
1201 1386 1238 1420 in
1265 1394 1429 1421 creatura
1456 1397 1648 1420 causarum
1674 1397 1783 1432 quan-

212 1438 343 1484 doque,
364 1449 438 1472 non
456 1446 579 1472 tamen
601 1437 788 1472 dilectioni
810 1447 977 1473 aeternae
1000 1447 1255 1482 coaeternum3
1283 1448 1318 1474 et
1343 1439 1545 1474 secundum
1572 1438 1785 1485 hujusmodi

211 1492 310 1534 boni,
325 1491 565 1526 differentiam
580 1492 726 1537 differens
741 1492 990 1527 consideratur
1003 1492 1153 1528 dilectio
1168 1494 1238 1528 Dei
1254 1494 1297 1528 ad
1315 1502 1538 1528 creaturam:
1556 1505 1623 1528 una
1637 1493 1783 1540 quidem

215 1546 433 1588 communis,
453 1546 653 1580 secundum
676 1558 785 1593 quam
812 1546 918 1593 dilig-it
945 1549 1069 1590 omnia,
1097 1559 1178 1593 quaa
1203 1552 1289 1590 sunt,
1318 1555 1357 1582 ut
1383 1547 1512 1581 dicitur
1541 1546 1624 1592 Sap.
1656 1557 1708 1581 11.
1735 1557 1785 1580 se-

214 1600 372 1634 cundum
394 1611 504 1646 quam
524 1611 600 1634 esse
623 1599 785 1634 naturale
813 1600 918 1635 rebus
950 1601 1078 1635 creatis
1108 1600 1276 1647 largitur:
1306 1601 1376 1635 alia
1407 1608 1528 1635 autem
1558 1600 1704 1635 dilectio
1732 1608 1786 1634 est

213 1653 392 1700 specialis,
414 1654 617 1687 secundum
639 1665 749 1699 quam
779 1654 888 1688 trahit
921 1663 1123 1688 creaturam
1155 1654 1372 1689 rationalem
1402 1665 1510 1701 supra
1537 1654 1785 1689 conditionem

212 1715 361 1741 naturae
385 1707 427 1741 ad
443 1707 760 1753 participationem
780 1707 889 1741 divini
908 1708 1013 1742 boni:
1031 1716 1066 1743 et
1080 1708 1281 1743 secundum
1296 1709 1390 1742 hanc
1407 1707 1640 1742 dilectionem
1656 1707 1786 1741 dicitur

214 1761 374 1807 aliquem
393 1760 542 1807 diligere
565 1761 788 1807 simpliciter,
812 1762 895 1807 quia
917 1762 1119 1796 secundum
1133 1763 1228 1796 hanc
1245 1761 1480 1796 dilectionem
1495 1761 1572 1796 vult
1588 1762 1688 1795 Deus
1703 1760 1786 1795 sim-

213 1815 354 1860 pliciter
377 1822 562 1848 creaturae
584 1814 722 1848 bonum
747 1823 948 1858 aeternum,
971 1816 1068 1862 quod
1091 1824 1144 1850 est
1164 1816 1259 1863 ipse;
1282 1816 1333 1850 sic
1359 1815 1468 1862 igitur
1497 1826 1560 1862 per
1588 1815 1659 1849 hoc
1687 1814 1784 1862 quod

214 1869 343 1903 dicitur
364 1869 479 1903 homo
503 1869 657 1914 gratiam
676 1869 746 1903 Dei
767 1870 914 1912 habere,
937 1870 1160 1916 significatur
1180 1870 1352 1917 quiddam
1374 1869 1646 1916 supernaturale
1667 1869 1704 1903 in
1722 1869 1786 1904 ho-

214 1924 310 1958 mine
334 1935 352 1957 a
374 1924 455 1958 Deo
479 1924 705 1969 proveniens.
731 1923 964 1971 Quandoque
988 1934 1110 1959 tamen
1134 1925 1249 1971 gratia
1275 1925 1346 1959 Dei
1375 1924 1505 1958 dicitur
1531 1924 1609 1970 ipsa
1639 1931 1785 1958 aeterna

214 1978 283 2012 Dei
298 1977 456 2020 dilectio,
471 1978 671 2011 secundum
689 1978 784 2024 quod
805 1978 934 2012 dicitur
949 1979 1059 2012 etiam
1075 1979 1188 2025 gratia
1203 1977 1553 2025 praedestinationis,
1568 1978 1784 2024 inquantum

212 2032 312 2066 Deus
335 2032 504 2077 gratuito,
527 2040 562 2066 et
583 2043 657 2065 non
680 2042 721 2065 ex
744 2032 882 2066 meritis
909 2031 1049 2078 aliquos
1076 2032 1367 2078 praedestinavit,
1395 2032 1470 2066 sive
1499 2031 1624 2078 elegit:
1652 2031 1783 2066 dicitur

213 2085 310 2120 enim
333 2085 376 2119 ad
398 2085 529 2131 Ephes.
556 2096 603 2119 1.:
628 2085 897 2121 Praedcstinavit
916 2097 973 2121 nos
990 2087 1025 2120 in
1047 2086 1255 2133 adoptionem
1274 2086 1436 2131 filiorum,
1459 2086 1495 2120 in
1515 2085 1645 2120 laudem
1658 2085 1785 2131 gloriae

213 2140 342 2186 gratiae
362 2151 448 2173 suae.

285 2193 344 2227 AD
372 2203 521 2227 PRIMUM
544 2204 631 2239 ergo
655 2193 864 2236 dicendum,
881 2192 977 2239 quod
994 2195 1103 2228 etiam
1118 2193 1154 2227 in
1168 2193 1239 2228 hoc
1256 2192 1353 2240 quod
1368 2192 1497 2228 dicitur
1511 2191 1639 2239 aliquis
1648 2190 1787 2227 'habere

217 2247 371 2293 gratiam
393 2246 566 2288 hominis,
593 2246 805 2292 intelligitur
831 2247 866 2280 in
894 2246 956 2281 illo
985 2258 1062 2281 esse
1091 2246 1236 2293 aliquid,
1264 2247 1361 2293 quod
1387 2246 1432 2281 sit
1457 2246 1600 2281 homini
1622 2253 1782 2292 gratum:

215 2302 308 2335 sicut
330 2308 363 2334 et
379 2300 415 2334 in
430 2300 501 2334 hoc
523 2301 619 2346 quod
636 2300 765 2333 dicitur
781 2300 908 2346 aliquis
924 2301 1077 2346 gratiam
1094 2300 1164 2334 Dei
1178 2300 1327 2335 habere:
1343 2300 1404 2334 sed
1419 2308 1542 2334 tamen
1557 2299 1783 2334 differenter:

215 2367 300 2389 nam
322 2354 422 2396 illud,
445 2354 542 2400 quod
567 2362 620 2388 est
641 2354 783 2387 homini
805 2362 947 2399 gratum
969 2355 1006 2388 in
1028 2354 1099 2388 alio
1121 2354 1284 2396 homine,
1306 2353 1608 2401 praesupponitur
1635 2354 1711 2400 ejus
1738 2353 1786 2387 di-

215 2409 383 2444 lectioni:
401 2416 568 2442 causatur
584 2416 704 2442 autem
720 2420 761 2442 ex
777 2408 969 2442 dilectione
986 2408 1117 2451 divina,
1133 2409 1229 2455 quod
1246 2417 1298 2443 est
1310 2408 1347 2442 in
1361 2409 1512 2443 homine
1531 2408 1614 2443 Deo
1630 2415 1785 2455 gratum,

216 2471 253 2497 ut
276 2463 412 2496 dictum
436 2470 488 2496 est
511 2462 560 2506 (in
584 2468 671 2509 corp.
695 2463 790 2507 art).

287 2517 347 2551 AD
371 2527 578 2551 SECUNDUM
601 2516 809 2558 dicendum,
832 2516 928 2562 quod
951 2516 1051 2550 Deus
1074 2524 1126 2551 est
1144 2516 1216 2550 vita
1239 2516 1382 2550 animae
1404 2527 1467 2563 per
1485 2516 1638 2550 modum
1653 2527 1783 2550 causae

217 2570 418 2605 efficientis:
442 2570 503 2604 sed
524 2570 645 2604 anima
672 2578 725 2605 est
751 2570 823 2604 vita
855 2570 1018 2615 corporis
1052 2582 1115 2616 per
1149 2570 1301 2604 modum
1329 2581 1459 2605 causae
1489 2569 1670 2604 formalis:
1699 2569 1789 2604 inter

216 2624 375 2659 sormam
398 2633 530 2666 autem,
551 2632 584 2658 et
608 2624 797 2658 materiam
817 2635 891 2657 non
915 2624 1010 2658 cadit
1035 2623 1181 2670 aliquod
1205 2624 1383 2666 medium3
1410 2624 1493 2670 quia
1518 2623 1637 2658 forma
1662 2634 1725 2670 per
1751 2634 1788 2658 se

217 2679 332 2725 ipsam
354 2677 526 2712 informat
549 2678 750 2719 materiam,
772 2677 829 2711 vel
844 2677 1064 2723 subjectum:
1081 2677 1142 2711 sed
1163 2689 1273 2723 agens
1290 2677 1462 2712 informat
1480 2677 1695 2723 subjectum,
1710 2688 1784 2712 non

217 2744 279 2778 per
300 2743 404 2766 suam
427 2731 676 2773 substantiam,
699 2731 759 2765 sed
784 2743 844 2777 per
868 2730 1037 2773 formam,
1060 2743 1170 2777 quam
1196 2739 1324 2766 causat
1345 2731 1379 2765 in
1402 2731 1564 2766 materia.

289 2786 348 2820 An
380 2796 548 2820 'rER'rimi
563 2785 767 2827 dicendum,
783 2784 878 2831 quod
897 2785 991 2830 Aug.
1007 2785 1090 2818 dicit
1113 2785 1148 2818 in
1171 2784 1229 2819 lib.
1251 2796 1277 2819 1.
1292 2785 1388 2819 Retr.
1410 2784 1497 2832 (cap.
1512 2785 1598 2831 25.):
1620 2785 1686 2819 Ubi
1705 2784 1787 2827 dixi,

222 2841 368 2885 gratiam
392 2851 451 2874 csse,
475 2840 507 2873 ῐιι
530 2840 749 2873 remissionem
768 2843 995 2885 peccalorum,
1012 2844 1129 2885 pamm
1152 2850 1229 2873 τινι)
1250 2840 1283 2873 in
1307 2838 1606 2873 resonfiliationem
1627 2839 1706 2882 Dei,
1724 2849 1789 2872 non

218 2895 265 2928 sic
288 2893 512 2939 accipicndmn
534 2898 590 2935 cst,
612 2905 650 2928 at·
670 2894 698 2927 si
711 2899 782 2939 pax
805 2893 888 2940 ipsa,
904 2897 931 2927 ct
949 2893 1174 2927 ›vcotlcilitzte'o
1194 2904 1257 2927 non
1267 2894 1458 2939 pertineant
1471 2891 1514 2928 ad
1531 2893 1678 2939 gratIam
1695 2904 1788 2938 genc-
