1907 3198
487 207 710 244 Qum-:31:10
744 207 891 237 vam.
926 206 1171 238 Ain-murus
1204 206 1278 236 vu.
1579 207 1663 249 479

630 386 978 433 ARTICULUS
1011 385 1113 430 vn.
1601 393 1666 442 ,62

301 508 482 539 UTRUM
514 508 767 538 DIGNITAS
804 506 1061 538 DONORUM
1103 505 1455 536 ATTENDATUR

435 574 675 605 SECUNDUM
701 573 1083 605 ENUMERATIONEM
1110 572 1251 602 ISAIAE
1286 572 1350 601 11.

714 674 796 720 (Isa.
818 686 864 710 11.
887 673 957 708 lect.
980 673 1041 718 2.).

166 776 226 813 AD
248 787 442 813 SEPTIMUM
464 776 515 812 sic
538 776 756 824 proceditur.
778 775 941 818 Videtur,
960 775 1057 822 quod
1077 775 1232 822 dignitas
1255 773 1439 808 donorum
1461 784 1536 808 non
1559 781 1670 808 atten-

95 831 199 867 datur
218 831 421 867 secundum
439 831 767 874 enumerationem,
782 842 852 878 qua
868 838 1126 865 enumerantur
1140 830 1207 864 Isa.
1228 840 1296 863 11.:
1313 828 1401 863 illud
1416 828 1514 863 enim
1528 828 1670 863 videtur

95 896 173 921 esse
187 885 418 933 potissimum
439 886 474 920 in
497 885 614 928 donis,
629 886 727 932 quod
742 885 901 920 maxime
915 885 1016 919 Deus
1032 884 1073 918 ab
1088 883 1240 918 homine
1255 883 1418 930 requirit:
1433 882 1495 917 sed
1510 884 1668 917 maxime

94 939 242 987 requirit
261 939 362 974 Deus
384 939 427 974 ab
455 939 606 975 homine
628 939 819 974 timorem:
848 939 977 973 dicitur
1003 938 1100 973 enim
1127 937 1235 972 Deut.
1267 947 1338 972 1o.:
1369 937 1411 972 Et
1436 949 1525 972 nunc
1551 936 1668 979 Israel,

94 992 174 1040 quid
201 993 370 1028 Dominus
399 994 490 1028 Deus
521 998 592 1028 tuus
612 995 696 1041 petit
726 1005 745 1027 a
773 998 812 1035 te,
841 994 904 1028 nisi
933 998 970 1027 ut
999 994 1112 1027 timeas
1138 992 1326 1026 Dominum
1351 991 1463 1026 Deum
1491 991 1609 1026 tuum?
1636 998 1670 1025 et

94 1046 253 1082 Malach.
277 1057 304 1082 1.
327 1047 475 1082 dicitur:
500 1047 537 1083 Si
554 1059 609 1093 ego
628 1047 808 1089 Dominus,
830 1048 887 1082 ubi
902 1047 1003 1082 timor
1018 1047 1134 1081 meus?
1152 1045 1249 1091 Ergo
1264 1045 1415 1087 videtur,
1435 1044 1533 1091 quod
1556 1045 1668 1087 timor,

94 1101 156 1148 qui
177 1109 410 1136 enumeratur
430 1100 572 1143 ultimo,
594 1112 669 1135 non
691 1101 736 1135 sit
756 1100 924 1135 infimum
947 1101 1141 1142 donorum,
1163 1100 1226 1134 sed
1248 1099 1461 1134 maximum.

167 1164 198 1189 2.
220 1154 458 1190 PRAETEREA.
477 1155 597 1190 Pietas
611 1155 754 1190 videtur
767 1165 846 1189 esse
866 1154 1051 1201 quoddam
1074 1154 1211 1188 bonum
1227 1152 1451 1188 universale:
1468 1153 1554 1187 dicit
1572 1153 1670 1188 enim

98 1208 299 1255 Apostolus
325 1219 352 1244 1.
376 1209 420 1243 ad
448 1208 612 1243 Timoth.
640 1219 672 1252 4.
702 1208 800 1255 quod
821 1209 927 1255 pietas
953 1207 996 1242 ad
1017 1208 1129 1242 omnia
1152 1207 1242 1242 utilis
1262 1212 1324 1242 est:
1348 1207 1410 1242 sed
1437 1207 1575 1241 bonum
1597 1206 1672 1240 uni-

50 1298 58 1310 κ
96 1262 236 1298 versale
257 1261 458 1310 praefertur
484 1261 760 1309 particularibus
786 1262 911 1305 bonis;
934 1273 1022 1308 ergo
1040 1262 1159 1308 pietas,
1182 1272 1275 1308 quae
1296 1260 1500 1307 penultimo
1528 1271 1674 1295 enume-

95 1323 204 1359 ratur,
225 1316 366 1351 videtur
386 1327 464 1351 esse
486 1316 717 1363 potissimum
740 1315 933 1350 donorum.

168 1381 198 1416 3.
218 1369 456 1406 PRAETEREA.
485 1369 646 1405 Scientia
673 1369 813 1417 perficit
833 1369 1010 1416 judicium
1038 1367 1221 1411 hominis;
1252 1368 1449 1403 consilium
1477 1377 1600 1403 autem
1627 1368 1670 1403 ad

92 1423 364 1470 inquisitionem
378 1423 552 1470 pertinet:
572 1423 634 1458 sed
649 1423 825 1470 judicium
840 1423 1066 1470 praeeminet
1081 1422 1327 1469 inquisitioni3
1351 1434 1440 1469 ergo
1462 1424 1599 1458 scicntia
1617 1431 1671 1458 est

92 1476 212 1524 potius
232 1476 383 1520 donum,
404 1489 514 1524 quam
536 1477 727 1520 consilium,
752 1488 836 1511 cum
857 1485 981 1512 tamen
1003 1485 1086 1523 post
1107 1485 1351 1512 enumeretur.

163 1540 196 1574 4.
217 1530 454 1567 PRAETEREA.
477 1530 667 1566 Fortitudo
689 1531 843 1578 pertinet
869 1531 912 1566 ad
939 1531 1015 1565 vim
1038 1531 1285 1578 appetitivam,
1307 1530 1458 1566 scientia
1480 1539 1602 1566 autem
1626 1531 1670 1565 ad

93 1584 291 1620 rationem:
319 1584 382 1620 sed
403 1584 496 1620 ratio
516 1593 570 1620 est
590 1585 822 1628 eminentior,
845 1596 955 1632 quam
976 1585 1030 1619 vis
1053 1585 1268 1632 appetitiva;
1291 1596 1379 1632 ergo
1402 1593 1437 1620 et
1460 1586 1598 1620 scientia
1617 1593 1671 1620 est

93 1638 310 1674 eminentius
332 1638 483 1682 donum,
502 1650 611 1686 quam
631 1639 809 1686 fortitudo,
826 1650 918 1686 quae
933 1647 1057 1674 tamen
1079 1639 1198 1686 primo
1215 1647 1465 1681 enumeratur;
1487 1651 1562 1674 non
1581 1650 1669 1686 ergo

92 1691 247 1739 dignitas
269 1693 451 1728 donorum
475 1693 669 1728 attenditur
690 1693 892 1728 secundum
915 1693 1082 1728 ordinem
1105 1693 1392 1728 enumerationis
1414 1704 1554 1728 eorum.

165 1745 240 1781 SED
263 1756 419 1782 CONTRA
442 1755 506 1790 est,
533 1747 631 1794 quod
654 1747 808 1794 August.
836 1747 923 1782 dicit
944 1747 980 1781 in
1003 1746 1062 1781 lib.
1090 1758 1117 1781 1.
1141 1747 1185 1781 de
1208 1747 1326 1781 Serm.
1348 1747 1460 1782 Dom.
1483 1747 1519 1781 in
1542 1755 1668 1782 monte

94 1799 181 1848 (cap.
200 1811 234 1846 4.
250 1801 285 1835 in
296 1801 450 1848 princ.):
479 1800 617 1836 Videtur
632 1801 714 1835 mihi
733 1801 936 1849 septiformis
957 1802 1105 1848 operatio
1127 1801 1272 1848 Spiritus
1285 1801 1412 1844 Sancti,
1433 1801 1469 1836 de
1487 1813 1552 1848 qua
1566 1802 1672 1836 Isaias

92 1853 252 1901 loquitur,
269 1854 318 1889 bis
328 1854 498 1901 gradibus,
521 1856 749 1901 sententiisque
771 1867 962 1902 congruere,
977 1855 1021 1890 de
1044 1855 1173 1901 quibus
1195 1854 1234 1890 fit
1255 1857 1394 1890 mentio
1417 1855 1546 1890 Matth.
1568 1866 1598 1900 5.
1620 1855 1671 1891 sed

92 1908 224 1944 interest
242 1908 391 1944 ordinis:
418 1920 497 1944 nam
518 1910 577 1952 ibi,
601 1908 741 1944 scilicet
762 1909 798 1944 in
824 1909 930 1952 Isaia,
952 1910 1142 1945 numeratio
1165 1910 1206 1945 ab
1228 1909 1458 1945 excelsioribus
1478 1911 1596 1957 coepit,
1618 1910 1672 1945 hic

91 1973 171 1997 vero
191 1963 233 1997 ab
255 1962 484 2010 inferioribus.

163 2015 395 2052 Responmzo
417 2016 626 2059 dicendum,
653 2017 750 2064 quod
778 2017 934 2064 dignitas
961 2017 1145 2052 donorum
1171 2016 1344 2064 dupliciter
1371 2025 1490 2064 potest
1517 2016 1669 2052 attendi:

39 2092 43 2103 .
91 2081 158 2106 uno
182 2070 279 2106 modo
305 2071 531 2118 simpliciter,
554 2071 694 2106 scilicet
723 2082 786 2117 per
813 2071 1130 2118 comparationem
1159 2071 1203 2105 ad
1230 2071 1397 2118 proprios
1426 2080 1537 2114 actus,
1565 2079 1672 2118 prout

92 2124 294 2172 procedunt
315 2136 335 2159 a
355 2125 428 2160 suis
450 2125 651 2172 principiis:
675 2125 741 2160 alio
764 2125 859 2160 modo
882 2125 1084 2160 secundum
1106 2125 1204 2172 quid,
1226 2124 1367 2160 scilicet
1394 2136 1457 2172 per
1484 2136 1672 2172 compara-

92 2178 231 2214 tionem
253 2178 297 2213 ad
319 2179 522 2214 materiam.
547 2178 770 2225 Simpliciter
792 2187 912 2214 autem
936 2178 1122 2226 loquendo
1145 2179 1189 2214 de
1213 2179 1386 2226 dignitate
1402 2180 1597 2222 donorum,
1616 2191 1671 2214 ea-

94 2294 194 2322 actus
211 2286 457 2334 potentiarum
477 2287 620 2322 animae
635 2287 826 2334 perficiunt
840 2287 1043 2329 hominem,
1066 2287 1110 2322 ad
1132 2299 1224 2334 quos
1243 2287 1434 2334 perficiunt
1451 2288 1612 2330 virtutes,
1632 2296 1670 2322 ut

91 2351 199 2388 supra
211 2340 350 2376 dictum
364 2349 418 2376 est
433 2341 512 2385 (art.
524 2353 552 2387 3.
568 2341 636 2387 huj.
659 2342 706 2387 q.)
718 2353 730 2381 ;
747 2341 841 2376 unde
858 2341 950 2376 sicut
964 2341 1113 2376 virtutes
1132 2341 1396 2377 intellectuales
1419 2341 1669 2389 praeferuntur

91 2393 280 2430 virtutibus
291 2394 500 2438 moralibus,
514 2403 549 2430 et
563 2395 598 2430 in
614 2395 699 2442 ipsis
717 2395 906 2430 virtutibus
923 2395 1226 2430 intellectualibus
1245 2396 1552 2443 contemplativae
1572 2408 1671 2443 prae-

92 2446 254 2484 feruntur
275 2449 423 2491 activis;
446 2457 484 2483 ut
505 2449 693 2496 sapientia,
721 2449 937 2492 intellectus,
965 2459 1000 2484 et
1023 2450 1174 2484 scientia
1200 2451 1423 2497 prudentiae,
1450 2458 1484 2485 et
1511 2451 1577 2484 arti
1605 2449 1668 2496 [al.

97 2506 133 2538 ul
155 2504 318 2550 sapientia
334 2503 522 2545 intellectui,
545 2508 574 2538 et
595 2504 729 2538 scientia
745 2503 942 2550 prudentiae
962 2509 991 2538 et
1012 2504 1117 2549 arti];
1144 2504 1192 2538 ita
1219 2513 1343 2539 tamen
1370 2505 1467 2551 quod
1494 2504 1669 2551 sapientia

92 2555 290 2603 praefertur
309 2556 520 2599 intellectui,
536 2568 570 2592 er
585 2556 790 2592 intellectus
812 2557 997 2599 scientiae,
1013 2558 1107 2592 sicut
1123 2558 1323 2604 prudentia,
1346 2566 1380 2592 et
1402 2559 1541 2605 synesis
1562 2558 1669 2592 eubu-

23 2618 35 2631 ·
93 2609 182 2654 liae;
203 2611 252 2647 ita
266 2611 375 2647 etiam
390 2611 426 2646 in
442 2611 548 2646 donis
569 2611 758 2657 sapientia,
781 2620 816 2646 et
837 2611 1054 2655 intellectus,
1076 2613 1238 2655 scientia,
1262 2621 1295 2647 et
1319 2612 1513 2647 consilium
1537 2611 1671 2659 praefe-

94 2673 218 2700 runtur
232 2665 366 2712 pietati,
381 2673 416 2700 et
429 2664 642 2707 fortitudini,
662 2673 696 2700 et
709 2665 844 2707 timori,
867 2666 900 2700 in
917 2667 1046 2713 quibus
1062 2666 1171 2701 etiam
1188 2668 1301 2713 pietas
1322 2665 1520 2713 praefertur
1534 2666 1671 2701 fortitu-

93 2718 178 2761 dini,
193 2726 229 2754 et
240 2718 413 2754 fortitudo
434 2720 569 2761 timori,
585 2719 677 2754 sicut
691 2719 824 2765 justitia
839 2718 1061 2762 fortitudini;
1077 2729 1109 2754 et
1121 2719 1295 2755 fortitudo
1308 2721 1589 2767 temperantiae:
1607 2720 1668 2755 sed

93 2781 267 2820 quantum
283 2773 326 2808 ad
342 2773 532 2808 materiam
547 2772 733 2816 fortitudo,
749 2782 783 2808 et
798 2773 992 2808 consilium
1009 2774 1259 2821 praeferuntur
1274 2775 1457 2816 scientiae,
1477 2783 1511 2809 et
1526 2775 1667 2821 pietati:

95 2826 178 2873 quia
198 2826 337 2862 scilicet
357 2825 543 2870 fortitudo,
570 2835 605 2862 et
633 2826 828 2862 consilium
856 2827 989 2863 habent
1017 2829 1051 2863 in
1079 2829 1198 2863 arduis
1226 2828 1370 2871 locum3
1394 2829 1508 2875 pietas
1535 2837 1668 2871 autem,

94 2887 130 2915 et
145 2880 255 2916 etiam
268 2880 419 2916 scientia
440 2882 476 2916 in
498 2881 771 2916 communibus:
795 2881 845 2916 sic
869 2882 976 2928 igitur
999 2882 1182 2918 donorum
1201 2883 1356 2929 dignitas
1379 2883 1498 2917 ordini
1521 2894 1668 2918 enume-

94 2934 242 2970 rationis
267 2935 479 2982 respondet:
501 2935 632 2983 partim
655 2935 802 2982 quidem
829 2935 1053 2982 simpliciter,
1076 2936 1278 2972 secundum
1302 2937 1400 2983 quod
1427 2937 1615 2984 sapientia,
1635 2945 1669 2971 ct
