1907 3198
465 180 687 217 QUAESTIO
721 180 872 210 Lxxm.
906 180 1151 211 ARTICULUS
1184 179 1229 210 11.
1556 182 1636 224 519

139 261 370 299 RESPONDEO
391 262 599 305 dicendum,
621 263 718 310 quod
740 263 865 310 opinio
888 262 1099 298 Stoicorum
1120 262 1196 305 fuit,
1219 274 1328 309 quam
1352 262 1495 298 Tullius
1523 274 1640 310 perse-

68 315 189 364 quitur
207 316 244 351 in
266 315 462 351 Paradoxis
485 316 562 359 (loc.
590 318 675 360 sih),
697 317 795 363 quod
810 318 935 351 omnia
950 325 1098 363 peccata
1114 317 1184 351 sint
1198 317 1316 363 paria:
1333 325 1368 352 et
1381 328 1423 351 ex
1438 317 1508 351 hoc
1528 318 1638 351 etiam

67 369 249 406 derivatus
270 378 324 404 est
343 370 587 417 quorumdam
610 370 878 404 haereticorum
900 381 1011 411 error,
1041 370 1103 416 qui
1131 378 1307 416 ponentes
1333 370 1461 404 omnia
1489 379 1638 416 peccata

68 434 148 460 esne
160 423 273 472 paria,
285 423 411 459 dicunt
430 424 540 458 etiam
557 435 686 458 omnes
702 434 838 471 poenas
853 423 981 458 inferni
995 435 1074 458 esse
1088 435 1202 470 pares.
1219 423 1262 458 Et
1276 432 1452 470 quantum
1469 435 1511 458 ex
1521 423 1640 458 verbis

68 475 183 513 Tullii
202 477 358 525 perspici
377 485 507 524 potest,
522 477 637 512 Stoici
651 477 874 512 ducebantur
887 488 930 511 ex
945 477 1029 519 hoc,
1043 478 1139 524 quod
1156 478 1433 512 considerabant
1447 486 1638 524 peccatum

67 541 111 566 ex
130 538 231 578 parte
251 530 464 578 privationis
484 539 638 571 tantum,
661 539 767 577 prout
788 530 927 565 scilicet
948 539 1001 565 est
1022 542 1184 565 recessus
1207 542 1226 564 a
1249 531 1407 573 ratione;
1441 531 1536 565 unde
1558 531 1640 565 sim·

66 583 208 633 pliciter
227 584 471 626 aestimantes,
490 585 587 631 quod
605 584 704 619 nulla
719 585 873 631 privatio
889 585 1086 631 susciperet
1101 585 1230 630 magis,
1244 594 1279 619 et
1293 585 1424 626 minus,
1440 593 1638 631 posuerunt

66 638 193 674 omnia
212 646 363 686 peccata
383 649 462 673 esse
484 639 594 685 paria.
618 638 690 673 Sed
712 638 740 672 si
762 638 841 684 quis
862 638 1055 683 diligenter
1076 638 1292 680 consideret,
1326 639 1485 673 inveniet
1517 638 1639 698 duplet

67 691 313 753 privationum
334 702 460 739 genus.
483 691 545 726 Est
566 692 664 726 enim
686 691 847 738 quaedam
870 691 1033 738 simplex,
1057 700 1091 726 et
1112 703 1200 738 pura
1222 692 1298 738 priv
1303 692 1387 733 atio,
1409 703 1502 738 quae
1524 691 1641 726 consi·

66 745 127 781 stit
146 745 250 792 quasi
270 745 307 780 in
328 751 521 792 corruptum
543 757 604 780 ess
620 745 742 779 ·sicut
764 756 863 779 mors
885 754 938 779 est
960 745 1114 792 privatio
1135 746 1250 786 vitae;
1272 754 1307 780 et
1327 746 1475 780 tenebra
1497 753 1552 780 est
1572 745 1640 790 pri-

65 798 165 834 vatio
185 797 349 834 luminis:
371 807 407 834 et
426 799 518 834 tales
539 799 758 858 privationes
780 810 854 833 non
877 799 1055 845 recipiunt
1076 799 1204 844 magis,
1227 807 1261 833 et
1283 799 1414 839 minus,
1436 798 1520 845 quia
1547 798 1636 832 nihil

65 851 250 888 residuum
269 860 326 888 est
344 852 389 887 de
410 851 534 887 habitu
556 852 744 899 opposito;
767 852 861 886 unde
883 863 956 886 non
977 853 1097 899 minus
1115 861 1169 887 est
1187 861 1351 887 mortuus
1370 852 1500 898 aliquis
1518 852 1637 898 primo

65 905 124 941 die
152 905 292 948 mortis,
317 913 353 941 et
376 905 496 948 tertio,
522 905 580 940 vel
606 914 748 952 quarto,
774 917 884 952 quam
912 914 994 952 post
1020 917 1167 948 annum,
1195 906 1341 952 quando
1377 907 1449 951 jam
1484 906 1639 940 cadaver

65 954 172 995 fuerit
197 958 416 995 resolutum:
443 967 479 994 et
509 959 674 994 similiter
706 970 780 994 non
816 968 869 994 est
902 961 1018 1005 magis
1050 960 1242 994 tenebrosa
1277 960 1407 994 domus
1434 960 1463 994 si
1489 959 1639 994 lucerna

65 1011 112 1048 sit
134 1020 261 1061 operta
284 1012 445 1061 pluribus
470 1012 721 1055 velaminibus,
741 1025 850 1060 quam
869 1013 897 1047 si
916 1013 961 1048 sit
979 1022 1105 1060 operta
1127 1024 1200 1047 uno
1220 1013 1301 1048 solo
1319 1013 1501 1048 velamine
1518 1021 1638 1049 totum

65 1065 190 1102 lumen
214 1065 489 1102 intercludente.
516 1066 578 1101 Est
604 1075 726 1101 autem
753 1067 822 1101 alia
847 1067 1000 1113 privatio
1028 1078 1101 1101 non
1129 1067 1293 1113 simplex,
1329 1067 1391 1101 sed
1427 1066 1561 1113 aliquid
1588 1078 1639 1101 re-

63 1118 183 1156 tinens
207 1119 253 1155 de
275 1119 401 1155 habitu
427 1120 619 1167 opposito;
653 1131 746 1167 quae
779 1121 926 1167 quidem
961 1121 1114 1166 privatio
1149 1121 1265 1165 magis
1299 1121 1464 1155 consistit
1498 1121 1531 1154 in
1566 1132 1636 1155 cor-

64 1173 190 1221 rumpi,
216 1183 327 1220 quam
353 1172 389 1207 in
414 1178 607 1220 corruptum
632 1185 715 1213 esse,-
743 1174 835 1208 sicut
855 1173 1057 1219 aegritudo,
1083 1185 1174 1219 quae
1208 1174 1323 1220 privat
1348 1174 1505 1208 debitam
1537 1185 1639 1208 com·

65 1226 377 1262 mensurationem
398 1226 608 1268 humorum,
631 1227 678 1261 ita
700 1235 822 1261 tamen
844 1227 941 1273 quod
972 1226 1107 1273 aliquid
1137 1228 1214 1271 ejus
1244 1235 1441 1268 remaneat,
1473 1227 1633 1274 alioquin

64 1290 140 1316 non
160 1288 366 1317 remaneret
385 1280 520 1315 animal
541 1281 684 1316 vivum:
707 1289 742 1315 et
763 1280 930 1315 similiter
955 1289 1008 1316 est
1034 1281 1078 1315 de
1108 1281 1340 1327 turpitudine,
1362 1290 1398 1316 et
1419 1281 1497 1316 aliis
1519 1282 1639 1326 hujus-

66 1333 178 1370 modi.
199 1332 418 1379 Huiusmodi
438 1342 559 1369 autem
580 1334 800 1380 privationes
821 1334 998 1380 recipiunt
1020 1334 1148 1379 magis,
1171 1343 1206 1368 et
1225 1335 1344 1369 minus
1366 1346 1408 1369 ex
1430 1344 1528 1381 parte
1548 1335 1636 1380 ejus,

65 1386 164 1435 quod
184 1394 348 1423 remanet
367 1386 412 1422 de
433 1387 558 1422 habitu
579 1387 782 1422 contrario:
805 1387 961 1422 multum
983 1388 1079 1422 enirn
1103 1387 1211 1422 refert
1224 1388 1267 1422 ad
1285 1389 1561 1434 aegritudinem,
1579 1387 1638 1423 vel

62 1439 335 1488 turpitudinem,
355 1447 477 1476 utrum
497 1439 590 1488 plus,
609 1440 669 1475 vel
695 1441 815 1475 minus
836 1452 857 1474 a
878 1441 997 1476 debita
1031 1442 1390 1476 commensuratione
1424 1442 1636 1483 humorum,

64 1491 124 1530 vel
154 1493 407 1530 membrorum
438 1493 645 1529 recedatur:
668 1502 703 1529 et
724 1493 891 1529 similiter
923 1495 1119 1530 dicendum
1141 1503 1195 1530 est
1216 1495 1259 1530 de
1281 1495 1388 1538 vitiis,
1410 1504 1445 1530 et
1466 1496 1635 1543 peccatis.

64 1544 127 1583 Sic
147 1546 246 1584 enim
266 1546 304 1582 in
323 1547 376 1583 eis
396 1547 556 1596 privatur
577 1547 696 1582 debita
718 1549 1029 1583 commensuratio
1051 1549 1213 1591 rationis,
1227 1558 1266 1584 ut
1280 1560 1353 1584 non
1368 1549 1528 1584 totaliter
1545 1551 1636 1584 ordo

64 1599 215 1638 rationis
233 1599 399 1636 tollatur:
420 1600 584 1648 alioquin
603 1600 755 1644 malum,
774 1601 802 1636 si
820 1602 866 1636 sit
884 1602 1076 1648 integrum,
1095 1603 1244 1637 destruit
1261 1605 1432 1650 seipsum,
1451 1612 1490 1638 ut
1507 1603 1637 1638 dicitur

64 1653 103 1690 in
120 1662 156 1698 4.
175 1651 339 1690 Ethicor.
360 1654 451 1702 (cap.
469 1666 499 1701 5.
520 1660 597 1690 ante
618 1655 732 1699 med.):
754 1666 829 1690 non
851 1656 949 1690 enim
970 1664 1093 1702 posset
1125 1667 1338 1703 permanere
1362 1656 1423 1702 [al.
1446 1657 1632 1703 remanere]

62 1706 260 1745 substantia
286 1716 400 1750 actus,
419 1707 478 1743 vel
498 1708 595 1743 actio
617 1707 679 1754 [al.
701 1708 847 1754 affectio]
870 1709 1021 1754 agentis,
1044 1709 1111 1743 nisi
1134 1709 1269 1756 aliquid
1292 1719 1496 1746 remaneret
1517 1711 1561 1745 de
1583 1722 1638 1745 or-

63 1757 147 1798 dine
167 1760 338 1804 rationis;
358 1769 395 1797 et
413 1761 497 1796 ideo
518 1761 673 1796 multum
698 1761 845 1796 interest
862 1763 906 1796 ad
925 1763 1140 1808 gravitatem
1159 1763 1310 1809 peccati,
1330 1772 1450 1798 utrum
1469 1763 1560 1811 plus,
1578 1763 1637 1799 vel

48 1811 184 1851 'mhus
200 1813 390 1850 recedatur
407 1825 428 1849 a
445 1814 659 1850 rectitudine
689 1815 858 1850 rationis:
877 1824 911 1850 et
929 1816 1130 1850 secundum
1147 1816 1219 1851 hoc
1239 1817 1432 1852 dicendum
1453 1826 1517 1859 est,
1536 1818 1634 1864 quod

60 1874 139 1906 non
157 1867 284 1904 omnia
302 1875 453 1917 peccata
472 1876 557 1903 sunt
576 1869 686 1916 paria.

138 1921 202 1958 An
226 1931 377 1958 numu
402 1933 491 1969 ergo
516 1922 725 1965 dicendum,
746 1922 844 1969 quod
866 1932 1015 1970 peccata
1037 1924 1267 1959 committere
1288 1935 1362 1958 non
1385 1924 1469 1959 licet
1490 1933 1637 1972 propter

62 1971 224 2037 aliquam
244 1974 574 2018 deordinationem,
595 1987 704 2023 quam
727 1976 880 2018 habent;
903 1977 998 2011 unde
1019 1976 1092 2019 illa,
1114 1989 1206 2024 quae
1236 1979 1415 2038 majorem
1448 1979 1636 2014 deordina-

59 2025 202 2081 'tiquam
221 2027 420 2073 continent,
440 2037 524 2064 sunt
544 2030 661 2075 magis
682 2029 819 2072 illicita,
841 2039 876 2065 et
897 2042 958 2077 per
979 2041 1207 2078 consequens
1229 2032 1396 2077 graviora
1420 2041 1579 2079 peccata.

83 2118 91 2135 Ι,
131 2079 197 2120 AD
216 2092 426 2119 securium(
443 2082 651 2125 dicendum,
672 2083 768 2130 quod
792 2083 884 2118 ratio
905 2083 967 2118 illa
988 2085 1151 2131 procedit
1173 2084 1217 2119 de
1239 2094 1403 2132 peccato,
1425 2097 1466 2120 ac
1490 2087 1519 2121 si
1540 2095 1635 2121 esset

53 2151 106 2174 :w-
128 2133 216 2172 atio
234 2146 336 2185 pura.

64 2191 106 2241 ζ
128 2188 195 2227 ΑΒ
221 2198 396 2227 mnuu
422 2189 630 2233 dicendum,
651 2189 749 2237 quod
770 2190 918 2225 virtutes
940 2199 1023 2226 sunt
1056 2191 1226 2238 aequales
1258 2193 1606 2240 proportionaliter
1598 2205 1633 2228 in

157 2249 196 2280 et
213 2242 365 2279 eodem:
386 2250 510 2279 tamen
531 2254 603 2278 una
624 2243 736 2278 virtus
758 2244 940 2290 praecedit
961 2243 1071 2279 aliam
1094 2246 1268 2291 dignitate
1298 2247 1499 2281 secundum
1529 2259 1632 2282 suam

208 2314 213 2327 ι
230 2307 354 2332 :unus
375 2297 485 2333 etiam
507 2296 623 2332 homo
645 2305 700 2332 est
721 2296 793 2332 alio
824 2298 1019 2333 virtuosior
1048 2299 1084 2333 in
1116 2300 1243 2334 eadem
1272 2301 1392 2346 specie
1421 2301 1574 2343 virtutis,
1596 2309 1634 2335 ut

117 2368 132 2378 -ι
188 2348 354 2387 habitum
386 2358 442 2386 est
462 2351 509 2398 (q.
530 2351 590 2386 66.
611 2356 675 2385 ar!-
697 2363 725 2386 1.
746 2356 776 2386 ct
795 2352 860 2396 2.)‚
881 2359 916 2386 et
931 2359 1055 2387 tamen
1073 2352 1102 2387 si
1120 2355 1268 2388 virtutes
1287 2362 1408 2389 essent
1426 2366 1540 2401 pares,
1558 2366 1632 2389 non

223 2417 244 2433 ι·
289 2402 378 2440 vitia
398 2414 477 2440 esse
498 2404 615 2451 paria:
638 2404 721 2451 quia
744 2404 893 2440 virtutes
922 2405 1057 2441 habent
1089 2407 1370 2450 connexionem,
1403 2419 1477 2443 non
1510 2418 1632 2444 autern

180 2464 246 2495 seu
265 2465 428 2506 peccata.

614 2522 962 2568 Ain-[cutus
996 2524 1075 2568 111.
1568 2540 1632 2586 389

99 2613 257 2659 mu
284 2615 500 2650 GRAVITAS
534 2618 833 2649 Pl-:ccA'roRUM
864 2619 1082 2651 VARu-:TUR
1118 2621 1356 2652 SECUNDUM
1389 2623 1593 2665 OBJECTA.

109 2684 527 2734 ·(ΕΙτ.οή-4...5ι89
545 2695 636 2734 corp.
653 2693 731 2735 τις.
751 2699 805 2734 7⁴·
823 2694 888 2724 art.
908 2701 940 2736 q.
958 2698 1048 2735 corp.
1067 2696 1183 2727 etz-z
1202 2704 1232 2738 q
1253 2703 1306 2738 74.
1326 2697 1392 2727 art.
1411 2703 1441 2728 2
1460 2693 1547 2729 adl.

80 2760 131 2780 Α,
572 2741 1115 2789 eaeMaquU2art2aed6..)

23 2840 25 2843 v
136 2813 200 2853 AB
215 2823 392 2854 'rn'rmu
412 2816 464 2853 sic
485 2817 704 2866 proceditur.
727 2817 890 2862 Videtur,
911 2821 1008 2868 quod
1032 2831 1267 2869 pcccatorum
1301 2835 1388 2867 grai
1392 2832 1459 2859 itas
1480 2835 1554 2859 non
1575 2837 1632 2860 va-

138 2915 172 2925 ,⁷
194 2868 397 2927 mundym
416 2870 578 2918 objecta.
600 2871 757 2918 gravitas
778 2872 876 2908 enim
895 2875 1034 2921 peccati
1052 2877 1205 2923 pertinet
1224 2876 1267 2911 ad
1288 2876 1452 2920 modum,
1470 2877 1527 2913 vel
1549 2889 1632 2925 qua·
