1907 3198
478 190 703 228 QUAESTIO
736 190 858 220 XVIII.
892 189 1140 220 ARTICULUS
1173 190 1216 219 X.
1555 189 1634 232 157

592 338 944 384 ARTICULUS
976 339 1032 382 X.
1571 358 1633 395 113

111 436 269 467 UTRUM
295 436 463 472 ALIQUA
490 437 853 467 CIRCUMSTANTIA
877 436 1166 466 CONSTITUAT
1194 435 1349 465 ACTUM
1375 434 1589 465 MORALEM

521 503 565 533 IN
599 502 749 532 SPECIE
783 503 901 543 BONI,
935 503 1019 532 VEL
1052 502 1172 532 MALI.

81 573 198 621 (Supr.
220 578 285 609 art.
303 586 331 620 5.
369 573 412 608 acl
445 586 477 618 4.
506 579 534 608 cl
568 574 649 620 insr.
688 578 752 608 art.
782 586 827 608 11.
867 580 956 620 corp.
984 579 1013 609 et
1041 586 1071 619 q.
1103 585 1149 620 73.
1189 578 1254 608 art.
1283 585 1313 619 7.
1338 579 1428 619 corp.
1455 577 1485 607 ct
1515 571 1558 606 ad
1584 583 1611 606 1.

282 633 310 663 et
335 640 367 663 2.
391 629 480 663 Dist.
496 629 550 676 36.
566 633 631 663 art.
643 640 671 674 5.
692 634 781 674 corp.
803 632 832 662 at
853 640 886 673 4.
902 629 990 663 Dis-1.
1013 628 1065 663 16.
1088 640 1118 674 q.
1138 640 1166 674 3.
1190 632 1256 663 art.
1276 639 1308 662 2.
1322 634 1411 673 corp.

581 688 612 718 et
624 683 712 717 Dist.
727 694 779 727 41.
796 687 861 716 art.
876 694 910 727 4.
926 694 955 729 q.
971 695 998 718 Ι.
1014 688 1106 729 corp.

246 741 276 773 et
300 736 386 772 Mal.
415 749 445 784 q.
473 749 504 773 2.
527 742 591 772 art.
620 737 653 772 6.
674 743 737 784 per
763 741 819 771 tot.
846 741 876 771 et
902 741 966 771 art.
995 748 1024 783 7.
1052 749 1081 783 q.
1111 748 1141 783 7.
1168 741 1234 771 art.
1261 748 1294 781 4.
1322 736 1442 782 corp).

126 816 188 852 AD
209 826 387 852 DECIMUM
409 817 460 851 sic
483 816 702 863 proceditur.
724 815 889 858 Videtur,
909 815 1006 862 quod
1030 814 1303 849 circumstantia
1321 824 1397 848 non
1418 813 1534 860 possit
1554 823 1639 847 con-

54 870 202 906 stituere
228 870 389 918 aliquam
415 871 577 918 speciem
603 870 702 912 boni,
729 869 789 905 vel
815 869 902 905 mali
937 878 1062 904 actus:
1090 869 1230 916 species
1259 868 1359 904 enim
1386 875 1487 903 actus
1516 876 1570 902 est
1595 879 1637 902 ex

54 924 200 971 objecto
219 936 227 959 :
249 925 313 960 sed
339 925 635 960 circumstantiae
662 923 834 960 differunt
861 924 902 958 ab
931 924 1095 971 object03
1123 935 1212 971 ergo
1240 922 1535 958 circumstantiae
1561 933 1637 956 non

54 978 143 1015 dant
162 981 325 1026 speciem
346 979 454 1015 actui.

125 1043 158 1068 2.
179 1033 419 1070 PRAETEREA.
443 1033 752 1070 Circumstantiae
767 1041 1028 1081 comparantur
1049 1032 1094 1068 ad
1117 1041 1241 1068 actum
1263 1031 1457 1075 moralem,
1472 1032 1566 1067 sicut
1583 1042 1639 1066 ac-

54 1087 212 1123 cidentia
233 1089 322 1135 ejus,
343 1097 383 1124 ut
403 1089 542 1124 dictum
565 1097 619 1124 est
640 1089 688 1136 (q.
712 1101 742 1136 7.
762 1094 828 1124 art.
850 1089 920 1134 1.).·
955 1088 1019 1123 sed
1047 1088 1216 1123 accidens
1250 1098 1326 1122 non
1353 1086 1542 1122 constituit
1563 1097 1639 1133 spe-

53 1142 149 1178 ciem
165 1155 174 1186 ;
192 1154 281 1190 ergo
303 1143 578 1178 circumstantia
599 1155 675 1178 non
699 1143 887 1178 constituit
909 1143 1070 1190 aliquam
1084 1143 1245 1190 speciem
1262 1142 1362 1184 boni,
1383 1141 1445 1177 vel
1465 1140 1564 1176 mali.

128 1209 158 1244 3.
180 1197 420 1234 PRAETEREA.
444 1198 564 1233 Unius
584 1198 637 1233 rei
659 1209 735 1233 non
753 1206 836 1233 sunt
853 1197 974 1245 plures
997 1197 1160 1245 species:
1181 1209 1273 1232 unus
1297 1205 1421 1231 autem
1436 1204 1537 1231 actus
1555 1203 1640 1231 sunt

0 1245 2 1250 ⁸
53 1251 175 1299 plures
197 1252 511 1295 circumstantiae;
534 1264 622 1300 ergo
646 1252 922 1287 circumstantia
948 1263 1023 1287 non
1047 1252 1236 1287 constituit
1257 1260 1379 1287 actum
1401 1250 1582 1286 moralem
1601 1250 1638 1285 in

53 1305 175 1354 aliqua
194 1307 316 1354 specie
335 1307 436 1350 boni,
452 1306 512 1342 vel
528 1306 627 1342 mali.

0 1359 2 1363 ’
125 1361 203 1398 SED
229 1372 397 1399 CONTRA.
425 1362 547 1398 Locus
581 1370 636 1398 est
668 1361 943 1397 circumstantia
981 1361 1182 1408 quaedam:
1221 1360 1285 1396 sed
1317 1360 1420 1395 locus
1451 1359 1640 1394 constituit

53 1424 177 1452 actum
197 1415 380 1453 moralem
412 1416 450 1452 in
475 1416 635 1464 quadam
656 1417 778 1463 specie
805 1415 912 1451 mali:
935 1415 1047 1450 furari
1073 1416 1171 1451 enim
1200 1415 1335 1462 aliquid
1358 1415 1402 1450 de
1423 1413 1510 1449 loco
1532 1425 1638 1449 sacro

0 1492 2 1499 ι
53 1478 109 1506 est
123 1470 360 1518 sacrilegium
371 1482 479 1519 ;ergo
498 1471 774 1506 circumstantia
788 1472 975 1506 constituit
989 1479 1113 1506 actum
1127 1469 1309 1509 moralem
1324 1469 1361 1504 in
1378 1469 1498 1516 aliqua
1517 1468 1638 1516 specie

53 1524 153 1568 boni,
173 1525 235 1561 vel
254 1525 354 1561 mali.

0 1626 2 1632 Ι
124 1579 358 1616 ΒΕεΡοΝΒΕο
379 1580 588 1624 dicendum,
603 1580 702 1627 quod
724 1580 817 1616 sicut
835 1580 974 1628 species
988 1591 1111 1615 rerum
1125 1579 1346 1614 naturalium
1369 1578 1639 1614 constituuntur

53 1644 97 1670 ex
116 1634 341 1671 naturalibus
357 1634 506 1670 formis:
528 1635 579 1670 ita
599 1636 740 1682 species
759 1635 956 1670 moralium
981 1643 1128 1670 actuum
1145 1634 1415 1669 constituuntur
1433 1645 1476 1668 ex
1496 1632 1638 1675 formis,

53 1697 162 1736 prout
182 1698 267 1725 sunt
287 1702 307 1724 a
330 1690 472 1726 ratione
494 1700 707 1737 conceptae,
729 1689 823 1724 sicut
841 1701 884 1724 ex
905 1689 1122 1736 supradictis
1143 1697 1242 1736 patet
1254 1688 1332 1734 (art.
1338 1701 1367 1736 5.
1377 1689 1446 1735 huj.
1466 1687 1639 1734 q.).Quia

0 1751 2 1754 ’
52 1754 140 1779 vero
161 1752 292 1780 natura
313 1744 554 1780 determinata
576 1753 630 1780 est
651 1744 696 1779 ad
717 1756 844 1787 unum,
871 1756 939 1779 nec
967 1751 1087 1791 potest
1109 1754 1187 1778 esse
1209 1755 1402 1791 processus
1428 1751 1580 1777 naturae
1601 1741 1639 1776 in

0 1806 4 1838 ζ
51 1797 246 1842 infinitum,
267 1810 419 1835 necesse
441 1807 496 1834 est
516 1801 705 1847 pervenire
740 1799 785 1834 ad
819 1799 982 1846 aliquam
1015 1799 1185 1834 ultimam
1218 1797 1392 1840 formam,
1415 1809 1457 1832 ex
1479 1808 1550 1844 qua
1584 1808 1639 1831 su-

53 1861 173 1888 matur
190 1852 393 1889 differentia
415 1853 600 1900 specifica,
621 1862 704 1901 post
723 1865 836 1901 quam
859 1854 929 1888 alia
952 1852 1156 1888 differentia
1178 1852 1349 1900 specifica
1372 1863 1451 1887 esse
1465 1863 1541 1886 non
1559 1862 1640 1898 pos-

51 1906 107 1950 sit,
129 1915 165 1943 et
189 1907 274 1943 inde
295 1916 361 1951 est,
382 1908 481 1956 quod
507 1908 544 1943 in
571 1909 677 1944 rebus
703 1908 939 1951 naturalibus,
960 1907 1009 1950 id,
1031 1908 1129 1955 quod
1157 1916 1213 1942 est
1239 1907 1409 1942 accidens
1437 1906 1547 1941 alicui
1573 1906 1638 1949 rei,

0 1996 3 2003 ,
51 1973 127 1998 non
147 1970 268 2010 potest
289 1963 406 2010 accipi
427 1971 467 1998 ut
487 1962 691 1998 differentia
718 1964 944 1998 constituens
972 1963 1152 2010 speciem:
1181 1962 1245 1997 sed
1266 1973 1459 2009 processus
1485 1961 1639 1996 rationis

50 2028 127 2052 non
149 2025 204 2053 est
223 2018 485 2054 determinatus
522 2018 567 2053 ad
605 2018 741 2065 aliquid
768 2030 907 2061 unum;
930 2018 1004 2061 sed,
1026 2017 1190 2064 quolibet
1216 2017 1314 2059 dato,
1342 2024 1463 2064 potest
1487 2016 1638 2051 ulterius

52 2072 268 2120 procedere:
292 2081 328 2108 et
353 2073 436 2108 ideo
458 2073 556 2120 quod
581 2073 618 2107 in
645 2082 728 2108 actu
754 2085 828 2108 uno
852 2072 1029 2120 accipitur
1050 2079 1088 2107 ut
1111 2072 1384 2106 circumstantia
1406 2070 1638 2118 superaddita

53 2126 210 2173 objecto,
229 2127 329 2175 quod
347 2127 566 2163 determinat
585 2128 748 2175 speciem
776 2136 890 2170 actus,
915 2135 1036 2174 potest
1054 2126 1186 2161 iterum
1209 2126 1326 2161 accidi
1344 2137 1364 2160 a
1385 2127 1525 2160 ratione
1549 2125 1639 2160 ordi-

52 2188 162 2217 nante
182 2189 222 2216 ut
247 2181 456 2229 principalis
477 2182 642 2218 conditio
665 2183 798 2228 objecti
820 2182 1096 2216 determinantis
1123 2181 1285 2228 speciem
1307 2189 1427 2216 actus:
1456 2181 1549 2215 sicut
1572 2179 1640 2214 tol-

6 2240 12 2270 ζ
52 2233 127 2271 lere
161 2235 323 2272 alienum
357 2236 468 2272 habet
496 2237 659 2284 speciem
681 2248 724 2271 ex
745 2237 887 2271 ratione
909 2236 1037 2271 alieni:
1058 2248 1100 2271 ex
1126 2236 1199 2270 hoc
1223 2236 1322 2271 enim
1349 2235 1581 2270 constituitur
1601 2235 1638 2269 in

12 2308 13 2313 =
52 2290 174 2338 specie
193 2289 289 2326 furti.
297 2291 342 2326 Et
362 2292 393 2327 si
413 2292 664 2327 consideretur
679 2303 788 2338 super
808 2291 880 2326 hoc
903 2291 995 2326 ratio
1017 2290 1103 2333 loci,
1124 2290 1184 2325 vel
1209 2290 1398 2336 temporis,
1426 2301 1464 2325 se
1490 2289 1640 2324 habebit

8 2351 10 2354 ’
52 2343 91 2380 in
114 2345 257 2381 ratione
283 2346 596 2382 circumstantiae.
618 2346 682 2381 sed
705 2347 764 2393 qui
769 2357 789 2380 a
811 2347 902 2380 ratio
930 2346 1041 2380 etiam
1064 2345 1107 2379 de
1130 2344 1228 2387 loco,
1250 2344 1309 2379 vel
1335 2344 1379 2379 de
1400 2353 1582 2391 tempore,
1604 2352 1638 2379 et

54 2397 132 2435 aliis
155 2399 371 2447 hujusmodi
397 2401 566 2436 ordinare
596 2408 726 2447 potest,
750 2400 930 2447 contingit
952 2399 1205 2434 conditionem
1230 2398 1306 2434 loci
1328 2401 1424 2434 circa
1452 2399 1638 2445 objectum

53 2453 181 2501 accipi,
198 2462 238 2490 ut
262 2455 485 2490 contrariam
512 2454 632 2489 ordini
654 2454 816 2497 rationis,
838 2463 925 2502 puta
947 2454 1045 2501 quod
1068 2454 1161 2488 ratio
1193 2453 1339 2488 ordinat
1364 2453 1536 2500 injuriam
1562 2464 1638 2488 non

54 2518 133 2544 esse
147 2507 357 2544 faciendam
373 2509 460 2544 loco
488 2518 611 2552 sacr03
639 2509 735 2544 unde
752 2508 882 2544 tollere
904 2508 1039 2555 aliquid
1063 2508 1224 2543 alienum
1247 2509 1290 2543 de
1308 2507 1393 2543 loco
1413 2519 1518 2543 sacro
1541 2507 1639 2543 addit

53 2562 250 2610 specialem
272 2563 554 2611 repugnantiam
575 2563 620 2598 ad
643 2563 811 2598 ordinem
832 2563 1004 2598 rationis:
1021 2571 1056 2598 et
1082 2563 1165 2597 ideo
1188 2562 1304 2605 locus,
1320 2563 1382 2610 qui
1408 2563 1506 2610 prius
1523 2561 1639 2597 consi-

53 2615 246 2652 detabatut
270 2625 311 2652 ut
335 2617 621 2660 circumstantia,
639 2629 737 2653 nunc
753 2618 1004 2653 consideratur
1025 2626 1065 2652 ut
1085 2617 1296 2664 principalis
1319 2618 1481 2652 conditio
1505 2616 1638 2662 objecti

52 2670 185 2706 rationi
204 2682 422 2720 repugnans.
445 2671 490 2706 Et
510 2683 573 2719 per
593 2672 691 2706 hunc
716 2672 870 2707 modum
893 2672 1201 2719 quandocumque
1221 2671 1342 2718 aliqua
1365 2671 1638 2706 circumstantia

54 2725 200 2772 respicit
218 2726 419 2774 specialem
441 2726 609 2762 ordinem
631 2726 782 2762 rationis
803 2726 862 2761 vel
873 2733 953 2774 pro,
968 2725 1028 2761 vel
1042 2731 1170 2768 contra,
1188 2735 1344 2773 oportet,
1366 2727 1464 2773 quod
1488 2726 1639 2761 circum-

55 2782 249 2816 stantantia
269 2781 332 2816 det
351 2781 516 2828 speciem
537 2781 634 2815 actui
655 2781 790 2816 morali
810 2781 870 2816 vel
895 2781 1007 2823 bono,
1029 2780 1089 2815 vel
1111 2780 1222 2815 malo.

125 2834 188 2870 An
207 2845 361 2871 anuu
382 2846 470 2881 ergo
493 2835 701 2878 dicendum,
723 2835 821 2882 quod
838 2836 1123 2878 circumstantia,
1145 2835 1347 2870 secundum
1368 2835 1465 2882 quod
1480 2834 1542 2870 dat
1561 2846 1640 2882 spe·

55 2889 151 2924 ciem
170 2889 280 2933 actui,
300 2889 553 2926 consideratur
577 2898 617 2925 ut
641 2890 823 2937 quaedam
846 2890 1009 2926 conditio
1037 2890 1183 2936 objecti,
1217 2889 1311 2924 sicut
1344 2890 1483 2925 dictum
1506 2898 1560 2925 est
1584 2889 1638 2934 (in

55 2949 149 2991 corp.
168 2943 266 2992 art),
287 2951 324 2980 et
343 2944 447 2992 quasi
468 2943 648 2991 quaedam
675 2943 847 2991 specifica
870 2943 1074 2980 differentia
1102 2945 1190 2991 ejus.
