1907 3182
269 158 356 212 246
670 166 892 202 QUAESTIO
925 164 1062 193 XXXII.
1096 163 1341 193 ARTICULUS
1375 163 1436 192 111.

340 250 400 283 AD
417 259 589 283 TERTIUM
608 247 814 289 dicendum,
836 246 933 292 quod
949 257 1064 286 amor,
1087 252 1122 278 et
1140 243 1435 289 concupiscentia
1457 242 1739 277 delectationem
1760 253 1840 276 cau-

269 311 370 338 sant:
395 313 504 336 omne
527 302 624 335 enim
647 309 809 334 amatum
828 300 866 333 fit
888 297 1099 333 delectabile
1115 297 1262 339 amanti,
1278 308 1320 330 eo
1341 297 1438 342 quod
1460 308 1565 330 amor
1586 304 1639 330 est
1659 295 1839 342 quaedam

268 356 366 397 unio,
388 354 446 389 vel
476 353 758 388 connaturalitas
793 352 947 386 amantis
970 351 1013 384 ad
1036 358 1221 384 amatum:
1251 349 1416 383 similiter
1443 349 1553 383 etiam
1575 359 1685 382 omne
1709 359 1840 382 concu-
1883 383 1890 387 ,

268 409 383 455 pitum
406 417 459 442 est
479 406 691 441 delectabile
713 404 995 451 concupiscenti,
1024 415 1108 437 cum
1135 402 1431 448 concupiscentia
1457 402 1502 436 sit
1519 401 1713 448 praecipue
1736 412 1840 447 appe-

267 462 350 495 titus
375 460 643 495 delectationis:
667 459 729 493 sed
751 466 874 492 tamen
896 468 988 503 spes,
1007 457 1224 502 inquantum
1246 455 1420 501 importat
1441 454 1639 500 quamdam
1662 452 1840 488 certitudi-

268 525 353 548 nem
375 513 480 548 realis
503 512 728 559 praesentiae
749 511 837 545 boni
858 509 1082 551 delectantis,
1110 520 1219 555 quam
1241 520 1316 542 non
1342 508 1515 554 importat
1535 518 1602 541 nec
1630 518 1744 548 amor,
1771 517 1838 540 nec

269 566 574 613 concupiscentia,
603 565 719 610 magis
749 564 894 610 ponitur
922 574 1029 597 causa
1056 562 1319 604 delectationis,
1353 573 1463 608 quam
1497 560 1575 596 illa:
1603 568 1638 595 et
1674 559 1840 594 similiter

269 621 397 666 magis,
422 631 530 666 quam
553 618 744 660 memoria,
767 628 859 663 quae
881 624 934 650 est
956 617 998 650 de
1022 627 1077 657 60,
1101 615 1197 662 quod
1220 616 1294 661 jam
1314 615 1465 649 transiit.

830 733 1176 778 ARTICULUS
1205 733 1281 775 IV.
1647 735 1650 739 '
1776 742 1835 786 183

527 832 681 862 UTRUM
707 831 929 861 TRISTITIA
956 831 1023 860 511
1048 830 1189 860 CAUSA
1215 828 1586 859 DELECTATIONIS.

586 907 692 954 (Infr.
715 919 745 953 q.
764 919 809 953 35.
832 912 897 942 art.
916 919 944 953 5.
968 907 1011 940 ad
1032 919 1059 941 1.
1082 911 1110 940 et
1131 917 1160 951 q.
1183 906 1239 950 48.
1262 910 1325 939 art.
1347 916 1381 949 4.
1403 906 1522 951 corp).

339 992 399 1026 AD
423 1001 612 1030 QUARTUM
634 991 684 1025 sic
708 989 925 1036 proceditur.
948 989 1111 1031 Videtur,
1130 988 1227 1034 quod
1245 987 1387 1022 tristitia
1405 998 1479 1021 non
1498 987 1543 1021 sit
1561 998 1670 1020 causa
1688 985 1839 1020 delecta-

265 1045 397 1080 tionis:
427 1044 650 1078 contrarium
677 1043 775 1078 enirn
801 1054 876 1077 non
904 1050 956 1077 est
983 1054 1091 1076 causa
1120 1041 1313 1076 contrarii:
1341 1040 1404 1075 sed
1429 1040 1572 1075 tristitia
1599 1039 1839 1074 contrariatur

267 1098 524 1140 delectationi3
549 1109 635 1143 ergo
658 1108 733 1131 11011
755 1104 808 1130 est
831 1107 939 1130 causa
958 1095 1220 1130 delectationis.

338 1162 368 1185 2.
392 1151 630 1185 PRAETEREA.
655 1149 936 1184 Contrariorum
959 1149 1129 1183 contrarii
1147 1155 1230 1182 sunt
1248 1146 1413 1182 effectus:
1437 1146 1499 1181 sed
1521 1145 1749 1181 delectabilia
1767 1157 1839 1180 me-

266 1213 408 1239 morata
430 1212 513 1238 sunt
534 1215 643 1238 causa
665 1202 931 1244 delectationis;
959 1213 1046 1248 ergo
1073 1201 1187 1236 tristia
1214 1208 1418 1235 memorata
1445 1208 1528 1235 sunt
1554 1211 1663 1234 causa
1689 1199 1838 1241 doloris,

265 1266 301 1292 et
321 1270 395 1292 non
418 1257 681 1292 delectationis.

340 1323 368 1357 3.
391 1311 628 1345 PRAETEREA.
653 1310 755 1344 Sicut
784 1321 822 1343 se
849 1309 958 1343 habet
987 1308 1129 1343 tristitia
1161 1308 1205 1342 ad
1232 1307 1527 1349 delectationem,
1560 1307 1610 1341 ita
1640 1307 1767 1341 odium
1794 1307 1837 1346 ad

256 1376 446 1409 amorem:
470 1364 531 1398 sed
554 1364 679 1398 odium
705 1375 779 1397 non
802 1370 855 1396 est
876 1373 984 1396 causa
1011 1362 1158 1403 amoris,
1181 1362 1243 1395 sed
1265 1361 1381 1406 magis
1408 1371 1427 1394 e
1455 1371 1645 1402 converso,
1668 1368 1707 1394 ut
1729 1371 1836 1407 supra

265 1419 401 1452 dictum
424 1426 476 1451 est
499 1417 544 1463 (q.
566 1429 621 1463 29.
645 1422 708 1451 art.
731 1416 800 1461 2.);
825 1427 913 1461 ergo
936 1415 1078 1449 tristitia
1102 1426 1176 1449 non
1199 1422 1253 1449 est
1274 1425 1384 1448 causa
1405 1413 1667 1448 delectationis.

337 1471 411 1505 SED
434 1481 590 1505 CONTRA
613 1478 676 1511 est,
692 1469 789 1515 quod
808 1469 844 1502 in
860 1469 917 1502 Ps.
932 1478 988 1511 41.
1006 1468 1153 1502 dicitur:
1177 1469 1327 1502 Fuerunt
1347 1467 1431 1501 mihi
1449 1467 1617 1513 lacrymae
1634 1479 1724 1502 meae
1735 1474 1838 1514 panes

266 1524 328 1566 die,
358 1535 395 1558 ac
423 1529 533 1558 nocta:
561 1534 624 1569 per
650 1534 783 1569 panem
810 1530 933 1555 autem
959 1521 1108 1555 refectio
1136 1520 1387 1555 delectationis
1414 1519 1650 1566 intelligitur3
1677 1531 1765 1566 ergo
1791 1520 1839 1555 la-

264 1588 423 1623 crymae,
446 1588 536 1622 quae
560 1588 601 1610 ex
622 1575 764 1610 tristitia
786 1575 960 1616 oriuntur,
983 1574 1150 1608 videntur
1173 1585 1250 1608 esse
1274 1573 1524 1608 delectationis
1548 1585 1667 1608 causa.

336 1630 566 1664 REspos-mzo
582 1629 787 1670 dicendum,
800 1628 894 1674 quod
911 1627 1053 1662 tristitia
1067 1634 1186 1673 potest
1200 1627 1374 1674 dupliciter
1390 1627 1631 1662 considerari:
1647 1639 1712 1661 uno
1727 1627 1835 1670 modo,

264 1684 466 1719 secundum
490 1683 585 1729 quod
609 1691 662 1716 est
682 1682 718 1715 in
742 1690 841 1716 actu:
866 1682 931 1715 alio
954 1681 1063 1723 mod0,
1092 1681 1293 1715 secundum
1315 1680 1413 1726 quod
1440 1688 1494 1715 est
1518 1680 1556 1714 in
1582 1681 1781 1724 memoria3
1803 1689 1838 1716 et

264 1746 416 1782 utroque
444 1737 555 1770 modo
582 1735 725 1770 tristitia
751 1743 870 1781 potest
897 1746 974 1769 esse
1002 1733 1252 1768 delectationis
1280 1745 1401 1768 causa.
1437 1733 1601 1768 Tristitia
1627 1734 1774 1780 quidem
1800 1735 1836 1768 in

263 1798 347 1824 actu
366 1790 520 1824 existens
540 1797 592 1823 est
615 1800 723 1823 causa
742 1788 1005 1829 delectationis,
1026 1788 1242 1833 inquantum
1260 1786 1584 1821 facit.mem0riam
1603 1787 1654 1821 rei
1673 1787 1836 1830 dilectae,

263 1844 307 1877 de
331 1844 431 1888 cujus
455 1843 615 1877 absentia
638 1842 766 1888 aliquis
788 1842 958 1883 tristatur,
987 1849 1020 1875 et
1047 1849 1170 1875 tamen
1192 1841 1236 1875 de
1259 1839 1337 1875 sola
1360 1841 1436 1886 ejus
1459 1840 1748 1887 apprehensione
1776 1841 1836 1876 de-

262 1896 431 1930 lectatur:
447 1895 627 1930 memoria
643 1903 764 1929 autem
775 1895 938 1929 tristitiae
953 1894 992 1928 fit
1008 1905 1116 1928 causa
1129 1893 1390 1936 delectationis,
1401 1893 1836 1940 proptersubsequentem

262 1950 493 1983 evasionem:
513 1960 599 1982 nam
619 1960 740 1982 carere
759 1947 858 1982 malo
879 1948 1053 1994 accipitur
1067 1948 1103 1980 in
1118 1947 1257 1981 ratione
1279 1947 1386 1990 boni;
1405 1947 1500 1981 unde
1519 1947 1720 1981 secundum
1738 1947 1835 1994 quod

261 2003 377 2037 homo
406 2001 644 2048 apprehendit
670 2013 707 2035 se
735 2001 892 2036 evasisse
915 2001 956 2034 ab
986 2000 1163 2047 aliquibus
1184 2000 1355 2042 tristibus,
1383 2008 1417 2034 et
1442 2000 1636 2043 dolorosis,
1663 2001 1837 2036 accrescit

262 2055 296 2089 ei
318 2055 441 2101 gaudii
468 2055 642 2097 materia3
670 2055 871 2089 secundum
898 2054 994 2100 quod
1022 2054 1118 2099 Aug.
1141 2053 1227 2087 dicit
1250 2063 1304 2087 22.
1327 2054 1371 2087 de
1394 2053 1474 2088 Civ.
1502 2053 1572 2088 Dei
1595 2053 1735 2100 (implic.
1763 2060 1834 2101 cap.

262 2109 321 2143 ult.
341 2109 393 2143 sad
410 2114 535 2155 expres.
551 2109 609 2143 hoc
624 2108 698 2142 lmb.
721 2108 819 2154 (ἶνας.
835 2119 868 2152 4.
885 2107 1009 2142 Moral.
1030 2114 1102 2154 cap.
1112 2120 1159 2153 31.
1179 2107 1221 2141 ad
1235 2108 1293 2151 fin.
1293 2107 1326 2151 ),
1345 2107 1443 2153 quod
1461 2118 1568 2153 saepe
1582 2106 1667 2142 laeti
1679 2108 1834 2142 tristium

265 2162 513 2203 meminimus,
529 2169 563 2195 et
578 2161 655 2195 sani
671 2161 841 2196 dolorum
856 2161 931 2195 sine
951 2160 1089 2203 dolore,
1106 2168 1140 2195 et
1154 2160 1237 2194 inde
1254 2160 1409 2207 amplius
1422 2160 1519 2203 laeti,
1535 2168 1570 2195 et
1583 2161 1676 2206 grati
1697 2172 1832 2196 sumus.

264 2215 308 2249 Et
329 2215 364 2249 in
387 2215 418 2248 8.
443 2214 550 2249 Conf.
574 2214 660 2248 dicit
681 2215 770 2260 (cap.
789 2227 816 2261 3.
841 2219 908 2248 ant.
928 2214 1040 2258 mad),
1067 2213 1162 2260 quod
1186 2222 1322 2260 quanto
1345 2214 1462 2260 majus
1482 2213 1548 2248 fuit
1568 2213 1771 2260 periculum
1797 2214 1834 2248 in

262 2267 412 2315 praelio,
434 2275 535 2301 tanto
559 2268 674 2312 majus
697 2268 764 2302 erit
785 2267 959 2313 gaudium
977 2267 1013 2301 in
1035 2267 1232 2314 triumpho.

334 2321 394 2355 AD
418 2331 567 2355 PRIMUM
589 2332 676 2366 ergo
696 2320 902 2362 dicendum,
922 2320 1019 2366 quod
1035 2321 1257 2354 contrarium
1276 2321 1495 2367 quandoque
1512 2331 1576 2367 per
1594 2320 1762 2355 accidens
1781 2328 1833 2355 est

263 2385 373 2408 causa
401 2374 593 2408 contrarii:
622 2374 715 2408 sicut
740 2373 912 2419 frigidum
940 2373 1157 2420 quandoque
1186 2373 1362 2416 calefacit,
1390 2381 1428 2407 ut
1454 2373 1584 2408 dicitur
1605 2374 1640 2407 in
1663 2373 1695 2408 8.
1722 2373 1831 2420 Phys.

263 2428 341 2472 (tex.
364 2427 436 2472 3.);
461 2435 495 2460 et
517 2425 682 2461 similiter
702 2427 844 2460 tristitia
866 2438 929 2472 per
951 2427 1119 2461 accidens
1139 2435 1192 2461 est
1211 2426 1461 2461 delectationis
1483 2437 1603 2469 causa,
1618 2426 1852 2473 inquantum'

263 2480 301 2515 sit
322 2492 384 2526 per
406 2491 487 2514 eam
510 2480 750 2526 apprehensio
774 2479 924 2525 alicujus
948 2479 1181 2514 delectabilis.

333 2534 392 2567 AD
416 2543 622 2568 SECUNDUM
646 2533 851 2574 dicendum,
874 2533 971 2579 quod
993 2533 1106 2567 tristia
1128 2541 1344 2575 memorata,
1365 2533 1581 2579 inquantum
1603 2541 1687 2567 sunt
1706 2533 1831 2576 tristia,

263 2595 298 2621 et
319 2585 589 2620 delectabilibus
612 2585 802 2630 contraria,
822 2597 896 2620 non
920 2594 1070 2620 causant
1091 2586 1384 2628 delectationem,
1403 2587 1465 2621 sed
1483 2586 1698 2633 inquantum
1717 2587 1760 2620 ab
1780 2586 1831 2621 eis

262 2640 377 2674 homo
401 2639 581 2681 liberatur,
604 2646 638 2672 et
660 2638 824 2673 similiter
847 2639 1024 2673 memoria
1047 2638 1315 2674 delectabilium
1339 2651 1381 2674 ex
1403 2650 1447 2674 eo
1466 2640 1564 2686 quod
1585 2648 1668 2674 sunt
1687 2640 1830 2682 amissa,
1859 2641 1861 2644 “

262 2701 382 2739 potest
401 2704 549 2726 causare
571 2700 763 2726 tristitiam.

334 2746 394 2780 AD
415 2755 586 2780 'rnRTi'cM
609 2745 816 2786 dicendum,
831 2745 928 2790 quod
951 2745 1076 2779 odium
1100 2746 1209 2780 etiam
1228 2757 1290 2792 per
1308 2745 1476 2780 accidens
1494 2753 1613 2792 potest
1626 2757 1703 2780 esse
1722 2756 1831 2781 causa
1857 2741 1860 2745 ’

263 2799 417 2839 amoris;
440 2806 546 2844 prout
567 2797 704 2832 scilicet
727 2797 836 2844 aliqui
856 2797 1009 2843 diligunt
1027 2810 1075 2839 se,
1092 2799 1305 2844 inquantum
1325 2799 1547 2833 conveniunt
1564 2800 1600 2833 in
1619 2799 1704 2833 odio
1725 2799 1829 2833 unius

264 2860 298 2886 et
319 2852 491 2897 ejusdem.
