1875 3198
235 204 322 246 810
625 217 842 251 QUAESTIO
877 217 960 246 CVI.
996 215 1238 245 ARTICULUS
1271 215 1329 244 IV.

234 297 413 331 tissimum
435 309 489 331 est·
507 297 638 339 dicere,
660 298 755 344 quod
778 297 1017 343 Evangelium
1038 296 1173 331 Christi
1191 307 1265 330 non
1287 296 1331 330 sit
1345 296 1584 342 Evangelium
1598 297 1716 343 regni:
1731 297 1793 332 sed

233 351 452 396 praedicatio
475 351 663 397 Evangelii
686 351 820 385 Christi
843 359 961 397 potest
982 350 1135 395 intelligi
1156 350 1341 396 dupliciter.
1364 350 1435 384 Uno
1450 349 1545 384 modo
1561 358 1736 396 quantum
1750 350 1794 384 ad

234 404 519 450 divulgationem
538 405 686 439 notitiae
715 404 868 438 Christi:
897 412 931 438 et
956 404 1005 438 sic
1034 403 1281 450 praedicatum
1307 402 1372 437 fuit
1397 402 1637 449 Evangelium
1657 403 1694 437 in
1720 405 1795 438 uni-

233 468 337 491 verso
360 458 458 500 orbe,
481 458 590 492 etiam
611 466 774 503 tempore
794 457 1070 502 Apostolorum,
1085 465 1123 491 ut
1137 457 1267 502 Chrys.
1283 456 1369 490 dicit
1383 455 1486 500 (hom.
1509 457 1563 503 76.
1585 458 1620 491 in
1635 458 1794 497 Matth.):

235 518 269 545 et
289 511 487 545 secundum
509 512 579 545 hoc
604 511 699 556 quod
723 510 880 544 additur:
903 511 945 544 Et
967 516 1044 545 time
1066 512 1127 544 erit
1148 511 1396 552 consummatio,
1419 509 1629 556 intelligitur
1654 510 1726 544 hoc
1751 510 1795 544 de

234 563 477 598 destructione
501 564 739 606 Hierusalem,
760 563 803 597 de
822 575 892 609 qua
912 571 997 598 tunc
1014 563 1057 597 ad
1072 563 1213 597 literam
1235 563 1458 609 loquebatur.
1475 564 1554 598 Alio
1569 563 1664 598 modo
1678 570 1796 610 potest

234 617 387 663 intelligi
409 618 627 663 praedicatio
648 616 835 662 Evangelii
853 617 889 650 in
911 618 1079 650 universo
1100 617 1185 651 orbe
1207 628 1291 650 cum
1312 615 1422 662 pleno
1441 615 1583 659 effectu,
1597 617 1646 650 ita
1659 616 1797 651 scilicet

234 671 330 716 quod
353 671 389 704 in
412 670 569 717 qualibet
591 678 696 716 gente
717 669 884 704 fundetur
905 669 1088 704 Ecclesia:
1112 679 1147 704 et
1166 670 1227 711 ita,
1253 669 1346 703 sicut
1373 669 1458 703 dicit
1483 670 1637 716 August.
1665 670 1701 704 in
1727 670 1798 716 epi-

233 723 326 758 stola
348 724 403 769 78.
428 724 469 757 ad
495 724 664 770 Hesych,
684 723 827 757 nondun
849 728 892 758 est
907 723 1138 770 praedicatum
1160 723 1382 769 Evangelium
1402 724 1438 758 in
1456 725 1609 758 universo
1631 724 1718 766 orbe,
1734 724 1795 758 sed

233 777 304 811 hoc
326 776 434 819 facto,
453 777 573 811 veniet
595 778 862 811 consummatio
882 777 1018 811 mundi.

744 1034 1099 1095 QUAESTIO
1142 1034 1291 1082 CVII.

398 1159 461 1190 DE
500 1158 872 1189 COMPARATIONE
910 1158 1047 1190 LEGIS
1085 1158 1250 1190 NOVAE
1287 1159 1353 1189 AD
1391 1158 1629 1197 VETEREM,

601 1230 652 1260 IN
691 1229 919 1269 QUATUOR
956 1229 1217 1261 ARTICULOS
1256 1230 1431 1262 DIVISA.

307 1362 449 1398 Deinde
464 1363 767 1398 considerandum
786 1371 838 1397 est
853 1363 895 1398 de
911 1363 1184 1410 comparatione
1198 1363 1287 1410 legis
1302 1374 1420 1398 novae
1433 1363 1478 1398 ad
1491 1363 1612 1410 legem
1625 1372 1797 1399 veterem.

701 1453 746 1487 Et
764 1454 854 1487 circa
872 1453 930 1487 hoc
952 1458 1158 1498 quaeruntur
1179 1458 1331 1499 quatuor.

306 1523 441 1557 Primo.
465 1523 596 1557 Utrum
616 1522 671 1557 lex
693 1534 788 1557 nova
810 1523 854 1557 sit
876 1523 944 1558 alia
966 1523 1023 1557 lex
1046 1535 1065 1557 a
1086 1523 1166 1569 lege
1188 1523 1311 1558 veteri.

306 1576 487 1611 Secundo.
510 1577 643 1611 Utrum
664 1576 720 1611 lex
741 1588 836 1611 nova
858 1576 1008 1623 impleat
1028 1585 1199 1611 veterem.

307 1629 444 1664 Tertio.
468 1631 598 1665 Utrum
620 1630 677 1664 lex
699 1642 793 1664 nova
814 1631 1040 1665 contineatur
1060 1631 1097 1664 in
1118 1630 1241 1665 veteri.

307 1683 461 1725 Quarto.
486 1684 591 1725 Quae
614 1684 658 1718 sit
679 1684 842 1730 gravior:
865 1692 985 1718 utrum
1007 1684 1064 1718 lex
1084 1695 1192 1726 nova,
1213 1683 1273 1718 vel
1289 1691 1402 1718 vetus.

811 1828 1155 1873 ARTICULUS
1190 1828 1222 1871 Ι.
1732 1836 1796 1884 568

486 1936 639 1967 UTRUM
671 1936 755 1966 LEX
786 1936 907 1966 NOVA
940 1937 1007 1966 SIT
1041 1936 1142 1966 ALIA
1174 1937 1200 1965 A
1233 1936 1344 1966 LEGE
1376 1935 1548 1966 VETERI.

625 2024 740 2071 (Stcpr.
768 2036 797 2070 q.
821 2037 868 2071 51.
896 2029 960 2059 art.
984 2036 1011 2070 5.
1039 2030 1068 2059 εἰ
1095 2024 1171 2059 Gal.
1198 2036 1225 2060 I·
1253 2024 1322 2059 lect.
1350 2025 1408 2069 2.).

306 2114 365 2148 AD
392 2125 540 2149 PRIMUM
574 2115 623 2149 sic
652 2115 867 2160 proceditur.
895 2114 1057 2156 Videtur,
1085 2114 1181 2160 quod
1208 2113 1264 2148 lex
1291 2125 1386 2148 nova
1412 2123 1485 2148 non
1507 2112 1553 2147 sit
1578 2111 1647 2146 alia
1673 2123 1692 2146 a
1717 2110 1799 2158 lege

235 2167 365 2202 veteri:
389 2176 538 2214 utraque
562 2168 659 2202 enim
682 2168 735 2202 lex
760 2169 862 2202 datur
884 2168 991 2202 fidem
1014 2168 1084 2202 Dei
1105 2168 1330 2209 habentibus,
1351 2167 1435 2214 quia
1455 2168 1522 2202 sinc
1539 2166 1601 2211 fide
1622 2171 1667 2201 est
1684 2167 1801 2213 impos-

235 2221 324 2255 sibile
344 2222 474 2267 phiram
497 2223 580 2264 Duo,
603 2230 640 2255 ut
663 2222 790 2255 dicitur
818 2222 924 2256 Hebr.
961 2233 1031 2255 11.:
1058 2222 1120 2255 scd
1147 2221 1275 2255 eadem
1302 2220 1389 2255 fides
1417 2228 1470 2255 est
1497 2220 1739 2266 antiquorum,
1766 2228 1801 2254 et

237 2274 509 2317 modernorum,
529 2283 566 2308 ut
587 2275 715 2308 dicitur
737 2275 771 2308 in
795 2275 915 2309 Closs.
938 2275 1065 2309 Matth.
1089 2285 1164 2318 21.;
1188 2286 1275 2321 crgo
1298 2275 1407 2309 etiam
1429 2282 1482 2308 est
1504 2273 1631 2308 eadem
1653 2273 1719 2308 lex.

309 2338 338 2361 2.
362 2328 596 2362 Palm-rrum.
621 2329 844 2373 Augustinus
867 2329 952 2362 dicit
978 2329 1012 2362 in
1040 2329 1131 2362 libro
1159 2337 1285 2362 contra
1312 2328 1573 2362 Adamantium
1595 2326 1801 2361 Manichaei

237 2381 452 2426 discipulum
483 2382 569 2428 (cup.
592 2383 670 2427 17.),
695 2383 789 2427 quoti
813 2384 921 2416 lim-vis
947 2382 1130 2427 ‹Itfflrentia
1158 2382 1263 2427 Legis,
1291 2387 1321 2416 ct
1347 2381 1523 2426 Evangelii
1543 2385 1587 2416 cst
1620 2381 1746 2422 Timor,
1772 2385 1802 2415 ct

237 2435 367 2469 Amor:
391 2435 451 2469 sed
474 2435 674 2469 secundum
694 2435 783 2468 haec
808 2436 878 2469 duo
902 2447 996 2469 nova
1019 2435 1087 2477 lex,
1113 2444 1146 2469 ct
1167 2443 1268 2469 vetus
1292 2434 1524 2469 diversificari
1545 2445 1619 2468 non
1634 2442 1801 2480 possunt3

237 2488 318 2533 quia
339 2490 447 2522 ctiam
467 2489 502 2522 in
524 2489 636 2523 veteri
664 2488 742 2533 lege
767 2498 1017 2534 proponuntur
1041 2497 1230 2535 praecepta
1257 2488 1450 2531 charitatis,
1474 2488 1559 2522 Lev.
1587 2498 1656 2534 19.:
1677 2487 1802 2533 Diliges

232 2543 426 2588 proximan!
451 2542 630 2587 (micum)
655 2547 744 2576 tuum
757 2555 766 2576 .·
783 2551 815 2575 ct
831 2543 937 2577 Dent.
953 2546 1003 2577 (xz
1027 2543 1149 2587 Diliges
1172 2543 1356 2576 Dominum
1374 2543 1482 2576 Deum
1507 2547 1598 2576 tuum
1614 2553 1624 2575 :
1639 2540 1803 2575 similiter

237 2595 345 2629 ctiam
369 2595 601 2630 diversificari
623 2607 697 2629 non
720 2605 869 2641 possunt
892 2607 953 2641 per
977 2596 1084 2629 aliam
1109 2595 1360 2637 differentiam,
1382 2606 1491 2642 quam
1515 2594 1738 2640 Augustinus
1753 2604 1803 2627 as-

237 2649 354 2693 signat
377 2658 501 2683 contra
525 2649 694 2683 Faustum
719 2649 792 2693 (lib.
815 2661 846 2692 4.
867 2656 937 2695 cap.
959 2651 1032 2694 11),
1056 2649 1152 2694 quod
1175 2658 1277 2684 vetus
1299 2656 1554 2683 testamentum
1577 2647 1702 2682 habuit
1724 2658 1802 2693 pro-

238 2703 346 2736 missa
369 2702 595 2749 temporalia,
618 2714 753 2736 novum
770 2711 1025 2736 testamentum
1043 2703 1150 2736 habet
1173 2702 1349 2748 promissa
1364 2700 1573 2748 spiritualia,
1589 2709 1623 2735 et
1637 2709 1801 2742 aeterna3

239 2756 320 2801 quia
351 2756 458 2790 ctiam
493 2756 527 2789 in
555 2767 651 2789 novo
687 2764 902 2790 testaiiicuto
941 2756 1197 2801 promittuntur
1224 2756 1341 2802 aliqua
1369 2755 1546 2802 promissa
1572 2753 1801 2801 temporalia,

239 2809 436 2843 secundum
462 2809 546 2842 illud
570 2809 681 2843 Marc.
711 2820 779 2844 10.:
805 2810 986 2855 decipietis
1007 2811 1121 2843 antiss
1144 2815 1272 2844 tantum
1301 2810 1333 2843 ιἰι
1361 2814 1503 2856 tempore
1529 2808 1599 2850 hoc,
1627 2807 1748 2850 domos,
1774 2811 1803 2841 e!

238 2862 370 2905 fratres,
394 2871 480 2897 etc:
505 2871 538 2897 ct
560 2862 593 2896 in
621 2863 732 2897 veteri
759 2870 975 2897 testamento
1003 2863 1236 2908 sperabantur
1258 2862 1433 2908 promissa
1456 2860 1664 2908 spiritualia,
1690 2868 1725 2896 et
1750 2871 1803 2894 ae-

239 2923 350 2955 terna.
374 2917 572 2950 secundum
597 2915 682 2950 illud
707 2917 749 2951 ad
775 2916 880 2950 lchr.
910 2927 978 2950 11.:
1010 2916 1104 2950 Num·
1132 2922 1240 2950 autem
1270 2915 1434 2950 meliorem
1456 2915 1609 2963 patriam
1636 2917 1801 2962 appetunt,
