1875 3198
184 200 270 254 664
613 211 838 246 QUAEsrlo
872 210 998 239 xcm.
1027 209 1273 240 ARTICULUS
1307 209 1365 239 1v.

734 367 1080 412 ARTICULUS
1116 368 1192 411 IV.
1681 388 1748 426 495

211 476 365 506 UTRUM
390 475 670 515 NECESSARIA,
697 476 752 504 ET
780 475 983 506 AETERNA
1010 475 1319 517 SUBJICIANTUR
1346 475 1446 504 LEGI
1474 475 1719 505 AETERNAE.

314 570 421 615 (Part.
444 583 471 605 1.
494 582 523 616 q.
552 582 605 604 22.
628 575 693 604 art.
721 581 752 604 2.
775 569 817 604 ad
839 582 867 616 3.
895 574 922 604 et
944 574 1008 604 art.
1030 581 1063 614 4.
1091 569 1133 603 ad
1150 582 1178 615 3.
1201 574 1231 604 et
1251 581 1280 615 q.
1299 581 1367 615 103.
1389 573 1453 604 art.
1482 582 1509 604 Ι.
1532 568 1574 603 ad
1591 581 1620 616 3.
1867 588 1875 627 fl

705 628 734 658 et
752 635 817 658 2-2.
841 635 870 669 q.
889 634 946 670 49.
969 628 1032 657 art.
1053 623 1086 658 6.
1106 623 1228 670 corp).
1870 634 1875 644 *

252 719 313 753 AD
336 728 524 757 QUARTUM
552 717 602 751 sic
630 717 848 764 proceditur.
870 716 1034 759 Videtur,
1063 717 1159 762 quod
1181 715 1398 758 necessaria,
1421 722 1455 749 et
1477 723 1622 749 aeterna
1648 715 1753 761 subji-

181 772 320 806 ciantur
341 771 414 817 legi
437 779 621 805 aeternae:
646 782 756 805 omne
777 771 886 812 enim,
909 770 1005 816 quod
1027 769 1242 804 rationabile
1257 777 1321 811 est,
1335 769 1468 803 rationi
1488 769 1668 803 subditur:
1689 769 1750 803 sed

179 825 347 859 voluntas
369 825 489 858 divina
513 832 565 858 est
586 823 822 866 rationabilis,
846 835 929 858 cum
951 823 997 857 sit
1017 824 1129 869 justa3
1152 834 1239 868 ergo
1258 822 1391 856 rationi
1412 822 1593 856 subditur:
1617 823 1679 856 sed
1693 822 1751 857 lex

181 887 325 913 aeterna
348 886 400 912 est
420 879 512 912 ratio
535 878 673 920 divina;
696 889 783 923 ergo
806 877 974 911 voluntas
996 877 1066 911 Dei
1087 877 1248 911 subditur
1270 876 1343 922 legi
1370 883 1555 910 aeternae:
1583 875 1753 911 voluntas

181 940 299 966 autem
310 932 379 966 Dei
395 940 449 966 est
464 932 598 978 aliquid
615 939 819 973 aeternum3
832 942 919 977 ergo
935 931 1043 965 etiam
1060 939 1217 972 aeterna,
1229 938 1263 964 et
1277 929 1482 964 necessaria
1495 928 1569 976 legi
1583 937 1752 964 aeternae

179 986 388 1020 subduntur.

250 1049 281 1073 2.
298 1039 536 1073 PRAETERssa.
558 1038 745 1084 Quidquid
768 1037 952 1083 subjicitur
968 1039 1055 1083 regi,
1071 1037 1257 1082 subjicitur
1270 1036 1344 1083 legi
1363 1037 1473 1083 regis:
1490 1036 1601 1071 Filius
1617 1045 1752 1080 autern,

179 1100 216 1127 ut
243 1092 373 1126 dicitur
403 1103 431 1126 1.
460 1092 546 1126 Cor.
579 1103 650 1136 15,
675 1093 840 1137 subjectus
865 1093 927 1125 erit
953 1092 1038 1133 Deo,
1061 1095 1089 1125 et
1107 1092 1215 1132 Patri,
1240 1102 1315 1125 cum
1341 1090 1519 1125 tradiderit
1539 1092 1569 1125 ei
1589 1102 1749 1136 regnum,-

179 1157 266 1192 ergo
289 1145 410 1187 Filius,
433 1145 494 1191 qui
516 1153 568 1179 est
591 1153 768 1186 aeternus,
787 1145 975 1189 subjicitur
992 1143 1066 1190 legi
1088 1151 1266 1178 aeternae.

253 1211 282 1245 3.
305 1200 543 1233 PRAETEREA.
568 1199 642 1232 Lex
666 1207 811 1232 aeterna
834 1206 886 1232 est
907 1198 999 1232 ratio
1023 1198 1164 1231 divinae
1187 1197 1455 1243 providentiae:
1479 1197 1541 1231 sed
1565 1197 1678 1231 multa
1693 1209 1753 1232 ne-

178 1253 334 1288 cessaria
356 1253 555 1286 subduntur
577 1252 720 1286 divinae
736 1252 997 1298 providentiae,
1013 1251 1105 1286 sicut
1126 1250 1377 1296 permanentia
1399 1250 1682 1285 substantiarum
1700 1251 1752 1285 in-

179 1305 437 1352 corporalium,
460 1313 495 1340 et
522 1317 721 1352 corporum
753 1305 989 1347 coelestium,
1013 1316 1100 1351 ergo
1122 1304 1195 1351 legi
1218 1312 1386 1338 aeternae
1415 1304 1615 1338 subduntur
1641 1305 1751 1339 etiam

177 1359 392 1395 necessaria.

251 1413 325 1448 SED
349 1423 515 1448 CONTRA.
539 1413 590 1446 Ea
613 1423 704 1458 quae
727 1420 810 1446 sunt
838 1412 1055 1454 necessaria,
1085 1410 1310 1458 impossibile
1333 1419 1386 1445 est
1407 1410 1510 1445 aliter
1536 1423 1574 1446 se
1595 1411 1750 1446 habere:

177 1467 271 1501 unde
295 1467 519 1501 cohibitione
541 1477 616 1500 non
646 1466 824 1511 indigent:
848 1466 910 1499 sed
933 1466 1132 1511 imponitur
1160 1464 1305 1499 homini
1330 1464 1398 1506 lex,
1425 1473 1464 1498 ut
1486 1465 1701 1499 cohibeatur
1728 1477 1748 1499 a

177 1521 294 1563 malis,
316 1529 355 1555 ut
377 1533 419 1555 ex
441 1521 656 1567 supradictis
678 1528 776 1566 patet
798 1521 844 1566 (q.
868 1532 922 1566 92.
945 1525 1011 1554 art.
1034 1520 1103 1564 2.);
1127 1530 1214 1565 ergo
1238 1530 1280 1553 ea
1306 1530 1398 1565 quae
1425 1526 1507 1553 sunt
1532 1519 1751 1562 necessaria,

176 1574 249 1621 legi
269 1586 344 1609 non
367 1574 578 1609 subduntur.

248 1629 478 1663 RESPONDEO
502 1628 708 1669 dicendum,
736 1627 845 1673 quod,
868 1627 960 1661 sicut
982 1638 1089 1672 supra
1111 1626 1249 1660 dictum
1271 1634 1325 1660 est
1347 1626 1429 1671 (art.
1452 1638 1479 1661 1.
1507 1626 1577 1672 huj.
1603 1627 1663 1672 q.)‚
1691 1625 1750 1661 lex

177 1690 323 1716 aeterna
349 1690 402 1716 est
420 1681 510 1715 ratio
543 1681 685 1715 divinae
709 1680 1000 1726 gubernationis;
1024 1690 1276 1726 quaecumque
1299 1690 1385 1725 ergo
1408 1679 1550 1714 divinae
1578 1681 1754 1726 guberna-

175 1736 267 1770 tioni
288 1735 498 1776 subduntur,
529 1735 769 1781 subjiciuntur
799 1734 908 1768 etiam
936 1733 1006 1779 legi
1039 1741 1226 1768 aeternae:
1259 1744 1350 1779 quae
1377 1744 1464 1767 vero
1493 1734 1748 1780 gubernationi

177 1797 343 1823 aeternae
370 1800 444 1822 non
471 1788 682 1830 subduntur,
704 1799 822 1833 neque
845 1787 917 1833 legi
944 1795 1112 1821 aeternae
1135 1787 1345 1821 subduntur.
1375 1787 1518 1821 Horum
1553 1795 1674 1822 autem
1702 1788 1751 1822 di-

175 1842 318 1877 stinctio
347 1842 482 1876 attendi
503 1849 621 1888 potest
643 1853 685 1875 ex
706 1842 774 1883 his,
798 1852 889 1887 quae
909 1841 1005 1875 circa
1032 1852 1100 1874 nos
1130 1848 1227 1875 sunt:
1246 1840 1431 1874 humanae
1455 1841 1552 1874 enim
1572 1841 1749 1886 guberna-

174 1896 266 1930 tioni
287 1896 486 1930 subduntur
508 1907 561 1937 ea,
584 1907 676 1941 quae
698 1907 761 1941 per
782 1895 952 1928 homines
974 1894 1049 1928 fieri
1072 1902 1248 1940 possunt:
1277 1905 1368 1940 quae
1394 1905 1483 1928 vero
1512 1894 1556 1928 ad
1582 1903 1749 1929 naturam

174 1950 335 1984 hominis
358 1950 547 1995 pertinent,
567 1960 641 1982 non
657 1949 858 1983 subduntur
872 1948 1126 1994 gubernationi
1140 1948 1324 1982 humanae
1337 1960 1344 1990 ;
1359 1947 1498 1982 scilicet
1520 1948 1617 1994 quod
1631 1948 1749 1983 homo

174 2004 307 2038 habeat
329 2003 502 2045 animam,
524 2002 583 2037 vel
605 2014 768 2044 manum,
800 2010 861 2036 aut
889 2002 1008 2048 pedes.
1041 2002 1101 2035 Sic
1128 2001 1237 2047 igitur
1258 2000 1331 2047 legi
1358 2009 1525 2036 aeternae
1547 2002 1748 2037 subduntur

176 2058 310 2099 omnia,
332 2068 424 2102 quae
446 2065 529 2091 sunt
550 2057 586 2089 in
608 2057 713 2090 rebus
737 2068 755 2089 a
777 2056 859 2090 Deo
883 2056 1022 2097 creatis,
1045 2055 1120 2089 sive
1139 2055 1210 2089 sint
1232 2055 1492 2101 contingentia,
1511 2056 1586 2090 sive
1606 2056 1675 2091 sint
1688 2068 1751 2091 ne-

175 2111 348 2145 cessaria:
373 2122 414 2144 ea
436 2121 536 2151 vero,
559 2121 650 2156 quae
674 2110 827 2156 pertinet
850 2109 892 2143 ad
915 2117 1095 2151 naturam,
1116 2108 1175 2143 vel
1193 2109 1388 2143 essentiam
1411 2109 1583 2151 divinam,
1601 2109 1674 2156 legi
1693 2121 1748 2144 ae-

174 2172 297 2198 ternae
319 2175 392 2197 non
416 2164 626 2205 subduntur,
650 2164 710 2197 sed
734 2171 817 2197 sunt
838 2162 982 2197 realiter
1003 2163 1080 2208 ipsa
1102 2162 1158 2197 lex
1181 2170 1339 2197 aeterna.

245 2217 305 2252 AD
328 2228 477 2252 PRIMUM
501 2228 588 2262 ergo
617 2217 824 2258 dicendum,
852 2217 949 2262 quod
976 2216 1020 2250 de
1046 2215 1234 2250 voluntate
1256 2216 1327 2250 Dei
1353 2216 1530 2264 dupliciter
1551 2228 1745 2263 possumus

173 2271 292 2317 loqui:
316 2282 380 2305 uno
402 2270 497 2304 modo
520 2278 695 2316 quantum
718 2271 761 2304 ad
781 2271 896 2316 ipsam
919 2270 1169 2305 voluntatem:
1193 2279 1228 2304 et
1249 2270 1299 2304 sic
1320 2282 1404 2304 cum
1422 2270 1591 2305 voluntas
1612 2271 1683 2305 Dei
1701 2271 1747 2306 sit

172 2325 250 2371 ipsa
272 2324 427 2359 essentia
442 2325 530 2369 ejus,
545 2335 619 2357 non
635 2324 796 2357 subditur
812 2324 1064 2369 gubernationi
1076 2324 1230 2365 divinae,
1248 2335 1366 2370 neque
1387 2323 1460 2370 legi
1480 2331 1663 2366 aeternae;
1682 2325 1744 2359 sed

173 2378 271 2413 idem
293 2386 357 2420 est,
381 2378 477 2423 quod
500 2377 556 2411 lex
580 2385 744 2411 aeterna:
773 2378 839 2411 ulio
867 2377 963 2411 motio
991 2388 1184 2423 possumus
1211 2376 1313 2423 loqui
1340 2377 1383 2412 de
1410 2377 1597 2412 voluntate
1624 2378 1744 2412 divina

174 2440 349 2478 quantum
373 2432 416 2465 ad
438 2431 526 2477 ipsa,
549 2442 640 2476 quae
656 2431 756 2464 Deus
778 2430 854 2464 vult
873 2431 968 2464 circa
988 2439 1189 2473 creatura33
1212 2442 1303 2477 quae
1323 2431 1468 2477 quidem
1484 2431 1645 2477 subjecta
1663 2440 1746 2466 sunt

173 2485 245 2531 legi
260 2493 440 2526 aeternae,
456 2485 669 2530 inquantum
685 2484 818 2517 horum
834 2484 925 2518 ratio
941 2492 993 2518 est
1008 2485 1043 2518 in
1058 2484 1178 2518 divina
1194 2484 1387 2530 sapientia:
1409 2492 1443 2519 et
1455 2485 1595 2519 ratione
1609 2485 1743 2520 horum

172 2538 341 2573 voluntas
356 2538 425 2572 Dei
441 2538 571 2572 dicitur
593 2537 834 2573 rationabilis:
859 2537 1019 2583 alioquin
1042 2538 1181 2572 ratione
1196 2538 1250 2571 sui
1264 2538 1375 2584 ipsius
1391 2539 1508 2584 magis
1523 2546 1576 2573 est
1590 2539 1743 2574 dicenda

172 2593 249 2639 ipsa
272 2593 375 2626 ratio.

244 2647 304 2680 AD
327 2656 535 2680 SECUNDUM
558 2645 764 2686 dicendum,
787 2644 883 2690 quod
902 2644 1012 2678 Filius
1034 2644 1103 2679 Dei
1126 2656 1200 2678 non
1223 2653 1276 2679 est
1297 2657 1314 2680 a
1338 2645 1419 2680 Deo
1442 2645 1568 2688 factus,
1596 2646 1657 2680 sed
1685 2657 1744 2680 na-

172 2699 333 2734 turaliter
356 2700 397 2733 ab
423 2700 499 2745 ipso
523 2701 682 2745 genitus;
706 2706 739 2732 et
761 2699 843 2732 idco
866 2709 938 2731 non
962 2699 1123 2732 subditur
1145 2698 1288 2733 divinae
1310 2699 1572 2745 providentiae,
1591 2708 1652 2734 aut
1671 2699 1742 2746 legi

174 2761 353 2795 aeternae,
376 2753 437 2787 sed
461 2754 577 2797 magis
600 2753 675 2799 ipse
698 2760 751 2786 est
772 2751 827 2786 lex
851 2760 994 2785 aeterna
1018 2763 1080 2797 per
1106 2752 1303 2798 quamdam
1331 2753 1676 2799 appropriationem,
1704 2761 1742 2788 ut

173 2815 270 2853 patet
288 2818 351 2853 per
369 2807 453 2851 Aug
484 2807 519 2840 in
537 2806 595 2840 lib.
617 2806 659 2840 de
680 2805 775 2840 Vera
799 2805 914 2849 Relig.
935 2806 1020 2851 (cup.
1038 2805 1101 2851 31.)
1115 2818 1124 2839 .·
1148 2805 1278 2839 dicitur
1300 2814 1422 2840 autem
1454 2817 1532 2841 csse
1558 2807 1740 2852 subjectus

172 2861 270 2895 Patri
299 2860 437 2895 ratione
467 2861 650 2894 humanae
680 2868 841 2901 naturae,
867 2859 1069 2893 secundum
1103 2870 1212 2905 quam
1241 2859 1350 2894 etiam
1378 2860 1484 2895 Pater
1505 2860 1635 2894 dicitur
1661 2871 1742 2895 esse

172 2915 291 2960 major
313 2925 368 2948 eo.
