1907 3182
257 196 342 250 438
665 207 888 242 QUAESTIO
924 207 1042 236 Lxm.
1076 207 1320 237 ARTICULUS
1353 207 1409 236 iv.

326 289 385 324 AD
412 300 560 324 PRIMUM
583 300 669 335 ergo
693 289 897 330 dicendum,
921 289 1016 334 quod
1043 288 1153 322 virtus
1179 287 1306 330 infusa,
1335 296 1369 322 et
1397 288 1570 334 acquisita
1595 299 1670 322 non
1695 288 1816 323 solum

255 341 423 376 differunt
444 342 641 376 secundum
657 342 822 376 ordinem
845 342 888 375 ad
903 342 1072 375 ultimum
1094 341 1215 382 finem,
1237 342 1299 375 sed
1318 341 1427 375 etiam
1437 341 1638 375 secundum
1651 342 1816 376 ordinem

256 396 298 429 ad
320 396 465 441 propria
487 396 640 440 objecta,
663 403 700 429 ut
721 395 857 428 dictum
880 402 933 428 est
954 395 1006 440 (in
1028 400 1119 441 corp.
1142 395 1236 439 art).

325 448 384 482 AD
404 459 610 483 SECUNDUM
632 448 837 489 dicendum,
859 448 955 494 quod
980 447 1047 482 alia
1069 448 1208 482 ratione
1224 447 1408 481 modificat
1427 448 1738 494 concupiscentias
1760 448 1817 482 de-

253 501 474 535 lectabilium
496 511 611 536 tactus
633 502 870 547 temperantia
893 502 1078 547 acquisita,
1101 509 1135 535 et
1152 501 1388 547 temperantia
1410 500 1538 543 infusa,
1560 509 1598 536 ut
1611 501 1747 536 dictum
1762 509 1816 536 est

256 555 305 599 (in
327 562 415 601 corp.
438 558 540 600 art.);
562 555 655 589 unde
677 566 751 588 non
773 555 882 588 habet
904 555 1073 588 eumdem
1097 562 1228 588 actum.

322 609 381 642 AD
404 619 574 643 TERTIUM
597 608 802 649 dicendum,
833 608 929 653 quod
952 607 1100 641 oculum
1123 607 1221 641 caeci
1243 607 1316 641 nati
1337 607 1436 641 Deus
1463 606 1547 641 fecit
1574 608 1616 641 ad
1639 607 1810 641 eumdem

253 668 385 703 actum,
409 662 451 695 ad
468 673 576 707 quem
595 661 796 695 formantur
809 660 870 694 alii
885 661 980 694 oculi
1003 661 1203 694 secundum
1225 668 1407 694 naturam:
1424 668 1459 694 et
1471 660 1553 694 ideo
1569 658 1634 695 fuit
1652 661 1812 706 ejusdem

250 716 399 760 speciei3
423 724 456 749 et
487 716 613 749 eadem
636 716 726 748 ratio
762 722 864 757 esset,
887 715 917 749 si
937 715 1036 748 Deus
1058 714 1167 748 vellet
1188 714 1405 748 miraculose
1434 725 1580 749 causare
1602 715 1639 748 in
1661 714 1812 748 homine

249 768 408 810 virtutes,
430 769 552 814 quales
569 768 800 814 acquiruntur
821 779 862 802 ex
885 768 1038 803 actibus:
1054 768 1115 801 sed
1131 768 1178 801 ita
1197 779 1271 801 non
1288 775 1339 801 est
1354 769 1388 801 in
1403 768 1600 813 proposito,
1620 775 1658 802 ut
1675 767 1811 802 dictum

251 829 303 855 est
326 820 376 866 (in
397 828 486 868 corp.
506 823 598 867 art).

735 1087 1090 1148 QUAESTIO
1132 1087 1310 1134 LXIV.

345 1211 407 1242 DE
433 1210 587 1242 MEDIO
614 1211 875 1249 VIRTUTUM,
906 1211 956 1241 IN
983 1210 1210 1250 QUATUOR
1237 1189 1499 1242 ARTICULOS
1525 1210 1698 1243 DIVISA.
1720 1200 1725 1207 ⁵

317 1352 457 1386 Deinde
481 1352 786 1387 considerandum
809 1361 860 1387 est
886 1353 929 1387 de
952 1352 1227 1399 proprietatibus
1254 1341 1438 1386 virtutuin.
1460 1351 1504 1386 Et
1519 1353 1634 1399 primo
1660 1351 1807 1398 quidem

248 1404 291 1438 de
319 1405 437 1439 medio
468 1406 658 1439 virtutum:
688 1406 823 1440 secundo
852 1406 894 1440 de
922 1406 1147 1440 connexione
1175 1407 1365 1440 virtutum:
1397 1407 1490 1440 tertio
1518 1405 1561 1440 de
1591 1405 1805 1452 aequalitate

245 1470 386 1492 earum:
410 1465 528 1504 quarto
552 1459 594 1493 de
614 1460 772 1505 ipsarum
795 1460 994 1494 duratione.

692 1548 795 1584 Circa
814 1551 963 1595 primum
985 1554 1189 1595 quaeruntur
1210 1554 1363 1595 quatuor.

316 1619 450 1653 Primo.
477 1620 605 1654 Utrum
627 1621 773 1654 virtutes
796 1620 953 1654 morales
975 1621 1044 1655 sint
1063 1621 1098 1654 in
1120 1621 1253 1656 medio.

312 1674 492 1708 Secundo.
516 1674 645 1708 Utrum
666 1675 827 1708 medium
848 1674 986 1708 virtutis
1009 1674 1052 1708 sit
1071 1674 1231 1708 medium
1254 1673 1315 1715 rei,
1334 1673 1390 1708 vel
1412 1673 1571 1708 rationis.

317 1725 453 1760 Tertio.
478 1728 607 1762 Utrum
629 1727 890 1762 intellectuales
911 1728 1060 1761 virtutes
1079 1727 1278 1761 consistant
1298 1727 1334 1761 in
1357 1727 1489 1761 medio.

318 1780 470 1820 Quarto.
500 1781 630 1816 Utrum
653 1781 801 1815 virtutes
822 1780 1066 1826 theologicae.

827 1921 1170 1967 ARTICULUS
1205 1922 1238 1965 1.
1738 1948 1798 1983 335

529 2032 679 2061 UTRUM
705 2032 920 2062 VIRTUTES
945 2031 1144 2062 MORALES
1167 2032 1265 2062 SINT
1293 2031 1337 2061 IN
1364 2031 1518 2061 MEDIO.

339 2118 438 2164 (lnsr.
457 2124 519 2153 art.
542 2130 574 2163 4.
597 2119 639 2153 ad
656 2132 681 2154 I.
705 2125 735 2154 et
754 2131 786 2164 4.
806 2125 835 2154 et
856 2131 920 2154 2-2.
944 2132 972 2165 q.
1000 2131 1049 2165 17.
1071 2124 1135 2154 art.
1151 2131 1179 2165 5.
1199 2119 1241 2153 ad
1261 2131 1291 2154 2.
1314 2125 1344 2154 et
1361 2131 1390 2165 1]-
1413 2131 1466 2165 92.
1486 2124 1549 2153 art.
1569 2132 1595 2155 Ι.
1614 2126 1704 2166 corp.

384 2178 451 2218 etj.
471 2173 555 2207 Dist.
568 2185 610 2219 33.
627 2185 655 2218 q.
671 2185 697 2207 r.
713 2179 816 2219 111‘t·3-
832 2173 913 2208 adr.
931 2178 958 2208 et
979 2174 1150 2219 Ver-1241.
1167 2178 1230 2208 art.
1247 2185 1288 2219 13.
1303 2178 1332 2208 et
1345 2185 1375 2208 2.
1395 2173 1501 2208 Etbic.
1517 2173 1585 2208 lect.
1602 2173 1660 2219 7.).

312 2260 371 2294 AD
390 2271 536 2295 PRlMUM
557 2261 605 2295 sic
630 2262 843 2307 proceditur.
868 2262 1027 2304 Videtur,
1050 2262 1145 2308 quod
1168 2262 1280 2296 virtus
1303 2262 1450 2296 moralis
1472 2274 1545 2297 non
1569 2262 1740 2297 consistat
1763 2264 1797 2297 in

241 2314 381 2348 medio:
405 2315 556 2349 ultimum
577 2315 672 2348 enim
696 2325 869 2362 repugnat
892 2317 999 2350 medii
1023 2316 1169 2350 rationi:
1192 2317 1254 2350 sed
1277 2317 1319 2350 de
1342 2316 1480 2350 ratione
1502 2316 1641 2350 virtutis
1656 2323 1708 2350 est
1725 2317 1799 2351 ulti-

241 2380 329 2402 mum
341 2381 349 2402 .·
373 2368 500 2402 dicitur
515 2369 611 2402 enim
634 2369 669 2402 in
698 2381 722 2402 1.
745 2370 788 2404 de
805 2369 922 2404 Coelo
939 2371 1017 2414 (tux.
1038 2370 1135 2413 116),
1153 2370 1248 2416 quod
1263 2371 1371 2405 virtus
1385 2375 1427 2404 cst
1442 2370 1594 2404 ultimum
1607 2371 1795 2416 polentiam

239 2433 326 2467 ergo
348 2422 458 2455 virtus
481 2422 627 2455 moralis
650 2434 722 2456 non
746 2423 908 2457 consistit
929 2423 962 2456 in
991 2423 1121 2457 medio.

311 2485 340 2509 2.
365 2476 599 2510 Parim-mm.
623 2475 712 2509 Illud
736 2477 830 2521 quod
855 2486 906 2511 est
930 2477 1140 2518 maximum,
1162 2488 1235 2511 non
1255 2485 1308 2511 est
1330 2477 1507 2512 medium:
1529 2477 1591 2511 sed
1617 2477 1795 2523 quaedam

238 2529 385 2563 virtutes
407 2529 563 2563 morales
585 2530 734 2563 tendunt
756 2530 790 2563 in
811 2530 956 2575 aliquod
976 2531 1192 2571 maximum;
1212 2531 1303 2564 sicut
1326 2531 1604 2575 magnanimitas
1626 2539 1679 2565 est
1700 2530 1795 2565 circa

240 2582 418 2616 maximos
440 2582 616 2623 honores3
647 2591 680 2616 et
703 2583 969 2627 magnificentia
1003 2585 1097 2618 circa
1125 2585 1302 2618 maximos
1332 2593 1506 2630 sumptus,
1535 2593 1571 2619 ut
1605 2584 1734 2618 dicitur
1759 2584 1795 2618 iu

238 2647 269 2678 4.
294 2636 371 2669 Etli.
397 2636 482 2682 (sap.
504 2648 534 2670 2.
557 2642 585 2670 vt
604 2637 669 2681 3.),·
690 2648 776 2680 ergo
800 2649 871 2670 non
895 2638 1013 2671 omnis
1037 2638 1146 2671 virtus
1170 2638 1316 2672 moralis
1339 2646 1391 2672 est
1415 2639 1448 2672 in
1472 2638 1604 2672 medio.

312 2701 339 2733 3.
363 2689 596 2723 Pinxisrrmzix.
621 2690 657 2723 Si
686 2690 728 2723 de
752 2690 888 2724 ratione
911 2691 1047 2725 virtutis
1083 2691 1230 2726 moralis
1252 2692 1296 2725 sit
1324 2692 1358 2725 in
1382 2692 1503 2727 medio
1535 2703 1624 2733 esse,
1651 2699 1793 2737 oportet

239 2743 333 2787 quod
365 2742 474 2776 virtus
498 2743 644 2776 moralis
666 2754 737 2776 non
766 2743 979 2789 perficiatur,
1008 2745 1067 2778 sed
1092 2745 1206 2789 magis
1233 2754 1484 2791 corrumpatur
1511 2757 1572 2791 per
1594 2745 1663 2779 hoc
1696 2745 1791 2790 quod

238 2796 351 2829 tendit
373 2797 414 2829 ad
431 2804 647 2830 extremum:
670 2797 731 2830 sed
748 2798 924 2842 quaedam
949 2798 1093 2831 virtutes
1109 2798 1264 2832 morales
1284 2798 1514 2844 perficiuntur
1529 2810 1589 2845 per
1603 2798 1672 2832 hoc
1695 2798 1790 2844 quod

238 2850 386 2882 tendunt
409 2850 449 2882 ad
466 2858 682 2883 extremum:
705 2851 795 2884 sicut
817 2851 1012 2893 virginium,
1037 2863 1126 2896 quae
1151 2852 1301 2886 abstinet
1324 2852 1365 2885 ab
1389 2852 1490 2886 omni
1512 2851 1713 2886 delectabili
1735 2862 1791 2885 ve-

239 2914 360 2945 nereo,
383 2912 415 2936 et
437 2903 485 2937 sic
509 2911 605 2938 tenet
627 2913 838 2945 extremum,
870 2913 903 2938 et
934 2914 985 2938 est
1021 2904 1278 2950 perfectissima
1309 2906 1468 2940 castitas:
1491 2913 1525 2940 et
1554 2906 1637 2939 dare
1667 2906 1790 2939 omnia
