1907 3198
506 180 729 217 QUAESTIO
760 180 817 211 ιι.
850 179 1098 211 ARTICULUS
1133 179 1194 210 111.
1564 169 1644 224 361

61 264 274 298 terminatas
300 264 473 305 rationes,
500 271 535 297 et
561 262 877 306 circumstantias;
904 262 999 298 unde
1035 274 1079 297 ex
1107 262 1180 296 hoc
1210 272 1286 296 non
1312 261 1474 297 totaliter
1493 263 1651 298 vincitur

62 317 258 364 appetitiva
282 317 457 364 potentia,
485 324 524 351 ut
548 315 683 351 feratur
707 316 746 351 in
771 316 870 352 idem
896 325 935 350 ut
960 316 998 350 in
1024 315 1186 363 pluribus
1209 327 1274 363 per
1301 316 1455 350 modum
1477 325 1649 360 naturae;

61 369 162 418 quod
182 370 338 417 pertinet
359 370 404 405 ad
425 369 591 405 habitum
606 370 767 406 virtutis:
790 379 826 405 et
845 370 930 405 ideo
948 369 1093 404 habitus
1115 369 1256 404 virtutis
1273 381 1350 404 non
1371 378 1492 417 potest
1510 371 1651 406 causari

61 435 128 471 per
147 435 261 458 unum
283 432 419 466 actum,
440 423 503 458 sed
525 435 590 471 per
610 424 758 459 multos.
786 424 828 459 In
850 423 1124 471 apprehensivis
1146 432 1270 458 autem
1291 424 1465 470 potentiis
1487 424 1652 459 conside-

60 477 217 512 randum
239 485 303 520 est,
326 477 424 524 quod
446 476 566 524 duplex
593 486 646 512 est
671 478 877 525 passivum3
904 490 1009 512 unum
1036 475 1185 524 quidem
1211 477 1289 524 ipse
1310 477 1516 512 intellectus
1539 478 1652 524 possi-

60 529 161 566 bilis:
184 531 277 566 aliud
299 539 421 566 autem
442 530 661 574 intellectus,
681 543 791 578 quem
813 540 924 566 vocat
943 531 1054 566 Arist.
1075 531 1151 576 (lib.
1166 543 1195 577 3.
1215 530 1251 566 de
1265 531 1383 566 Anim.
1406 537 1470 567 tex.
1485 534 1558 578 20.)
1576 538 1652 579 pas-

6 619 9 626 ,
59 585 184 629 sivum,
209 585 272 632 qui
297 593 353 624 est
377 586 465 620 ratio
486 586 721 632 particularis,
751 585 843 621 idest
875 586 929 620 vis
969 585 1167 632 cogitativa
1206 596 1292 619 cum
1325 586 1582 629 memorativa,
1617 594 1652 621 et

59 637 309 686 imaginativa.
331 638 514 686 Respectu
536 639 647 685 igitur
667 639 775 686 primi
797 639 932 686 passivi
951 647 1072 686 potest
1089 649 1168 674 esse
1190 638 1338 686 aliquod
1358 640 1530 683 activum,
1551 639 1650 687 quod

60 703 136 727 uno
157 700 241 727 actu
261 691 424 727 totaliter
448 692 562 727 vincit
587 693 788 739 potentiam
815 693 872 728 sui
897 692 1049 740 passivi:
1077 692 1171 727 sicut
1196 704 1267 727 una
1293 693 1496 740 propositio
1522 705 1587 741 per
1612 705 1650 729 se

59 753 150 781 nota
170 746 357 781 convincit
369 745 598 781 intellectum
614 747 659 781 ad
674 746 948 782 assentiendum
962 746 1112 781 firmiter
1127 745 1374 790 conclusioni3
1389 748 1487 794 quod
1501 747 1650 795 quidem

59 810 136 835 non
148 798 237 835 facit
247 799 452 846 propositio
466 799 684 846 probabilis:
702 801 798 836 unde
817 812 861 836 ex
879 800 1003 835 multis
1023 800 1161 836 actibus
1179 800 1330 836 rationis
1349 810 1495 848 oportet
1509 802 1651 837 causari

59 853 226 888 habitum
252 853 494 901 opinativum,
521 853 631 888 etiam
660 865 702 889 ex
729 863 830 901 parte
857 854 1064 890 intellectus
1090 854 1296 901 possibilis:
1324 855 1491 890 habitum
1526 865 1649 892 autem

59 906 235 942 scientiae
255 907 430 954 possibile
451 916 506 942 est
527 908 670 942 causari
697 919 739 942 ex
766 919 840 943 uno
868 908 1018 943 rationis
1041 917 1135 949 actu,
1157 917 1335 955 quantum
1357 909 1401 944 ad
1423 909 1650 945 intellectum

58 960 292 1008 possibilem:
314 961 377 996 sed
399 969 576 1008 quantum
601 961 645 996 ad
667 961 858 997 inferiores
879 962 974 996 vires
1001 962 1298 1009 apprehensivas‚
1320 965 1569 999 necessarium
1597 973 1650 1000 est

59 1014 212 1050 eosdem
247 1023 348 1050 actus
382 1014 517 1062 pluries
545 1015 718 1057 reiterari,
749 1024 788 1050 ut
816 1015 952 1062 aliquid
985 1015 1138 1050 firmiter
1166 1017 1370 1052 memoriae
1395 1018 1649 1064 imprimatur3

59 1068 156 1103 unde
175 1067 316 1104 Philos.
337 1068 376 1103 in
396 1067 490 1103 libro
505 1068 551 1104 de
572 1067 765 1111 Memoria,
785 1077 820 1104 et
837 1068 1126 1104 Reminiscentia
1145 1070 1237 1117 (cap.
1259 1082 1292 1106 2.
1312 1082 1378 1106 non
1394 1072 1519 1119 procul
1535 1085 1557 1107 a
1565 1073 1649 1120 fin.)

58 1121 158 1165 dicit,
179 1122 279 1169 quod
296 1121 469 1158 meditatio
490 1123 667 1168 confirmat
688 1124 899 1157 memoriam.
922 1123 1077 1158 Habitus
1099 1131 1221 1158 autem
1244 1125 1456 1172 corporales
1477 1126 1649 1172 possibile

57 1184 115 1212 est
135 1176 278 1212 causari
304 1188 348 1212 ex
369 1187 444 1211 uno
466 1184 563 1219 actu,
584 1176 615 1211 si
636 1177 797 1212 activum
818 1176 927 1212 fuerit
952 1188 1110 1224 magnae
1132 1178 1292 1214 virtutis:
1315 1180 1408 1215 sicut
1428 1181 1647 1229 quandoque

59 1229 244 1265 medicina
264 1229 368 1266 fortis
388 1230 512 1265 statim
534 1230 672 1265 inducit
693 1230 899 1265 sanitatem.

129 1283 176 1319 Et
194 1295 259 1332 per
278 1284 352 1320 hoc
372 1292 472 1331 patet
490 1283 682 1330 responsio
704 1295 755 1319 AD
777 1294 956 1330 OBJECTA.

600 1425 952 1478 ARTICULUS
987 1427 1065 1471 IV.
1575 1439 1646 1476 280

173 1537 330 1568 UTRUM
362 1536 519 1573 ALIQm
551 1536 742 1566 HAB1Tus
776 1536 876 1567 stm-
911 1536 1155 1567 Hommssus
1189 1537 1333 1567 mrum
1366 1538 1395 1567 A
1426 1537 1532 1567 ΒΕΘ.

558 1625 603 1670 (ι.
624 1625 713 1661 Dist.
736 1636 787 1672 17.
809 1637 839 1672 q.
862 1638 890 1661 ι.
912 1630 977 1660 art.
996 1637 1025 1672 3.
1048 1632 1138 1672 corp.

256 1684 287 1716 et
302 1691 332 1727 3.
353 1680 443 1715 Dist.
464 1690 514 1726 23.
533 1691 563 1727 q.
582 1691 611 1726 3.
633 1684 698 1714 art.
720 1691 753 1715 2.
775 1679 819 1714 ad
835 1691 865 1726 3.
887 1684 916 1715 et
943 1680 1031 1714 Veri.
1053 1691 1085 1726 q.
1106 1691 1157 1715 12.
1180 1685 1244 1715 art.
1267 1692 1294 1716 ι.
1317 1679 1371 1715 ad.
1392 1680 1453 1727 7.).

130 1769 191 1804 AD
222 1779 413 1809 QUARTUM
440 1768 490 1804 sic
518 1768 737 1816 proceditur.
765 1767 930 1812 Videtur,
965 1769 1064 1816 quod
1099 1768 1220 1804 nullus
1254 1769 1400 1804 habitus
1433 1769 1646 1805 hominibus

57 1822 267 1859 infundatur
288 1834 310 1858 a
329 1823 425 1858 Deo.
452 1823 555 1858 Deus
581 1823 681 1857 enim
707 1822 908 1870 aequaliter
934 1835 973 1858 se
1000 1823 1111 1858 habet
1138 1824 1182 1858 ad
1211 1835 1360 1860 ornnes:
1387 1824 1418 1859 si
1444 1824 1554 1871 igitur
1575 1824 1650 1872 qui-

57 1877 212 1913 busdam
244 1876 402 1912 infundit
432 1876 578 1912 habitus
613 1876 767 1923 aliquos,
806 1877 978 1912 omnibus
1013 1888 1078 1912 eos
1111 1876 1289 1920 infundet,
1317 1878 1416 1925 quod
1443 1887 1542 1924 patet
1568 1889 1647 1913 esse

56 1930 203 1967 falsum.

129 1995 162 2021 2.
183 1985 423 2022 PRAETEREA.
444 1983 547 2019 Deus
561 1992 734 2030 operatur
750 1984 787 2018 in
802 1983 973 2019 omnibus
992 1984 1196 2019 secundum
1211 1984 1378 2028 modum,
1396 1985 1459 2032 qui
1476 1987 1650 2022 convenit

56 2047 209 2075 naturae
222 2039 387 2086 ipsorum
399 2050 408 2081 ;
419 2037 504 2085 quia
521 2037 658 2073 divinae
668 2037 903 2086 providentiae
924 2043 968 2073 est
985 2043 1143 2072 naturam
1157 2038 1300 2081 salvare,
1325 2047 1363 2073 ut
1385 2039 1472 2074 dicit
1491 2039 1647 2087 Dionys.

54 2103 92 2138 4.
106 2104 185 2140 cap.
200 2093 244 2128 de
258 2092 342 2128 Div.
356 2091 469 2127 Nom.
483 2093 588 2140 (part.
603 2103 637 2137 4.
652 2098 777 2139 parum
793 2097 868 2127 ante
881 2092 945 2138 fin.
973 2091 1044 2127 lact.
1067 2091 1134 2138 23.)
1151 2105 1161 2126 .·
1184 2093 1247 2127 sed
1269 2092 1413 2128 habitus
1436 2093 1472 2127 in
1493 2093 1647 2128 homine

56 2146 270 2184 naturaliter
290 2154 486 2181 causantur
504 2157 547 2180 ex
568 2145 720 2188 actibus,
739 2154 778 2180 ut
796 2145 935 2180 dictum
954 2153 1008 2180 est
1029 2146 1112 2191 (art.
1135 2157 1166 2181 2.
1189 2151 1219 2182 et
1236 2159 1264 2193 3.
1282 2147 1417 2194 praec.)
1427 2159 1441 2188 ;
1463 2158 1539 2182 non
1558 2157 1647 2195 ergo

57 2209 184 2238 causat
202 2200 304 2236 Deus
325 2200 363 2235 in
383 2199 596 2234 hominibus
618 2199 761 2246 aliquos
783 2199 928 2234 habitus
950 2199 1086 2246 absque
1109 2200 1260 2235 actibus.

132 2267 162 2302 3.
184 2254 425 2291 Puni-mm.
454 2252 495 2288 Si
520 2253 651 2300 aliquis
678 2252 822 2288 habitus
850 2264 870 2287 a
896 2252 979 2288 Deo
1006 2252 1218 2296 infunditur,
1252 2265 1318 2301 per
1350 2253 1455 2288 illum
1480 2254 1648 2290 habitum

55 2306 174 2345 homo
199 2316 322 2356 potest
347 2306 484 2343 multos
518 2315 620 2342 actus
647 2307 869 2354 producere:
897 2306 961 2341 sed
988 2318 1031 2341 ex
1057 2307 1128 2341 illis
1157 2308 1296 2342 actibus
1323 2317 1493 2343 causatur
1519 2309 1648 2344 similis

57 2361 214 2405 habitus,
240 2370 279 2397 ut
303 2361 342 2396 in
368 2371 400 2396 2.
426 2360 545 2396 Ethic.
573 2361 666 2408 (cap.
694 2372 722 2396 1.
748 2365 779 2396 et
803 2360 853 2406 2.)
881 2360 1030 2403 dicitur;
1057 2361 1218 2408 sequitur
1251 2372 1355 2408 ergo,
1389 2362 1481 2397 duos
1502 2362 1647 2397 habitus

56 2410 222 2464 ejusdem
248 2415 384 2463 speciei
411 2425 491 2450 esse
525 2414 563 2449 in
591 2414 736 2456 eodem,
759 2425 873 2448 unum
891 2416 1105 2461 acquisitum,
1129 2423 1164 2450 et
1186 2415 1341 2450 alterurn
1364 2416 1526 2461 infusum,
1549 2417 1647 2463 quod

56 2472 201 2508 videtur
214 2482 293 2508 esse
308 2469 555 2518 impossibile:
577 2481 652 2504 non
671 2470 771 2505 enim
791 2470 883 2505 duae
902 2469 1044 2505 formae
1059 2471 1223 2517 ejusdcm
1244 2472 1380 2518 speciei
1397 2480 1550 2518 possunt
1569 2483 1647 2507 esse

55 2524 96 2562 in
115 2525 250 2562 eodem
271 2525 456 2572 subjecto;
478 2535 554 2559 non
576 2535 665 2570 ergo
686 2523 832 2559 habitus
855 2523 985 2571 aliquis
1007 2523 1208 2559 infunditur
1229 2525 1374 2560 homini
1397 2537 1417 2559 a
1438 2526 1532 2561 Deo.

24 2611 32 2618 .
129 2579 206 2616 SED
232 2589 390 2616 CONTRA
409 2586 474 2621 est,
479 2577 595 2625 ‘quod
610 2577 740 2612 dicitur
757 2577 969 2624 Eccli.15.:
993 2578 1151 2626 ΙηιρΙεῑίι
1171 2592 1244 2614 eum
1267 2580 1437 2614 Dominus
1455 2581 1580 2627 spiritu
1599 2591 1648 2615 sa-

6 2622 29 2653 ¹)
49 2634 215 2684 pientiae,
236 2638 266 2669 et
286 2632 485 2668 intellectus:
507 2631 572 2667 sed
593 2631 785 2678 sapientia,
807 2640 843 2667 et
864 2631 1071 2667 intellectus
1093 2633 1242 2680 quidam
1264 2633 1410 2668 habitus
1432 2641 1535 2676 sunt;
1557 2644 1646 2681 ergo

23 2685 172 2787 t&aliqui
190 2687 337 2722 habitus
358 2685 504 2722 homini
526 2696 545 2719 a
567 2685 650 2720 Deo
672 2684 922 2720 infunduntur.

127 2739 362 2778 strounzo
382 2739 593 2781 dicendum,
615 2739 713 2785 quod
735 2738 872 2786 duplici
892 2739 1034 2774 ratione
1057 2739 1168 2787 aliqui
1190 2739 1335 2775 habitus
1358 2740 1503 2774 homini
1525 2751 1545 2775 a
1563 2740 1646 2776 Deo

187 2802 307 2830 untur.
327 2793 454 2828 Prima
473 2792 567 2828 ratio
591 2801 656 2835 est,
675 2793 760 2840 quia
781 2793 894 2840 aliqui
913 2793 1058 2829 habitus
1080 2803 1175 2836 sunt,
1195 2794 1324 2841 quibus
1344 2794 1461 2829 homo
1482 2794 1576 2830 bene
1599 2795 1648 2829 di-

154 2848 223 2884 'tur
240 2848 286 2883 ad
304 2846 418 2882 finem
438 2846 677 2882 excedentem
696 2845 907 2882 facultatem
929 2847 1114 2883 humanae
1136 2856 1299 2890 naturae,
1319 2859 1412 2895 quae
1431 2856 1484 2883 est
1505 2848 1646 2891 ultima,

23 2893 100 3034 {et
117 2900 279 2950 perfecta
298 2900 461 2937 hominis
482 2900 683 2943 beatitudo,
705 2908 745 2935 ut
765 2912 873 2948 supra
895 2901 1035 2936 dictum
1058 2910 1113 2937 est
1134 2901 1181 2949 (q.
1195 2913 1225 2949 5.
1248 2906 1313 2936 art.
1333 2914 1361 2948 5
1354 2903 1399 2948 .);
1423 2910 1459 2937 et
1480 2902 1564 2949 quia
1586 2902 1646 2937 ha-
