1907 3198
521 161 745 199 QUAEs'rro
778 161 899 192 xxw.
932 160 1182 193 ARTICULUS
1215 161 1244 192 1.
1585 162 1663 206 195

663 339 1012 387 ARTICULUS
1048 340 1082 383 I.
1603 361 1666 396 142

266 463 421 494 UTRUM
441 463 612 503 BONUM,
631 462 714 493 VEL
737 462 894 492 MALUM
914 461 1090 492 MORALE
1111 460 1306 492 INVENIRI
1332 460 1486 491 POSSIT

595 530 639 559 IN
667 528 949 559 PASSIONIBUS
976 528 1158 559 ANIMAE.

129 631 237 680 (Insr.
254 643 286 679 q.
300 642 354 679 59.
369 636 437 666 art.
456 642 485 666 1.
504 636 597 678 corp.
612 635 644 666 et
661 630 704 665 ad
720 642 752 666 2.
771 635 802 665 et
818 641 886 666 2-2.
903 642 934 677 q.
947 641 991 677 35.
1007 634 1073 664 art.
1089 641 1116 665 r.
1136 628 1179 664 ad
1191 641 1219 664 1.
1238 634 1269 664 et
1282 640 1313 664 2.
1327 628 1418 664 Dist.
1430 628 1483 676 36.
1503 633 1569 666 art.
1587 639 1619 664 2.

153 700 159 705 ·
257 690 289 722 et
308 684 394 720 Mat.
416 696 447 732 q.
469 696 522 721 10.
544 689 610 720 art.
633 697 662 721 1.
681 683 724 720 ad
744 697 772 720 r.
790 689 818 720 et
838 696 869 731 q.
891 696 942 720 12.
961 689 1026 719 art.
1042 695 1073 720 2.
1097 683 1139 718 ad
1156 695 1184 719 ι.
1203 688 1232 718 et
1249 688 1315 718 art.
1331 694 1360 730 3.
1382 683 1500 730 corp).

152 788 215 824 AD
235 798 388 824 PRIMUM
410 787 461 823 sic
488 787 708 835 proceditur.
735 786 900 830 Videtur,
922 787 1021 835 quod
1046 786 1148 821 nulla
1169 786 1292 834 passio
1320 787 1465 821 animae
1487 786 1532 821 sit
1559 786 1669 830 bona,

81 842 141 880 vel
161 841 261 878 mala
282 841 491 878 moraliter:
513 842 654 877 bonum
675 842 788 885 enirn,
810 850 845 877 et
866 841 1008 877 malum
1029 840 1171 876 morale
1194 849 1248 876 est
1278 841 1466 888 proprium
1486 840 1668 876 hominis:

60 909 187 937 ,mores
213 896 313 932 enim
334 897 473 945 proprie
505 896 665 932 dicuntur
690 896 843 940 humani,
870 904 910 931 ut
939 895 1160 931 Ambrosius
1186 895 1274 930 dicit
1307 906 1415 943 super
1448 895 1589 930 Lucam
1618 895 1668 940 (in

74 951 187 1002 praef.
202 957 312 999 prope
323 951 467 998 finem).·
489 950 553 986 sed
574 951 763 998 passiones
777 962 853 986 non
869 958 952 986 sunt
965 950 1134 998 propriae
1147 950 1356 992 hominum,
1372 949 1434 984 sed
1450 957 1536 984 sunt
1556 949 1668 984 etiam

82 1005 161 1044 aliis
181 1005 400 1041 animalibus
429 1016 675 1048 communes3
702 1016 791 1052 ergo
817 1004 919 1040 nulla
944 1004 1066 1052 passio
1094 1004 1239 1039 animae
1267 1012 1322 1038 est
1346 1003 1457 1047 bona,
1483 1002 1543 1038 vel
1569 1003 1668 1039 mala

81 1059 283 1099 moraliter.

55 1120 57 1122 ’
153 1125 186 1151 2.
212 1115 454 1151 PRAETEREA.
480 1115 625 1157 Bonu'm,
650 1114 704 1150 vel
728 1114 858 1149 malum
883 1114 1025 1149 hominis
1050 1119 1097 1149 est
1120 1113 1298 1149 secundum
1324 1114 1493 1149 rationem
1519 1125 1592 1157 esse,
1618 1114 1672 1149 vel

76 1175 214 1220 praeter
232 1170 401 1204 rationem
421 1180 494 1211 esse,
517 1176 558 1204 ut
575 1168 691 1204 Dion.
718 1168 806 1204 dicit
830 1178 854 1211 4
876 1179 955 1215 cap.
982 1168 1026 1203 de
1047 1168 1131 1203 Div.
1153 1167 1265 1203 Nom.
1294 1167 1400 1215 (part.
1422 1179 1456 1213 4.
1478 1167 1549 1203 lect.
1571 1169 1666 1215 21.):

81 1224 146 1261 sed
164 1223 356 1272 passiones
378 1223 523 1258 animae
543 1234 620 1258 non
642 1231 726 1258 sunt
745 1223 783 1257 in
804 1222 959 1265 ratione,
981 1222 1044 1257 sed
1066 1222 1103 1256 in
1125 1222 1285 1270 appetitu
1301 1222 1487 1265 sensitivo,
1502 1230 1542 1257 ut
1559 1234 1668 1270 supra

81 1279 222 1316 dictum
251 1286 307 1314 est
334 1278 384 1325 (q.
410 1290 466 1314 22.
487 1284 555 1314 art.
573 1278 622 1326 3.)
631 1290 645 1320 ,·
673 1289 762 1325 ergo
789 1289 866 1312 non
893 1277 1076 1325 pertinent
1097 1277 1164 1324 [al.
1180 1277 1339 1325 pertinet]
1374 1277 1417 1312 ad
1439 1277 1591 1321 bonum,
1612 1277 1672 1313 vel

82 1332 223 1370 malum
243 1332 419 1376 hominis,
440 1332 539 1380 quod
558 1340 613 1368 est
631 1332 774 1367 bonum
791 1331 945 1367 morale.

155 1399 186 1435 3.
212 1387 453 1423 PRAETEREA.
479 1386 620 1422 Philos.
647 1386 736 1422 dicit
760 1387 798 1421 in
825 1396 857 1421 2.
881 1386 999 1421 Ethic.
1029 1385 1118 1434 (cap.
1136 1387 1182 1434 5.)
1215 1386 1314 1434 quod
1338 1387 1546 1434 passionibus
1566 1399 1670 1434 neque

81 1441 276 1485 laudamur,
297 1453 401 1489 neque
412 1443 672 1489 vituperamur:
686 1441 750 1476 sed
768 1441 972 1476 secundum
985 1441 1096 1484 bona,
1115 1448 1149 1476 et
1167 1441 1268 1476 mala
1286 1441 1444 1476 moralia
1461 1440 1666 1485 laudamur,

81 1503 119 1533 et
135 1496 405 1544 vituperamur3
427 1506 516 1543 ergo
537 1495 727 1543 passiones
747 1507 824 1530 non
845 1503 929 1530 sunt
949 1495 1080 1538 bonae,
1101 1494 1163 1530 vel
1183 1495 1304 1530 malae
1326 1495 1526 1531 moraliter.

150 1550 229 1586 SED
249 1560 408 1587 CONTRA
429 1557 494 1593 est,
515 1549 614 1597 quod
647 1549 745 1598 Aug.
773 1550 860 1585 dicit
885 1551 923 1584 in
948 1559 1000 1593 14.
1030 1550 1074 1585 de
1103 1548 1184 1585 civ.
1206 1549 1278 1585 Dei
1302 1548 1392 1598 (cap.
1424 1561 1454 1597 7.
1483 1562 1506 1585 α
1530 1549 1615 1585 med.
1637 1555 1666 1586 et

79 1611 155 1654 cap.
176 1617 210 1653 9.
227 1606 265 1640 in
278 1604 412 1653 princ.)
433 1605 478 1640 de
499 1604 730 1652 passionibus
752 1605 897 1639 animae
927 1603 1098 1652 loquens:
1133 1604 1232 1640 Mala
1251 1609 1328 1640 sunt
1347 1605 1424 1648 ista,
1447 1606 1475 1640 si
1496 1604 1605 1641 malus
1626 1610 1671 1641 est

79 1670 199 1702 amor;
222 1660 321 1702 bona,
343 1660 372 1695 si
392 1659 506 1695 bonus.

149 1713 383 1750 Responneo
407 1712 616 1756 dicendum,
640 1713 739 1760 quod
759 1714 949 1761 passiones
972 1713 1118 1748 animae
1139 1712 1318 1761 dupliciter
1335 1721 1490 1760 possunt
1507 1713 1672 1749 conside-

78 1768 167 1806 rari:
188 1780 254 1804 uno
274 1767 372 1804 modo
393 1767 598 1804 secundum
620 1779 677 1803 se:
700 1768 767 1803 alio
788 1767 886 1803 modo
920 1767 1123 1803 secundum
1157 1768 1257 1816 quod
1295 1769 1482 1815 subjacent
1514 1769 1670 1816 imperio

77 1823 241 1866 rationis,
262 1831 299 1859 et
317 1822 527 1858 voluntatis.
551 1822 590 1858 Si
611 1822 722 1870 igitur
735 1822 939 1858 secundum
953 1834 991 1858 se
1007 1822 1297 1866 considerentur,
1312 1831 1421 1870 prout
1434 1823 1574 1859 scilicet
1587 1832 1672 1859 sunt

78 1882 200 1915 monis
221 1877 371 1926 quidam
390 1876 612 1913 irrationalis
646 1879 837 1925 appetitus,
859 1879 910 1912 sic
933 1888 1009 1912 non
1032 1885 1086 1912 est
1106 1877 1144 1911 in
1165 1877 1217 1912 eis
1252 1877 1403 1920 bonum,
1437 1877 1496 1912 vel
1529 1877 1671 1913 malum

79 1931 234 1975 morale,
255 1931 355 1979 quod
376 1931 560 1979 dependet
580 1943 601 1967 a
622 1932 777 1973 ratione,
799 1939 839 1966 ut
860 1943 968 1979 supra
983 1931 1122 1966 dictum
1138 1940 1192 1967 est
1207 1932 1256 1978 (q.
1271 1944 1323 1978 19.
1338 1937 1403 1967 art.
1414 1933 1472 1979 3.).
1490 1931 1530 1967 Si
1547 1940 1671 1968 autem

79 1986 366 2030 considerentur,
388 1986 592 2021 secundum
614 1986 713 2033 quod
735 1986 924 2032 subjacent
953 1986 1108 2033 imperio
1142 1986 1305 2029 rationis,
1328 1981 1596 2030 et‘voluntatis‚
1618 1988 1669 2022 sic

79 2048 135 2078 est
152 2041 191 2076 in
211 2041 264 2076 eis
283 2040 435 2084 bonum,
455 2039 516 2075 vel
537 2039 678 2075 malum
700 2040 859 2075 morale:
883 2040 1123 2087 propinquior
1145 2040 1244 2075 enim
1267 2048 1321 2076 est
1352 2043 1531 2088 appetitus
1561 2041 1672 2076 sensi-

78 2095 174 2132 tivus
189 2095 260 2143 ipsi
276 2095 419 2138 rationi,
438 2102 474 2130 et
487 2094 680 2138 voluntati,
694 2106 805 2142 quam
820 2095 987 2130 membra
1002 2095 1200 2137 exteriora3
1219 2106 1376 2142 quorum
1391 2103 1517 2130 tamen
1535 2104 1670 2139 motus,

76 2157 118 2186 et
136 2157 238 2185 actus
259 2157 344 2185 sunt
361 2149 462 2192 boni,
482 2148 543 2184 vel
564 2148 654 2184 mali
675 2149 874 2192 moraliter,
897 2149 1102 2184 secundum
1121 2149 1219 2196 quod
1238 2158 1322 2184 sunt
1339 2149 1554 2193 voluntarii;
1573 2151 1669 2186 unde

90 2203 198 2240 multo
218 2204 338 2252 magis
358 2211 395 2240 et
413 2203 515 2252 ipsae
534 2203 736 2251 passiones,
758 2204 962 2239 secundum
996 2204 1095 2250 quod
1127 2212 1211 2239 sunt
1243 2203 1484 2247 voluntariae,
1518 2213 1671 2252 possunt

73 2258 153 2294 ιι”ε1
169 2258 302 2302 bonae,
322 2257 382 2294 vel
402 2258 524 2294 malae
545 2257 746 2293 moraliter.
769 2258 952 2293 Dicuntur
973 2266 1098 2293 autem
1115 2257 1356 2302 voluntariae,
1373 2259 1428 2294 vel
1445 2270 1488 2294 ex
1506 2271 1552 2294 eo
1571 2260 1669 2307 quod

79 2336 81 2338 >
120 2312 309 2350 voluntate
328 2313 566 2361 imperantur,
587 2312 641 2348 vel
661 2323 705 2347 ex
725 2323 771 2347 eo
793 2312 892 2373 quod
915 2324 935 2347 a
955 2312 1145 2348 voluntate
1167 2324 1243 2348 non
1265 2313 1516 2360 prohibentur.

149 2367 213 2404 An
232 2377 385 2404 Pnnmu
406 2378 496 2414 ergo
517 2366 728 2409 dicendum,
750 2366 848 2414 quod
870 2367 960 2402 istae
993 2367 1184 2414 passiones
1219 2367 1423 2403 secundum
1444 2379 1483 2403 se
1506 2367 1672 2403 conside-

101 2436 122 2451 -ἰ
144 2433 179 2458 e
199 2429 284 2457 sunt
303 2432 523 2457 communes
543 2421 768 2464 hominibus,
789 2429 826 2456 et
847 2420 1066 2456 animalibus
1088 2420 1186 2456 aliis:
1209 2421 1273 2456 sed
1295 2422 1500 2457 secundum
1527 2422 1627 2470 quod
1650 2434 1670 2457 a

99 2475 220 2512 -u'one
241 2475 476 2524 imperantur,
500 2483 584 2510 sunt
604 2475 773 2523 propriae
795 2475 1020 2510 hominibus.

89 2552 92 2553 ν
149 2529 212 2566 AD
232 2540 443 2566 SECUNDUM
463 2529 673 2572 dicendum,
692 2529 790 2590 quod
810 2529 921 2565 etiam
940 2529 1129 2564 inferiores
1147 2531 1244 2565 vires
1263 2530 1437 2578 appetitiv
1440 2542 1482 2566 ae
1501 2531 1671 2566 dicuntur

140 2583 161 2614 ἰ
200 2601 207 2613 1
236 2602 239 2605 ’
259 2612 272 2629 ‚
293 2583 514 2620 secundum
516 2584 615 2631 quod
630 2583 848 2631 participant
863 2583 1068 2631 aliqualiter
1081 2584 1276 2627 rationem,
1291 2593 1330 2620 ut
1344 2585 1496 2620 dicitur'
1488 2597 1525 2620 m
1544 2597 1572 2620 1.
1586 2585 1669 2621 Eth.

150 2656 175 2676 -
195 2639 271 2686 13)

97 2708 101 2715 ·
152 2691 214 2729 AD
235 2703 410 2729 TERTIUM
432 2691 640 2735 dicendum,
663 2691 763 2739 quod
782 2691 922 2727 Philos.
945 2692 1043 2735 dicit,
1065 2692 1164 2740 quod
1182 2704 1257 2728 non
1276 2692 1482 2736 laudamur,
1502 2702 1563 2729 aut
1581 2694 1672 2729 vitu-

106 2757 157 2774 *v
177 2757 251 2782 nur
270 2746 474 2783 secundum
495 2746 685 2794 passiones
709 2746 875 2782 absolute
898 2747 1166 2782 consideratas:
1192 2747 1255 2782 sed
1278 2759 1354 2782 non
1377 2756 1556 2791 removet,
1582 2749 1670 2795 quin

110 2799 222 2836 int
239 2800 317 2836 fieri
331 2800 544 2844 laudabiles,
562 2800 622 2835 vel
638 2800 896 2848 vituperabiles
914 2801 1116 2836 secundum
1131 2801 1230 2849 quod
1246 2813 1265 2836 a
1279 2802 1420 2837 ratione
1436 2802 1670 2846 ordinantur;

141 2870 147 2883 ι
165 2870 169 2873 ·
197 2854 335 2891 subdit:
358 2855 438 2891 Non
458 2856 547 2891 enim
568 2854 741 2898 laudatur,
763 2860 822 2890 aut
841 2857 1057 2903 vituperatur
1081 2857 1140 2902 qui
1161 2857 1264 2899 timet,
1285 2862 1345 2892 aut
1359 2858 1529 2900 irascitur,
1542 2857 1596 2892 sed
1612 2859 1671 2905 qui

183 2926 188 2937 ι
210 2909 287 2954 iter,
309 2909 403 2946 idest
423 2909 625 2946 secundum
647 2909 844 2953 rationem,
865 2909 925 2945 vel
946 2917 1090 2957 praeter
1110 2910 1303 2945 rationem.
