1907 3198
531 195 756 233 QUAESTIO
789 194 879 224 XVI.
913 192 1163 224 ARTICULUS
1197 191 1242 221 11.
1595 191 1670 233 133

91 285 271 334 applicare
294 289 416 316 autem
440 278 576 326 ahquid
599 278 644 313 ad
666 277 822 312 alterum
843 287 918 310 non
938 283 992 310 est
1011 275 1083 309 nisi
1103 275 1191 321 ejus,
1211 273 1310 321 quod
1331 273 1443 308 habet
1459 284 1567 320 super
1589 272 1677 307 illud

89 339 294 377 arbitrium:
314 335 412 383 quod
434 346 510 370 non
531 342 586 369 est
605 333 676 368 nisi
697 333 786 378 ejus,
809 331 871 378 qui
900 330 968 365 scit
1001 329 1133 364 referre
1157 328 1293 375 aliquid
1321 328 1357 362 in
1385 328 1557 370 alterum;
1580 327 1678 373 quod

89 394 134 431 ad
155 392 338 428 rationem
360 389 534 437 pertinet;
550 396 585 423 et
605 387 689 422 ideo
712 385 834 421 solum
856 383 994 419 animal
1012 383 1191 419 rationale
1214 392 1249 418 et
1271 383 1465 424 consentit,
1488 390 1524 417 et
1544 382 1666 416 utitur.

159 448 220 483 AD
238 455 391 482 PRIMUM
413 455 502 490 ergo
529 442 738 483 dicendum,
760 440 858 487 quod
880 440 951 483 frui
973 439 1148 485 importat
1169 437 1380 472 absolutum
1408 445 1553 471 motum
1575 448 1680 483 appe-

88 502 173 538 titus
193 501 231 535 in
254 497 466 547 appetibile:
491 497 555 532 sed
574 497 624 531 uti
641 496 818 542 importat
839 502 983 528 motum
1004 493 1184 540 appetitus
1204 493 1247 527 ad
1271 491 1406 538 aliquid
1426 493 1463 526 in
1485 491 1613 525 ordine
1635 490 1680 524 ad

88 555 264 597 alterum;
286 554 315 588 si
337 563 427 599 ergo
463 559 723 598 comparentur
745 551 806 592 uti,
835 557 870 584 et
888 549 967 596 frui
995 557 1174 595 quantum
1196 548 1240 582 ad
1263 548 1419 594 objecta,
1454 547 1505 582 sic
1525 547 1604 593 frui
1626 554 1680 581 est

54 654 56 656 q
86 608 257 651 nobilius,
276 618 388 654 quam
409 607 480 641 uti:
509 605 593 652 quia
619 604 668 647 id,
690 604 788 651 quod
816 612 870 638 est
897 602 1062 638 absolute
1097 601 1303 650 appetibile,
1326 610 1380 637 est
1397 601 1541 644 melius,
1569 612 1680 648 quarn

87 664 136 707 id,
158 662 257 711 quod
279 670 334 697 est
355 659 549 708 appetibile
571 659 694 694 solum
716 659 753 693 in
775 658 903 693 ordine
927 657 970 691 ad
999 657 1114 692 aliud:
1143 657 1205 692 sed
1227 657 1258 691 si
1284 664 1545 703 comparentur
1571 667 1681 702 quan-

86 727 166 755 tum
186 717 232 752 ad
249 717 325 752 vim
340 712 648 763 apprehensivam
669 713 964 761 praecedentem,
976 714 1095 759 major
1116 712 1288 747 nobilitas
1306 712 1501 758 requiritur
1519 722 1562 745 ex
1580 719 1681 758 parte

86 784 192 816 usus;
214 773 298 819 quia
321 770 489 806 ordinare
512 769 649 816 aliquid
671 770 708 804 in
731 768 887 803 alterum
922 775 975 802 est
1010 767 1180 802 rationis:
1209 765 1376 802 absolute
1399 774 1523 801 autem
1545 764 1680 812 aliquid

87 825 361 875 apprehendere
382 832 505 871 potest
526 825 637 858 etiam
659 834 797 858 sensus.

158 881 220 916 AD
242 889 454 915 SECUNDUM
476 877 685 921 dicendum,
713 876 812 924 quod
834 875 1010 911 animalia
1037 887 1102 923 per
1125 887 1191 910 sua
1217 875 1382 910 membra
1411 874 1546 922 aliquid
1570 882 1683 921 agunt

84 935 259 970 instinctu
285 942 449 975 naturae,
482 943 559 967 non
592 943 656 979 per
676 932 750 966 hoc
777 931 876 978 quod
904 938 1133 977 cognoscant
1160 930 1329 965 ordinem
1355 930 1610 964 membrorum
1637 928 1683 963 ad

87 989 169 1025 illas
191 989 439 1036 operationes:
459 986 556 1022 unde
577 997 654 1021 non
677 986 845 1021 dicuntur
866 986 1013 1033 proprie
1036 985 1221 1032 applicare
1244 984 1410 1020 membra
1425 984 1470 1019 ad
1485 983 1682 1031 agendum,

86 1054 155 1080 nec
169 1044 223 1078 uti
236 1042 421 1078 membris.

656 1129 1007 1176 ARTICULUS
1042 1130 1122 1175 111.
1639 1152 1683 1189 93

329 1230 487 1262 UTRUM
513 1230 622 1260 USUS
651 1229 805 1260 POSSIT
833 1230 936 1259 ESSE
962 1230 1104 1260 ETIAM
1129 1229 1288 1260 ULTIMI
1316 1230 1441 1261 FINIS.

163 1315 225 1351 AD
247 1324 423 1350 TERTIUM
441 1313 493 1348 sic
515 1312 738 1359 proceditur.
760 1311 925 1355 Videtur,
953 1312 1052 1359 quod
1074 1324 1160 1347 usus
1186 1314 1302 1360 possit
1329 1324 1407 1348 esse
1433 1315 1544 1348 etiam
1566 1313 1687 1348 ultimi

91 1369 193 1405 finis:
216 1369 303 1404 dicit
322 1370 423 1404 enirn
444 1368 600 1414 August.
623 1367 661 1402 in
685 1378 736 1402 10.
761 1367 804 1402 de
821 1366 952 1402 Trinit.
978 1367 1125 1415 (capri.
1148 1373 1223 1402 anta
1237 1367 1358 1413 med.):
1376 1368 1507 1410 Omnis,
1527 1369 1584 1414 qui
1594 1368 1687 1415 frui-

93 1430 161 1468 tur,
187 1425 315 1459 utitur:
335 1423 399 1458 sed
421 1421 553 1457 ultimo
575 1421 647 1456 fine
668 1421 798 1457 fruitur
824 1421 975 1468 aliquis3
1003 1433 1091 1468 ergo
1114 1422 1245 1456 ultimo
1264 1421 1336 1457 fine
1359 1421 1489 1469 aliquis
1516 1422 1637 1456 utitur.

165 1489 198 1514 2.
221 1479 461 1514 PRAETEREA.
487 1477 550 1513 Uti
571 1485 626 1512 est
647 1488 834 1512 assumere
861 1476 998 1523 aliquid
1025 1477 1062 1511 in
1087 1476 1302 1511 facultatem
1328 1476 1539 1520 voluntatis,
1566 1484 1605 1511 ut
1625 1476 1688 1511 ibi-

94 1533 180 1569 dem
201 1533 350 1568 dicitur:
373 1532 439 1567 sed
459 1531 553 1566 nihil
573 1531 692 1578 magis
709 1531 909 1566 assumitur
931 1543 951 1566 a
964 1530 1166 1575 voluntate,
1185 1543 1296 1578 quam
1315 1530 1464 1566 ultimus
1487 1531 1686 1578 finis;ergo

93 1599 178 1624 usus
197 1594 317 1635 potest
338 1598 417 1622 esse
436 1586 557 1622 ultimi
577 1585 670 1621 finis.

98 1681 102 1685 ,
167 1653 198 1689 3.
219 1641 460 1677 PRAETEREA.
483 1640 598 1676 Hilar.
632 1640 720 1675 dicit
742 1641 779 1675 in
801 1650 833 1675 2.
857 1641 902 1675 de
925 1640 1028 1675 Trin.
1051 1642 1128 1685 (cir.
1152 1642 1284 1689 princ.)
1314 1641 1412 1688 quod
1440 1642 1621 1676 aeternitas
1642 1647 1687 1677 est

94 1697 131 1732 in
151 1697 264 1739 Patre,
286 1697 403 1744 species
422 1697 458 1730 in
479 1697 641 1741 imagine,
665 1695 757 1730 idest
780 1695 816 1729 in
839 1694 943 1738 Filio,
965 1708 1042 1731 usus
1063 1697 1098 1730 in
1114 1708 1261 1737 mzmere,
1280 1696 1375 1730 idest
1389 1697 1426 1730 in
1445 1695 1581 1742 Spiritu
1601 1696 1689 1730 San-

94 1759 176 1787 cto:
197 1751 263 1786 sed
289 1750 445 1798 Spiritus
467 1749 635 1793 Sanctus,
659 1761 744 1784 cum
772 1750 817 1784 sit
841 1750 958 1793 Deus,
981 1759 1035 1785 est
1056 1750 1206 1785 ultimus
1228 1750 1327 1793 finis;
1348 1762 1436 1797 ergo
1460 1762 1546 1785 usus
1567 1758 1688 1798 potest

92 1817 172 1841 esse
193 1804 315 1840 ultimi
334 1804 427 1840 finis.

165 1859 241 1895 SED
264 1870 423 1895 CONTRA
450 1866 514 1902 est,
537 1858 636 1905 quod
658 1858 745 1893 dicit
766 1858 923 1905 August.
947 1860 983 1893 in
1005 1858 1064 1893 lib.
1089 1860 1144 1905 83.
1163 1858 1254 1901 QQ.
1273 1858 1319 1906 (q.
1338 1872 1390 1906 30.
1414 1861 1475 1894 cir.
1496 1859 1589 1905 fitz.):
1612 1860 1685 1894 Deo

92 1914 202 1950 nullus
214 1918 300 1950 recte
312 1915 431 1956 utitur,
445 1913 499 1949 sed
511 1913 649 1960 fruitur
667 1913 735 1959 [sed
745 1914 882 1960 fruitur
896 1913 998 1948 deest
1011 1915 1048 1948 in
1067 1918 1114 1948 1.a
1130 1914 1213 1948 edit.
1230 1914 1375 1959 Rom.]:
1392 1914 1455 1949 sed
1471 1913 1571 1949 solus
1585 1914 1686 1949 Deus

96 1976 152 2004 est
170 1967 322 2003 ultimus
344 1967 446 2012 finis;
469 1979 558 2014 ergo
581 1967 712 2002 ultimo
734 1967 807 2002 fine
829 1979 905 2002 non
925 1976 979 2003 est
1000 1968 1188 2003 utendum.

166 2022 402 2058 Rnsponnfio
433 2022 643 2064 dicendum,
671 2022 770 2068 quod
804 2024 866 2065 uti,
907 2024 999 2057 sicut
1026 2023 1165 2057 dictum
1196 2031 1249 2058 est
1283 2025 1364 2067 (art.
1387 2035 1414 2058 1.
1442 2023 1512 2069 huj.
1535 2023 1595 2069 q.)‚
1624 2022 1688 2057 im-

91 2084 212 2124 portat
229 2076 516 2124 applicationem
539 2075 692 2122 alicujus
715 2076 760 2111 ad
783 2076 936 2123 aliquid:
961 2077 1060 2123 quod
1082 2085 1206 2112 autem
1229 2078 1431 2124 applicatur
1449 2078 1495 2112 ad
1517 2077 1626 2119 aliud,
1650 2089 1688 2112 se

92 2131 203 2166 habet
222 2131 260 2166 in
281 2131 425 2166 ratione
445 2131 532 2177 ejus,
554 2131 653 2177 quod
676 2139 730 2165 est
760 2131 805 2164 ad
839 2130 969 2174 finem3
993 2140 1028 2166 et
1055 2132 1139 2166 ideo
1167 2132 1218 2166 uti
1240 2143 1386 2179 semper
1405 2140 1457 2166 est
1477 2133 1566 2178 ejus,
1589 2131 1688 2178 quod

93 2194 148 2221 est
168 2185 212 2220 ad
233 2185 370 2220 finem:
391 2193 539 2232 propter
560 2185 658 2231 quod
681 2193 718 2219 et
739 2196 793 2227 ea,
821 2197 914 2232 quae
942 2194 1025 2220 sunt
1040 2186 1084 2220 ad
1099 2185 1211 2220 finem
1239 2186 1497 2227 accommoda,
1521 2187 1621 2221 utilia
1641 2186 1689 2220 di-

93 2247 235 2283 cuntur,
250 2247 285 2275 et
301 2240 380 2287 ipsa
399 2239 534 2274 utilitas
556 2239 741 2274 interdurn
759 2252 834 2274 usus
848 2240 1070 2274 nominatur.
1092 2240 1165 2275 Sed
1184 2241 1494 2275 considerandum
1510 2248 1574 2284 est,
1590 2241 1688 2287 quod

91 2293 242 2330 ultimus
263 2294 344 2330 finis
359 2294 489 2329 dicitur
506 2293 692 2342 dupliciter.
725 2295 799 2329 Uno
827 2294 923 2329 modo
946 2295 1180 2341 simpliciter:
1205 2303 1240 2329 et
1267 2295 1334 2329 alio
1363 2295 1458 2329 modo
1480 2296 1602 2342 quoad
1625 2295 1689 2329 ali-

92 2359 224 2396 quem:
239 2349 436 2383 cumenim
456 2348 550 2391 finis,
560 2356 599 2383 ut
613 2359 721 2395 supra
735 2349 873 2383 dictum
885 2357 939 2383 est
948 2349 1111 2395 (q.1.art.
1131 2350 1163 2385 8.
1183 2361 1213 2396 q.
1237 2362 1268 2384 2.
1288 2354 1353 2384 art.
1370 2361 1399 2396 7.
1412 2355 1442 2384 et
1456 2361 1527 2396 q.5.
1544 2355 1608 2384 art.
1627 2350 1686 2394 2.),

94 2402 234 2438 dicatur
255 2402 478 2450 quandoque
501 2402 649 2449 quidem
672 2414 740 2445 res,
763 2403 984 2450 quandoque
1012 2411 1136 2438 autem
1164 2404 1311 2451 adeptio
1340 2404 1402 2446 rei,
1425 2403 1484 2438 vel
1505 2406 1688 2451 possessio

95 2457 171 2503 ejus
195 2457 307 2503 (sicut
327 2468 441 2492 avaro
463 2456 544 2492 finis
563 2465 618 2491 est
638 2456 699 2492 vel
720 2457 887 2504 pecunia,
915 2457 973 2492 vel
994 2458 1180 2504 possessio
1207 2459 1429 2505 pecuniae);
1453 2458 1689 2493 manifestum

95 2518 159 2555 est,
179 2511 290 2559 quod,
311 2511 529 2559 simpliciter
549 2510 748 2558 loquendo,
771 2511 921 2547 ultimus
936 2511 1017 2547 finis
1028 2520 1080 2547 est
1102 2513 1181 2559 ipsa
1202 2524 1361 2555 res,non
1384 2513 1482 2547 enim
1505 2513 1688 2559 possessio

93 2565 271 2612 pecuniae
305 2574 360 2601 est
395 2566 505 2608 bona,
527 2567 597 2600 nisi
622 2574 771 2613 propter
796 2566 937 2601 bonum
958 2567 1160 2613 pecuniae:
1189 2567 1253 2602 sed
1276 2567 1397 2614 quoad
1419 2567 1517 2602 hunc
1541 2568 1688 2614 adeptio

94 2619 272 2665 pecuniae
288 2628 343 2656 est
364 2619 445 2655 finis
464 2619 630 2655 ultimus:
654 2631 731 2655 non
750 2621 850 2655 enirn
872 2629 1063 2668 quaereret
1085 2623 1281 2668 pecuniam
1309 2633 1451 2663 avarus,
1473 2622 1543 2656 nisi
1566 2631 1603 2656 ut
1625 2622 1689 2656 ha-

94 2671 197 2708 beret
221 2685 328 2717 eam;
355 2685 457 2721 ergo,
491 2673 707 2721 simpliciter
740 2674 928 2722 loquendo
967 2683 1001 2711 et
1030 2676 1188 2723 proprie,
1222 2676 1381 2723 pecunia
1413 2676 1530 2710 homo
1558 2676 1688 2723 aliquis

96 2724 236 2772 fruitur,
257 2728 344 2776 quia
369 2730 406 2764 in
428 2740 472 2764 ea
493 2727 664 2764 ultimum
700 2728 813 2765 finem
839 2730 1042 2765 constituit:
1071 2731 1135 2766 sed
1161 2731 1381 2777 inquantum
1407 2729 1516 2765 refert
1537 2742 1620 2765 eam
1643 2730 1688 2765 ad

97 2782 383 2828 possessionem,
405 2783 538 2818 dicitur
559 2784 610 2818 uti
632 2794 686 2818 ea.

167 2835 228 2872 AD
249 2847 401 2873 PR1MUM
423 2849 512 2884 ergo
535 2837 743 2881 dicendum,
766 2839 864 2886 quod
884 2839 1078 2885 Augustin.
1101 2839 1264 2887 loquitur
1282 2840 1326 2874 de
1342 2851 1408 2874 usu
1424 2840 1688 2888 communiter,

97 2890 299 2980 secunduzln
321 2892 420 2938 quod
441 2892 618 2940 importat
642 2893 812 2929 ordinem
838 2894 920 2929 finis
947 2894 992 2930 ad
1018 2895 1138 2944 ipsam
1163 2895 1388 2937 fruitionem,
1416 2905 1528 2942 quam
1556 2894 1690 2942 aliquis

101 2944 242 2993 auae-ri?
281 2956 307 2993 ,e
328 2945 437 2991 fias.

246 3027 275 3055 S.
296 3027 420 3057 Tuon:
441 3029 548 3058 summa
573 3030 736 3068 Theologica.
758 3031 824 3059 Vol.
847 3032 884 3060 11.
1510 3041 1542 3060 10
