1907 3198
458 178 682 215 QUAESTIO
715 176 862 208 Lxxlx.
896 175 1141 206 ARTICULUS
1173 174 1232 204 111.
1541 173 1622 215 575

50 272 147 300 ·nem
174 272 261 298 suae
286 260 502 308 sapientiae:
533 259 589 295 sol
619 268 753 302 autem,
787 259 871 294 licet
897 266 1071 305 quantum
1098 265 1151 291 est
1176 256 1220 290 de
1247 266 1296 297 se,
1323 254 1447 289 omnia
1474 265 1626 300 corpora

52 315 252 359 illuminet,
272 315 302 351 si
322 314 420 362 quod
441 322 563 349 tamen
586 314 887 360 impedimentum
910 311 1069 347 inveniat
1087 311 1122 344 in
1139 310 1260 356 aliquo
1276 320 1440 355 corpore,
1460 308 1628 354 relinquit

58 368 148 406 illud
160 369 412 411 tenebrosum3
427 367 520 402 sicut
533 375 631 414 patet
644 367 688 401 de
703 367 828 408 domo,
843 367 943 411 cujus
958 364 1135 400 fenestrae
1155 372 1236 397 sunt
1252 362 1413 397 clausae:
1428 362 1489 396 scd
1504 369 1626 396 tamen

57 421 157 459 illius
175 421 439 459 obscurationis
460 420 562 456 nullo
584 421 696 455 modo
719 431 829 455 causa
849 427 903 454 est
923 418 995 461 sol;
1019 429 1092 452 non
1116 417 1214 452 enim
1236 427 1302 450 suo
1325 416 1460 461 judicio
1483 415 1567 458 agit,
1590 422 1628 448 ut

51 486 184 512 *umen
205 475 352 512 interius
372 485 447 510 non
468 474 657 509 immittat:
680 474 741 508 sed
761 484 869 508 causa
891 474 967 519 ejus
989 479 1043 507 est
1063 470 1182 506 solum
1206 469 1278 511 ille,
1300 470 1361 515 qui
1384 468 1519 503 claudit
1534 468 1628 503 fene-

50 529 304 567 ‘suannzDeus
319 536 441 564 autem
455 528 602 575 proprio
625 528 760 573 judicio
781 527 905 562 lumen
928 526 1064 572 gratiae
1083 536 1157 559 non
1172 524 1333 558 immittit
1348 522 1428 564 illis,
1444 523 1478 556 in
1498 521 1627 568 quibus

43 582 290 620 obstaculum
309 582 465 624 invenit;
479 581 574 616 unde
597 592 704 616 causa
724 580 976 616 subtractionis
999 578 1135 625 gratiae
1158 586 1211 612 est
1232 588 1306 611 non
1329 576 1448 611 solum
1472 575 1544 616 ille,
1566 575 1627 621 qui

59 637 162 686 ponit
182 635 412 672 obstaculum
433 635 581 681 gratiae,
603 635 665 669 sed
679 636 790 670 etiam
812 634 922 675 Deus,
945 634 1005 680 qui
1028 643 1094 667 suo
1109 631 1243 677 judicio
1263 631 1416 676 gratiam
1432 640 1504 663 non
1521 639 1628 675 appo-

58 690 132 727 nit:
153 697 188 726 et
202 696 265 738 per
283 689 369 726 hunc
390 688 526 724 modum
547 689 638 723 Deus
658 694 702 724 est
715 700 813 724 causa
835 687 1085 728 excaecationis,
1105 690 1133 720 et
1153 685 1406 731 aggravationis
1427 684 1576 724 aurium,
1599 686 1628 717 et

57 743 287 781 obdurationis
299 742 426 779 cordis:
439 753 531 789 quae
545 741 691 788 quidem
707 741 975 788 distinguuntur
987 739 1186 774 secundum
1204 737 1353 774 effectus
1371 737 1519 783 gratiae,
1534 747 1626 782 quae

58 797 246 846 etperficit
258 796 485 833 intellectum
505 797 603 831 dono
625 796 833 843 sapientiae,
856 803 891 829 et
912 793 1083 829 affectum
1102 791 1243 827 emollit
1258 791 1341 837 igne
1364 789 1561 824 charitatis.
1582 788 1627 823 Et

14 847 18 861 '
54 852 143 901 quia
156 851 201 887 ad
218 850 468 898 cognitionem
488 849 694 885 intellectus
709 849 866 884 maxime
881 848 1088 883 deserviunt
1101 846 1174 881 duo
1193 857 1331 887 sensus,
1346 844 1504 880 scilicet:
1523 845 1624 885 visus,

16 923 18 926 ·
51 913 95 943 et
119 905 262 949 auditus,
283 915 439 952 quorum
459 915 543 939 unus
567 903 723 938 deservit
744 902 955 944 inventioni,
985 901 1124 936 scilicet
1144 900 1253 942 visus,
1284 899 1369 934 alins
1399 897 1627 943 disciplinae,

65 959 197 996 cilicet
217 958 378 1001 auditus;
392 957 476 993 ideo
498 966 672 1005 quantum
692 957 735 992 ad
757 958 875 992 visum
890 955 1035 1003 ponitur
1052 955 1237 990 excaecatio
1245 966 1256 995 ,¹
1273 960 1449 1000 quantum
1464 951 1507 986 ad
1530 951 1626 985 audi-

68 1030 75 1041 ·
98 1025 149 1057 m,
164 1013 302 1049 aurium
322 1013 543 1059 aggravatum
565 1019 741 1058 quantum
760 1010 804 1045 ad
826 1009 1009 1052 affectum,
1032 1008 1218 1043 obduratio.

129 1066 191 1103 Au
215 1076 367 1102 ramum
388 1076 477 1112 ergo
499 1065 706 1107 dicendum,
727 1063 824 1111 quod
847 1075 931 1098 cum
953 1061 1174 1104 excaecatio,
1200 1069 1235 1096 et
1255 1060 1435 1095 induratio
1462 1071 1505 1095 ex
1527 1066 1626 1106 parte

100 1120 312 1156 btractionis
338 1119 473 1167 gratiae
495 1118 566 1154 sint
591 1118 770 1166 quaedam
801 1128 952 1165 poenae,
983 1128 1025 1152 ex
1046 1116 1115 1151 hac
1143 1123 1242 1163 parte
1273 1114 1323 1150 eis
1345 1114 1460 1149 homo
1486 1124 1561 1148 non
1588 1112 1628 1147 iit

54 1173 230 1217 eterior3
244 1173 308 1209 sed
322 1173 480 1208 deterior
499 1171 615 1207 factus
626 1183 690 1219 per
703 1171 847 1218 culpam
863 1171 953 1205 haec
968 1170 1129 1212 incurrit,
1147 1168 1240 1204 sicut
1258 1177 1293 1204 et
1307 1176 1467 1203 caeteras
1478 1177 1625 1214 poenas.

17 1275 18 1279 Ἰ
128 1227 191 1264 An
211 1237 419 1263 SECUNDUM
441 1226 648 1268 dicendum,
670 1225 767 1272 quod
790 1224 948 1271 objectio
969 1223 1031 1258 illa
1052 1223 1216 1271 procedit
1233 1222 1278 1257 de
1299 1221 1552 1263 obduratione,
1574 1231 1626 1255 se-

17 1282 18 1289 *
56 1281 220 1318 cundum
239 1280 338 1328 quod
359 1288 414 1316 est
440 1279 557 1327 culpa.

130 1334 191 1370 AD
211 1343 384 1371 τεκτιυκ
405 1333 611 1376 dicendum,
632 1331 731 1379 quod
752 1331 891 1367 malitia
921 1339 975 1366 est
996 1342 1106 1366 causa
1127 1329 1395 1366 excaecationis
1425 1328 1627 1370 meritoria,

16 1391 18 1442 ζ
57 1387 153 1424 sicut
172 1387 279 1436 culpa
299 1395 354 1423 est
373 1398 483 1422 causa
503 1397 656 1434 poenae,
674 1394 710 1421 et
726 1385 799 1421 hoc
821 1385 931 1420 etiam
952 1384 1066 1420 modo
1087 1383 1252 1419 diabolus
1271 1394 1466 1419 excaecare
1485 1381 1627 1424 dicitur,

57 1441 276 1491 inquantum
295 1441 435 1477 inducit
454 1439 500 1476 ad
521 1439 678 1488 culpam.

619 1588 965 1636 ARTICULUS
994 1588 1070 1632 IV.
1556 1606 1627 1644 430

163 1710 318 1743 UTRUM
346 1709 647 1751 EXCAECATm,
672 1711 728 1741 ET
761 1710 1020 1741 OBDURATIO
1054 1709 1216 1740 SEMPER
1250 1707 1536 1739 ORDINENTUR

220 1776 280 1807 AD
303 1775 507 1807 SALUTEM
531 1775 645 1819 Ejus,
665 1775 743 1812 QUI
766 1775 1072 1816 EXCAECATUR,
1099 1775 1155 1805 ET
1177 1773 1460 1805 OBDURATUR.

129 1875 191 1912 AD
204 1885 394 1917 09».an
408 1875 459 1912 sic
474 1875 691 1923 proceditur.
706 1874 868 1917 Videtur,
883 1874 980 1921 quod
996 1874 1216 1915 excaecatio,
1231 1880 1266 1908 et
1276 1871 1467 1907 obduratio
1482 1882 1626 1917 semper

67 1930 271 1966 rdinentur
289 1930 335 1966 ad
354 1929 510 1965 salutem
531 1930 619 1976 ejus,
645 1929 706 1976 qui
727 1937 953 1971 excaecatur,
979 1936 1015 1963 et
1036 1927 1249 1962 obduratur:
1274 1926 1360 1960 dicit
1383 1925 1481 1960 enirn
1504 1925 1626 1971 Augu-

85 1984 172 2020 m'us
191 1984 229 2020 in
249 1983 433 2019 Enchirid.
456 1983 544 2031 (cap.
572 1995 617 2019 ιι.
639 1984 719 2018 circ.
733 1984 874 2030 princ),
898 1981 995 2029 quod
1018 1981 1129 2024 Deus,
1152 1992 1236 2015 cum
1258 1980 1303 2015 sit
1328 1990 1472 2014 summe
1495 1979 1625 2022 bonus,

69 2036 160 2074 ullo
181 2037 294 2074 modo
322 2037 545 2085 permitteret
569 2036 645 2072 fieri
672 2036 818 2083 aliquod
849 2036 1000 2078 malum,
1029 2035 1096 2070 nisi
1123 2042 1245 2082 posset
1267 2045 1308 2068 ex
1331 2033 1493 2080 quolibet
1525 2032 1624 2067 malo

95 2091 190 2128 'cere
208 2091 359 2127 bonum.
376 2090 493 2126 Multo
511 2090 620 2137 igitur
638 2090 754 2137 magis
775 2089 918 2124 ordinat
932 2090 975 2124 ad
990 2090 1127 2124 bonum
1147 2088 1234 2123 illud
1253 2087 1404 2130 malum,
1427 2087 1527 2133 cujus
1547 2086 1622 2133 ipse

74 2168 90 2175 κ
132 2155 260 2181 causa:
282 2145 344 2180 sed
365 2144 642 2186 excaecationis,
671 2151 705 2179 et
727 2143 974 2179 obdurationis
996 2144 1096 2178 Deus
1119 2151 1172 2178 est
1193 2153 1314 2184 causa,
1341 2150 1379 2176 ut
1405 2141 1542 2176 dictum
1569 2149 1622 2175 cst

57 2203 144 2251 μανι.
166 2200 320 2247 praec.),·
343 2209 432 2246 ergo
453 2198 544 2234 haec
566 2197 778 2233 ordinantur
800 2197 843 2232 ad
873 2197 1026 2233 salutem
1049 2198 1137 2243 ejus,
1160 2196 1219 2244 qui
1241 2204 1467 2238 excaecatur,
1488 2194 1545 2229 vel
1566 2195 1625 2229 ob-

70 2352 74 2357 ,
127 2315 161 2342 2.
182 2305 418 2342 PRAETEREA.
441 2305 526 2353 Sap.
552 2316 580 2341 1.
602 2305 742 2347 dicitur,
769 2304 866 2352 quod
889 2305 979 2341 Deus
1001 2317 1065 2339 non
1094 2304 1274 2340 delectatur
1300 2305 1332 2338 in
1353 2302 1542 2350 perditione
1565 2303 1624 2336 im-

85 2359 212 2396 'orumt
230 2359 412 2395 videretur
432 2367 553 2395 autem
575 2359 610 2393 in
632 2358 834 2405 perditione
853 2370 979 2394 eorum
1002 2358 1186 2401 delectari,
1205 2359 1232 2393 si
1252 2368 1380 2393 eorum
1403 2356 1625 2391 excaecatio-

70 2424 143 2450 em
165 2413 201 2449 in
230 2413 369 2448 bonum
397 2424 526 2448 eorum
552 2424 625 2448 non
654 2420 899 2448 converteret:
930 2412 1022 2447 sicut
1055 2412 1218 2448 medicus
1246 2411 1426 2446 videretur
1452 2409 1622 2445 delectari

63 2466 253 2503 'u'ctione
274 2465 420 2509 infirmi,
440 2466 470 2502 si
488 2466 707 2502 medicinam
730 2477 905 2508 amaram,
927 2478 1036 2513 quam
1059 2465 1202 2500 infirmo
1222 2466 1400 2512 propinat,
1420 2464 1462 2498 ad
1479 2465 1554 2509 ejus
1573 2474 1624 2498 sa-

71 2520 209 2557 intem
229 2531 305 2556 non
325 2519 527 2563 ordinaret;
548 2531 635 2567 ergo
657 2519 756 2555 Deus
778 2520 1072 2555 excaecationem
1095 2519 1273 2554 convertit
1291 2519 1325 2553 in
1347 2519 1484 2553 bonum
1501 2528 1623 2552 excae-

91 2580 239 2610 torum.

133 2638 164 2675 3.
183 2626 420 2664 ΡιιΑετεκΕΑ.
443 2627 534 2663 Deus
558 2639 623 2662 non
644 2632 687 2662 est
703 2633 923 2675 personarum
946 2633 1110 2675 acceptor,
1134 2635 1171 2662 ut
1192 2627 1321 2662 dicitur
1354 2627 1433 2661 Act.
1461 2637 1531 2661 10.:
1559 2625 1620 2660 scd

116 2697 124 2709 ·
177 2680 301 2717 mdam
322 2681 617 2718 excaecationem
639 2680 781 2716 ordinat
799 2680 842 2715 ad
864 2692 991 2716 eorum
1011 2681 1181 2723 salutem3
1204 2681 1296 2716 sicut
1311 2678 1624 2727 quorumdamJu-

136 2734 329 2782 ·rum‚‚qui
342 2734 525 2770 excaecati
540 2742 633 2776 sunt,
647 2742 685 2769 ut
699 2734 847 2769 Christo
868 2746 942 2770 non
961 2735 1159 2777 crederent,
1178 2743 1213 2770 et
1227 2746 1300 2769 non
1323 2734 1509 2769 credentes
1528 2733 1623 2767 occi-

70 2828 77 2830 ,
132 2794 197 2831 ‹·t,
217 2795 253 2824 et
271 2788 508 2836 postmodum
528 2788 738 2835 compuncti
759 2797 1066 2831 converterentur,
1081 2789 1173 2823 sicut
1187 2789 1231 2823 de
1253 2788 1466 2835 quibusdam
1491 2787 1622 2832 legitur

164 2850 196 2878 2.
225 2849 264 2878 ut
294 2850 395 2890 pater
423 2851 487 2889 per
515 2841 757 2887 Augustinum
788 2841 823 2876 in
845 2841 904 2878 lib.
927 2842 970 2877 de
1002 2842 1091 2885 QQ.
1122 2842 1308 2887 Evangelii
1335 2842 1418 2886 (scil.
1444 2840 1620 2876 secundum

160 2915 184 2930 .
196 2906 228 2942 q.
245 2894 337 2942 14.),·
351 2905 441 2943 ergo
454 2894 554 2931 Deus
576 2895 743 2931 omnium
757 2896 1052 2931 excaecationem
1067 2896 1245 2931 convertit
1260 2897 1294 2930 in
1311 2906 1438 2930 eorum
1454 2894 1620 2930 salutem.
