1907 3182
257 176 337 228 156
660 186 882 222 QUAESTIO
916 186 1035 216 XVIII.
1064 185 1308 215 ARTICULUS
1341 185 1398 214 IX.

250 275 372 302 autern
397 279 471 302 non
499 275 596 302 caret
621 268 760 302 ratione
786 269 900 313 justae
926 267 1161 310 necessitatis,
1189 275 1249 301 aut
1274 266 1354 312 piae
1379 266 1552 309 utilitatis,
1578 275 1632 301 est
1651 266 1807 309 bonum;

250 332 336 366 ergo
359 332 468 355 omne
488 321 639 355 verbum
661 329 721 355 aut
744 328 797 355 est
817 321 966 363 bonum,
989 328 1049 354 aut
1068 320 1225 354 malum:
1249 320 1326 366 pari
1347 331 1432 366 ergo
1454 320 1594 356 ratione
1613 328 1648 354 et
1660 318 1808 366 quilibet

249 373 338 408 alius
361 383 460 408 actus
485 374 543 408 vel
565 382 618 409 est
643 374 770 416 bonus,
797 374 855 408 vel
881 374 1017 417 malus:
1044 374 1162 408 nullus
1191 385 1278 419 ergo
1305 373 1532 408 individualis
1559 382 1659 408 actus
1686 379 1740 407 est
1758 373 1808 406 in-

251 427 427 462 differens.

320 482 548 517 RESPONDEO
571 483 776 524 dicendum,
805 482 900 528 quod
929 483 1105 528 contingit
1131 482 1348 528 quandoque
1383 481 1539 528 aliquem
1575 490 1696 515 actum
1730 491 1806 514 esse

248 535 513 570 indifferentem
536 537 733 570 secundum
756 536 928 581 speciem,
952 536 1012 581 qui
1032 544 1155 569 tamen
1179 544 1232 569 est
1253 535 1380 577 bonus,
1401 535 1460 569 vel
1489 535 1606 569 malus
1616 536 1664 570 ‚in
1684 533 1805 568 indivi-

249 590 320 623 duo
343 590 605 623 consideratus:
629 598 664 623 et
685 589 755 623 hoc
783 589 876 631 ideo,
904 591 985 634 quia
1013 598 1112 623 actus
1139 588 1299 630 moralis,
1326 589 1418 622 sicut
1443 589 1580 623 dictum
1605 596 1659 623 est
1679 588 1760 633 (art.
1779 599 1806 633 3.

248 644 317 689 huj.
340 644 398 689 q),
421 655 495 677 non
517 642 636 677 solum
662 643 770 676 habet
796 642 996 676 bonitatem
1023 654 1064 676 ex
1087 643 1242 687 objecto,
1270 653 1290 675 a
1316 653 1387 688 quo
1412 642 1523 676 habet
1547 642 1719 688 speciem,
1746 640 1807 674 sed

253 697 362 731 etiam
385 709 427 731 ex
450 697 738 738 circumstantiis,
767 707 857 742 quae
884 704 966 730 sunt
987 696 1088 742 quasi
1122 696 1299 741 quaedam
1323 695 1540 731 accidentia:
1562 696 1655 730 sicut
1675 693 1809 740 aliquid

248 751 417 785 convenit
438 750 622 785 individuo
643 750 804 784 hominis
818 750 1019 784 secundum
1038 750 1239 784 accidentia
1259 749 1504 792 individualia‚
1519 749 1616 795 quod
1629 760 1705 783 non
1725 759 1808 783 con-

247 804 345 838 venit
369 804 511 838 homini
536 804 737 838 secundum
763 804 941 838 rationem
967 803 1110 850 speciei.
1134 803 1178 837 Et
1204 810 1358 848 oportet,
1385 803 1481 849 quod
1508 802 1657 849 quilibet
1681 801 1807 836 indivi-

247 857 362 892 dualis
385 866 484 892 actus
505 857 637 891 habeat
659 856 817 903 aliquam
840 857 1162 899 circumstantiam,
1184 868 1244 902 per
1272 868 1383 903 quam
1407 857 1570 891 trahatur
1591 856 1636 890 ad
1655 856 1807 897 bonum,

246 910 304 945 vel
327 911 476 953 malum,
499 911 542 944 ad
564 911 683 945 minus
705 922 747 944 ex
769 919 868 957 parte
889 911 1098 945 intentionis
1121 911 1219 945 finis:
1243 922 1326 945 cum
1353 911 1451 945 enim
1477 911 1626 945 rationis
1652 910 1697 944 sit
1718 910 1809 944 ordi-

246 976 351 1007 nare3
379 973 478 998 actus
507 976 525 998 a
551 964 689 998 ratione
717 963 950 998 deliberativa
976 964 1188 1010 procedens,
1215 964 1245 998 si
1269 976 1344 998 non
1371 964 1415 999 sit
1441 965 1484 998 ad
1511 964 1672 999 debitum
1697 963 1807 997 finem

247 1018 443 1059 ordinatus,
467 1030 508 1052 ex
528 1018 600 1052 hoc
622 1018 700 1064 ipso
723 1026 898 1064 repugnat
919 1018 1061 1060 rationi,
1084 1026 1118 1052 et
1138 1018 1248 1052 habet
1268 1018 1449 1052 rationem
1470 1017 1575 1052 mali:
1598 1017 1628 1052 si
1648 1028 1736 1051 vero
1755 1028 1809 1051 or-

247 1071 387 1105 dinetur
409 1071 453 1105 ad
475 1071 635 1105 debitum
656 1071 779 1113 finem,
799 1071 970 1105 convenit
996 1083 1080 1105 cum
1108 1072 1233 1105 ordine
1259 1071 1427 1106 rationis:
1450 1071 1545 1106 unde
1570 1071 1680 1105 habet
1703 1071 1809 1104 ratio-

246 1135 331 1158 nem
351 1124 453 1158 boni:
476 1136 624 1159 necesse
647 1132 699 1158 est
721 1132 852 1167 autern,
879 1125 976 1171 quod
1002 1124 1060 1159 vel
1083 1125 1277 1167 ordinetur,
1298 1124 1357 1159 vel
1381 1136 1456 1159 non
1479 1125 1664 1159 ordinetur
1688 1124 1731 1158 ad
1753 1124 1810 1158 de-

245 1178 359 1212 bitum
381 1178 508 1212 finem:
533 1179 627 1213 unde
644 1190 792 1213 necesse
808 1186 871 1221 est,
887 1190 1036 1213 omnem
1059 1187 1181 1213 actum
1202 1179 1363 1213 hominis
1382 1191 1402 1213 a
1416 1178 1649 1213 deliberativa
1668 1178 1808 1212 ratione

245 1232 515 1278 procedentem,
536 1232 573 1266 in
594 1232 779 1266 individuo
803 1232 1082 1274 consideratum,
1104 1233 1241 1266 bonum
1263 1244 1352 1274 esse,
1373 1232 1431 1267 vel
1453 1232 1602 1267 malum.
1626 1231 1665 1266 Si
1687 1239 1808 1266 autern

244 1297 319 1319 non
347 1286 512 1332 procedit
541 1297 560 1319 a
592 1286 730 1320 ratione
761 1285 1004 1328 deliberativa,
1031 1286 1093 1320 sed
1120 1297 1161 1320 ex
1189 1286 1345 1332 quadam
1370 1286 1672 1332 imaginationem
1699 1285 1809 1330 (sicut

246 1350 329 1372 cum
352 1339 479 1385 aliquis
501 1339 604 1373 fricat
624 1339 784 1381 barbam,
803 1339 862 1373 vel
879 1348 1004 1374 movet
1022 1351 1183 1382 manum,
1200 1348 1260 1374 aut
1281 1341 1430 1386 pedem)
1445 1339 1526 1374 talis
1545 1347 1644 1374 actus
1663 1350 1737 1374 non
1756 1347 1809 1373 est

244 1392 387 1438 proprie
409 1393 592 1438 loquendo
615 1393 774 1435 moralis,
793 1393 851 1427 vel
869 1393 1062 1435 humanus,
1077 1405 1161 1427 cum
1182 1393 1253 1427 hoc
1276 1394 1408 1428 habeat
1429 1401 1529 1428 actus
1552 1405 1571 1427 a
1592 1393 1751 1428 ratione:
1774 1400 1809 1427 et

244 1446 294 1480 sic
317 1446 382 1480 erit
403 1445 620 1489 indifferens,
643 1448 744 1493 quasi
767 1455 864 1481 extra
884 1459 996 1493 genus
1016 1446 1212 1480 moralium
1235 1455 1380 1481 actuum
1403 1447 1568 1482 existens.

315 1500 375 1534 AD
393 1511 542 1535 PRIMUM
565 1512 651 1546 ergo
676 1500 880 1542 dicendum,
903 1501 999 1546 quod
1022 1501 1180 1546 aliquem
1209 1509 1330 1534 actum
1357 1512 1435 1535 esse
1461 1499 1728 1534 indifferentem
1754 1510 1809 1534 se-

245 1554 403 1587 cundum
425 1565 527 1587 suam
550 1554 720 1600 speciem,
743 1562 861 1600 potest
882 1565 959 1588 esse
982 1554 1219 1600 multipliciter.
1245 1555 1317 1588 Uno
1339 1553 1434 1588 modo
1462 1554 1524 1596 sic,
1552 1553 1649 1600 quod
1676 1565 1718 1588 ex
1743 1564 1808 1587 sua

243 1607 362 1653 specie
386 1607 556 1641 debeatur
578 1608 621 1649 ei,
645 1607 741 1653 quod
763 1609 806 1642 sit
827 1606 1052 1642 indifferens:
1075 1615 1109 1641 et
1130 1607 1179 1641 sic
1202 1607 1367 1653 procedit
1386 1607 1497 1642 ratio:
1517 1607 1580 1641 sed
1598 1615 1722 1641 tamen
1739 1608 1807 1641 isto

243 1661 355 1695 modo
378 1660 497 1695 nullus
520 1669 619 1695 actus
643 1673 684 1695 ex
706 1672 769 1695 sua
791 1661 911 1707 specie
935 1669 987 1694 est
1008 1659 1233 1695 indifferens:
1258 1672 1331 1694 non
1353 1661 1452 1695 enim
1473 1669 1526 1695 est
1547 1660 1693 1707 aliquod
1715 1660 1810 1706 obJe—

244 1723 342 1748 ctum
363 1715 515 1748 humani
538 1723 648 1757 actus,
672 1715 768 1761 quod
790 1726 864 1748 non
892 1714 1005 1760 possit
1027 1714 1186 1748 ordinari
1205 1713 1264 1748 vel
1287 1714 1330 1748 ad
1352 1713 1503 1756 malum,
1524 1713 1584 1749 vel
1605 1713 1649 1747 ad
1669 1713 1807 1748 bonum

243 1780 306 1815 per
327 1768 448 1810 finem,
462 1768 521 1802 vel
536 1769 855 1803 circumstantiam.
877 1769 956 1802 Alio
975 1768 1069 1802 modo
1085 1775 1203 1814 potest
1217 1768 1287 1802 dici
1309 1767 1516 1803 indifferens
1532 1779 1574 1802 ex
1592 1779 1656 1802 sua
1677 1768 1808 1813 specie,

242 1822 324 1868 quia
346 1833 421 1856 non
447 1822 556 1856 habet
578 1834 620 1856 ex
641 1833 705 1856 sua
727 1822 860 1868 specie,
882 1822 979 1868 quod
1006 1821 1051 1855 sit
1075 1822 1204 1864 bonus,
1225 1820 1284 1855 vel
1310 1821 1444 1856 malus:
1466 1822 1560 1855 unde
1586 1832 1648 1868 per
1675 1820 1808 1867 aliquid

243 1875 337 1909 aliud
359 1884 478 1921 potest
496 1875 573 1910 fieri
590 1876 717 1917 bonus,
733 1875 791 1910 vel
810 1875 943 1909 malus:
964 1875 1055 1909 sicut
1068 1875 1184 1909 homo
1199 1886 1272 1908 non
1291 1875 1400 1909 habet
1421 1887 1463 1910 ex
1482 1887 1546 1910 sua
1564 1876 1696 1922 specie,
1711 1874 1808 1921 quod

242 1930 285 1963 sit
307 1929 418 1972 albus,
441 1930 497 1964 vel
518 1931 638 1977 niger3
660 1942 726 1965 nec
749 1938 871 1965 tamen
893 1930 1003 1965 habet
1024 1942 1066 1965 ex
1087 1942 1151 1965 sua
1173 1930 1305 1977 specie,
1327 1931 1424 1977 quod
1446 1941 1520 1965 non
1542 1931 1588 1965 sit
1608 1930 1721 1973 albus,
1748 1937 1810 1964 aut

241 1983 354 2028 niger.
377 1984 502 2019 Potest
523 1985 620 2019 enim
643 1984 785 2027 albedo,
806 1984 865 2019 vel
885 1984 1036 2030 nigredo
1059 1984 1291 2031 supervenire
1312 1984 1456 2019 homini
1477 1984 1632 2027 aliunde,
1655 1995 1765 2030 quam
1788 1995 1808 2017 a

242 2037 425 2083 principiis
447 2038 590 2084 speciei.

313 2090 372 2124 An
391 2102 598 2126 SECUNDUM
625 2092 832 2134 dicendum,
855 2091 952 2137 quod
973 2090 1110 2125 Philos.
1147 2091 1243 2133 dicit,
1265 2090 1368 2125 illurn
1391 2102 1469 2126 esse
1491 2091 1631 2126 malum
1651 2091 1808 2138 proprie,

242 2143 301 2189 qui
325 2152 377 2177 est
399 2144 476 2178 aliis
498 2145 707 2179 hominibus
728 2146 897 2179 nocivus:
922 2153 956 2179 et
975 2144 1176 2179 secundum
1202 2145 1273 2179 hoc
1301 2145 1398 2187 dicit,
1417 2145 1610 2192 prodigum
1631 2156 1705 2179 non
1728 2156 1806 2180 esse

242 2196 390 2239 malum,
414 2198 495 2243 quia
518 2198 607 2232 nulli
635 2199 737 2233 alteri
763 2207 883 2240 nocet,
910 2198 978 2232 nisi
1004 2198 1070 2232 sibi
1092 2199 1176 2244 ipsi:
1199 2206 1234 2232 et
1260 2197 1423 2233 similiter
1449 2199 1491 2233 de
1519 2199 1688 2233 omnibus
1715 2198 1805 2241 aliis,

242 2250 302 2295 qui
323 2261 397 2284 non
420 2260 501 2285 sunt
523 2252 695 2297 proximis
724 2252 856 2286 nocivi.
879 2252 956 2286 Nos
983 2259 1103 2285 autem
1131 2252 1190 2285 hic
1217 2252 1372 2287 dicimus
1398 2252 1536 2286 malum
1564 2252 1808 2287 communiter

242 2314 362 2346 omne,
385 2305 481 2350 quod
504 2313 556 2339 est
570 2305 700 2339 rationi
715 2314 833 2340 rectae
850 2316 1053 2351 repugnans
1069 2317 1076 2347 3
1093 2313 1127 2339 et
1141 2305 1342 2340 secundum
1356 2305 1428 2340 hoc
1444 2306 1562 2340 omnis
1577 2305 1808 2340 individualis

241 2365 342 2391 actus
364 2365 415 2391 est
436 2358 563 2400 bonus,
585 2359 643 2393 vel
670 2358 796 2402 malus,
821 2367 858 2393 ut
885 2359 1021 2392 dictum
1049 2366 1100 2393 est
1123 2359 1175 2403 (in
1194 2366 1285 2406 corp.
1308 2360 1401 2406 art).

311 2411 370 2445 An
394 2421 564 2446 TERTIUM
589 2412 794 2454 dicendum,
817 2413 913 2458 quod
936 2413 1054 2446 omnis
1082 2411 1161 2446 finis
1185 2423 1204 2446 a
1230 2413 1370 2447 ratione
1397 2412 1629 2448 deliberativa
1650 2414 1807 2448 intentus

240 2464 392 2509 pertinet
414 2465 456 2499 ad
484 2465 620 2499 bonum
658 2466 808 2511 alicujus
834 2466 985 2507 virtutis,
1011 2464 1069 2499 vel
1097 2465 1139 2499 ad
1163 2465 1300 2500 malum
1331 2466 1482 2512 alicujus
1509 2467 1602 2502 vitii:
1628 2467 1806 2501 namhoc

240 2518 357 2563 ipsum
380 2519 476 2563 quod
499 2518 626 2565 aliquis
649 2519 722 2565 agit
744 2520 905 2553 ordinate
929 2520 972 2553 ad
991 2519 1328 2562 substentationem,
1349 2519 1408 2554 vel
1426 2521 1585 2566 quietem
1603 2520 1658 2555 sui
1679 2530 1809 2566 corpo-

241 2570 298 2612 ris,
321 2571 364 2605 ad
386 2572 523 2606 bonum
546 2573 685 2607 virtutis
713 2573 898 2607 ordin-‚itur
924 2574 959 2607 in
987 2584 1042 2614 eo,
1065 2572 1125 2618 qui
1148 2583 1278 2619 corpus
1305 2585 1411 2608 suurn
1438 2574 1581 2608 ordinat
1607 2573 1650 2608 ad
1669 2573 1805 2608 bonum

240 2624 390 2667 virtutis,
409 2634 444 2660 et
464 2625 558 2660 idem
579 2634 675 2672 patet
693 2626 728 2660 in
753 2626 840 2661 aliis.
