1875 3198
208 213 294 269 854
636 226 858 261 QUAESTIO
894 225 981 255 CXI.
1014 226 1260 256 ARTICULUS
1292 227 1332 257 V.

207 319 227 342 a
252 308 501 350 multitudine3
528 308 621 342 sicut
647 308 783 342 bonum
811 307 933 342 ducis:
962 315 997 341 et
1022 307 1093 342 hoc
1121 307 1253 342 melius
1281 315 1352 350 est3
1380 308 1464 354 quia
1494 309 1538 343 ad
1564 309 1636 343 hoc
1662 309 1773 344 etiam

204 361 292 395 illud
315 361 412 396 aliud
428 361 633 396 ordinatur:
657 362 773 406 gratia
792 369 915 395 autem
930 361 1040 406 gratis
1055 361 1137 395 data
1152 361 1339 395 ordinatur
1353 362 1397 396 ad
1412 362 1552 396 bonum
1571 374 1770 398 commune

205 415 403 458 Ecclesiae,
418 416 515 462 quod
531 424 584 449 est
602 415 692 449 ordo
709 414 994 449 ecclesiasticus:
1018 414 1080 449 sed
1099 415 1254 461 gratiam
1274 423 1418 461 gratum
1435 415 1571 450 faciens
1587 416 1774 450 ordinatur

206 469 249 503 ad
271 470 409 503 bonum
433 480 630 503 commune
652 477 870 514 separatum,
893 468 991 515 quod
1013 476 1067 503 est
1087 469 1163 515 ipse
1185 469 1303 511 Deus3
1326 477 1361 503 et
1381 469 1466 504 ideo
1489 470 1604 516 gratia
1629 478 1772 516 gratum

205 522 340 557 faciens
363 531 415 557 est
436 523 604 557 nobilior.

275 577 334 611 AD
357 587 565 611 SECUNDUM
588 577 795 618 dicendum,
824 576 920 622 quod
943 578 971 610 si
998 576 1113 621 gratia
1136 576 1245 622 gratis
1265 577 1347 610 data
1369 585 1492 623 posset
1512 577 1584 611 hoc
1607 588 1714 624 agere
1735 577 1772 611 in

205 630 330 672 altero,
353 631 450 676 quod
477 630 592 664 homo
620 642 683 676 per
710 630 864 676 gratiam
891 638 1035 674 gratum
1064 629 1260 663 facientem
1290 632 1536 676 consequitur,
1564 639 1773 677 sequeretur

203 684 300 730 quod
323 685 437 729 gratia
460 685 571 729 gratis
595 684 677 717 data
700 691 793 718 esset
814 683 991 718 nobilior:
1014 683 1107 717 sicut
1129 683 1366 718 excellentior
1388 692 1442 718 est
1463 683 1606 719 claritas
1627 684 1714 719 solis
1735 683 1773 718 il-

203 737 424 779 luminantis,
448 749 559 783 quam
582 738 745 783 corporis
771 737 984 772 illuminati:
1008 737 1070 771 sed
1097 748 1158 782 per
1185 737 1339 782 gratiam
1367 737 1476 784 gratis
1504 738 1630 773 datam
1655 738 1771 773 homo

202 802 276 825 non
300 799 418 836 potest
446 802 594 824 causare
620 791 656 824 in
684 791 755 825 alio
780 791 1079 836 conjunctionem
1102 790 1145 824 ad
1167 791 1300 833 Deum,
1323 803 1433 837 quam
1462 792 1538 837 ipse
1567 792 1678 826 habet
1709 803 1772 838 per

203 845 357 890 gratiam
374 853 518 889 gratum
533 844 748 888 facientem3
772 845 833 878 sed
854 852 977 878 causat
993 844 1168 890 quasdam
1183 844 1438 890 dispositiones
1460 845 1504 879 ad
1525 845 1617 888 h0c3
1637 854 1671 880 et
1687 845 1770 880 ideo

201 910 275 932 non
299 906 454 944 oportet,
477 899 574 944 quod
597 899 712 943 gratia
735 899 844 944 gratis
867 898 949 932 data
972 899 1017 933 sit
1039 897 1289 932 excellentior:
1312 899 1405 933 sicut
1422 911 1490 933 nec
1509 899 1546 933 in
1567 900 1652 945 igne
1672 899 1771 934 calor

202 951 488 986 manifestativus
511 952 646 998 speciei
669 953 755 997 ejus,
778 964 841 998 per
864 964 973 998 quarn
997 952 1070 997 agit
1097 951 1141 985 ad
1167 952 1414 987 inducendum
1442 952 1604 987 calorem
1624 953 1661 987 in
1687 953 1770 995 alia,

202 1013 255 1039 est
274 1005 443 1046 nobilior,
466 1017 577 1051 quarn
598 1005 718 1039 forma
740 1005 984 1040 substantialis
1006 1006 1128 1051 ipsius.

272 1060 331 1093 AD
347 1070 519 1094 TERTIUM
534 1060 741 1102 dicendum,
758 1060 854 1106 quod
869 1062 986 1095 sentire
1002 1060 1189 1094 ordinatur
1204 1060 1247 1094 ad
1260 1061 1461 1096 ratiocinari
1474 1062 1567 1095 sicut
1585 1060 1629 1095 ad
1646 1060 1769 1103 finem,

201 1121 235 1147 ct
256 1113 337 1147 ideo
360 1115 562 1149 ratiocinari
584 1121 637 1148 est
658 1114 838 1149 nobilius:
862 1114 922 1148 hic
946 1122 1069 1148 autem
1092 1122 1146 1148 est
1172 1125 1190 1147 e
1214 1125 1411 1150 converso:
1435 1115 1519 1161 quia
1540 1115 1576 1149 id
1598 1115 1695 1161 quod
1717 1122 1771 1149 est

199 1167 398 1213 proprium,
421 1168 608 1202 ordinatur
631 1167 675 1201 ad
693 1167 728 1202 id
750 1168 848 1214 quod
871 1175 925 1202 est
946 1179 1158 1210 commune,
1181 1168 1274 1202 sicut
1295 1168 1339 1203 ad
1360 1168 1492 1212 finem3
1514 1168 1610 1204 unde
1627 1179 1703 1203 non
1717 1176 1771 1203 est

200 1220 329 1255 simile.

707 1479 1064 1541 QUAESTIO
1108 1479 1262 1527 CXII.

323 1616 385 1646 DE
413 1616 565 1647 CAUSA
593 1615 816 1653 GRATIAE,
847 1615 898 1645 IN
925 1615 1144 1655 QUINQUE
1171 1615 1434 1647 ARTICULOS
1462 1616 1638 1648 DIVISA.

266 1758 407 1792 Deinde
431 1757 737 1792 considerandum
760 1766 813 1792 est
831 1758 874 1792 de
897 1769 1006 1792 causa
1026 1758 1174 1804 gratiae.

660 1848 703 1882 Et
725 1849 815 1882 circa
838 1847 896 1882 hoc
919 1852 1124 1893 quaeruntur
1145 1848 1298 1894 quinque.

266 1919 402 1953 Primo.
426 1919 559 1953 Utrum
582 1918 681 1953 solus
704 1919 804 1953 Deus
827 1919 872 1953 sit
895 1930 1003 1953 causa
1026 1918 1185 1954 efficiens
1208 1919 1356 1965 gratiae.

268 1973 449 2007 Secundo.
474 1973 606 2013 Utrum
629 1974 831 2019 requiratur
858 1973 979 2019 aliqua
1007 1973 1197 2019 dispositio
1229 1974 1272 2008 ad
1303 1973 1458 2020 gratiam
1489 1985 1531 2008 ex
1558 1982 1659 2021 parte
1681 1975 1767 2009 reci-

194 2027 323 2073 pientis
344 2027 462 2073 ipsam
484 2039 548 2073 per
570 2035 692 2060 actum
714 2026 817 2061 liberi
839 2027 985 2061 arbitrii.

267 2079 406 2115 Tertio.
430 2081 563 2114 Utrum
585 2080 667 2115 talis
690 2081 879 2126 dispositio
902 2080 1015 2127 possit
1037 2092 1114 2115 esse
1136 2081 1333 2115 necessitas
1355 2081 1400 2116 ad
1423 2081 1589 2128 gratiam.

267 2134 422 2175 Quarto.
446 2135 579 2168 Utrum
603 2135 716 2180 gratia
739 2135 784 2169 sit
803 2134 964 2181 aequalis
987 2135 1023 2168 in
1046 2134 1228 2169 omnibus.

268 2187 419 2229 Quinto.
444 2188 576 2223 Utrum
600 2188 729 2235 aliquis
750 2189 864 2235 possit
885 2188 977 2223 scire
1000 2199 1038 2223 se
1060 2189 1194 2223 habere
1216 2189 1382 2235 gratiam.

772 2330 1119 2375 ARTICULUS
1155 2331 1187 2374 1.
1697 2355 1759 2391 595

497 2441 650 2470 UTRUM
677 2440 810 2469 SOLUS
839 2441 950 2470 DEUS
979 2440 1047 2470 SIT
1076 2440 1217 2470 CAUSA
1245 2440 1450 2470 GRATIAE.

323 2529 438 2576 (Snpr.
462 2540 491 2574 q.
514 2540 589 2575 109.
612 2534 675 2562 art.
696 2539 724 2574 7.
745 2533 773 2563 ct
788 2534 878 2575 part.
899 2540 925 2574 3.
949 2540 978 2574 q.
1003 2529 1057 2563 62.
1081 2533 1144 2563 art.
1168 2541 1194 2563 r.
1217 2534 1247 2563 et
1267 2540 1297 2564 2.
1321 2529 1408 2563 Dist.
1431 2529 1484 2564 16.
1507 2534 1572 2564 art.
1594 2540 1627 2575 4.

572 2587 599 2617 ct
628 2583 714 2617 Vari.
738 2595 767 2628 q.
791 2593 842 2628 72.
867 2588 931 2616 art.
950 2594 978 2628 3.
1001 2588 1031 2616 ct
1050 2583 1163 2629 Eplics.
1182 2594 1210 2629 3.
1234 2582 1302 2617 lact.
1323 2583 1379 2629 3.).

262 2673 321 2706 An
344 2683 492 2706 PRIMUM
516 2672 565 2706 sic
594 2672 810 2718 proceditur.
834 2671 995 2713 Videtur,
1019 2672 1114 2718 quod
1143 2683 1216 2706 non
1244 2671 1343 2707 solus
1365 2672 1465 2707 Deus
1487 2672 1532 2707 sit
1553 2683 1662 2708 causa
1683 2685 1761 2719 gra-

190 2725 279 2759 tiae:
303 2726 431 2759 dicitur
453 2726 548 2759 enim
569 2726 671 2770 Joan.
701 2736 746 2759 1.:
773 2726 908 2767 Gratia,
927 2731 954 2759 ut
976 2727 1096 2759 verim<
1111 2732 1170 2772 per
1187 2726 1297 2770 sexum
1319 2725 1595 2772 Christumjizcta
1610 2731 1675 2762 est:
1695 2728 1757 2762 sed

191 2779 224 2811 in
248 2780 397 2813 nomine
415 2779 498 2824 Jcsu
522 2779 656 2813 Christi
681 2779 891 2823 intelligitur
918 2790 991 2812 non
1020 2780 1139 2813 solum
1167 2788 1294 2813 natura
1321 2779 1442 2813 divina
1470 2791 1669 2823 assumens,
1697 2781 1758 2815 sed

191 2833 298 2866 etiam
322 2841 447 2867 natura
471 2841 589 2866 creata
607 2841 810 2878 assummum
834 2843 921 2876 ergo
938 2832 1058 2878 aliqua
1075 2841 1238 2867 creatura
1253 2841 1372 2879 potest
1387 2844 1465 2867 esse
1481 2844 1590 2868 causa
1609 2834 1756 2877 gratiae.

263 2897 293 2920 2.
322 2887 556 2921 l‘1{2›x15·1‘1-;R123A.
584 2887 653 2920 Ista
683 2886 882 2920 differentia
910 2888 1053 2931 ponitur
1079 2886 1170 2920 inter
1197 2895 1424 2921 sacramenta
1450 2898 1567 2921 novae
1594 2886 1696 2933 legis,
1723 2896 1758 2922 et

190 2941 331 2982 veteris,
354 2941 449 2986 quod
473 2948 699 2974 sacramenta
719 2951 836 2973 novae
856 2939 945 2984 legis
965 2948 1114 2974 causant
1133 2941 1298 2986 gratiam,
1320 2952 1431 2987 quam
1453 2950 1680 2976 sacramenta
1701 2953 1758 2976 ve-

1844 2798 1846 2805 *
1849 2700 1864 2785 -0-2-
1847 2573 1869 2686 ‹Pr-¹..*;,·
1851 2505 1869 2558 ςκ,
1849 2447 1865 2486 ι’,
