1907 3198
538 205 762 242 quaes-rm
795 205 883 235 ενι.
916 203 1162 235 Ακτῑευιυς
1196 203 1254 233 1v.
1601 190 1685 247 809

116 299 197 325 ase
221 286 427 336 perfectior,
448 299 559 335 quam
584 295 697 323 status
717 297 836 322 novae
857 286 967 333 legis:
989 285 1080 321 nihil
1101 285 1199 320 enirn
1222 292 1342 332 potest
1359 294 1436 319 esse
1451 284 1688 331 propinquius

115 341 181 378 fini
199 341 342 387 ultimo,
374 353 485 389 quam
506 342 604 389 quod
624 341 862 376 immediate
855 353 891 375 m
913 340 1023 376 finem
1046 339 1215 374 ultimum
1243 338 1450 380 introducit,
1472 339 1543 373 hoc
1567 347 1688 374 autem

114 394 203 431 facit
220 406 319 431 nova
338 395 413 439 lex;
437 395 531 431 unde
553 396 682 442 Apost.
705 395 792 429 dicit
814 395 857 429 ad
883 394 1289 430 Hebr.1o.:Halventes
1310 394 1430 439 itaque,
1458 392 1570 438 fratr
1565 403 1586 426 5
1598 392 1688 438 fidu-

113 450 216 493 ciam,
235 450 272 485 in
287 450 431 486 introitu
451 454 641 485 sanctorum
663 450 697 484 in
714 461 774 484 san
778 450 872 492 ruins
892 448 1030 491 Christi,
1041 459 1142 495 quam
1160 447 1310 482 institnit
1322 448 1447 481 nobis
1451 447 1529 480 iam
1550 457 1688 488 novam,

114 502 329 545 accedamus:
353 503 450 539 unde
486 514 562 538 non
582 511 702 550 potest
722 513 800 538 esse
823 502 952 548 aliquis
986 501 1181 549 perfectior
1213 508 1326 536 status
1359 499 1559 547 praesentis
1580 499 1689 541 vitae,

114 567 227 604 quam
246 563 360 593 sums
379 568 498 593 novae
519 556 628 604 legis:
644 556 728 604 quia
744 564 847 591 tanto
870 564 924 591 est
945 555 1230 602 unumquodque
1252 553 1456 602 perfectius,
1477 561 1614 600 quanto
1636 562 1690 588 est

114 609 247 647 ultimo
263 609 327 646 fini
346 611 595 658 propinquius.
617 611 697 646 Alio
719 610 813 645 modo
835 618 948 645 status
969 610 1164 644 hominurn
1181 608 1313 643 variari
1334 615 1465 655 potest,
1487 604 1687 642 secuudum

114 664 214 712 qnod
230 664 402 700 homines
421 664 666 700 diversimode
687 675 726 699 se
746 664 881 698 habent
908 664 951 698 ad
974 663 1142 698 camdem
1164 662 1298 708 legem,
1319 661 1379 696 vel
1404 659 1609 707 perfectius,
1630 659 1689 694 vel

114 718 237 754 minus
255 717 432 766 perfecte:
454 726 492 754 et
511 718 562 754 sic
585 725 697 753 status
711 718 842 753 veteris
861 717 951 764 legis
973 716 1179 764 frequenter
1200 715 1267 751 fuit
1287 723 1467 757 mutatus;
1481 725 1566 749 cum
1581 725 1691 761 quan-

114 772 236 820 doque
256 772 357 819 leges
383 772 522 820 optime
555 772 833 814 custodirentur,
861 771 1078 818 quandoque
1102 778 1224 805 autem
1251 769 1404 804 omnino
1426 767 1690 815 praetermitte-

114 833 260 862 rentur:
281 825 333 861 sic
360 826 471 861 etiam
493 833 529 862 et
554 834 667 861 status
681 836 799 860 novae
821 825 913 871 legis
935 823 1198 859 diversificatur
1216 823 1418 858 secundum
1432 822 1574 856 diversa
1595 821 1690 863 loca,

116 887 152 915 et
180 887 361 928 tempora,
387 887 423 915 et
447 891 642 927 personas;
677 880 893 927 inquantum
920 878 1035 925 gratia
1063 877 1216 925 Spiritus
1247 877 1372 912 Sancti
1406 875 1611 924 perfectius,
1632 875 1691 910 vel

114 934 236 970 minus
263 932 422 982 perfecte
444 933 487 968 ab
507 933 686 981 aliquibus
707 933 871 968 habetur.
894 933 979 967 Non
1007 940 1060 968 est
1081 940 1204 967 tamen
1228 931 1506 978 expectandum,
1527 929 1624 977 quod
1647 930 1692 964 sit

115 986 245 1035 aliquis
277 994 390 1023 status
421 986 574 1031 futurus,
603 987 640 1022 in
667 998 740 1035 quo
779 986 971 1034 perfectius
1005 986 1120 1034 gratia
1155 985 1308 1033 Spiritus
1344 985 1468 1020 Sancti
1501 984 1690 1026 habeatur,

115 1052 226 1089 quam
252 1041 430 1076 hactenus
455 1041 579 1076 habita
605 1040 722 1084 fuerit,
750 1049 786 1076 et
807 1040 966 1076 maxime
988 1040 1031 1075 ab
1054 1039 1256 1087 Apostolis‚
1278 1039 1340 1086 qui
1357 1039 1530 1086 primitias
1549 1038 1692 1086 Spiritus

113 1099 321 1143 acceperunt,
347 1095 440 1130 idest
465 1103 501 1131 et
519 1104 686 1142 tempore
707 1095 817 1143 prius,
839 1102 875 1130 et
901 1094 1052 1130 caeteris
1079 1093 1332 1136 abundantius,
1358 1101 1397 1128 ut
1419 1092 1523 1128 Glos.
1545 1092 1692 1139 (interl.)

113 1148 202 1185 dicit
220 1147 331 1185 Rom.
351 1149 385 1185 8.

185 1202 248 1238 An
268 1213 420 1239 PRIMUM
446 1214 535 1251 ergo
562 1203 769 1246 dicendum,
795 1203 906 1250 quod,
927 1202 1021 1238 sicut
1039 1201 1150 1238 Dion.
1173 1201 1260 1236 dicit
1285 1201 1321 1236 in
1343 1200 1403 1235 lib.
1426 1199 1565 1235 Eccles.
1588 1199 1686 1235 Hier.

114 1255 205 1304 (cap.
218 1256 281 1304 5.)‚
302 1257 423 1305 triplex
443 1265 499 1292 est
513 1257 709 1292 hominum
727 1265 856 1292 status:
870 1257 1002 1304 primus
1015 1255 1161 1303 quidem
1180 1255 1312 1290 veteris
1331 1255 1439 1300 legis:
1455 1253 1611 1289 sccundus
1623 1265 1687 1288 no·

111 1320 180 1345 vae
193 1308 304 1357 legis:
318 1311 432 1346 tertius
440 1318 553 1346 status
573 1310 737 1346 succedit
749 1321 823 1345 non
839 1311 874 1344 in
889 1310 958 1344 hac
969 1311 1053 1352 vita,
1068 1309 1130 1344 sed
1146 1309 1181 1343 in
1204 1308 1334 1351 futura,
1347 1308 1486 1343 scilicet
1501 1308 1536 1342 in
1551 1307 1686 1355 patria:

114 1363 179 1400 sed
202 1363 296 1399 sicut
322 1363 461 1411 primus
486 1372 600 1400 status
632 1373 687 1400 est
719 1363 891 1411 figuralis,
918 1372 954 1399 et
980 1362 1212 1410 imperfectus
1243 1371 1409 1410 respectu
1431 1370 1544 1397 status
1578 1361 1692 1396 Evan-

114 1416 218 1464 gelii3
239 1417 288 1453 ita
307 1417 368 1453 hic
389 1426 501 1453 status
523 1426 578 1453 est
597 1417 770 1465 figuralis,
792 1425 827 1452 et
847 1416 1081 1464 imperfectus
1108 1425 1272 1464 respectu
1306 1424 1418 1451 status
1439 1415 1594 1463 patriae,
1616 1426 1689 1462 quo

113 1470 283 1506 veniente
300 1471 367 1507 iste
387 1479 501 1507 status
522 1479 736 1507 evacuatur:
759 1470 853 1506 sicut
874 1471 1005 1505 dicitur
1030 1481 1058 1506 1.
1082 1470 1126 1505 ad
1149 1469 1237 1505 Cor.
1264 1481 1332 1517 13.:
1355 1469 1506 1505 Videmus
1524 1481 1611 1504 nunc
1626 1475 1689 1516 per

113 1524 281 1573 speculum
300 1526 339 1560 in
355 1527 550 1573 aenigmate,
579 1531 655 1561 tunc
679 1531 791 1561 autem
802 1525 895 1572 facie
915 1524 959 1560 ad
975 1525 1114 1572 faciem.

185 1578 247 1614 An
272 1589 481 1616 SECUNDUM
506 1579 714 1622 dicendum,
729 1579 827 1626 quod
848 1579 942 1614 sicut
962 1579 1116 1626 August.
1139 1578 1226 1613 dicit
1238 1577 1274 1612 in
1292 1576 1353 1613 lib.
1368 1586 1494 1612 contra
1515 1576 1688 1612 Faustum

112 1631 190 1678 (ubi
208 1644 276 1668 rum
296 1634 457 1676 occurrit,
482 1633 537 1669 sed
553 1634 628 1669 hab.
655 1635 690 1668 in
715 1633 772 1668 lib.
799 1633 836 1668 de
854 1633 1028 1668 Hacrcsib.
1050 1633 1175 1667 haeresi
1201 1631 1257 1667 26.
1279 1637 1311 1667 et
1329 1632 1418 1678 46),
1435 1631 1631 1666 Montanus
1654 1639 1690 1666 et

113 1685 279 1722 Priscilla
298 1695 510 1734 posuerunt,
531 1687 629 1734 quod
658 1687 854 1734 promissio
885 1686 1038 1721 Domini
1059 1686 1104 1721 de
1131 1686 1268 1733 Spiritu
1291 1685 1429 1720 Sancto
1464 1685 1585 1719 dando
1613 1695 1689 1719 non

112 1739 181 1776 fuit
211 1739 396 1788 completa
428 1741 467 1776 in
499 1740 702 1788 Apostolis,
724 1741 786 1776 sed
820 1741 856 1775 in
891 1741 962 1776 eis:
991 1748 1026 1776 et
1052 1739 1217 1775 similiter
1243 1739 1451 1774 Manichaei
1480 1746 1690 1786 posuerunt,

113 1793 212 1843 quod
232 1793 299 1830 fuit
319 1793 503 1842 completa
524 1796 560 1830 in
582 1794 815 1837 Manichaeo,
838 1806 948 1841 quem
967 1794 1136 1829 dicebant
1157 1804 1235 1828 esse
1255 1792 1431 1840 Spiritum
1455 1792 1689 1840 paraclitum;

113 1856 150 1884 et
175 1847 260 1884 ideo
289 1848 432 1896 utrique
464 1859 539 1884 non
569 1848 792 1896 recipiebant
825 1848 940 1883 Actus
970 1847 1249 1894 Apostolorum,
1277 1847 1312 1881 in
1340 1847 1468 1894 quibus
1497 1845 1689 1881 manifeste

112 1901 326 1946 ostenditur,
346 1902 444 1950 quod
470 1901 532 1937 illa
558 1902 753 1950 promissio
779 1901 844 1937 fuit
873 1902 908 1936 in
940 1901 1128 1948 Apostolis
1159 1900 1354 1948 completa,
1382 1901 1474 1935 sicut
1504 1900 1687 1935 Dominus

113 1955 243 1991 iterato
263 1955 315 1991 eis
335 1955 505 2004 promisit
525 1955 608 1991 Act.
635 1966 680 1990 1.:
708 1956 973 2003 Baptizabimini
998 1955 1125 2002 Spiritu
1152 1956 1274 1990 Sancto
1301 1967 1365 1989 non
1388 1960 1464 2002 post
1491 1954 1608 1989 multos
1634 1954 1689 1988 hos

112 2009 200 2052 die-55
221 2009 321 2058 quod
339 2008 533 2057 impletum
554 2008 686 2057 legitur
707 2009 790 2044 Act.
814 2019 865 2044 2.:
888 2009 950 2044 sed
972 2009 1062 2044 istae
1081 2009 1258 2044 vanitates
1279 2008 1340 2054 [al.
1360 2008 1552 2054 varietates]
1570 2007 1687 2042 exclu-

113 2063 248 2099 duntur
266 2074 330 2111 per
349 2063 434 2106 hoc,
455 2063 554 2111 quod
569 2062 812 2108 diciturJoan.
828 2074 880 2109 7.:
896 2063 973 2098 Non
992 2068 1062 2098 tum
1077 2063 1311 2110 eratSpiritus
1325 2062 1431 2105 datus,
1451 2063 1528 2108 quia
1544 2061 1688 2096 nondum

108 2117 202 2163 Joeus
220 2122 293 2154 erat
310 2117 524 2165 glorificam.
546 2116 599 2152 Ex
620 2128 694 2164 quo
715 2117 820 2152 datur
841 2116 1007 2163 intelligi,
1034 2117 1132 2164 quod
1159 2116 1279 2151 statim
1307 2115 1512 2162 glorificato
1540 2115 1689 2150 Christo

113 2170 151 2206 in
170 2170 447 2214 resurrectione,
468 2179 505 2206 et
523 2171 750 2213 ascensione,
772 2169 838 2205 suit
856 2170 1010 2217 Spiritus
1033 2170 1188 2205 Sanctus
1211 2170 1332 2205 datus:
1355 2178 1391 2204 et
1411 2181 1474 2216 per
1492 2169 1564 2204 hoc
1579 2169 1688 2204 etiam

114 2223 316 2260 excluditur
334 2235 652 2273 quorumcumque
673 2224 825 2267 vanitas,
847 2225 908 2271 qui
930 2224 1092 2259 dicerent
1111 2235 1189 2259 esse
1209 2223 1475 2271 expectandum
1491 2223 1587 2258 aliud
1602 2231 1691 2257 tem-

114 2288 182 2326 pus
203 2277 358 2326 Spiritus
378 2277 523 2314 Sancti:
546 2279 670 2314 docuit
688 2286 811 2313 autem
833 2278 987 2325 Spiritus
1015 2278 1170 2313 Sanctus
1197 2276 1397 2325 Apostolos
1424 2288 1574 2312 omnem
1600 2278 1689 2311 veri-

113 2339 229 2368 tatem
243 2331 290 2368 de
308 2331 379 2376 his,
399 2343 493 2380 quae
512 2332 693 2380 pertinent
715 2332 758 2367 ad
780 2332 1036 2367 necessitatem
1054 2331 1192 2374 salutis,
1210 2331 1349 2366 scilicet
1370 2331 1414 2366 de
1436 2330 1636 2372 credendis,
1654 2338 1689 2364 et

115 2385 161 2422 de
181 2385 349 2434 agendis:
369 2397 446 2421 non
465 2393 590 2422 tamen
611 2386 736 2421 docuit
757 2397 821 2420 eos
843 2385 886 2421 de
908 2386 1078 2420 omnibus
1105 2384 1231 2420 suturis
1258 2385 1463 2420 eventibus:
1490 2384 1561 2419 hoc
1590 2383 1688 2419 enim

116 2438 161 2475 ad
181 2450 248 2476 eos
267 2450 344 2475 non
365 2439 578 2488 pertinebat,
599 2439 799 2475 secundum
822 2439 910 2474 illud
933 2439 1014 2474 Act.
1041 2450 1089 2474 1.:
1112 2439 1191 2474 Non
1205 2444 1249 2475 cst
1263 2443 1409 2474 vestrum
1425 2450 1513 2473 nosse:
1527 2443 1688 2485 tcrtipora,

113 2492 170 2529 vd
186 2498 370 2538 mommta,
386 2505 472 2541 quaa
491 2494 593 2530 Pater
608 2495 721 2542 posuit
739 2495 773 2528 in
789 2498 946 2541 potestate
966 2505 1037 2528 sua.

186 2547 249 2583 An
269 2556 444 2584 τειτῐυκ
464 2547 673 2590 dicendum,
695 2547 791 2594 quod
814 2546 870 2582 lex
890 2555 994 2582 vetus
1015 2558 1090 2581 non
1113 2546 1234 2581 solum
1256 2545 1322 2581 fuit
1343 2546 1471 2587 Patris,
1493 2545 1554 2581 sed
1577 2545 1688 2580 etiam

114 2598 216 2644 Filii;
239 2600 325 2649 qnia
345 2600 514 2637 Christus
534 2601 571 2636 in
592 2601 705 2636 veteri
727 2600 807 2646 lege
830 2600 1066 2647 figurabatur3
1089 2601 1184 2635 unde
1206 2600 1388 2635 Dominus
1410 2600 1496 2634 dicit
1513 2599 1618 2645 Joan.
1637 2609 1686 2645 5.:

116 2653 155 2690 Si
178 2653 350 2691 crederetis
375 2655 496 2702 Moysi,
522 2654 692 2691 crederetis
710 2655 858 2701 forsitan
879 2660 909 2690 ct
935 2655 1039 2689 mihi.-
1066 2654 1103 2689 ἀι
1130 2667 1179 2689 mc
1213 2656 1298 2689 enim
1327 2655 1379 2688 illc
1410 2655 1563 2701 scripsit:
1594 2653 1691 2688 simi-

113 2706 197 2743 liter
215 2707 327 2744 etiam
345 2706 404 2744 lex
423 2719 521 2744 nova
540 2719 615 2743 non
637 2707 758 2743 solum
777 2716 831 2743 est
853 2707 1002 2751 Christi,
1024 2708 1086 2743 scd
1109 2709 1218 2743 ctiam
1242 2708 1396 2755 Spiritus
1412 2708 1549 2749 Sancti,
1564 2718 1688 2742 sccun-

114 2761 204 2798 dum
224 2761 313 2798 illud
333 2761 493 2798 Roman.
511 2763 562 2799 8.:
594 2763 662 2798 Lex
686 2764 824 2811 spiritus
851 2765 941 2799 vitae:
967 2765 1000 2798 in
1025 2764 1156 2799 Christo
1179 2764 1267 2808 Jcsu,
1294 2771 1386 2798 etc..·
1414 2763 1508 2797 unde
1535 2773 1609 2796 non
1635 2769 1690 2797 est

115 2814 341 2864 expectanda
361 2816 432 2852 alia
448 2815 519 2860 lex,
539 2828 633 2864 quae
653 2817 699 2852 sit
720 2816 873 2864 Spiritus
895 2817 1031 2852 Sancti.

187 2869 249 2906 An
273 2868 465 2910 obulum
485 2870 693 2913 dicendum,
714 2870 812 2918 quod
834 2882 919 2906 cum
941 2870 1110 2906 Christus
1132 2870 1254 2905 statim
1276 2872 1311 2905 in
1334 2869 1512 2918 principio
1528 2869 1689 2915 Evange-

115 2922 211 2961 licae
225 2922 506 2972 praedicationis
525 2923 654 2960 dixerit
675 2924 816 2969 (Matth.
837 2926 903 2972 3.).·
926 2926 1224 2973 Appropinquavit
1250 2936 1387 2971 ragnum
1409 2924 1589 2966 coelorum,
1606 2922 1689 2958 stul·
