1907 3198
518 165 745 201 QUAESTIO
777 165 881 195 XXV.
914 164 1166 195 ARTICULUS
1198 164 1261 194 111.
1592 165 1675 209 203

82 258 267 295 praesens,
288 258 400 293 quam
422 247 564 282 malum
584 247 768 290 futurum3
790 258 880 293 ergo
906 247 960 281 ira
989 246 1133 282 videtur
1155 257 1234 281 esse
1262 245 1384 293 potior
1405 246 1541 292 passio,
1568 258 1681 293 quam

83 301 256 345 audacia;
278 309 315 336 et
335 301 500 344 audacia,
523 313 636 349 quam
657 313 756 349 spes:
781 309 817 336 et
837 301 888 336 sic
911 313 992 348 spes
1014 312 1091 335 non
1112 300 1256 335 videtur
1278 311 1358 335 esse
1379 300 1514 346 potior.

157 367 187 404 3.
209 356 449 391 PRAETEREA.
472 356 578 391 Prius
596 356 758 391 occurrit
774 355 812 390 in
834 363 941 390 motu
963 355 1009 390 ad
1030 354 1144 389 finem
1158 366 1324 390 recessus
1345 366 1365 389 a
1380 354 1552 397 termino,
1568 367 1682 401 quam

83 421 252 446 accessus
275 409 320 444 ad
341 410 560 444 terminum:
584 410 648 445 sed
668 410 793 452 timor,
817 417 853 444 et
874 409 1082 456 desperatio
1108 409 1311 456 important
1337 419 1525 443 recessum
1555 409 1596 443 ab
1621 409 1683 443 ali-

82 476 176 512 quo;
199 463 352 498 audacia
373 472 509 508 autem,
533 473 567 499 et
594 475 676 511 spes
698 465 901 510 important
922 474 1113 498 accessum
1136 463 1181 497 ad
1204 462 1361 509 aliquid,
1385 474 1474 509 ergo
1496 464 1621 505 timor,
1645 471 1682 497 et

82 518 288 566 desperatio
310 518 535 565 praecedunt
555 529 660 566 spem
682 526 718 553 et
743 517 950 552 audaciam.

153 572 230 608 SED
249 582 419 608 CONTRA.
444 572 597 613 Quanto
620 572 757 619 aliquid
779 580 834 606 est
853 571 1094 619 propinquius
1116 571 1250 618 primo,
1272 579 1376 606 tanto
1400 579 1454 605 est
1474 571 1593 618 prius:
1616 571 1679 606 sed

81 638 163 674 spes
184 635 240 662 est
258 626 503 674 propinquior
537 627 668 669 amori,
697 626 759 673 qui
785 634 840 661 est
865 626 985 674 prima
1005 625 1242 673 passionum3
1270 637 1360 672 ergo
1391 637 1472 672 spes
1501 634 1555 660 est
1582 625 1682 672 prior

79 682 175 716 inter
195 691 326 716 omnes
347 681 538 728 passiones
560 679 763 716 irascibilis.

152 734 388 770 RESPONDEO
402 735 609 778 dicendum,
633 734 744 782 quod,
763 735 859 769 sicut
879 734 955 781 jam
977 734 1117 768 dictum
1140 741 1195 768 est
1218 733 1298 778 (art.
1322 746 1350 769 Ι.
1373 733 1443 780 huj.
1467 734 1529 780 q),
1551 745 1682 768 omnes

81 789 271 837 passiones
291 788 484 824 irascibilis
510 789 713 835 important
739 797 884 823 motum
905 788 943 823 in
977 787 1135 835 aliquid:
1167 795 1292 822 motus
1320 795 1444 822 autem
1472 787 1516 822 ad
1545 787 1682 834 aliquid

80 844 119 879 in
138 843 313 878 irascibili
333 851 456 890 potest
477 843 620 878 causari
642 854 685 878 ex
707 843 853 878 duobus:
881 854 946 877 uno
975 842 1071 877 modo
1094 854 1137 877 ex
1164 841 1244 876 sola
1273 842 1487 889 aptitudine,
1516 853 1580 876 seu
1603 853 1684 889 pro-

80 897 251 945 portione
270 897 315 932 ad
337 897 462 940 finem,
484 909 578 944 quae
600 897 758 944 pertinet
779 897 825 932 ad
847 908 1027 939 amorem,
1048 895 1110 931 vel
1131 896 1279 931 odium:
1303 896 1370 931 alio
1394 896 1491 931 modo
1515 908 1559 931 ex
1580 908 1682 943 prae-

79 952 198 987 sentia
216 951 330 999 ipsius
351 952 453 994 boni,
468 951 528 987 vel
545 951 646 994 mali,
669 963 763 998 quae
785 951 943 998 pertinet
965 951 1009 986 ad
1031 951 1229 993 tristitiam,
1247 950 1307 985 vel
1332 950 1533 997 gaudium:
1555 959 1590 985 et
1609 951 1684 998 qui-

82 1006 168 1042 dem
190 1017 235 1041 ex
265 1006 472 1053 praesentia
492 1006 582 1041 boni
602 1017 679 1040 non
709 1014 880 1040 causatur
901 1005 1024 1052 aliqua
1045 1005 1169 1052 passio
1195 1005 1233 1039 in
1263 1004 1449 1047 irascibili,
1476 1013 1516 1039 ut
1542 1005 1683 1040 dictum

82 1068 137 1097 est
155 1063 204 1107 (q.
225 1072 275 1107 23.
302 1065 371 1096 art.
386 1061 453 1107 3.).·
473 1059 536 1095 sed
558 1071 602 1095 ex
623 1060 831 1107 praesentia
845 1060 936 1094 mali
951 1067 1122 1094 causatur
1139 1059 1263 1106 passio
1287 1059 1374 1094 irae.
1393 1059 1494 1100 Quia
1512 1059 1624 1106 igitur
1645 1060 1683 1094 in

79 1115 140 1150 via
161 1114 423 1162 generationis,
445 1125 511 1149 seu
533 1114 806 1150 consecutionis
830 1114 1035 1161 proportio,
1048 1114 1107 1148 vel
1130 1113 1297 1160 aptitudo
1313 1114 1357 1148 ad
1372 1113 1485 1148 finem
1497 1113 1684 1160 praecedit

22 1204 25 1205 γ
81 1168 387 1205 consecutionem
407 1168 501 1211 finis,
523 1168 607 1204 inde
636 1177 701 1211 est,
728 1168 828 1215 quod
849 1169 903 1203 ira
924 1168 1020 1203 inter
1041 1179 1172 1203 omnes
1194 1168 1386 1215 passiones
1409 1168 1604 1203 irascibilis
1629 1176 1683 1203 est

80 1222 212 1259 ultima
238 1222 367 1258 ordine
389 1223 657 1270 generationis:
680 1223 775 1257 inter
797 1222 887 1257 alias
914 1231 1039 1257 autem
1061 1222 1252 1269 passiones
1273 1222 1478 1264 irascibilis,
1501 1234 1596 1269 quae
1617 1222 1686 1257 im-

80 1284 229 1325 portant
248 1284 395 1312 motum
429 1285 722 1324 consequentem
743 1288 925 1318 amorem,
947 1275 1007 1311 vel
1033 1276 1162 1310 odium
1183 1276 1283 1318 boni,
1310 1276 1371 1311 vel
1392 1276 1493 1319 mali,
1522 1285 1682 1323 oportet,

81 1331 182 1379 quod
201 1331 403 1379 passiones,
425 1343 583 1379 quarum
605 1331 794 1377 objectum
815 1339 869 1366 est
892 1331 1044 1373 bonum,
1072 1330 1214 1365 scilicet
1232 1338 1314 1377 spes,
1338 1335 1367 1365 at
1388 1330 1584 1378 desperatio,
1612 1331 1685 1365 sint

81 1385 297 1422 naturaliter
316 1385 456 1433 priores
478 1385 722 1433 passionibus,
737 1396 895 1432 quarum
914 1385 1102 1431 obJectum
1126 1392 1180 1419 est
1193 1384 1347 1427 malum,
1362 1384 1503 1419 scilicet
1522 1385 1682 1428 audacia,

32 1436 38 1441 “
81 1445 112 1476 et
131 1441 275 1476 timore:
296 1439 348 1475 ita
367 1448 506 1483 tamen,
529 1439 628 1487 quod
649 1445 718 1487 spes
738 1444 783 1475 est
796 1441 899 1486 prior
928 1439 1178 1486 desperatione.-
1207 1439 1292 1485 quia
1319 1450 1402 1484 spes
1424 1448 1479 1474 est
1497 1448 1620 1474 motus
1644 1439 1682 1473 in

15 1500 25 1510 “
80 1494 223 1530 bonum
237 1493 443 1529 secundum
455 1495 640 1530 rationem
660 1494 761 1537 boni,
776 1493 875 1540 quod
895 1493 940 1528 de
955 1505 1020 1528 sua
1038 1493 1182 1528 ratione
1197 1501 1251 1528 est
1266 1493 1520 1528 attractivum:
1545 1502 1580 1528 et
1596 1493 1681 1528 ideo

83 1557 138 1584 est
158 1557 282 1584 motus
301 1549 341 1584 in
365 1549 507 1584 bonum
529 1560 595 1596 per
615 1559 671 1584 se:
694 1549 900 1595 desperatio
923 1556 1046 1582 autem
1071 1556 1125 1582 est
1146 1558 1311 1582 recessus
1342 1559 1362 1581 a
1382 1548 1496 1589 bono,
1524 1548 1586 1594 qui
1607 1559 1683 1582 non

83 1603 262 1651 competit
274 1603 388 1646 bono,
407 1603 611 1639 secundum
627 1603 726 1650 quod
742 1611 797 1637 est
816 1602 970 1645 bonum,
988 1602 1052 1637 sed
1071 1602 1276 1637 secundum
1298 1601 1435 1649 aliquid
1453 1602 1570 1636 aliud:
1588 1603 1684 1637 unde

82 1666 138 1693 est
158 1657 264 1705 quasi
283 1669 349 1705 per
370 1658 558 1692 accidens:
582 1665 618 1692 et
643 1657 774 1692 eadem
796 1657 938 1691 ratione
961 1658 1074 1699 timor,
1098 1668 1184 1690 cum
1201 1657 1246 1691 sit
1268 1668 1434 1691 recessus
1450 1668 1470 1690 a
1492 1656 1608 1699 malo,
1631 1666 1685 1692 est

82 1711 196 1759 prior,
222 1723 335 1759 quam
356 1711 514 1754 audacia,
533 1712 633 1759 quod
652 1720 775 1746 autern
798 1722 892 1758 spes,
915 1719 950 1745 et
971 1710 1179 1757 desperatio
1203 1710 1274 1745 sint
1291 1711 1509 1746 naturaliter
1530 1711 1682 1758 priores,

83 1777 197 1813 quam
217 1766 341 1809 timor,
363 1774 400 1801 et
420 1766 587 1808 audacia,
610 1777 654 1800 ex
686 1765 759 1800 hoc
782 1764 1020 1800 manifestum
1043 1773 1108 1806 est,
1139 1764 1238 1811 quod
1261 1766 1355 1800 sicut
1388 1765 1570 1812 appetitus
1596 1765 1685 1800 boni

83 1828 138 1856 est
154 1821 248 1856 ratio
271 1831 384 1868 quare
404 1820 540 1856 vitetur
550 1819 704 1862 malum,
718 1820 769 1854 ita
784 1819 895 1854 etiam
918 1815 1013 1866 spes,
1029 1827 1064 1854 et
1083 1819 1289 1866 desperatio
1309 1828 1393 1854 sunt
1415 1821 1507 1854 ratio
1528 1820 1684 1862 timoris,

84 1883 121 1911 et
142 1875 336 1911 audaciae:
358 1886 447 1910 nam
470 1875 623 1909 audacia
646 1873 882 1920 consequitur
904 1885 1009 1920 spem
1030 1874 1228 1916 victoriae3
1251 1882 1287 1908 et
1306 1874 1420 1908 timor
1447 1876 1684 1921 consequitur

82 1928 380 1976 desperationem
397 1929 586 1964 vincendi:
602 1929 656 1963 ira
667 1937 791 1963 autem
807 1928 1046 1974 consequitur
1061 1927 1275 1963 audaciam:
1291 1929 1401 1963 nullu:
1415 1930 1503 1963 enim
1524 1930 1686 1964 irascitur

81 1983 271 2018 vindictam
292 1988 458 2031 appetens,
480 1984 547 2018 nisi
573 1982 694 2018 audeat
718 1982 908 2025 vindicare,
937 1982 1141 2017 secundum
1164 1982 1263 2028 quod
1284 1983 1391 2016 Avic.
1415 1983 1502 2017 dicit
1523 1984 1559 2017 in
1582 1981 1614 2018 6.
1639 1983 1683 2018 de

82 2036 341 2081 Naturalibus;
363 2039 415 2073 sic
437 2049 526 2084 ergo
549 2045 660 2084 patet,
682 2036 781 2084 quod
809 2048 890 2083 spes
913 2044 967 2070 est
992 2036 1110 2082 prima
1138 2036 1232 2070 inter
1254 2048 1385 2071 omnes
1408 2037 1598 2083 passiones
1620 2037 1687 2071 ira-

84 2091 232 2128 scibilis.

155 2145 201 2180 Et
221 2146 252 2181 si
269 2146 440 2181 ordinem
462 2145 632 2180 omnium
654 2145 869 2192 passionum
892 2145 1097 2179 secundum
1118 2144 1219 2178 viam
1241 2145 1492 2191 generationis
1511 2146 1604 2180 scire
1623 2157 1683 2180 ve-

83 2199 215 2244 limus3
230 2202 348 2248 primo
370 2208 570 2235 occurrunt
592 2211 710 2242 amor,
733 2207 768 2234 et
790 2199 940 2241 odium3
961 2199 1104 2234 secundo
1127 2199 1363 2242 desiderium,
1392 2208 1428 2234 et
1452 2199 1558 2246 fuga,
1590 2201 1685 2235 tertio

84 2265 178 2302 spes,
201 2263 238 2290 et
256 2254 487 2302 desperatio;
508 2259 630 2301 quarto
648 2254 773 2296 timor,
794 2261 830 2288 et
849 2253 1020 2296 audacia3
1042 2255 1158 2300 quinto
1176 2253 1250 2296 ira3
1271 2258 1373 2297 sexto,
1395 2262 1431 2289 et
1449 2253 1582 2288 ultimo
1602 2266 1687 2300 gau-

85 2307 199 2351 dium,
214 2316 251 2344 et
262 2308 420 2351 tristitia,
434 2319 528 2355 quae
545 2316 822 2354 consequuntur
836 2307 881 2342 ad
897 2319 1026 2342 omnes
1042 2308 1245 2354 passiones,
1261 2316 1301 2342 ut
1314 2308 1447 2343 dicitur
1460 2308 1498 2342 in
1513 2318 1544 2342 2.
1562 2308 1680 2342 Ethic.

85 2362 177 2410 (cap.
193 2364 241 2410 5.)
251 2375 266 2404 ;
283 2363 335 2398 ita
355 2371 482 2398 tamen
504 2362 603 2409 quod
619 2373 725 2396 amor
739 2370 794 2397 est
807 2362 907 2409 prior
928 2362 1027 2404 odio,
1051 2370 1086 2397 et
1107 2362 1331 2397 desiderium
1349 2361 1448 2409 fuga,
1469 2371 1504 2397 et
1526 2374 1608 2409 spes
1629 2363 1686 2397 de-

84 2416 308 2463 speratione,
329 2424 367 2452 et
386 2417 500 2452 timor
522 2416 687 2458 audacia,
707 2424 743 2451 et
761 2416 950 2463 gaudium,
969 2428 1081 2463 quam
1102 2416 1259 2459 tristitia,
1279 2425 1316 2451 ut
1336 2428 1379 2452 ex
1398 2417 1595 2463 praedictis
1614 2416 1687 2451 col-

85 2469 154 2517 ligi
173 2478 294 2518 potest
318 2470 374 2515 (ex
395 2472 456 2506 isto
478 2475 543 2505 art.
565 2475 597 2505 ct
617 2482 657 2505 ex
678 2475 743 2505 art.
766 2483 794 2506 1.
817 2475 848 2506 et
867 2482 900 2506 2.
918 2472 1067 2518 praec).

157 2524 220 2560 AD
241 2535 396 2560 PRIMUM
417 2535 507 2571 ergo
529 2524 739 2567 dicendum,
762 2525 860 2571 quod
883 2525 969 2571 quia
990 2525 1043 2559 ira
1066 2533 1236 2560 causatur
1263 2536 1306 2560 ex
1334 2524 1414 2559 aliis
1441 2524 1685 2571 passionibus,

85 2577 181 2613 sicut
200 2576 352 2614 effectus
375 2589 396 2613 a
413 2578 534 2613 causis
561 2579 878 2625 praecedentibus,
904 2579 989 2614 ideo
1011 2579 1055 2613 ab
1079 2591 1134 2621 ea,
1161 2587 1354 2626 tamquam
1382 2590 1402 2613 a
1430 2578 1686 2621 manifestiori,

86 2631 348 2667 denominatur
369 2633 545 2680 potentia.

159 2686 222 2722 AD
245 2697 458 2722 SECUNDUM
481 2686 692 2730 dicendum,
715 2688 814 2734 quod
841 2687 988 2723 arduum
1013 2699 1091 2722 non
1119 2696 1172 2723 est
1198 2688 1291 2723 ratio
1313 2688 1523 2730 accedendi,
1546 2686 1606 2722 vel
1630 2699 1688 2734 ap-

48 2774 53 2776 ,
85 2740 246 2787 petendi,
266 2741 331 2776 sed
349 2741 475 2788 potius
498 2742 645 2776 bonum:
669 2749 706 2776 et
725 2742 811 2777 ideo
838 2754 933 2789 spes,
961 2754 1055 2789 quae
1083 2743 1255 2778 directius
1282 2743 1430 2789 respicit
1455 2742 1609 2785 bonum,
1633 2750 1687 2777 est

85 2793 209 2840 prior:
231 2795 401 2842 quamvis
423 2795 577 2830 audacia
600 2794 799 2842 aliquando
822 2797 868 2831 sit
888 2797 925 2830 in
948 2797 1067 2843 magis
1091 2797 1259 2839 arduum,
1282 2796 1341 2831 vel
1363 2797 1476 2831 etiam
1498 2797 1562 2830 ira.

159 2847 221 2883 An
242 2858 419 2884 ’rennuit
441 2849 653 2892 dicendum,
675 2851 775 2897 quod
803 2851 983 2897 appetitus
1010 2851 1144 2898 primo,
1168 2860 1204 2886 et
1224 2863 1289 2897 per
1310 2863 1348 2886 se
1372 2860 1544 2886 movetur
1566 2851 1603 2885 in
1624 2851 1686 2885 bo-

87 2911 191 2944 num,
211 2901 307 2938 sicut
325 2902 364 2937 in
384 2903 575 2950 proprium
597 2903 803 2950 objectum:
827 2913 863 2940 et
881 2915 924 2939 ex
941 2905 1015 2940 hoc
1039 2914 1221 2948 causatur,
1240 2905 1339 2952 quod
1358 2905 1507 2940 recedat
1526 2917 1546 2940 a
1566 2904 1689 2940 malo:
