1907 3198
532 202 755 240 QuAsssrlo
789 202 907 234 cxxv.
940 201 1187 233 Λιιτιευιυε
1221 201 1265 231 11.
1607 188 1692 245 877

698 390 1046 437 ARTICULUS
1073 390 1130 434 ΙΙ.
1427 399 1430 403 ’
1626 398 1690 435 611

177 513 333 545 UTRUK
356 513 535 550 ALIQUIS
562 513 658 544 SINE
684 513 847 543 GRATIA
867 512 1021 543 POSSIT
1049 510 1207 542 MERERI
1229 510 1368 540 VITAM
1391 509 1641 539 AETERNAM.

510 612 629 660 (Supr.
650 624 682 659 q.
700 624 776 658 ¹09·
795 618 861 647 art.
878 624 906 658 5.
929 616 958 647 et
977 611 1058 647 locis
1079 611 1127 646 ibi
1146 609 1317 654 inductis).

0 718 3 750 ἰ
199 713 263 751 An
282 711 492 750 SECUNDUS!
510 714 561 749 sic
583 714 800 761 proceditur.
822 712 985 755 Videtur,
1006 712 1104 760 quod
1126 711 1256 758 aliquis
1270 710 1347 745 sine
1362 709 1609 756 gratia-possit
1626 719 1700 743 me-

129 767 199 804 reri
226 766 341 802 vitam
371 775 578 802 aeternam:
599 766 689 802 illud
716 767 814 802 enim
844 766 960 802 homo
982 778 1002 801 a
1032 766 1114 800 Deo
1137 773 1306 806 meretur,
1335 764 1379 798 ad
1408 763 1506 810 quod
1528 762 1698 797 divinitus

130 819 330 864 ordinatur,
350 819 445 856 sicut
464 820 603 855 dictum
624 828 678 855 est
700 820 781 865 (art.
797 821 951 868 praec.).·
974 819 1037 855 sed
1052 820 1167 854 homo
1182 818 1383 853 secundum
1405 828 1510 851 suam
1530 815 1710 851 naturam'

129 872 318 910 ordinatur
333 873 379 909 ad
399 873 659 909 beatitudinem
678 873 772 909 sicut
792 873 836 908 ad
858 873 988 908 finem:
1004 873 1098 908 unde
1112 872 1223 908 etiam
1241 871 1452 906 naturaliter
1470 870 1606 917 appetit
1619 881 1698 905 esse

129 927 274 970 beatus;
293 938 382 974 ergo
403 927 519 962 bomo
541 939 604 975 per
625 939 690 963 sua
711 927 889 962 naturalia
916 927 1051 974 absque
1078 927 1192 974 gratia
1218 925 1349 960 mereri
1375 933 1494 973 potest
1514 924 1701 959 beatitudi-

129 991 229 1024 nem,
248 991 342 1028 quae
362 988 418 1016 est
435 981 509 1016 vita
530 989 688 1016 aeterna.

202 1043 236 1069 2.
256 1032 496 1070 PRAETEREA.
514 1034 616 1070 Idem
639 1046 732 1081 opus
749 1043 886 1082 quanto
908 1042 961 1069 est
982 1035 1102 1070 minus
1119 1033 1294 1075 debitum,
1304 1041 1406 1067 tanto
1428 1041 1482 1067 est
1497 1032 1614 1077 magis
1629 1042 1702 1066 me-

129 1086 316 1123 ritorium:
338 1087 403 1123 sed
423 1089 544 1122 minus
565 1087 727 1123 debitum
749 1096 803 1123 est
821 1088 973 1129 bonum,
994 1087 1092 1135 quod
1115 1086 1153 1122 fit
1179 1087 1222 1121 ab
1249 1098 1307 1129 eo,
1334 1086 1394 1133 qui
1421 1085 1624 1120 minoribus
1646 1085 1703 1119 be-

131 1139 272 1177 neficiis
293 1149 348 1176 est
367 1150 605 1188 praeventus;
627 1153 711 1176 cum
732 1142 842 1188 igitur
862 1141 935 1184 ine,
957 1141 1019 1189 qui
1039 1141 1148 1176 habet
1169 1140 1290 1175 solum
1311 1140 1408 1174 bona
1430 1139 1620 1180 naturalia,
1639 1138 1704 1172 mi·

130 1205 224 1230 nora
242 1193 420 1230 beneficia
441 1195 487 1230 sit
507 1203 726 1230 consecutus
748 1207 767 1230 a
788 1194 884 1237 Deo,
911 1207 1020 1242 quam
1047 1194 1119 1237 ille,
1147 1194 1208 1241 qui
1235 1205 1319 1228 cum
1346 1192 1569 1228 naturalibus
1595 1192 1703 1227 habet

131 1247 301 1295 gratuita,
321 1247 464 1283 videtur
483 1248 580 1296 quod
603 1250 681 1295 ejus
702 1259 813 1296 opera
834 1249 906 1284 sint
927 1248 1020 1295 apud
1042 1248 1164 1283 Deum
1180 1247 1297 1293 magis
1316 1247 1571 1288 meritoria;et
1594 1247 1653 1287 ita,
1672 1245 1701 1280 si

130 1300 205 1344 ille,
226 1301 288 1349 qui
307 1301 419 1337 habet
437 1302 606 1349 gratiam,
631 1311 750 1350 potest
771 1302 903 1337 mereri
929 1302 1052 1349 aliquo
1079 1302 1192 1336 modo
1218 1301 1330 1336 vitam
1359 1309 1557 1341 aeternam,
1585 1298 1702 1333 multo

131 1355 251 1403 magis
269 1354 344 1398 ille,
362 1355 424 1402 qui
444 1366 519 1391 non
533 1355 654 1390 habet.

206 1419 237 1456 3.
256 1407 496 1445 Pus-nanta.
522 1408 788 1451 Misericordia,
810 1417 845 1443 et
867 1409 1062 1444 liberalitas
1083 1408 1155 1444 Dei
1176 1408 1212 1443 in
1235 1407 1416 1442 infinitum
1438 1406 1579 1442 excedit
1600 1406 1705 1440 mise·

129 1461 340 1505 ricordiam,
359 1470 397 1497 et
414 1461 670 1497 liberalitatem
685 1462 906 1497 humanam:
921 1463 985 1497 sed
1007 1473 1099 1496 unus
1113 1462 1229 1496 homo
1248 1470 1367 1508 potest
1389 1461 1482 1508 apud
1505 1459 1617 1494 alium
1633 1471 1705 1494 me-

130 1516 213 1559 rei,
232 1515 377 1552 etiamsi
395 1527 599 1563 numquam
613 1527 717 1551 suam
734 1516 889 1563 gratiam
901 1524 983 1550 ante
997 1516 1182 1558 habuerit;
1198 1526 1286 1560 ergo
1305 1515 1456 1556 videtur,
1475 1514 1572 1561 quod
1587 1513 1703 1548 multo

129 1570 249 1617 magis
268 1569 386 1605 homo
411 1569 549 1617 absque
570 1570 686 1616 gratia
706 1570 819 1604 vitam
846 1578 1032 1604 aeternam
1055 1570 1168 1617 possit
1190 1581 1210 1604 a
1232 1569 1314 1604 Deo
1336 1568 1478 1603 mereri.

202 1621 280 1659 Su)
300 1633 458 1659 coum
479 1631 545 1666 est,
566 1623 665 1670 quod
686 1624 816 1670 Apost.
839 1623 927 1658 dicit
948 1623 1056 1658 Rom.
1079 1621 1132 1658 6.:
1159 1623 1282 1659 Graticz
1306 1623 1374 1658 Dei
1397 1624 1470 1657 νιία
1492 1626 1638 1657 aeterua.

201 1675 435 1719 Rtsroxnto
455 1676 664 1720 dicendum,
687 1677 784 1724 quod
800 1677 962 1712 hominis
983 1677 1060 1712 sine
1080 1676 1194 1723 gratia
1216 1676 1336 1724 duplex
1357 1684 1469 1711 status
1484 1675 1706 1710 considerari

131 1736 264 1778 potest,
284 1731 379 1766 sicut
397 1741 507 1777 supra
520 1730 658 1765 dictum
672 1738 727 1765 est
747 1731 796 1777 (q.
818 1742 894 1777 109·
915 1736 983 1765 art.
997 1731 1071 1776 2.).·
1093 1742 1177 1765 unus
1195 1730 1341 1777 quidem
1359 1738 1511 1764 naturae
1532 1731 1706 1775 integrae,

131 1781 336 1830 qualis-fuit
354 1783 392 1819 in
414 1783 537 1819 Adam
558 1792 642 1819 ante
663 1791 877 1830 peccatum:
898 1784 986 1819 alius
1007 1792 1130 1818 autem
1151 1792 1301 1818 naturae
1324 1791 1528 1830 corruptae,
1544 1783 1637 1817 sicut
1653 1790 1707 1817 est

131 1836 171 1873 in
189 1836 298 1881 nobis
317 1844 402 1872 ante
422 1837 692 1884 reparationem
713 1837 870 1884 gratiae:
889 1838 920 1872 si
942 1848 1031 1884 ergo
1052 1837 1248 1884 loquamur
1268 1837 1312 1872 de
1330 1836 1481 1871 homine
1503 1835 1623 1882 quoad
1641 1836 1709 1883 pri-

133 1900 238 1926 mum
257 1897 406 1934 statum,
425 1891 477 1926 sic
499 1902 571 1925 una
593 1891 733 1926 ratione
753 1902 829 1926 non
850 1899 971 1938 potest
996 1891 1112 1926 homo
1139 1890 1271 1926 mereri
1297 1890 1432 1937 absque
1458 1890 1573 1936 gratia
1594 1889 1706 1924 vitam

132 1951 321 1981 aeternam
337 1955 404 1992 per
421 1955 511 1992 pura
524 1943 716 1987 naturalia,
734 1944 818 1991 quia
835 1944 974 1980 scilicet
987 1944 1158 1979 meritum
1173 1944 1335 1979 hominis
1350 1943 1529 1990 dependet
1549 1955 1593 1978 ex
1610 1954 1710 1990 prae-

132 1997 365 2035 ordinatione
383 1998 518 2034 divina.
540 1998 656 2033 Actus
679 2006 801 2034 autem
821 1999 1084 2046 cujuscumque
1106 1998 1158 2033 rei
1171 2009 1246 2032 non
1265 1997 1453 2032 ordinatur
1472 1997 1643 2031 divinitus
1663 1996 1707 2030 ad

133 2050 270 2100 aliquid
290 2051 470 2088 excedens
490 2051 767 2099 proportionem
789 2051 942 2094 virtutis,
964 2062 1056 2098 quae
1072 2060 1125 2086 est
1144 2051 1361 2099 principium
1384 2059 1497 2092 actus,
1515 2050 1586 2085 hoc
1609 2050 1707 2085 enim

133 2111 191 2143 et
206 2115 254 2142 ex
272 2104 500 2141 instintione
525 2105 669 2140 divinae
696 2105 958 2152 providentiae,
987 2113 1025 2140 ut
1051 2104 1141 2139 nihil
1168 2113 1253 2151 agat
1273 2104 1367 2139 ultra
1388 2115 1491 2139 suam
1518 2103 1707 2138 virtutem:

131 2158 211 2195 vita
232 2166 358 2196 autem
388 2167 536 2195 aeterna
561 2167 616 2194 est
648 2159 833 2206 quoddam
868 2159 1006 2193 bonum
1040 2158 1219 2193 excedens
1251 2159 1525 2205 proportionem
1559 2165 1708 2192 naturae

132 2211 395 2260 “nunquia
407 2212 520 2248 etiam
532 2212 673 2248 excedit
693 2212 957 2259 cognitionem,
980 2221 1014 2247 et
1036 2211 1256 2247 desiderium
1277 2213 1367 2257 ejus,
1389 2210 1590 2246 secundum
1618 2209 1705 2245 illud

137 2265 230 2303 lad
247 2264 338 2303 Cor.
358 2275 410 2302 2.<
433 2266 501 2302 Nec
515 2266 627 2302 oculus
646 2265 745 2308 vidit,
768 2278 824 2301 nec
847 2267 940 2301 auris
954 2265 1097 2308 audi-vit,
1118 2267 1225 2300 necin
1247 2277 1305 2300 cor
1324 2265 1467 2300 hominis
1488 2263 1650 2304 ascendih·
1670 2271 1705 2299 et

135 2319 295 2364 iridem,
312 2319 411 2368 quod
421 2318 522 2355 nulla
540 2328 668 2355 natura
684 2328 804 2354 creata
815 2328 868 2354 est
876 2318 1060 2354 sufficiens
1070 2318 1285 2367 principium
1307 2327 1408 2353 actus
1420 2318 1597 2353 meritorii
1611 2318 1706 2353 vitae

135 2380 319 2418 aeternae,
337 2373 407 2409 nisi
420 2373 686 2421 superaddatur
700 2372 847 2420 aliquod
863 2372 1135 2421 supernaturale
1150 2373 1301 2415 donum,
1323 2372 1420 2419 quod
1438 2373 1549 2417 gratia
1567 2371 1708 2406 dicitur:

136 2427 169 2463 ti
184 2437 276 2464 vem
292 2426 492 2476 loquamur
512 2427 557 2462 de
575 2426 726 2462 homine
748 2427 812 2462 sub
831 2435 986 2474 peccato
1007 2426 1194 2468 existente,
1209 2426 1350 2460 additur
1365 2436 1447 2460 cum
1468 2425 1538 2460 hoc
1551 2424 1709 2460 secunda

136 2479 411 2530 ratiqpropter
431 2480 735 2541 impedimentum
756 2479 916 2527 peccati:
939 2491 1023 2515 cum
1040 2479 1138 2514 enim
1161 2488 1353 2526 peccatum
1376 2479 1420 2513 sit
1442 2478 1621 2525 quaedam
1640 2477 1710 2512 Dei

137 2531 280 2571 offensa
305 2533 502 2570 excludens
523 2545 544 2569 a
570 2534 644 2569 vita
674 2542 832 2575 aeterna,
859 2541 898 2568 ut
926 2541 1023 2580 patet
1052 2545 1115 2580 per
1137 2532 1342 2579 supradicta
1369 2533 1490 2578 (q.71.
1517 2537 1580 2566 art.
1615 2532 1650 2567 6.
1679 2536 1711 2566 et

137 2598 253 2651 q3113.
271 2592 338 2625 orl.
359 2598 380 2625 2
382 2589 424 2631 .),
442 2586 590 2623 nunus
583 2599 617 2622 in
637 2595 731 2623 statu
749 2587 890 2635 peccati
911 2586 1068 2622 existens
1087 2595 1205 2633 potest
1224 2586 1335 2620 vitam
1358 2594 1545 2620 aeternam
1567 2584 1711 2626 mereri,

136 2640 209 2678 nui
225 2652 326 2690 pum
342 2641 428 2678 Deo
448 2641 706 2677 reconcilietur
723 2640 876 2676 dimisso
896 2649 1072 2688 peccato;
1086 2641 1185 2687 quod
1200 2639 1236 2674 fit
1253 2651 1315 2686 per
1333 2639 1506 2686 gratiam:
1526 2638 1711 2686 peccatori

137 2693 239 2732 enim
256 2705 335 2732 nm
361 2695 514 2732 debetur
541 2695 628 2737 vita,
655 2694 717 2730 sed
748 2705 861 2736 mors,
890 2694 1091 2729 secundum
1114 2693 1202 2728 illud
1229 2692 1338 2728 Rom.
1359 2691 1412 2727 6.
1437 2691 1612 2740 Stipendia
1635 2699 1712 2740 pec-

137 2749 208 2786 “a
225 2759 328 2786 m
432 2777 436 2781 —

208 2802 273 2848 Μ
290 2811 442 2840 m
462 2812 553 2849 ergo
574 2801 785 2844 dicendum,
805 2801 905 2849 quod
926 2800 1027 2841 Dos
1049 2800 1230 2835 ordinavit
1251 2799 1453 2835 humanam
1475 2807 1644 2834 naturam
1666 2797 1711 2833 ad

139 2853 253 2893 finem
275 2855 374 2892 vitae
398 2863 568 2892 aeternae
595 2855 894 2902 consequendum
920 2865 993 2890 non
1021 2854 1166 2902 propria
1191 2854 1334 2895 virtute,
1362 2853 1422 2888 sed
1450 2864 1513 2900 per
1539 2851 1713 2887 auxilium

137 2908 296 2958 gratian
314 2917 353 2947 et
370 2908 444 2946 hoe
465 2909 580 2945 modo
601 2909 678 2955 eius
699 2916 801 2945 actus
822 2917 941 2956 potest
962 2920 1041 2944 esse
1065 2907 1273 2943 meritorius
1294 2908 1389 2942 vitae
1412 2915 1592 2942 aeternae.
