1907 3182
270 165 354 219 278
667 176 887 210 QUAESTIO
921 175 1068 203 XXXVI.
1102 174 1345 204 ARTICULUS
1378 174 1435 203 IV.

269 265 322 292 est
343 268 451 291 causa
474 256 740 302 conjunctionis
763 255 860 297 mali,
884 255 989 289 debet
1010 255 1096 301 poni
1119 266 1227 288 causa
1253 254 1400 296 doloris,
1418 253 1480 288 'vel
1506 254 1688 288 tristitiae:
1716 255 1827 288 mani-

268 311 400 345 festum
423 317 475 345 est
497 319 629 352 autem,
652 310 723 344 hoc
744 321 820 343 esse
843 308 1255 355 contrajnclinationem
1279 309 1465 354 appetitus,
1488 316 1526 341 ut
1547 307 1645 342 malo
1664 319 1826 354 praesen-

269 365 399 399 tialiter
425 365 628 398 inhaereat:
657 363 753 409 quod
777 371 897 396 autern
925 370 977 396 est
1003 369 1128 395 contra
1150 361 1422 395 inclinationem
1444 361 1606 406 alicujus,
1626 373 1826 408 numquam

270 418 414 452 advenit
436 418 468 451 ei
488 417 556 451 nisi
582 428 644 463 per
672 416 853 450 actionem
885 415 1035 460 alicujus
1064 414 1243 448 fortioris:
1274 423 1309 448 et
1334 415 1415 448 ideo
1442 422 1600 460 potestas
1628 416 1744 460 major
1765 426 1827 461 po-

269 471 364 505 nitur
390 482 466 505 esse
495 481 603 504 causa
629 469 764 503 doloris
792 469 833 501 ab
861 468 1078 512 Augustino.
1103 468 1174 501 Sed
1201 468 1387 501 sciendum
1410 475 1472 509 est,
1495 467 1591 513 quod
1613 467 1643 501 si
1667 476 1826 513 potestas

268 524 394 558 fortior
416 524 594 557 intantum
616 522 824 563 invalescat,
847 522 942 567 quod
963 529 1077 555 mutet
1095 521 1313 554 contrariam
1330 520 1602 554 inclinationem
1624 521 1660 554 in
1682 520 1828 554 inclina-

267 578 405 611 tionem
424 577 619 622 propriam,
634 577 704 620 jam
720 586 794 608 non
809 575 875 608 erit
893 574 1011 619 aliqua
1027 574 1274 620 repugnantia,
1288 573 1345 607 vel
1363 574 1552 607 violentia:
1577 574 1668 608 sicut
1682 574 1826 619 quando

269 642 378 674 agens
400 630 537 671 fortius,
561 628 827 674 corrumpendo
847 639 977 673 corpus
996 639 1116 672 grave,
1136 627 1249 661 aufert
1271 627 1304 660 ei
1324 626 1609 669 inclinationem,
1624 638 1693 673 qua
1714 628 1828 662 tendit

270 685 460 718 deorsum:
484 692 518 717 et
539 691 623 716 tunc
646 682 728 715 ferri
750 693 891 715 sursum
914 692 987 715 non
1008 689 1060 715 est
1078 681 1110 715 ei
1124 681 1338 722 violentum,
1357 681 1417 714 sed
1435 680 1615 715 naturale:
1638 681 1689 715 sic
1708 681 1825 727 igitur,

268 738 297 771 si
319 737 437 783 aliqua
459 744 617 782 potestas
639 736 756 780 major
777 735 957 769 intantum
975 734 1183 775 invalescat,
1203 734 1299 779 quod
1319 733 1456 768 auferat
1472 733 1748 768 inclinationem
1765 746 1826 769 vo-

267 791 424 831 luntatis,
446 790 503 823 vel
526 789 702 835 appetitus
730 788 900 829 sensitivi‚
928 799 969 821 ex
996 799 1038 821 ea
1064 799 1138 821 non
1165 787 1323 833 sequitur
1350 786 1465 829 dolor,
1491 787 1550 821 vel
1575 788 1736 822 tristitia:
1763 788 1826 822 sed

266 853 350 878 tunc
373 843 493 877 solum
515 842 684 888 sequitur,
707 842 852 887 quando
874 849 1037 875 remanet
1058 840 1245 875 inclinatio
1269 841 1445 886 appetitus
1466 842 1503 874 in
1525 841 1769 883 contrarium;
1792 849 1826 875 et

266 898 348 931 inde
371 905 433 938 est,
456 896 552 942 quod
574 896 727 941 August.
744 895 829 929 dicit
847 895 924 940 (loc.
944 896 997 929 cit.
1017 897 1051 929 in
1066 907 1136 940 arg.
1155 894 1206 929 sed
1224 895 1335 937 cont),
1355 894 1452 940 quod
1473 893 1640 928 voluntas
1658 895 1826 928 resistens

266 950 435 996 potestati
448 949 590 983 fortiori
604 956 728 982 causat
747 948 932 982 dolorem:
957 948 986 982 si
1008 948 1105 982 enim
1127 959 1201 982 non
1223 947 1415 988 resisteret,
1431 947 1492 981 sed
1512 947 1656 982 cederet
1677 959 1827 982 consen-

265 1004 400 1045 tiendo,
422 1014 495 1037 non
517 1010 725 1048 sequeretur
746 1002 862 1043 dolor,
884 1002 945 1035 sed
968 1001 1172 1035 delectatio.

338 1058 398 1091 AD
420 1067 568 1091 PRIMUM
595 1067 682 1102 ergo
710 1056 916 1097 dicendum,
945 1056 1041 1102 quod
1069 1057 1186 1101 major
1211 1063 1370 1101 potestas
1398 1054 1565 1089 dolorem
1591 1063 1726 1097 causat,
1751 1066 1825 1090 non

266 1111 466 1145 secundum
487 1110 584 1156 quod
607 1118 660 1144 est
682 1121 792 1155 agens
813 1110 850 1143 in
872 1110 1044 1155 potentia,
1067 1109 1128 1143 sed
1155 1109 1355 1143 secundum
1381 1109 1478 1155 quod
1505 1116 1559 1144 est
1584 1119 1694 1155 agens
1720 1116 1824 1151 actu3

266 1165 352 1199 dum
374 1164 512 1199 scilicet
531 1163 617 1198 facit
638 1164 936 1208 conjunctionem
958 1162 1046 1197 mali
1068 1163 1275 1208 corruptivi.

336 1219 396 1252 AD
419 1228 625 1252 SECUNDUM
649 1217 854 1258 dicendum,
877 1216 973 1262 quod
995 1216 1086 1250 nihil
1109 1216 1287 1262 prohibet,
1310 1214 1468 1262 aliquam
1486 1222 1715 1261 potestatem,
1734 1226 1826 1262 quae

264 1283 338 1306 non
361 1280 414 1306 est
434 1272 551 1315 major
572 1270 794 1316 simpliciter,
817 1281 894 1304 esse
916 1271 1096 1315 majorem
1123 1277 1298 1316 quantum
1320 1269 1364 1302 ad
1389 1268 1540 1315 aliquid:
1564 1276 1599 1303 et
1624 1269 1826 1303 secundum

267 1326 337 1359 hoc
361 1324 507 1370 aliquod
529 1332 791 1358 nocumentum
822 1323 951 1357 inferre
974 1331 1110 1369 potest:
1133 1323 1163 1357 si
1185 1331 1306 1357 autem
1327 1322 1428 1356 nullo
1447 1322 1559 1356 modo
1583 1323 1701 1367 major
1721 1330 1825 1364 esset,

263 1378 364 1412 nullo
387 1378 499 1412 modo
521 1385 642 1423 posset
662 1388 813 1411 nocere:
837 1377 931 1410 unde
953 1388 1027 1410 non
1050 1384 1171 1422 posset
1193 1387 1340 1410 causam
1363 1375 1498 1410 doloris
1522 1375 1664 1410 inferre.

338 1432 397 1465 AD
417 1442 587 1465 TERTIUM
610 1431 816 1472 dicendum,
838 1430 934 1476 quod
962 1430 1138 1464 exteriora
1166 1430 1308 1475 agentia
1334 1437 1485 1476 possunt
1511 1440 1588 1463 esse
1615 1440 1723 1463 causa
1750 1440 1826 1463 rno-

265 1493 367 1519 tuum
391 1485 680 1530 appetitivorum,
707 1484 921 1530 inquantum
949 1491 1097 1517 causant
1124 1483 1363 1530 praesentiam
1387 1483 1536 1529 obiecti:
1560 1490 1594 1517 et
1618 1483 1690 1517 hoc
1712 1482 1824 1517 modo

263 1546 420 1585 potestas
443 1539 559 1584 major
579 1538 722 1584 ponitur
744 1549 852 1572 causa
873 1536 1020 1571 doloris.

710 1798 1064 1859 QUAESTIO
1106 1797 1369 1844 XXXVII.

523 1925 585 1955 DE
612 1924 895 1955 EFFECTIBUS
922 1923 1138 1961 DOLORIS,
1170 1923 1261 1953 VEL
1285 1922 1563 1959 TRISTITIAE,

645 1994 696 2025 IN
723 1995 951 2035 QUATUOR
979 1994 1240 2026 ARTICULOS
1268 1994 1442 2025 DIVISA.

338 2125 478 2159 Deinde
501 2125 804 2160 considerandum
828 2132 880 2158 est
901 2124 944 2158 de
965 2123 1149 2158 effectibus
1171 2122 1319 2165 doloris,
1341 2122 1399 2157 vel
1419 2122 1592 2157 tristitiae.

731 2215 772 2249 Et
795 2216 883 2249 circa
906 2215 963 2248 hoc
985 2218 1190 2260 quaternium·
1208 2218 1360 2258 quatuor.

338 2286 471 2319 Primo.
495 2286 625 2319 Utrum
649 2284 753 2318 dolor
775 2285 911 2318 auferat
931 2284 1140 2318 facultatem
1161 2283 1379 2317 addiscendi.

339 2339 519 2373 Secundo.
545 2339 675 2372 Utrum
699 2338 908 2382 aggravatio
937 2338 1046 2371 animi
1069 2338 1111 2371 sit
1134 2336 1282 2370 effectus
1307 2336 1482 2377 tristitiae,
1504 2335 1561 2370 vel
1583 2335 1729 2370 doloris.

338 2393 476 2427 Tertio.
503 2393 631 2426 Utrum
653 2392 805 2433 tristitia,
827 2391 884 2425 vel
907 2391 1011 2425 dolor
1033 2390 1192 2425 debilitet
1214 2401 1362 2424 omnem
1386 2390 1646 2435 operationem.

339 2446 491 2486 Quarto.
504 2446 633 2480 Utrum
646 2445 785 2479 tristitia
798 2453 928 2478 noceat
944 2444 1084 2490 corpori
1101 2456 1135 2477 ni
1143 2444 1229 2489 agis,
1245 2455 1352 2490 quam
1368 2443 1458 2477 aliae
1473 2444 1658 2489 passiones
1670 2443 1824 2478 animae.

851 2568 1192 2612 ARTICULUS
1223 2568 1254 2611 I.
1757 2588 1824 2613 210

453 2678 603 2707 U'I'RUM
632 2677 776 2706 DOLOR
808 2676 1004 2705 AUFERAT
1030 2676 1323 2705 FACULTATEM
1350 2675 1631 2705 ADDISCENDI.

339 2767 396 2799 Λι)
425 2776 570 2799 rumen
595 2765 643 2798 sie
668 2764 882 2810 proceditur.
907 2763 1067 2802 Videtur,
1095 2764 1190 2808 quod
1219 2763 1323 2797 dolor
1349 2775 1422 2797 non
1451 2762 1588 2797 auferat
1614 2762 1821 2796 facultatem

267 2819 492 2853 addiscendi:
517 2819 646 2852 dicitur
672 2818 767 2851 enini
798 2818 862 2850 lsa.
892 2823 962 2850 20st
988 2817 1071 2850 (Imm
1092 2818 1210 2862 ‚limosis
1234 2817 1360 2861 judisia
1384 2822 1440 2850 Ιιιιι
1467 2818 1499 2850 in
1528 2821 1628 2857 Ιιϊιίι,
1654 2817 1817 2859 justitium

266 2873 386 2908 ‹lt'scunt
409 2885 515 2907 omncs
537 2873 732 2907 lsabitcllorcs
755 2872 866 2911 01143,-
896 2879 929 2904 ct
951 2869 1058 2904 infra:
1096 2871 1131 2903 ln
1155 2871 1365 2905 lt·1'I‘11l.1!¹'011a
1387 2871 1569 2904 murmuris
1593 2870 1743 2904 doarium
1765 2874 1822 2904 tuit
