1955 3182
206 195 263 236 44
646 189 868 226 QUAESTIO
903 189 963 219 111.
997 188 1242 220 ARTICULUS
1275 188 1332 218 1v.

281 284 309 318 5.
331 273 567 308 PRAETEREA.
583 272 737 317 August.
760 271 846 305 dicit
866 271 902 304 in
926 282 977 317 13.
993 270 1036 304 de
1056 269 1157 305 Trin.
1174 270 1263 316 (cap.
1279 280 1307 316 5.
1327 270 1361 303 in
1372 269 1454 315 fin.)
1473 267 1569 315 quod
1589 269 1699 304 beatus
1715 273 1772 310 est,

207 327 263 372 qui
280 327 376 361 habat
393 327 518 368 omnia,
538 337 619 371 quae
637 325 721 366 vult,
742 330 771 359 et
788 325 872 358 nihil
885 325 958 359 vult
983 324 1080 358 male.
1099 323 1144 357 Et
1161 331 1243 369 post
1268 333 1384 369 pauca
1409 322 1530 356 subdit
1551 322 1642 369 (cap.
1657 322 1690 357 6.
1713 322 1774 357 cir.

207 379 328 425 mad.):
351 380 393 414 Et
416 380 661 426 appropinquat
687 380 791 421 bauto,
819 379 876 423 qni
904 379 978 412 bem>
1003 378 1088 419 vult,
1117 377 1341 422 quodcumqm
1367 376 1452 418 vult,
1480 377 1566 410 bona
1592 377 1678 410 anim
1706 375 1776 410 bea-

207 438 277 468 tum
295 434 436 478 fizcizmt,
460 445 600 478 qnorum
624 433 781 466 bonorum
802 433 874 476 jum
889 430 1393 477 habetaliquid,ipsczltzsi‘ilicel
1408 430 1528 463 bonam
1546 429 1773 469 volzcntataen;

208 498 294 533 ergo
316 487 500 521 beatitudo
523 486 559 520 in
583 494 664 519 actu
685 484 881 519 voluntatis
904 484 1078 518 consistit.

282 541 355 575 SED
379 550 534 575 CONTRA
557 547 620 581 est,
644 538 740 585 quod
762 538 943 572 Dominus
966 537 1052 571 dicit
1069 537 1172 582 Joan.
1200 547 1267 582 17.:
1290 537 1384 571 Haec
1411 541 1455 570 est
1474 537 1547 570 vita
1568 540 1714 578 aeterna,
1736 539 1771 569 ut

209 600 406 641 cognoscant
427 600 455 629 ta
476 595 585 628 Deum
608 605 725 627 mrum
749 604 873 626 imum:
901 592 974 625 vita
1000 599 1121 625 autem
1144 599 1288 625 aeterna
1311 598 1364 624 est
1384 589 1532 624 ultimus
1554 589 1645 631 finis,
1667 597 1705 623 ut
1726 587 1772 622 di-

210 657 308 683 ctum
331 656 384 682 est
407 648 451 694 (q.
470 659 498 694 3.
522 652 586 682 art.
606 658 635 681 2.
656 646 697 680 ιιιί
715 646 779 689 1.);
800 656 886 691 ergo
914 644 1098 678 beatitudo
1125 644 1285 678 hominis
1312 644 1348 677 in
1377 643 1586 689 cognitione
1605 643 1675 677 Dei
1694 652 1775 676 con-

209 702 310 744 sistit,
333 712 424 748 quae
453 708 505 735 est
527 708 626 734 actus
648 698 863 733 intellectus.

280 755 510 789 RESPONDEO
526 753 731 794 dicendum,
747 752 844 798 quod
863 751 906 786 ad
924 751 1196 793 beatitudinem,
1217 751 1309 785 sicut
1327 761 1433 796 supra
1452 750 1590 784 dictum
1608 756 1662 784 est
1679 749 1724 794 (q.
1742 758 1774 783 2.

210 814 274 844 art.
299 809 361 853 6.),
385 809 447 842 dico
474 807 713 854 requiruntur.
748 806 872 848 Unum,
901 805 997 851 quod
1025 813 1078 839 est
1104 816 1180 839 esse
1199 804 1447 838 beatitudinis:
1476 803 1579 846 aliud,
1607 801 1702 849 quod
1724 808 1779 835 est

210 862 313 909 quasi
331 873 393 908 per
411 872 448 896 se
467 861 634 895 accidens
654 860 740 905 ejus,
759 859 852 894 sicut
870 858 930 903 [al.
944 859 1079 903 scilicet]
1105 857 1298 892 delectatio
1314 856 1347 891 ei
1365 856 1544 902 adjuncta.
1562 856 1658 890 Dico
1677 865 1778 901 ergO,

211 915 307 962 quod
330 923 505 961 quantum
528 913 571 948 ad
598 913 644 955 id,
672 912 768 959 quod
796 920 849 946 est
876 911 1112 946 essentialiter
1137 911 1214 957 ipsa
1240 910 1437 952 beatitudo,
1464 909 1687 957 impossibile
1713 916 1778 951 est,

210 969 307 1015 quod
327 969 500 1002 consistat
513 967 549 1001 in
565 975 646 1001 actu
661 966 868 1000 voluntatis.
884 965 1117 999 Manifestum
1137 972 1189 999 est
1215 964 1313 998 enim
1340 975 1383 998 ex
1408 963 1614 1010 praemissis
1641 963 1723 1008 (art.
1749 974 1778 998 Ι.

210 1023 278 1068 huj.
291 1022 352 1067 q),
369 1021 465 1068 quod
476 1020 660 1054 beatitudo
677 1027 730 1053 est
745 1019 955 1053 consecutio
974 1018 1054 1052 finis
1072 1017 1208 1052 ultimi:
1229 1017 1440 1052 consecutio
1461 1025 1581 1051 autem
1599 1016 1678 1051 finis
1703 1026 1778 1050 non

212 1075 376 1110 consistit
401 1075 438 1108 in
464 1075 543 1120 ipso
572 1081 654 1107 actu
680 1072 893 1106 voluntatis:
921 1071 1089 1106 voluntas
1112 1079 1233 1106 autem
1258 1070 1370 1105 fertur
1394 1071 1431 1105 in
1457 1070 1580 1113 finem,
1602 1078 1638 1105 et
1658 1070 1780 1104 absen-

211 1137 297 1170 tem,
321 1139 405 1162 cum
427 1128 545 1173 ipsum
565 1126 753 1168 desiderat,
769 1134 804 1160 et
817 1134 1056 1172 praesentem,
1073 1137 1156 1159 curn
1171 1125 1207 1159 in
1225 1125 1304 1171 ipso
1320 1124 1550 1171 requiescens
1565 1123 1779 1158 delectatur:

212 1181 446 1216 manifestum
468 1189 521 1215 est
543 1188 675 1222 autem,
699 1179 795 1225 quod
817 1179 936 1225 ipsum
959 1179 1177 1213 desiderium
1195 1179 1274 1212 finis
1293 1189 1367 1212 non
1385 1182 1439 1212 'est
1457 1177 1667 1212 consecutio
1689 1176 1781 1218 finiS,

213 1235 275 1270 sed
298 1243 350 1269 est
372 1242 493 1268 motus
508 1234 551 1267 ad
566 1232 906 1268 finem-delectatio
924 1240 1045 1266 autem
1061 1233 1203 1267 advenit
1221 1231 1399 1266 voluntati
1418 1243 1460 1266 ex
1477 1232 1561 1274 hoc,
1583 1229 1681 1277 quod
1698 1229 1779 1263 finis

213 1298 266 1324 est
284 1299 471 1335 praesens:
493 1299 568 1321 non
591 1295 713 1321 autem
729 1298 747 1320 e
763 1297 940 1320 converso
964 1298 1005 1320 ex
1027 1286 1098 1320 hoc
1115 1286 1248 1332 aliquid
1260 1286 1304 1320 sit
1318 1296 1499 1332 praesens,
1511 1285 1594 1331 quia
1615 1283 1783 1318 voluntas

213 1342 410 1376 delectatur
432 1342 467 1375 in
490 1342 585 1387 ipso:
609 1347 753 1387 oportet
774 1340 881 1385 igitur
909 1339 1042 1386 aliquid
1071 1339 1166 1373 aliud
1189 1351 1277 1381 esse,
1301 1350 1410 1385 quam
1433 1347 1552 1373 actum
1575 1337 1783 1379 voluntatis,

213 1407 276 1442 per
295 1395 391 1441 quod
410 1395 454 1429 sit
472 1394 551 1428 finis
566 1395 639 1441 ipse
655 1404 824 1440 praesens
846 1393 1036 1427 voluntati.
1056 1393 1100 1427 Et
1114 1393 1185 1427 hoc
1206 1392 1396 1427 manifeste
1419 1399 1567 1439 apparet
1581 1391 1677 1426 circa
1695 1390 1783 1425 fines

215 1448 419 1483 sensibiles:
442 1448 471 1482 si
494 1448 591 1481 enim
614 1447 787 1492 consequi
809 1447 1001 1493 pecuniam
1029 1455 1122 1481 esset
1148 1458 1210 1493 per
1233 1454 1354 1480 actum
1380 1446 1588 1488 voluntatis,
1615 1444 1737 1480 statim
1765 1455 1785 1478 a

215 1502 392 1548 principio
416 1501 566 1546 cupidus
589 1508 805 1535 consecutus
828 1508 921 1534 esset
946 1500 1151 1547 pecuniam,
1179 1500 1324 1546 quando
1346 1499 1424 1533 vult
1445 1511 1526 1534 eam
1547 1499 1700 1533 habere:
1722 1497 1784 1532 sed

218 1567 237 1590 a
259 1555 435 1602 principio
464 1555 610 1600 quidem
638 1562 691 1588 est
718 1554 844 1588 absens
871 1554 914 1596 ei,
943 1554 1175 1600 consequitur
1203 1562 1324 1588 autem
1350 1554 1466 1600 ipsam
1493 1564 1556 1598 per
1580 1553 1666 1594 hoc,
1687 1550 1785 1598 quod

214 1620 324 1643 manu
351 1609 467 1654 ipsam
489 1607 734 1654 apprehendit,
756 1607 815 1641 vel
841 1607 962 1653 aliquo
989 1607 1217 1652 hujusmodi:
1246 1615 1281 1642 et
1305 1615 1391 1642 tunc
1418 1608 1492 1652 jarn
1519 1605 1718 1640 delectatur
1742 1605 1779 1639 in

214 1662 368 1708 pecunia
382 1662 521 1695 habita:
542 1661 591 1695 sic
615 1661 722 1707 igitur
744 1668 778 1694 et
801 1661 896 1694 circa
911 1660 1176 1706 intelligibilem
1194 1660 1304 1695 finem
1327 1660 1522 1706 contingit:
1540 1671 1627 1693 nam
1649 1670 1669 1693 a
1690 1658 1783 1705 prin-

217 1716 310 1762 cipio
333 1715 502 1749 volumus
522 1714 695 1760 consequi
714 1713 823 1748 finem
846 1714 1130 1760 intelligibilem3
1159 1714 1416 1760 consequimur
1435 1721 1556 1747 autem
1578 1713 1698 1759 ipsum
1719 1723 1782 1759 per

215 1770 299 1811 hoc,
322 1768 419 1815 quod
441 1768 479 1802 fit
497 1779 664 1814 praesens
682 1768 787 1801 novis
802 1779 864 1814 per
884 1776 1004 1802 actum
1019 1767 1240 1810 intellectus;
1256 1776 1291 1802 et
1310 1775 1395 1802 tunc
1417 1766 1585 1801 voluntas
1608 1765 1786 1800 delectata

217 1823 441 1869 conquiescit
462 1823 498 1855 in
520 1821 589 1856 fine
612 1823 685 1867 jam
708 1821 858 1867 adepto:
881 1822 931 1856 sic
958 1821 1067 1867 igitur
1094 1822 1247 1856 essentia
1273 1821 1503 1855 beatitudinis
1525 1820 1562 1854 in
1584 1827 1666 1854 actu
1687 1818 1788 1854 intel-

217 1876 330 1911 lectus
353 1876 527 1910 consistit.
551 1875 622 1909 Sed
651 1875 694 1909 ad
720 1875 947 1909 voluntatem
975 1875 1129 1921 pertinet
1156 1874 1348 1910 delectatio
1375 1873 1636 1909 beatitudinem
1663 1884 1787 1908 conse-

219 1941 343 1976 quens,
371 1929 571 1963 secundum
598 1928 695 1975 quod
721 1928 913 1974 Augustin.
942 1928 1028 1963 dicit
1059 1940 1109 1964 10.
1139 1927 1246 1963 Conf.
1272 1928 1357 1975 (cap.
1381 1940 1428 1975 23.
1455 1933 1523 1963 ant.
1550 1927 1665 1973 med),
1689 1926 1787 1973 quod

217 1983 401 2017 beatitudo
427 1990 480 2016 est
502 1982 675 2028 gaudium
697 1982 739 2016 de
761 1983 931 2025 veritate3
954 1982 1037 2029 quia
1059 1982 1198 2017 scilicet
1217 1982 1337 2028 ipsum
1356 1981 1530 2028 gaudium
1549 1989 1602 2016 est
1620 1992 1789 2015 consum-

219 2037 331 2071 matio
357 2036 599 2070 beatitudinis.

291 2090 350 2124 AD
372 2100 522 2124 PRIMUM
541 2101 628 2135 ergo
644 2089 852 2131 dicendum,
871 2089 968 2136 quod
987 2102 1056 2136 pax
1073 2089 1229 2136 pertinet
1247 2089 1290 2123 ad
1305 2088 1475 2123 ultimum
1488 2088 1650 2123 hominis
1667 2087 1790 2130 finem,

218 2155 292 2178 non
319 2143 421 2189 quasi
448 2142 684 2177 essentialiter
711 2143 755 2177 sit
781 2143 858 2189 ipsa
885 2143 1082 2185 beatitudo,
1109 2143 1170 2177 sed
1198 2143 1281 2189 quia
1310 2143 1575 2185 antecedenter,
1603 2150 1638 2177 et
1664 2153 1792 2176 conse—

220 2204 370 2243 quenter
391 2196 501 2230 habet
522 2208 559 2230 se
584 2196 627 2230 ad
646 2196 781 2242 ipsam:
801 2197 1023 2231 antestabant·
1042 2197 1201 2243 quidem,
1220 2197 1434 2243 inquantum
1453 2197 1527 2242 jam
1548 2204 1630 2231 sunt
1650 2203 1790 2230 remota

221 2250 345 2284 omnia
367 2250 621 2296 perturbantia,
645 2258 679 2283 et
699 2250 935 2295 impedientia
958 2251 999 2283 ab
1023 2250 1152 2284 ultimo
1171 2250 1260 2284 fine:
1281 2255 1509 2296 consequenter
1526 2260 1625 2292 vero,
1644 2249 1792 2296 inquan-

220 2312 298 2338 tum
320 2305 393 2349 jam
415 2303 542 2345 homo,
566 2303 695 2349 adepto
719 2303 847 2337 ultimo
871 2303 952 2345 fine,
976 2312 1139 2338 remanet
1161 2312 1309 2350 pacatus
1332 2303 1510 2338 desiderio
1532 2303 1704 2350 quietato.

292 2358 352 2391 AD
375 2367 583 2391 SECUNDUM
605 2356 812 2398 dicendum,
828 2357 924 2403 quod
940 2357 1098 2403 primum
1114 2357 1298 2403 objectum
1312 2356 1510 2391 voluntatis
1523 2367 1597 2391 non
1620 2365 1672 2391 est
1691 2364 1792 2391 actus

222 2411 309 2456 ejus,
332 2410 424 2444 sicut
449 2421 514 2443 nec
542 2410 701 2455 primum
727 2410 911 2456 objectum
938 2411 1034 2444 visus
1062 2419 1114 2445 est
1140 2411 1244 2452 visio,
1267 2411 1328 2445 sed
1355 2410 1513 2453 visibile3
1541 2410 1635 2445 unde
1657 2422 1699 2445 ex
1719 2411 1791 2445 hoc

222 2465 300 2510 ipso
317 2463 413 2510 quod
433 2463 616 2498 beatitudo
636 2464 788 2509 pertinet
808 2464 851 2497 ad
870 2463 1108 2505 v;‚oluntitem
1127 2472 1314 2510 tamquam
1330 2464 1489 2524 primum
1503 2464 1687 2511 objectum
1705 2465 1792 2510 ejus,

223 2518 392 2564 sequitur,
417 2517 513 2563 quod
536 2529 609 2550 non
632 2517 808 2562 pertineat
830 2518 872 2552 ad
896 2518 1023 2564 ipsam,
1046 2526 1233 2563 tamquam
1256 2526 1356 2552 actus
1378 2517 1499 2564 ipsius.

296 2571 355 2605 AD
378 2581 549 2605 rERTmM
573 2571 778 2612 dicendum,
801 2571 897 2617 quod
920 2571 1029 2605 finem
1053 2571 1169 2617 primo
1190 2571 1427 2617 apprehendit
1447 2570 1662 2613 intellectus,
1683 2552 1793 2618 quam

224 2624 408 2658 v:oluntas
432 2632 556 2658 tamen
579 2632 699 2658 motus
723 2625 765 2657 ad
794 2624 903 2658 finem
930 2625 1055 2670 incipit
1072 2625 1116 2661 .in
1143 2625 1350 2659 xoliintite:
1379 2633 1414 2659 et
1435 2625 1517 2659 ideo
1539 2624 1719 2659 voluntati
1739 2625 1796 2659 de-

223 2678 326 2712 betur
347 2678 393 2720 id,
417 2678 513 2724 quod
530 2677 659 2712 ultimo
676 2679 908 2724 consequitur
924 2679 1223 2713 consecutionem
1242 2678 1333 2721 finis,
1353 2679 1492 2713 scilicet
1511 2678 1716 2721 delectatio,
1736 2677 1795 2712 vel

226 2730 358 2766 fruitio.

298 2786 357 2820 AD
385 2795 573 2824 QUARTUM
608 2785 814 2827 dicendum,
849 2786 946 2832 quod
981 2786 1127 2820 dilectio
1164 2787 1386 2832 praeeminet
1420 2786 1621 2832 cognitioni
1652 2786 1689 2820 in
1720 2796 1796 2820 mo-

226 2839 363 2873 vendo:
384 2839 444 2873 sed
461 2840 621 2885 cognitio
637 2840 781 2886 praevia
801 2847 853 2874 est
868 2840 1053 2874 dilectioni
1070 2840 1104 2874 in
1125 2840 1346 2886 attingendo.
1368 2841 1445 2875 Non
1463 2841 1550 2875 enim
1564 2839 1715 2885 diligitur
1732 2841 1796 2874 nisi

227 2894 406 2939 cognitum,
423 2901 460 2927 ut
475 2893 560 2928 dicit
582 2894 736 2940 August.
760 2894 793 2928 in
822 2904 872 2929 10.
895 2894 938 2929 de
962 2892 1063 2928 Trin.
1081 2893 1169 2942 (cup.
1185 2906 1212 2930 Ι.
1233 2899 1263 2929 ct
1285 2895 1350 2940 2.):
1374 2901 1409 2929 et
1429 2893 1511 2929 ideo
1530 2892 1794 2940 intelligibilem
