1907 3198
537 181 760 217 QUAESTIO
797 181 913 211 LXVI.
947 181 1196 212 ARTICULUS
1229 181 1270 210 V.
1613 181 1699 224 459

115 265 264 302 effectus
294 276 425 300 causae
463 263 673 309 altissimae,
705 263 844 298 scilicet
865 263 956 306 Dei;
979 272 1014 297 et
1036 263 1118 297 ideo
1146 262 1323 309 sapientia
1349 273 1425 297 non
1447 261 1569 296 solum
1591 262 1701 297 utitur

114 319 297 367 principiis
335 317 730 360 indemonstrabilibus,
762 329 920 364 quorum
955 325 1008 352 est
1041 316 1259 359 intellectus,
1288 315 1544 351 concludendo
1573 327 1615 350 ex
1637 316 1701 359 eis,

115 374 208 409 sicut
224 373 335 408 etiam
363 372 455 407 aliae
473 372 665 414 scientiae;
693 372 755 406 sed
771 372 882 406 etiam
908 371 1106 417 judicando
1134 370 1178 405 de
1197 371 1260 413 eis,
1275 379 1310 405 et
1332 370 1550 417 disputando
1573 378 1701 404 contra

114 435 308 475 negantes;
335 426 430 462 unde
457 426 629 473 sequitur,
652 427 750 472 quod
773 426 949 472 sapientia
975 426 1019 460 sit
1045 426 1164 471 major
1185 424 1310 467 virtus,
1331 436 1443 471 quam
1461 423 1681 458 intellectus.

671 569 1020 614 ARTICULUS
1055 569 1133 612 VI.
1636 589 1702 626 349

172 679 329 710 UTRUM
356 678 574 709 CHARITAS
602 679 670 708 SIT
698 678 871 708 MAXIMA
897 678 1030 708 INTER
1057 677 1276 708 VIRTUTES
1300 676 1634 707 THEOLOGICAS.

257 768 342 814 (2·2.
369 779 400 814 q.
422 779 470 814 23.
493 772 559 802 art.
587 767 620 802 6.
647 772 676 802 et
699 767 821 812 Quodl.
840 779 894 814 3ο.
916 772 982 802 art.
1004 778 1037 811 4.
1061 772 1091 802 et
1114 778 1142 813 3.
1164 767 1254 802 Dist.
1273 778 1318 812 33.
1342 777 1372 812 q.
1394 777 1426 801 2.
1461 764 1505 800 ad
1522 777 1550 812 3.

576 825 605 856 et
626 821 681 856 lib.
703 832 735 856 2.
757 820 875 856 Contr.
895 832 926 868 g.
949 827 1023 868 cap.
1044 833 1094 867 43.
1116 820 1160 855 ad
1180 832 1224 867 13.

113 881 142 912 εἰ
170 876 253 911 Virt.
275 887 306 922 q.
328 887 359 911 2.
381 880 447 910 art.
466 887 494 910 1.
516 879 611 921 corp.
630 875 688 919 fin.
704 880 735 910 et
752 875 794 909 ad
808 886 857 921 17.
877 880 907 910 et
921 880 986 910 art.
998 886 1027 921 5.
1047 881 1136 921 corp.
1152 879 1182 909 et
1196 873 1238 909 ad
1251 885 1285 919 4.
1304 879 1335 909 et
1351 886 1379 909 1.
1403 873 1483 909 Cor.
1498 884 1542 919 13.
1562 872 1700 919 lect.3.).

184 965 246 1000 AD
267 975 421 1000 SEXTUM
443 964 493 998 sic
518 964 736 1011 proceditur.
763 964 928 1007 Videtur,
951 964 1049 1011 quod
1077 964 1236 999 charitas
1258 975 1334 998 non
1355 963 1401 998 sit
1423 963 1584 997 maxima
1606 962 1700 998 inter

113 1019 262 1054 virtutes
289 1017 536 1065 theologicas:
565 1029 651 1052 cum
665 1019 762 1052 enim
782 1017 872 1053 fides
894 1019 939 1052 sit
958 1019 993 1052 in
1016 1017 1214 1061 intellectu,
1240 1030 1320 1065 spes
1337 1025 1460 1052 autem
1483 1025 1518 1051 et
1540 1017 1698 1052 charitas

113 1073 151 1108 in
170 1073 207 1107 vi
229 1072 437 1120 appetitiva,
460 1080 498 1106 ut
519 1083 627 1119 supra
649 1072 788 1107 dictum
807 1080 861 1107 est
879 1073 927 1119 (q.
952 1073 1007 1107 62.
1030 1077 1095 1107 art.
1120 1072 1181 1119 3.)‚
1201 1072 1344 1107 videtur
1371 1072 1468 1119 quod
1491 1071 1580 1106 fides
1603 1082 1702 1105 com-

113 1134 258 1175 paretur
279 1127 324 1161 ad
342 1137 458 1173 spem,
486 1134 522 1160 et
548 1126 777 1169 charitatem,
803 1126 898 1161 sicut
919 1126 1033 1161 virtus
1060 1126 1318 1161 intellectualis
1342 1127 1385 1161 ad
1414 1125 1615 1160 moralem:
1639 1126 1700 1160 sed

113 1181 226 1216 virtus
247 1179 503 1216 intellectualis
525 1188 579 1215 est
599 1181 719 1226 major
740 1180 883 1223 morali,
904 1190 941 1215 ut
964 1192 1007 1215 ex
1029 1181 1134 1215 dictis
1155 1189 1254 1228 patet
1275 1181 1358 1227 (art.
1378 1192 1406 1227 3.
1429 1180 1499 1226 huj.
1523 1180 1587 1226 q.);
1612 1191 1700 1226 ergo

115 1235 203 1270 fides
224 1244 278 1270 est
299 1235 417 1281 major
438 1245 512 1281 spe,
540 1242 575 1269 et
595 1235 784 1269 charitate.

186 1299 218 1324 2.
240 1289 478 1324 PRAETEREA.
509 1287 622 1329 Quod
644 1299 681 1323 se
702 1288 814 1322 habet
835 1300 878 1323 ex
906 1288 1091 1323 additione
1115 1289 1159 1323 ad
1183 1288 1292 1330 aliud,
1314 1288 1456 1322 videtur
1479 1299 1557 1322 esse
1580 1289 1700 1334 majus

115 1354 179 1378 eo:
202 1343 264 1378 sed
286 1354 380 1390 spes,
399 1350 438 1376 ut
457 1341 611 1384 videtur,
633 1353 671 1377 se
701 1342 811 1377 habet
833 1353 875 1376 ex
903 1342 1086 1377 additione
1110 1343 1152 1377 ad
1174 1343 1414 1377 charitatem:
1437 1342 1700 1389 praesupponit

115 1397 214 1432 enim
234 1407 316 1443 spes
339 1407 518 1438 amorem,
540 1404 579 1430 ut
599 1396 756 1442 August.
779 1396 865 1431 dicit
887 1396 924 1430 in
946 1396 1131 1431 Enchirid.
1167 1397 1259 1445 (cap.
1286 1398 1318 1432 8.
1344 1408 1458 1432 versus
1474 1396 1551 1441 fin.)
1569 1409 1578 1431 :
1602 1396 1700 1431 addit

112 1450 210 1485 enim
238 1449 435 1496 quemdam
457 1457 602 1484 motum
623 1450 870 1497 protensionis
903 1450 939 1484 in
974 1462 1052 1486 rem
1081 1459 1260 1494 amatam,
1289 1462 1377 1497 ergo
1400 1462 1482 1498 spes
1504 1458 1558 1485 est
1579 1451 1698 1496 major

115 1504 302 1539 charitate.

188 1569 217 1605 3.
236 1557 476 1594 PRAETEREA.
500 1557 623 1592 Causa
653 1566 708 1593 est
737 1559 859 1605 potior
885 1558 1039 1593 effectu:
1068 1559 1131 1593 sed
1164 1558 1266 1602 fides,
1297 1567 1331 1593 et
1365 1570 1447 1605 spes
1486 1566 1569 1592 sunt
1592 1569 1701 1593 causa

112 1611 298 1647 charitatis
312 1624 319 1646 :
343 1612 474 1646 dicitur
495 1612 594 1646 enim
615 1612 744 1647 Matth.
759 1623 787 1647 1.
806 1613 842 1647 in
859 1612 961 1648 Glos.
976 1612 1139 1657 (interlin.
1156 1620 1254 1660 super
1271 1612 1354 1647 illud
1366 1626 1375 1648 :
1395 1613 1573 1648 Abraham
1587 1613 1701 1659 gannit

113 1665 242 1712 Isaac)‚·
262 1665 360 1713 quod
379 1665 457 1710 fides
470 1671 605 1712 genera!
624 1673 724 1714 spem,
743 1672 774 1702 et
790 1673 859 1713 spes
877 1667 1074 1702 charitatem
1083 1680 1095 1709 ‚·
1120 1679 1208 1714 ergo
1231 1667 1332 1710 fides,
1356 1675 1390 1701 et
1416 1678 1498 1714 spes
1520 1675 1605 1702 sunt
1626 1678 1702 1701 ma-

113 1721 210 1766 jores
236 1720 424 1755 charitate.

183 1773 259 1810 SED
282 1785 440 1810 CONTRA
467 1782 532 1816 est,
554 1774 652 1821 quod
674 1775 877 1822 Apostolus
908 1775 996 1810 dicit
1021 1786 1048 1810 1.
1078 1776 1122 1810 ad
1146 1775 1233 1811 Cor.
1265 1786 1336 1822 13.:
1366 1776 1467 1811 Nunc
1493 1781 1605 1811 autem
1631 1787 1700 1810 ma-

112 1835 190 1865 nent
209 1829 298 1872 fides,
319 1836 399 1876 spes,
421 1829 580 1872 charitas,
603 1830 670 1864 tria
696 1829 773 1864 haec
784 1842 796 1870 ;
820 1831 933 1875 major
953 1835 1065 1865 autem
1086 1830 1206 1864 horum
1233 1835 1279 1865 est
1299 1830 1458 1865 charitas.

182 1883 415 1919 RESPONDEO
438 1883 647 1926 dicendum,
662 1883 772 1930 quod,
795 1884 888 1918 sicut
909 1895 1017 1931 supra
1040 1884 1178 1918 dictum
1201 1892 1255 1919 est
1276 1885 1358 1930 (art.
1382 1896 1408 1919 r.
1437 1889 1467 1919 et
1489 1896 1516 1930 3.
1540 1883 1609 1929 huj.
1637 1883 1698 1930 q),

111 1937 326 1985 magnitudo
347 1937 490 1972 virtutis
517 1937 721 1972 secundum
756 1949 860 1972 suam
887 1938 1050 1984 speciem
1078 1938 1331 1973 consideratur
1359 1949 1400 1973 ex
1424 1938 1588 1984 objecto:
1613 1949 1697 1972 cum

112 1999 235 2026 autem
256 1999 328 2026 tres
350 1993 501 2026 virtutes
527 1991 762 2038 theologicae
796 1992 994 2039 respiciant
1014 1992 1150 2034 Deum,
1173 1993 1266 2027 sicut
1287 1992 1477 2039 proprium
1501 1992 1699 2038 objectum,

110 2056 185 2080 non
207 2053 327 2093 potest
356 2057 428 2080 una
451 2057 575 2080 earum
599 2046 671 2080 dici
693 2047 811 2092 major
833 2045 945 2080 altera
969 2058 1011 2081 ex
1032 2046 1105 2081 hoc
1129 2046 1226 2093 quod
1261 2048 1306 2081 sit
1333 2048 1429 2081 circa
1459 2047 1577 2092 majus
1605 2046 1701 2092 obje-

111 2107 224 2144 ctum,
246 2099 308 2135 sed
331 2111 373 2134 ex
396 2111 439 2135 eo
462 2100 560 2147 quod
583 2111 655 2134 una
689 2111 727 2134 se
760 2100 893 2134 habeat
920 2100 1158 2147 propinquius
1182 2100 1225 2135 ad
1249 2101 1446 2147 objectum,
1474 2112 1585 2147 quam
1607 2100 1699 2143 alia3

111 2162 147 2188 et
174 2153 247 2188 hoc
281 2153 394 2188 modo
430 2154 588 2188 charitas
619 2162 673 2189 est
706 2154 826 2199 major
847 2153 942 2189 aliis:
966 2166 1053 2189 nam
1081 2154 1172 2189 aliae
1195 2155 1397 2202 important
1417 2155 1454 2189 in
1477 2155 1534 2189 sui
1557 2155 1698 2189 ratione

110 2207 309 2255 quamdam
331 2207 541 2242 distantiam
564 2208 606 2242 ab
631 2208 795 2254 objecto:
819 2216 871 2242 est
895 2209 992 2242 enirn
1016 2207 1104 2243 fides
1123 2208 1167 2243 de
1186 2220 1260 2244 non
1276 2209 1382 2252 visis3
1405 2220 1486 2256 spes
1512 2217 1635 2243 autem
1653 2209 1697 2243 de

109 2272 185 2296 non
205 2261 354 2297 habitis:
373 2262 436 2296 sed
455 2273 560 2296 amor
574 2262 760 2296 charitatis
783 2270 837 2296 est
858 2261 901 2296 de
924 2274 981 2305 eo,
1002 2262 1099 2309 quod
1121 2263 1196 2309 jam
1215 2263 1387 2298 habetur:
1405 2271 1459 2298 est
1481 2263 1580 2298 enim
1602 2274 1699 2297 ama-

109 2323 187 2350 tum
209 2315 487 2362 quodammodo
509 2315 546 2350 in
566 2323 776 2358 amante3et
798 2315 908 2350 etiam
925 2328 1052 2351 amans
1074 2329 1137 2364 per
1157 2316 1330 2351 affectum
1349 2317 1503 2352 trahitur
1526 2317 1570 2351 ad
1593 2317 1693 2351 unio-

110 2379 195 2404 nem
223 2369 346 2412 amati,
367 2378 516 2416 propter
537 2369 636 2417 quod
663 2369 793 2404 dicitur
819 2381 846 2404 1.
865 2370 970 2416 Joan.
993 2381 1049 2414 4.:
1074 2371 1146 2416 Qui
1163 2377 1276 2407 manet
1303 2373 1336 2406 in
1358 2372 1534 2413 charitate,
1564 2372 1597 2405 in
1623 2372 1698 2406 Deo

112 2428 235 2466 manet,
257 2428 286 2458 et
306 2424 398 2458 Deus
424 2424 460 2458 in
477 2435 524 2459 eo.

181 2476 242 2512 AD
263 2487 414 2512 PR1MUM
437 2489 526 2524 ergo
548 2477 757 2520 dicendum,
779 2478 878 2524 quod
899 2478 971 2513 hoc
994 2479 1108 2514 modo
1127 2490 1202 2514 non
1225 2491 1262 2515 se
1285 2479 1421 2514 habent
1442 2479 1504 2525 [al.
1524 2479 1612 2526 quod
1632 2491 1697 2514 non

112 2529 224 2566 eodem
244 2530 342 2566 modo
363 2543 394 2566 se
414 2531 547 2577 habent]
573 2530 673 2574 fideS,
691 2540 725 2566 et
739 2543 820 2578 spes
840 2532 883 2566 ad
904 2532 1132 2575 charitatem,
1147 2533 1239 2568 sicut
1261 2534 1451 2581 prudentia
1467 2533 1511 2567 ad
1526 2533 1697 2568 virtutem
1747 2566 1751 2571 ,

113 2583 313 2619 moralem:
336 2592 372 2620 et
391 2585 465 2620 hoc
483 2593 633 2632 propter
646 2585 720 2620 duo.
737 2585 852 2620 Primo
871 2587 1032 2633 quidem,
1048 2587 1131 2634 quia
1147 2587 1296 2623 virtutes
1313 2587 1546 2634 theologicae
1561 2587 1698 2622 habent

111 2638 308 2685 objectum,
331 2639 429 2687 quod
452 2648 507 2674 est
530 2651 637 2686 supra
660 2640 822 2674 animam
844 2640 1066 2676 humanam:
1090 2641 1152 2676 sed
1176 2642 1377 2689 prudentia,
1397 2650 1431 2676 et
1449 2641 1599 2676 virtutes
1622 2652 1699 2675 mo-

110 2691 204 2728 rales
225 2701 310 2728 sunt
330 2695 427 2728 circa
449 2705 504 2736 ea,
527 2704 619 2740 quae
642 2701 725 2728 sunt
746 2693 837 2728 infra
858 2694 1072 2730 hominem:
1093 2695 1129 2730 in
1147 2696 1204 2730 his
1223 2704 1356 2739 autem,
1375 2707 1468 2743 quae
1487 2703 1570 2729 sunt
1590 2706 1697 2742 supra

110 2745 316 2790 hominem,
334 2745 497 2782 nobilior
518 2755 572 2781 est
593 2746 753 2790 dilectio,
776 2759 887 2794 quam
910 2749 1094 2795 cognitio:
1119 2749 1303 2796 perficitur
1325 2750 1422 2784 enim
1446 2749 1622 2795 cognitio,
1646 2760 1697 2784 se-

113 2800 273 2835 cundum
295 2800 394 2848 quod
422 2801 569 2847 cognita
596 2809 679 2835 sunt
705 2801 741 2835 in
770 2811 1039 2849 cognoscente;
1067 2803 1214 2838 dilectio
1241 2815 1341 2847 vero,
1369 2804 1570 2838 secundum
1598 2803 1695 2849 quod

113 2852 266 2901 diligens
287 2854 443 2889 trahitur
465 2854 509 2888 ad
532 2865 611 2889 rem
633 2854 827 2890 dilectam:
851 2856 886 2890 id
909 2865 1043 2899 autem,
1066 2857 1164 2904 quod
1193 2866 1247 2892 est
1273 2869 1380 2904 supra
1407 2857 1612 2899 hominem,
1634 2868 1698 2891 no—

112 2906 218 2943 bilius
239 2915 294 2943 est
313 2907 350 2942 in
372 2908 504 2954 seipso,
527 2919 638 2955 quam
656 2908 701 2943 sit
719 2909 754 2943 in
774 2909 943 2953 homine3
962 2912 1046 2958 quia
1066 2911 1353 2958 unumquodque
1373 2920 1427 2946 cst
1446 2911 1479 2946 in
1499 2911 1614 2946 altero
1634 2922 1699 2958 per
