1907 3182
267 178 350 220 400
681 176 902 211 QUAESTIO
936 176 1054 205 LVIII.
1089 175 1333 205 ARTICULUS
1366 175 1393 205 Ι.

829 345 1173 390 ARTICULUS
1203 346 1236 388 Ι.
1753 366 1818 404 307

629 454 782 484 UTRUM
810 454 943 483 OMNIS
970 454 1126 484 VIRTUS
1154 454 1221 482 SIT
1248 453 1449 483 MORALIS.

413 541 520 587 (Insr.
541 553 569 586 q.
593 542 649 576 63.
669 546 731 575 art.
753 541 785 576 3.
808 547 897 587 corp.
919 547 950 576 et
965 553 993 588 3.
1016 541 1106 576 Dist.
1125 552 1172 587 23.
1194 552 1224 586 q.
1246 553 1273 575 r.
1295 545 1360 576 art.
1382 551 1415 584 4.
1438 552 1467 586 q.
1489 551 1520 575 2.
1544 540 1665 586 corp).

333 630 392 663 AD
414 640 562 664 PRmUM
585 630 634 663 sic
654 629 870 676 proceditur.
889 629 1052 672 Videtur,
1074 629 1170 676 quod
1193 630 1311 663 omnis
1333 629 1444 663 virtus
1463 628 1506 663 sit
1527 628 1691 664 moralis:
1709 628 1820 662 virtus

264 682 360 717 enim
388 682 536 716 moralis
563 683 693 716 dicitur
719 694 738 716 a
765 695 867 726 more,
896 683 987 717 idest
1013 695 1032 717 a
1060 683 1338 717 consuetudine:
1367 682 1428 716 sed
1456 682 1500 716 ad
1526 683 1691 717 omnium
1716 682 1823 716 virtu-

261 745 337 771 tum
362 745 460 770 actus
488 747 724 770 consuescere
753 748 965 782 possumus,
993 748 1080 782 ergo
1108 736 1226 770 omnis
1252 736 1363 770 virtus
1390 743 1444 770 est
1464 735 1624 770 moralis.

332 800 362 823 2.
385 790 621 824 PRAETEREA.
649 789 786 824 Philos.
813 790 899 824 dicit
924 791 959 824 in
987 800 1018 824 2.
1046 790 1160 824 Ethic.
1188 793 1278 836 (cap.
1305 789 1338 824 6.
1360 793 1436 836 post
1460 788 1562 833 med.)
1589 788 1685 835 quod
1711 788 1822 822 virtus

259 842 407 876 moralis
444 850 496 877 est
521 842 663 876 habitus
691 842 863 877 electivus
896 843 932 876 in
959 843 1151 877 medietate
1178 842 1326 876 rationis
1361 842 1580 876 consistens:
1613 842 1676 876 sed
1703 841 1821 876 omnis

259 897 370 930 virtus
392 896 532 930 videtur
554 907 630 930 esse
652 896 795 930 habitus
818 896 1010 938 electivus;
1033 896 1115 942 quia
1139 904 1237 930 actus
1260 895 1448 941 cujuslibet
1468 895 1607 930 virtutis
1629 906 1822 941 possumus

261 961 302 983 ex
325 949 501 983 electione
524 948 661 983 facere:
687 950 805 984 omnis
830 950 938 984 etiam
965 950 1075 984 virtus
1104 949 1305 996 aliqualiter
1325 949 1362 983 in
1389 949 1510 983 medio
1537 949 1685 983 rationis
1710 948 1824 982 consi-

260 1003 330 1044 stit,
354 1011 391 1036 ut
412 1001 503 1036 infra
524 1003 659 1049 patebit
680 1004 728 1048 (q.
752 1003 808 1047 64.
832 1008 894 1037 art.
917 1016 947 1038 2.
967 1015 995 1050 3.
1019 1008 1046 1038 et
1063 1004 1132 1048 4.),·
1157 1014 1244 1049 ergo
1267 1003 1386 1037 omnis
1407 1002 1519 1037 virtus
1541 1010 1595 1037 est
1615 1001 1775 1037 moralis.

334 1067 362 1102 3.
384 1055 621 1090 PRAETEREA.
646 1055 788 1090 Tullius
812 1057 898 1090 dicit
923 1057 959 1091 in
986 1068 1050 1091 sua
1072 1056 1178 1090 Rhet.
1203 1056 1276 1101 (lib.
1304 1068 1335 1091 2.
1357 1056 1393 1091 de
1413 1056 1543 1091 Invent.
1570 1056 1730 1102 aliquant.
1751 1059 1824 1089 aute

252 1109 347 1156 fin),
372 1109 468 1155 quod
494 1109 606 1144 virtus
634 1117 687 1144 est
711 1110 854 1144 habitus
880 1110 916 1144 in
944 1110 1096 1144 modum
1123 1118 1270 1144 naturae
1296 1110 1428 1144 rationi
1454 1117 1734 1144 consentaneus:
1762 1107 1824 1143 sed

261 1174 344 1196 cum
372 1163 490 1197 omnis
516 1165 627 1197 virtus
654 1163 815 1197 humana
843 1163 1028 1198 ordinetur
1054 1163 1097 1197 ad
1123 1163 1262 1198 bonum
1287 1163 1459 1206 hominis,
1490 1171 1634 1210 oportet
1659 1162 1754 1209 quod
1781 1161 1826 1196 sit

263 1225 506 1250 consentanea
527 1217 669 1258 rationi,
692 1228 775 1251 cum
799 1218 919 1251 bonum
945 1217 1088 1251 hominis
1112 1219 1153 1252 sit
1177 1217 1353 1252 secundum
1378 1219 1541 1252 rationem
1562 1229 1634 1260 esse,
1655 1224 1694 1250 ut
1713 1215 1823 1250 Dion.

263 1269 348 1303 dicit
369 1270 460 1317 (cap.
479 1281 512 1314 4.
535 1270 571 1304 de
592 1271 676 1304 Div.
699 1271 799 1305 Nom.
820 1276 909 1317 part.
931 1282 963 1315 4.
987 1271 1057 1306 lect.
1080 1270 1174 1315 22.);
1199 1282 1286 1317 ergo
1314 1271 1433 1305 omnis
1453 1271 1564 1305 virtus
1591 1277 1644 1305 est
1664 1268 1824 1304 moralis.

333 1323 407 1358 SED
431 1334 585 1358 CONTRA
601 1332 664 1366 est,
684 1324 780 1370 quod
803 1323 939 1358 Philos.
963 1324 1050 1358 dicit
1066 1325 1103 1358 in
1129 1335 1156 1358 1.
1176 1324 1292 1358 Ethic.
1315 1325 1406 1371 (cap.
1422 1325 1480 1359 ult.
1501 1323 1649 1370 infin.).·
1671 1324 1825 1358 Dicentes

262 1376 299 1412 de
319 1378 467 1411 moribus
487 1389 552 1411 von
574 1377 724 1419 dicimus,
744 1379 900 1422 qnoniam
925 1379 1063 1424 sapiens,
1090 1377 1143 1412 val
1169 1378 1360 1423 intelligens,
1386 1377 1439 1412 sed
1465 1378 1622 1424 quoniam
1649 1377 1748 1418 mitis,
1774 1375 1826 1409 vel

261 1432 406 1465 sobrius:
429 1431 479 1465 sic
502 1430 612 1476 igitur
633 1431 819 1477 sapientia,
842 1439 876 1465 et
890 1431 1092 1465 intellectus
1111 1442 1184 1465 non
1201 1438 1281 1465 sunt
1296 1430 1470 1466 morales:
1493 1442 1584 1477 quae
1605 1438 1728 1465 tamen
1743 1436 1826 1463 sunt

260 1484 419 1526 virtutes,
439 1485 531 1518 sicut
552 1495 659 1530 supra
679 1484 814 1518 dictum
837 1492 889 1518 est
911 1485 1085 1532 (q.p1·aec.
1106 1490 1169 1520 art.
1191 1486 1236 1530 2.)
1246 1498 1258 1525 ,⁴
1286 1496 1360 1519 non
1382 1495 1469 1530 ergo
1497 1485 1615 1519 omnis
1635 1484 1746 1518 virtus
1772 1490 1826 1517 est

260 1537 419 1571 moralis.

332 1591 561 1625 Responnno
577 1591 782 1633 dicendum,
799 1591 894 1637 quod
912 1592 953 1625 ati
969 1591 1178 1637 hujusmodi
1194 1592 1410 1626 evidentiam
1429 1590 1657 1626 considerare
1672 1597 1825 1637 oportet,

261 1644 344 1690 quid
368 1645 411 1678 sit
433 1656 524 1686 mos,
547 1645 596 1679 sic
625 1645 722 1678 enim
749 1645 840 1678 scire
866 1645 1076 1691 poterimus,
1104 1645 1186 1691 quid
1214 1645 1259 1680 sit
1284 1645 1433 1680 moralis
1458 1646 1578 1679 virtus.
1606 1644 1679 1679 Mos
1705 1651 1824 1678 autem

261 1698 323 1732 duo
346 1697 540 1743 significat:
557 1698 750 1743 quandoque
766 1698 861 1732 enim
881 1698 1060 1743 significat
1075 1699 1390 1733 consuetudinem:
1408 1700 1500 1732 sicut
1519 1698 1646 1732 dicitur
1659 1699 1740 1732 Act.
1761 1707 1824 1742 15.:

263 1752 340 1786 Nisi
361 1751 650 1786 circumcidamini
670 1751 845 1786 secundum
867 1763 992 1786 moram
1015 1752 1134 1797 Moysi,
1157 1764 1221 1786 non
1235 1753 1387 1799 poteritis
1412 1752 1497 1786 salvi
1520 1752 1614 1796 fieri:
1633 1751 1827 1798 quandoque

262 1816 349 1839 vero
372 1804 551 1850 significat
567 1804 841 1839 inclinationem
857 1805 1053 1851 quamdam
1068 1805 1280 1848 naturalem,
1294 1805 1350 1840 vel
1367 1805 1468 1852 quasi
1485 1804 1687 1840 naturalem
1710 1804 1753 1838 ad
1769 1803 1828 1838 ali-

263 1858 347 1904 quid
375 1858 573 1903 agendum:
602 1859 695 1892 unde
724 1867 758 1892 et
784 1859 893 1893 etiam
920 1859 1106 1893 brutorum
1135 1859 1345 1893 animalium
1373 1859 1539 1893 dicuntur
1566 1858 1674 1905 aliqui
1700 1869 1824 1898 moran

263 1911 357 1946 unde
380 1912 508 1946 dicitur
532 1922 562 1945 2.
586 1911 705 1946 Mach.
734 1923 784 1946 11.
813 1912 908 1958 quod
936 1912 1064 1947 leonum
1091 1924 1180 1947 more
1206 1914 1366 1947 irruentes
1392 1914 1425 1946 in
1452 1913 1550 1947 hostes
1570 1916 1829 1960 prostraverunt

262 1977 321 1999 σος.
353 1965 396 1999 Et
422 1965 472 1999 sic
501 1965 674 2011 accipitur
702 1977 782 2000 mos
817 1966 852 2000 in
879 1965 974 2000 Psal.
1003 1965 1057 2011 67.
1086 1966 1145 2000 ubi
1171 1966 1317 2000 dicitur:
1349 1966 1417 2010 Qui
1443 1966 1592 2001 habitare
1615 1966 1703 2012 sarit
1728 1966 1827 1999 unius

264 2019 363 2053 moris
390 2020 425 2052 in
454 2018 560 2053 domo.
584 2019 627 2052 Et
648 2019 739 2053 haec
762 2019 907 2065 quidem
931 2019 1022 2053 duae
1044 2019 1328 2065 significationes
1361 2019 1397 2053 in
1427 2019 1528 2054 nullo
1559 2019 1828 2065 distinguuntur

262 2072 354 2118 apud
376 2071 507 2106 latinos
527 2080 702 2118 quantum
726 2073 768 2106 ad
790 2084 933 2115 vocem,
957 2073 992 2106 in
1014 2084 1145 2118 graeco
1170 2081 1290 2107 autem
1306 2073 1591 2118 distinguuntur:
1614 2084 1700 2106 nam
1722 2072 1820 2113 ethos,

263 2125 358 2171 quod
383 2125 476 2171 apud
498 2137 565 2159 nos
587 2137 711 2160 morem,
733 2125 922 2172 significat,
945 2126 1161 2173 quandoque
1188 2126 1298 2160 habet
1324 2126 1478 2173 primam
1501 2126 1668 2173 longam3
1690 2134 1725 2160 et
1745 2125 1827 2159 scri-

262 2179 356 2212 bitur
377 2191 440 2225 per
463 2192 482 2223 η
506 2190 674 2224 graecam
697 2179 872 2214 litteram:
897 2180 1113 2226 quandoque
1131 2180 1241 2215 habet
1261 2181 1417 2227 primam
1439 2188 1663 2227 correptam;
1685 2188 1720 2214 et
1745 2180 1828 2214 scri·
1865 2197 1868 2205 n

262 2232 355 2266 bitur
377 2244 438 2278 per
461 2244 488 2267 ε.
519 2233 660 2266 Dicitur
682 2241 803 2268 autem
825 2234 936 2268 virtus
960 2234 1108 2268 moralis
1136 2245 1155 2268 a
1182 2246 1283 2276 mora,
1307 2235 1506 2269 secundum
1529 2235 1625 2281 quod
1647 2233 1827 2281 significat

265 2285 460 2331 quamdam
493 2285 765 2321 inclinationem
798 2287 1012 2329 naturalem,
1046 2287 1102 2321 vel
1137 2288 1238 2334 quasi
1264 2287 1467 2323 naturalem
1490 2288 1534 2322 ad
1565 2287 1698 2334 aliquid
1721 2299 1826 2332 agen-

264 2340 372 2374 dum:
398 2347 432 2374 et
454 2339 537 2373 huic
561 2340 815 2385 significationi
839 2341 950 2375 moris
973 2342 1172 2387 propinqua
1193 2350 1245 2376 est
1267 2341 1335 2376 alia
1362 2341 1590 2388 significatio,
1612 2353 1703 2388 quae
1724 2341 1830 2387 signi-

265 2392 347 2427 ficat
366 2393 684 2428 consuetudinem:
706 2405 791 2427 nam
815 2394 1040 2429 consuetudo
1068 2395 1342 2440 quodammodo
1369 2395 1517 2430 vertitur
1538 2395 1573 2429 in
1595 2403 1773 2437 naturam,
1795 2401 1829 2428 et

263 2446 347 2480 sacit
369 2446 642 2480 inclinationem
666 2447 822 2481 similem
846 2448 1016 2482 naturali:
1041 2447 1273 2483 manifestum
1296 2457 1348 2483 est
1370 2457 1503 2490 autem,
1525 2449 1620 2495 quod
1644 2448 1828 2483 inclinatio

263 2500 305 2534 ad
334 2509 453 2534 actum
485 2500 627 2546 proprie
651 2501 819 2534 convenit
848 2502 1060 2547 appetitivae
1083 2501 1214 2543 virtuti,
1246 2503 1347 2547 cujus
1369 2510 1421 2537 est
1448 2513 1596 2537 movere
1619 2502 1830 2548 omnes'po-

262 2554 390 2588 tentius
415 2554 456 2587 ad
481 2553 674 2597 agendum,
698 2562 734 2588 ut
757 2567 797 2588 ex
820 2555 1032 2600 supradictis
1048 2563 1144 2601 patet
1173 2555 1216 2601 (q.
1233 2568 1265 2599 9.
1285 2556 1427 2601 ‹11't.1.)‚·
1452 2563 1485 2590 et
1508 2556 1589 2591 ideo
1611 2567 1685 2591 non
1707 2555 1827 2590 omnis

264 2608 374 2641 virtus
397 2607 525 2641 dicitur
545 2607 703 2649 moralis,
723 2608 784 2642 sed
809 2608 926 2642 solum
951 2608 1021 2650 illa,
1045 2620 1135 2654 quae
1159 2617 1211 2643 est
1238 2609 1272 2643 in
1292 2609 1326 2643 vi
1349 2609 1552 2656 appetitiva.

339 2661 397 2695 AD
414 2671 561 2695 1¹R1MUM
577 2672 664 2706 ergo
683 2661 888 2703 dicendum,
904 2663 1000 2708 quod
1023 2662 1178 2707 objectio
1198 2662 1256 2696 illa
1280 2663 1442 2710 procedit
1456 2664 1499 2698 de
1515 2675 1616 2707 more,
1632 2663 1829 2698 secundum

270 2715 366 2760 quod
390 2713 568 2759 significat
591 2715 902 2749 consuetudinem.

339 2768 397 2801 ΑΙ)
420 2778 625 2802 slfieexnmt
648 2768 854 2810 dicendum,
877 2769 972 2814 quod
997 2769 1115 2804 omnis
1151 2778 1249 2804 actus
1272 2769 1411 2805 virtutis
1432 2778 1552 2817 potest
1584 2781 1626 2805 ex
1653 2769 1830 2805 electione

270 2821 339 2867 agi,
362 2821 423 2855 sed
448 2821 664 2856 electionem
689 2828 823 2856 rectam
845 2822 918 2867 agit
940 2822 1017 2856 sola
1037 2823 1158 2864 virtus,
1181 2835 1272 2869 quae
1295 2832 1348 2858 est
1369 2823 1405 2858 in
1427 2823 1618 2871 appetitiva
1641 2831 1739 2870 parte
1761 2822 1832 2857 ani-

266 2886 368 2909 mae:
394 2875 530 2909 dictum
554 2883 607 2909 est
629 2875 726 2910 enim
746 2887 852 2921 supra
868 2877 912 2922 (q.
931 2888 970 2922 13.
994 2881 1056 2910 art.
1075 2876 1130 2920 1.)‚
1147 2877 1242 2923 quod
1266 2876 1398 2924 eligere
1421 2885 1473 2912 est
1496 2885 1596 2912 actus
1618 2876 1831 2924 appetitivae
