<?xml version="1.0" encoding="UTF-8"?>
<!DOCTYPE html PUBLIC "-//W3C//DTD XHTML 1.0 Transitional//EN"
    "http://www.w3.org/TR/xhtml1/DTD/xhtml1-transitional.dtd">
<html xmlns="http://www.w3.org/1999/xhtml" xml:lang="en" lang="en">
 <head>
  <title>
</title>
<meta http-equiv="Content-Type" content="text/html;charset=utf-8" />
  <meta name='ocr-system' content='tesseract 3.04.00' />
  <meta name='ocr-capabilities' content='ocr_page ocr_carea ocr_par ocr_line ocrx_word'/>
</head>
<body>
  <div class='ocr_page' id='page_1' title='image "./divithomaeaquina02thomuoft_0110.png"; bbox 0 0 1907 3182; ppageno 0'>
   <div class='ocr_carea' id='block_1_1' title="bbox 248 228 1356 273">
    <p class='ocr_par' dir='ltr' id='par_1_1' title="bbox 248 228 1356 273">
     <span class='ocr_line' id='line_1_1' title="bbox 248 228 1356 273; baseline -0.003 -5"><span class='ocrx_word' id='word_1_1' title='bbox 248 228 328 268; x_wconf 88' lang='lat'>106</span> <span class='ocrx_word' id='word_1_2' title='bbox 698 237 914 273; x_wconf 82' lang='lat' dir='ltr'><strong>QUAESTIO</strong></span> <span class='ocrx_word' id='word_1_3' title='bbox 947 237 1003 266; x_wconf 84' lang='lat' dir='ltr'>XI.</span> <span class='ocrx_word' id='word_1_4' title='bbox 1036 236 1278 266; x_wconf 90' lang='lat' dir='ltr'><strong>ARTICULUS</strong></span> <span class='ocrx_word' id='word_1_5' title='bbox 1313 237 1356 266; x_wconf 91' lang='grc' dir='ltr'>ΙΙ.</span> 
     </span>
    </p>
   </div>
   <div class='ocr_carea' id='block_1_2' title="bbox 235 317 1806 1905">
    <p class='ocr_par' dir='ltr' id='par_1_2' title="bbox 243 317 1802 418">
     <span class='ocr_line' id='line_1_2' title="bbox 315 317 1801 364; baseline -0.001 -10"><span class='ocrx_word' id='word_1_6' title='bbox 315 319 388 354; x_wconf 79' lang='lat' dir='ltr'>SED</span> <span class='ocrx_word' id='word_1_7' title='bbox 412 329 565 354; x_wconf 70' lang='lat' dir='ltr'>CONTRA</span> <span class='ocrx_word' id='word_1_8' title='bbox 587 327 649 360; x_wconf 88' lang='lat' dir='ltr'>est,</span> <span class='ocrx_word' id='word_1_9' title='bbox 673 319 768 364; x_wconf 89' lang='lat' dir='ltr'>quod</span> <span class='ocrx_word' id='word_1_10' title='bbox 790 318 980 364; x_wconf 85' lang='lat' dir='ltr'>Augustin.</span> <span class='ocrx_word' id='word_1_11' title='bbox 1005 317 1090 351; x_wconf 90' lang='lat' dir='ltr'>dicit</span> <span class='ocrx_word' id='word_1_12' title='bbox 1109 318 1145 351; x_wconf 92' lang='lat' dir='ltr'>in</span> <span class='ocrx_word' id='word_1_13' title='bbox 1167 317 1226 352; x_wconf 87' lang='lat' dir='ltr'>lib.</span> <span class='ocrx_word' id='word_1_14' title='bbox 1249 318 1304 364; x_wconf 80' lang='lat'>83.</span> <span class='ocrx_word' id='word_1_15' title='bbox 1330 317 1417 358; x_wconf 87' lang='lat' dir='ltr'>QQ.</span> <span class='ocrx_word' id='word_1_16' title='bbox 1441 318 1488 363; x_wconf 85' lang='lat' dir='ltr'>(q.</span> <span class='ocrx_word' id='word_1_17' title='bbox 1503 329 1555 364; x_wconf 82' lang='lat'>30.</span> <span class='ocrx_word' id='word_1_18' title='bbox 1578 319 1656 352; x_wconf 83' lang='lat' dir='ltr'>circ.</span> <span class='ocrx_word' id='word_1_19' title='bbox 1677 317 1801 362; x_wconf 70' lang='lat' dir='ltr'>med).-</span> 
     </span>
     <span class='ocr_line' id='line_1_3' title="bbox 243 371 1802 418; baseline -0.002 -11"><span class='ocrx_word' id='word_1_20' title='bbox 243 374 329 407; x_wconf 73' lang='lat' dir='ltr'>Fruz&#39;</span> <span class='ocrx_word' id='word_1_21' title='bbox 346 373 471 418; x_wconf 58' lang='lat' dir='ltr'>(jusdem</span> <span class='ocrx_word' id='word_1_22' title='bbox 492 374 574 414; x_wconf 68' lang='lat' dir='ltr'>cibo,</span> <span class='ocrx_word' id='word_1_23' title='bbox 594 378 623 406; x_wconf 72' lang='lat' dir='ltr'>et</span> <span class='ocrx_word' id='word_1_24' title='bbox 637 373 781 417; x_wconf 69' lang='lat' dir='ltr'>qnalibet</span> <span class='ocrx_word' id='word_1_25' title='bbox 794 371 962 417; x_wconf 70' lang='lat' dir='ltr'>corporali</span> <span class='ocrx_word' id='word_1_26' title='bbox 975 371 1141 417; x_wconf 70' lang='lat' dir='ltr'>voluptate</span> <span class='ocrx_word' id='word_1_27' title='bbox 1154 383 1220 405; x_wconf 79' lang='lat' dir='ltr'>non</span> <span class='ocrx_word' id='word_1_28' title='bbox 1234 371 1371 406; x_wconf 64' lang='lat' dir='ltr'>absurde</span> <span class='ocrx_word' id='word_1_29' title='bbox 1387 372 1618 406; x_wconf 72' lang='lat' dir='ltr'><strong><em>existimantur</em></strong></span> <span class='ocrx_word' id='word_1_30' title='bbox 1632 376 1663 406; x_wconf 82' lang='lat' dir='ltr'>et</span> <span class='ocrx_word' id='word_1_31' title='bbox 1676 372 1802 406; x_wconf 80' lang='lat' dir='ltr'>bestiae.</span> 
     </span>
    </p>

    <p class='ocr_par' dir='ltr' id='par_1_3' title="bbox 235 424 1805 1430">
     <span class='ocr_line' id='line_1_4' title="bbox 314 424 1801 471; baseline -0.001 -11"><span class='ocrx_word' id='word_1_32' title='bbox 314 426 540 460; x_wconf 71' lang='lat' dir='ltr'>REspoNDEo</span> <span class='ocrx_word' id='word_1_33' title='bbox 564 425 767 466; x_wconf 81' lang='lat' dir='ltr'>dicendum,</span> <span class='ocrx_word' id='word_1_34' title='bbox 790 425 896 470; x_wconf 84' lang='lat' dir='ltr'>quod,</span> <span class='ocrx_word' id='word_1_35' title='bbox 919 425 1011 458; x_wconf 86' lang='lat' dir='ltr'>sicut</span> <span class='ocrx_word' id='word_1_36' title='bbox 1032 435 1074 458; x_wconf 87' lang='lat' dir='ltr'>ex</span> <span class='ocrx_word' id='word_1_37' title='bbox 1095 425 1284 470; x_wconf 83' lang='lat' dir='ltr'>praedictis</span> <span class='ocrx_word' id='word_1_38' title='bbox 1298 424 1451 458; x_wconf 86' lang='lat' dir='ltr'>habetur</span> <span class='ocrx_word' id='word_1_39' title='bbox 1465 425 1547 469; x_wconf 83' lang='lat' dir='ltr'>(art.</span> <span class='ocrx_word' id='word_1_40' title='bbox 1557 431 1670 471; x_wconf 75' lang='lat' dir='ltr'>praec.</span> <span class='ocrx_word' id='word_1_41' title='bbox 1685 424 1728 458; x_wconf 85' lang='lat' dir='ltr'>acl</span> <span class='ocrx_word' id='word_1_42' title='bbox 1740 425 1801 469; x_wconf 76' lang='grc'><strong><em>2.),</em></strong></span> 
     </span>
     <span class='ocr_line' id='line_1_5' title="bbox 241 477 1801 524; baseline -0.001 -11"><span class='ocrx_word' id='word_1_43' title='bbox 241 478 310 513; x_wconf 84' lang='lat' dir='ltr'>frui</span> <span class='ocrx_word' id='word_1_44' title='bbox 330 491 403 513; x_wconf 91' lang='lat' dir='ltr'>non</span> <span class='ocrx_word' id='word_1_45' title='bbox 426 487 478 513; x_wconf 86' lang='lat' dir='ltr'>est</span> <span class='ocrx_word' id='word_1_46' title='bbox 499 487 598 512; x_wconf 82' lang='lat' dir='ltr'>actus</span> <span class='ocrx_word' id='word_1_47' title='bbox 620 478 801 524; x_wconf 86' lang='lat' dir='ltr'>potentiae</span> <span class='ocrx_word' id='word_1_48' title='bbox 822 477 1061 523; x_wconf 86' lang='lat' dir='ltr'>pervenientis</span> <span class='ocrx_word' id='word_1_49' title='bbox 1084 478 1127 511; x_wconf 89' lang='lat' dir='ltr'>ad</span> <span class='ocrx_word' id='word_1_50' title='bbox 1150 478 1269 519; x_wconf 89' lang='lat' dir='ltr'>finem,</span> <span class='ocrx_word' id='word_1_51' title='bbox 1293 478 1384 511; x_wconf 86' lang='lat' dir='ltr'>sicut</span> <span class='ocrx_word' id='word_1_52' title='bbox 1413 478 1631 523; x_wconf 78' lang='lat' dir='ltr'>exequentis,</span> <span class='ocrx_word' id='word_1_53' title='bbox 1653 477 1715 512; x_wconf 86' lang='lat' dir='ltr'>sed</span> <span class='ocrx_word' id='word_1_54' title='bbox 1735 488 1801 523; x_wconf 93' lang='lat' dir='ltr'>po-</span> 
     </span>
     <span class='ocr_line' id='line_1_6' title="bbox 242 530 1805 578; baseline -0.001 -12"><span class='ocrx_word' id='word_1_55' title='bbox 242 532 372 566; x_wconf 85' lang='lat' dir='ltr'>tentiae</span> <span class='ocrx_word' id='word_1_56' title='bbox 393 532 602 578; x_wconf 75' lang='lat' dir='ltr'>imperantis</span> <span class='ocrx_word' id='word_1_57' title='bbox 624 531 892 564; x_wconf 74' lang='lat' dir='ltr'>executionem:</span> <span class='ocrx_word' id='word_1_58' title='bbox 917 530 1052 564; x_wconf 90' lang='lat' dir='ltr'>dictum</span> <span class='ocrx_word' id='word_1_59' title='bbox 1075 538 1128 564; x_wconf 89' lang='lat' dir='ltr'>est</span> <span class='ocrx_word' id='word_1_60' title='bbox 1149 531 1245 565; x_wconf 88' lang='lat' dir='ltr'>enim</span> <span class='ocrx_word' id='word_1_61' title='bbox 1267 530 1434 575; x_wconf 64' lang='lat' dir='ltr'>(ibidem),</span> <span class='ocrx_word' id='word_1_62' title='bbox 1469 530 1566 576; x_wconf 91' lang='lat' dir='ltr'>quod</span> <span class='ocrx_word' id='word_1_63' title='bbox 1593 538 1646 564; x_wconf 88' lang='lat' dir='ltr'>est</span> <span class='ocrx_word' id='word_1_64' title='bbox 1673 530 1805 576; x_wconf 86' lang='lat' dir='ltr'>appeti-</span> 
     </span>
     <span class='ocr_line' id='line_1_7' title="bbox 242 583 1804 631; baseline -0.001 -12"><span class='ocrx_word' id='word_1_65' title='bbox 242 585 335 619; x_wconf 85' lang='lat' dir='ltr'>tivae</span> <span class='ocrx_word' id='word_1_66' title='bbox 350 585 541 631; x_wconf 82' lang='lat' dir='ltr'>potentiae.</span> <span class='ocrx_word' id='word_1_67' title='bbox 555 585 593 617; x_wconf 86' lang='lat' dir='ltr'>In</span> <span class='ocrx_word' id='word_1_68' title='bbox 608 584 712 617; x_wconf 84' lang='lat' dir='ltr'>rebus</span> <span class='ocrx_word' id='word_1_69' title='bbox 729 591 848 617; x_wconf 86' lang='lat' dir='ltr'>autem</span> <span class='ocrx_word' id='word_1_70' title='bbox 864 583 1072 629; x_wconf 77' lang='lat' dir='ltr'>cognitione</span> <span class='ocrx_word' id='word_1_71' title='bbox 1085 584 1286 618; x_wconf 89' lang='lat' dir='ltr'>carentibus</span> <span class='ocrx_word' id='word_1_72' title='bbox 1296 583 1477 617; x_wconf 86' lang='lat' dir='ltr'>invenitur</span> <span class='ocrx_word' id='word_1_73' title='bbox 1487 583 1633 629; x_wconf 89' lang='lat' dir='ltr'>quidem</span> <span class='ocrx_word' id='word_1_74' title='bbox 1643 583 1804 629; x_wconf 87' lang='lat' dir='ltr'>potentia</span> 
     </span>
     <span class='ocr_line' id='line_1_8' title="bbox 242 636 1805 685; baseline -0.001 -13"><span class='ocrx_word' id='word_1_75' title='bbox 242 639 429 685; x_wconf 87' lang='lat' dir='ltr'>peregrina</span> <span class='ocrx_word' id='word_1_76' title='bbox 452 638 494 671; x_wconf 88' lang='lat' dir='ltr'>ad</span> <span class='ocrx_word' id='word_1_77' title='bbox 516 637 624 671; x_wconf 89' lang='lat' dir='ltr'>finem</span> <span class='ocrx_word' id='word_1_78' title='bbox 646 648 708 682; x_wconf 90' lang='lat' dir='ltr'>per</span> <span class='ocrx_word' id='word_1_79' title='bbox 730 636 881 670; x_wconf 89' lang='lat' dir='ltr'>modurn</span> <span class='ocrx_word' id='word_1_80' title='bbox 903 637 1130 682; x_wconf 77' lang='lat' dir='ltr'>exequenti33</span> <span class='ocrx_word' id='word_1_81' title='bbox 1153 637 1244 671; x_wconf 86' lang='lat' dir='ltr'>sicut</span> <span class='ocrx_word' id='word_1_82' title='bbox 1277 647 1385 683; x_wconf 87' lang='lat' dir='ltr'>grave</span> <span class='ocrx_word' id='word_1_83' title='bbox 1417 636 1532 671; x_wconf 90' lang='lat' dir='ltr'>tendit</span> <span class='ocrx_word' id='word_1_84' title='bbox 1565 636 1747 679; x_wconf 88' lang='lat' dir='ltr'>deorsum,</span> <span class='ocrx_word' id='word_1_85' title='bbox 1769 644 1805 671; x_wconf 92' lang='lat' dir='ltr'>et</span> 
     </span>
     <span class='ocr_line' id='line_1_9' title="bbox 242 689 1798 736; baseline -0.002 -10"><span class='ocrx_word' id='word_1_86' title='bbox 242 692 320 726; x_wconf 85' lang='lat' dir='ltr'>leve</span> <span class='ocrx_word' id='word_1_87' title='bbox 342 703 500 726; x_wconf 85' lang='lat' dir='ltr'>sursum:</span> <span class='ocrx_word' id='word_1_88' title='bbox 524 691 585 725; x_wconf 85' lang='lat' dir='ltr'>sed</span> <span class='ocrx_word' id='word_1_89' title='bbox 607 689 778 736; x_wconf 88' lang='lat' dir='ltr'>potentia,</span> <span class='ocrx_word' id='word_1_90' title='bbox 801 689 844 723; x_wconf 88' lang='lat' dir='ltr'>ad</span> <span class='ocrx_word' id='word_1_91' title='bbox 866 701 975 735; x_wconf 88' lang='lat' dir='ltr'>quam</span> <span class='ocrx_word' id='word_1_92' title='bbox 1004 690 1157 735; x_wconf 82' lang='lat' dir='ltr'>pertinet</span> <span class='ocrx_word' id='word_1_93' title='bbox 1183 690 1262 724; x_wconf 88' lang='lat' dir='ltr'>finis</span> <span class='ocrx_word' id='word_1_94' title='bbox 1296 701 1358 736; x_wconf 89' lang='lat' dir='ltr'>per</span> <span class='ocrx_word' id='word_1_95' title='bbox 1391 689 1544 724; x_wconf 88' lang='lat' dir='ltr'>modum</span> <span class='ocrx_word' id='word_1_96' title='bbox 1575 689 1798 735; x_wconf 86' lang='lat' dir='ltr'>imperantis,</span> 
     </span>
     <span class='ocr_line' id='line_1_10' title="bbox 242 742 1802 789; baseline -0.001 -10"><span class='ocrx_word' id='word_1_97' title='bbox 242 757 315 779; x_wconf 90' lang='lat' dir='ltr'>non</span> <span class='ocrx_word' id='word_1_98' title='bbox 337 745 514 779; x_wconf 83' lang='lat' dir='ltr'>invenitur</span> <span class='ocrx_word' id='word_1_99' title='bbox 534 744 570 777; x_wconf 93' lang='lat' dir='ltr'>in</span> <span class='ocrx_word' id='word_1_100' title='bbox 592 744 653 785; x_wconf 88' lang='lat' dir='ltr'>eis,</span> <span class='ocrx_word' id='word_1_101' title='bbox 675 743 736 777; x_wconf 89' lang='lat' dir='ltr'>sed</span> <span class='ocrx_word' id='word_1_102' title='bbox 758 743 794 776; x_wconf 93' lang='lat' dir='ltr'>in</span> <span class='ocrx_word' id='word_1_103' title='bbox 817 742 935 789; x_wconf 84' lang='lat' dir='ltr'>aliqua</span> <span class='ocrx_word' id='word_1_104' title='bbox 956 743 1131 789; x_wconf 87' lang='lat' dir='ltr'>superiori</span> <span class='ocrx_word' id='word_1_105' title='bbox 1151 751 1289 785; x_wconf 83' lang='lat' dir='ltr'>natura,</span> <span class='ocrx_word' id='word_1_106' title='bbox 1319 755 1411 789; x_wconf 88' lang='lat' dir='ltr'>quae</span> <span class='ocrx_word' id='word_1_107' title='bbox 1445 743 1495 777; x_wconf 88' lang='lat' dir='ltr'>sic</span> <span class='ocrx_word' id='word_1_108' title='bbox 1528 750 1653 778; x_wconf 89' lang='lat' dir='ltr'>movet</span> <span class='ocrx_word' id='word_1_109' title='bbox 1684 750 1802 777; x_wconf 88' lang='lat' dir='ltr'>totam</span> 
     </span>
     <span class='ocr_line' id='line_1_11' title="bbox 242 795 1800 843; baseline -0.002 -10"><span class='ocrx_word' id='word_1_110' title='bbox 242 806 407 833; x_wconf 84' lang='lat' dir='ltr'>naturam</span> <span class='ocrx_word' id='word_1_111' title='bbox 421 810 482 843; x_wconf 90' lang='lat' dir='ltr'>per</span> <span class='ocrx_word' id='word_1_112' title='bbox 496 797 706 843; x_wconf 86' lang='lat' dir='ltr'>imperium:</span> <span class='ocrx_word' id='word_1_113' title='bbox 730 796 822 830; x_wconf 86' lang='lat' dir='ltr'>sicut</span> <span class='ocrx_word' id='word_1_114' title='bbox 835 796 872 830; x_wconf 88' lang='lat' dir='ltr'>in</span> <span class='ocrx_word' id='word_1_115' title='bbox 886 796 1100 830; x_wconf 79' lang='lat' dir='ltr'>habentibus</span> <span class='ocrx_word' id='word_1_116' title='bbox 1116 797 1366 842; x_wconf 83' lang='lat' dir='ltr'>cognitionem</span> <span class='ocrx_word' id='word_1_117' title='bbox 1380 797 1556 842; x_wconf 87' lang='lat' dir='ltr'>appetitus</span> <span class='ocrx_word' id='word_1_118' title='bbox 1570 804 1695 831; x_wconf 90' lang='lat' dir='ltr'>movet</span> <span class='ocrx_word' id='word_1_119' title='bbox 1713 795 1800 830; x_wconf 87' lang='lat' dir='ltr'>alias</span> 
     </span>
     <span class='ocr_line' id='line_1_12' title="bbox 242 849 1802 898; baseline -0.001 -12"><span class='ocrx_word' id='word_1_120' title='bbox 242 852 420 898; x_wconf 77' lang='lat' dir='ltr'>potentias</span> <span class='ocrx_word' id='word_1_121' title='bbox 443 851 486 884; x_wconf 80' lang='lat' dir='ltr'>ad</span> <span class='ocrx_word' id='word_1_122' title='bbox 508 862 591 884; x_wconf 88' lang='lat' dir='ltr'>suos</span> <span class='ocrx_word' id='word_1_123' title='bbox 615 858 732 892; x_wconf 86' lang='lat' dir='ltr'>actus;</span> <span class='ocrx_word' id='word_1_124' title='bbox 759 849 853 884; x_wconf 88' lang='lat' dir='ltr'>unde</span> <span class='ocrx_word' id='word_1_125' title='bbox 875 849 1106 883; x_wconf 82' lang='lat' dir='ltr'>manifestum</span> <span class='ocrx_word' id='word_1_126' title='bbox 1129 858 1192 891; x_wconf 87' lang='lat' dir='ltr'>est,</span> <span class='ocrx_word' id='word_1_127' title='bbox 1220 850 1316 896; x_wconf 91' lang='lat' dir='ltr'>quod</span> <span class='ocrx_word' id='word_1_128' title='bbox 1337 850 1374 883; x_wconf 93' lang='lat' dir='ltr'>in</span> <span class='ocrx_word' id='word_1_129' title='bbox 1395 850 1451 884; x_wconf 88' lang='lat' dir='ltr'>his</span> <span class='ocrx_word' id='word_1_130' title='bbox 1480 862 1571 896; x_wconf 87' lang='lat' dir='ltr'>quae</span> <span class='ocrx_word' id='word_1_131' title='bbox 1593 850 1802 897; x_wconf 85' lang='lat' dir='ltr'>cognitione</span> 
     </span>
     <span class='ocr_line' id='line_1_13' title="bbox 243 902 1803 950; baseline -0.002 -11"><span class='ocrx_word' id='word_1_132' title='bbox 243 913 374 947; x_wconf 81' lang='lat' dir='ltr'>carent,</span> <span class='ocrx_word' id='word_1_133' title='bbox 397 904 560 950; x_wconf 79' lang='lat' dir='ltr'>quamvis</span> <span class='ocrx_word' id='word_1_134' title='bbox 581 903 785 949; x_wconf 88' lang='lat' dir='ltr'>pertingant</span> <span class='ocrx_word' id='word_1_135' title='bbox 807 902 850 936; x_wconf 90' lang='lat' dir='ltr'>ad</span> <span class='ocrx_word' id='word_1_136' title='bbox 868 902 990 944; x_wconf 88' lang='lat' dir='ltr'>finem,</span> <span class='ocrx_word' id='word_1_137' title='bbox 1008 914 1082 936; x_wconf 93' lang='lat' dir='ltr'>non</span> <span class='ocrx_word' id='word_1_138' title='bbox 1100 902 1280 937; x_wconf 80' lang='lat' dir='ltr'>invenitur</span> <span class='ocrx_word' id='word_1_139' title='bbox 1296 902 1418 937; x_wconf 87' lang='lat' dir='ltr'>fruitio</span> <span class='ocrx_word' id='word_1_140' title='bbox 1437 902 1529 945; x_wconf 87' lang='lat' dir='ltr'>finis,</span> <span class='ocrx_word' id='word_1_141' title='bbox 1547 903 1609 938; x_wconf 89' lang='lat' dir='ltr'>sed</span> <span class='ocrx_word' id='word_1_142' title='bbox 1627 903 1749 938; x_wconf 88' lang='lat' dir='ltr'>solum</span> <span class='ocrx_word' id='word_1_143' title='bbox 1765 903 1803 936; x_wconf 89' lang='lat' dir='ltr'>in</span> 
     </span>
     <span class='ocr_line' id='line_1_14' title="bbox 241 955 1805 1004; baseline -0.001 -12"><span class='ocrx_word' id='word_1_144' title='bbox 241 958 308 1000; x_wconf 91' lang='lat' dir='ltr'>his,</span> <span class='ocrx_word' id='word_1_145' title='bbox 331 969 420 1004; x_wconf 87' lang='lat' dir='ltr'>quae</span> <span class='ocrx_word' id='word_1_146' title='bbox 443 957 691 1003; x_wconf 80' lang='lat' dir='ltr'>cognitionem</span> <span class='ocrx_word' id='word_1_147' title='bbox 711 956 862 990; x_wconf 88' lang='lat' dir='ltr'>habent:</span> <span class='ocrx_word' id='word_1_148' title='bbox 886 955 946 990; x_wconf 91' lang='lat' dir='ltr'>sed</span> <span class='ocrx_word' id='word_1_149' title='bbox 970 955 1130 1001; x_wconf 84' lang='lat' dir='ltr'>cognitio</span> <span class='ocrx_word' id='word_1_150' title='bbox 1152 955 1232 989; x_wconf 87' lang='lat' dir='ltr'>finis</span> <span class='ocrx_word' id='word_1_151' title='bbox 1255 963 1307 990; x_wconf 88' lang='lat' dir='ltr'>est</span> <span class='ocrx_word' id='word_1_152' title='bbox 1340 955 1481 1002; x_wconf 82' lang='lat' dir='ltr'>duplex,</span> <span class='ocrx_word' id='word_1_153' title='bbox 1504 957 1663 1002; x_wconf 78' lang='lat' dir='ltr'>perfecta,</span> <span class='ocrx_word' id='word_1_154' title='bbox 1686 963 1722 990; x_wconf 90' lang='lat' dir='ltr'>et</span> <span class='ocrx_word' id='word_1_155' title='bbox 1745 957 1805 990; x_wconf 85' lang='lat' dir='ltr'>im-</span> 
     </span>
     <span class='ocr_line' id='line_1_15' title="bbox 235 1008 1805 1057; baseline -0.001 -11"><span class='ocrx_word' id='word_1_156' title='bbox 235 1018 298 1057; x_wconf 60' lang='lat' dir='ltr'>par</span> <span class='ocrx_word' id='word_1_157' title='bbox 314 1017 392 1046; x_wconf 62' lang='lat' dir='ltr'>acta.</span> <span class='ocrx_word' id='word_1_158' title='bbox 416 1011 564 1056; x_wconf 56' lang='lat' dir='ltr'>Perfecta</span> <span class='ocrx_word' id='word_1_159' title='bbox 587 1009 744 1055; x_wconf 88' lang='lat' dir='ltr'>quidem,</span> <span class='ocrx_word' id='word_1_160' title='bbox 767 1020 836 1054; x_wconf 89' lang='lat' dir='ltr'>qua</span> <span class='ocrx_word' id='word_1_161' title='bbox 858 1020 931 1042; x_wconf 89' lang='lat' dir='ltr'>non</span> <span class='ocrx_word' id='word_1_162' title='bbox 953 1008 1073 1042; x_wconf 90' lang='lat' dir='ltr'>solum</span> <span class='ocrx_word' id='word_1_163' title='bbox 1096 1009 1339 1054; x_wconf 78' lang='lat' dir='ltr'>cognoscitur,</span> <span class='ocrx_word' id='word_1_164' title='bbox 1361 1008 1408 1051; x_wconf 92' lang='lat' dir='ltr'>id,</span> <span class='ocrx_word' id='word_1_165' title='bbox 1435 1008 1532 1055; x_wconf 93' lang='lat' dir='ltr'>quod</span> <span class='ocrx_word' id='word_1_166' title='bbox 1565 1017 1618 1044; x_wconf 88' lang='lat' dir='ltr'>est</span> <span class='ocrx_word' id='word_1_167' title='bbox 1647 1009 1740 1051; x_wconf 88' lang='lat' dir='ltr'>finis,</span> <span class='ocrx_word' id='word_1_168' title='bbox 1770 1017 1805 1043; x_wconf 90' lang='lat' dir='ltr'>et</span> 
     </span>
     <span class='ocr_line' id='line_1_16' title="bbox 240 1061 1804 1108; baseline -0.001 -10"><span class='ocrx_word' id='word_1_169' title='bbox 240 1065 390 1106; x_wconf 84' lang='lat' dir='ltr'>bonum,</span> <span class='ocrx_word' id='word_1_170' title='bbox 413 1064 474 1098; x_wconf 90' lang='lat' dir='ltr'>sed</span> <span class='ocrx_word' id='word_1_171' title='bbox 497 1064 588 1097; x_wconf 87' lang='lat' dir='ltr'>ratio</span> <span class='ocrx_word' id='word_1_172' title='bbox 611 1062 821 1096; x_wconf 79' lang='lat' dir='ltr'>universalis</span> <span class='ocrx_word' id='word_1_173' title='bbox 848 1062 938 1103; x_wconf 78' lang='lat' dir='ltr'>finis,</span> <span class='ocrx_word' id='word_1_174' title='bbox 961 1070 995 1095; x_wconf 90' lang='lat' dir='ltr'>et</span> <span class='ocrx_word' id='word_1_175' title='bbox 1015 1062 1120 1095; x_wconf 89' lang='lat' dir='ltr'>boni:</span> <span class='ocrx_word' id='word_1_176' title='bbox 1144 1070 1178 1096; x_wconf 89' lang='lat' dir='ltr'>et</span> <span class='ocrx_word' id='word_1_177' title='bbox 1198 1061 1279 1096; x_wconf 87' lang='lat' dir='ltr'>talis</span> <span class='ocrx_word' id='word_1_178' title='bbox 1301 1062 1462 1108; x_wconf 87' lang='lat' dir='ltr'>cognitio</span> <span class='ocrx_word' id='word_1_179' title='bbox 1485 1070 1538 1097; x_wconf 91' lang='lat' dir='ltr'>est</span> <span class='ocrx_word' id='word_1_180' title='bbox 1557 1062 1669 1097; x_wconf 89' lang='lat' dir='ltr'>solius</span> <span class='ocrx_word' id='word_1_181' title='bbox 1697 1063 1804 1097; x_wconf 85' lang='lat' dir='ltr'>ratio-</span> 
     </span>
     <span class='ocr_line' id='line_1_17' title="bbox 241 1115 1803 1162; baseline -0.001 -12"><span class='ocrx_word' id='word_1_182' title='bbox 241 1117 331 1151; x_wconf 79' lang='lat' dir='ltr'>nalis</span> <span class='ocrx_word' id='word_1_183' title='bbox 353 1125 515 1150; x_wconf 74' lang='lat' dir='ltr'>naturae:</span> <span class='ocrx_word' id='word_1_184' title='bbox 540 1117 728 1162; x_wconf 64' lang='lat' dir='ltr'>imperfecta</span> <span class='ocrx_word' id='word_1_185' title='bbox 750 1124 871 1150; x_wconf 81' lang='lat' dir='ltr'>autem</span> <span class='ocrx_word' id='word_1_186' title='bbox 894 1115 1054 1160; x_wconf 84' lang='lat' dir='ltr'>cognitio</span> <span class='ocrx_word' id='word_1_187' title='bbox 1077 1123 1140 1158; x_wconf 89' lang='lat' dir='ltr'>est,</span> <span class='ocrx_word' id='word_1_188' title='bbox 1171 1127 1241 1161; x_wconf 89' lang='lat' dir='ltr'>qua</span> <span class='ocrx_word' id='word_1_189' title='bbox 1275 1115 1509 1162; x_wconf 86' lang='lat' dir='ltr'>cognoscitur</span> <span class='ocrx_word' id='word_1_190' title='bbox 1541 1115 1803 1162; x_wconf 87' lang='lat' dir='ltr'>particulariter</span> 
     </span>
     <span class='ocr_line' id='line_1_18' title="bbox 240 1168 1804 1216; baseline -0.001 -12"><span class='ocrx_word' id='word_1_191' title='bbox 240 1171 332 1212; x_wconf 84' lang='lat' dir='ltr'>finis,</span> <span class='ocrx_word' id='word_1_192' title='bbox 354 1179 388 1204; x_wconf 89' lang='lat' dir='ltr'>et</span> <span class='ocrx_word' id='word_1_193' title='bbox 407 1171 562 1204; x_wconf 86' lang='lat' dir='ltr'>bonum:</span> <span class='ocrx_word' id='word_1_194' title='bbox 587 1178 622 1204; x_wconf 89' lang='lat' dir='ltr'>et</span> <span class='ocrx_word' id='word_1_195' title='bbox 642 1169 722 1203; x_wconf 87' lang='lat' dir='ltr'>talis</span> <span class='ocrx_word' id='word_1_196' title='bbox 745 1168 905 1214; x_wconf 87' lang='lat' dir='ltr'>cognitio</span> <span class='ocrx_word' id='word_1_197' title='bbox 929 1176 981 1202; x_wconf 88' lang='lat' dir='ltr'>est</span> <span class='ocrx_word' id='word_1_198' title='bbox 1001 1169 1038 1202; x_wconf 89' lang='lat' dir='ltr'>in</span> <span class='ocrx_word' id='word_1_199' title='bbox 1055 1168 1166 1202; x_wconf 90' lang='lat' dir='ltr'>brutis</span> <span class='ocrx_word' id='word_1_200' title='bbox 1185 1168 1412 1212; x_wconf 82' lang='lat' dir='ltr'>animalibus,</span> <span class='ocrx_word' id='word_1_201' title='bbox 1431 1181 1586 1216; x_wconf 90' lang='lat' dir='ltr'>quorum</span> <span class='ocrx_word' id='word_1_202' title='bbox 1605 1177 1640 1204; x_wconf 89' lang='lat' dir='ltr'>et</span> <span class='ocrx_word' id='word_1_203' title='bbox 1655 1169 1804 1204; x_wconf 85' lang='lat' dir='ltr'>virtutes</span> 
     </span>
     <span class='ocr_line' id='line_1_19' title="bbox 241 1221 1804 1270; baseline -0.001 -12"><span class='ocrx_word' id='word_1_204' title='bbox 241 1224 454 1270; x_wconf 78' lang='lat' dir='ltr'>appetitivae</span> <span class='ocrx_word' id='word_1_205' title='bbox 475 1235 548 1257; x_wconf 87' lang='lat' dir='ltr'>non</span> <span class='ocrx_word' id='word_1_206' title='bbox 570 1231 652 1257; x_wconf 89' lang='lat' dir='ltr'>sunt</span> <span class='ocrx_word' id='word_1_207' title='bbox 672 1223 890 1268; x_wconf 85' lang='lat' dir='ltr'>imperantes</span> <span class='ocrx_word' id='word_1_208' title='bbox 912 1221 1039 1255; x_wconf 88' lang='lat' dir='ltr'>libere:</span> <span class='ocrx_word' id='word_1_209' title='bbox 1063 1222 1126 1256; x_wconf 87' lang='lat' dir='ltr'>sed</span> <span class='ocrx_word' id='word_1_210' title='bbox 1149 1222 1347 1256; x_wconf 89' lang='lat' dir='ltr'>secundum</span> <span class='ocrx_word' id='word_1_211' title='bbox 1369 1222 1572 1257; x_wconf 82' lang='lat' dir='ltr'>naturalem</span> <span class='ocrx_word' id='word_1_212' title='bbox 1593 1222 1804 1257; x_wconf 88' lang='lat' dir='ltr'>instinctum</span> 
     </span>
     <span class='ocr_line' id='line_1_20' title="bbox 241 1275 1802 1323; baseline 0 -13"><span class='ocrx_word' id='word_1_213' title='bbox 241 1278 284 1310; x_wconf 88' lang='lat' dir='ltr'>ad</span> <span class='ocrx_word' id='word_1_214' title='bbox 307 1289 359 1319; x_wconf 89' lang='lat' dir='ltr'>ea,</span> <span class='ocrx_word' id='word_1_215' title='bbox 382 1288 472 1323; x_wconf 83' lang='lat' dir='ltr'>quae</span> <span class='ocrx_word' id='word_1_216' title='bbox 501 1276 782 1323; x_wconf 83' lang='lat' dir='ltr'>apprehendunt,</span> <span class='ocrx_word' id='word_1_217' title='bbox 805 1283 1014 1318; x_wconf 81' lang='lat' dir='ltr'>moventur3</span> <span class='ocrx_word' id='word_1_218' title='bbox 1036 1275 1130 1309; x_wconf 90' lang='lat' dir='ltr'>unde</span> <span class='ocrx_word' id='word_1_219' title='bbox 1149 1275 1315 1310; x_wconf 87' lang='lat' dir='ltr'>rationali</span> <span class='ocrx_word' id='word_1_220' title='bbox 1330 1284 1479 1311; x_wconf 86' lang='lat' dir='ltr'>naturae</span> <span class='ocrx_word' id='word_1_221' title='bbox 1495 1276 1664 1310; x_wconf 87' lang='lat' dir='ltr'>convenit</span> <span class='ocrx_word' id='word_1_222' title='bbox 1679 1275 1802 1310; x_wconf 90' lang='lat' dir='ltr'>fruitio</span> 
     </span>
     <span class='ocr_line' id='line_1_21' title="bbox 241 1329 1802 1376; baseline 0 -12"><span class='ocrx_word' id='word_1_223' title='bbox 241 1330 439 1365; x_wconf 87' lang='lat' dir='ltr'>secundum</span> <span class='ocrx_word' id='word_1_224' title='bbox 461 1331 639 1364; x_wconf 88' lang='lat' dir='ltr'>rationem</span> <span class='ocrx_word' id='word_1_225' title='bbox 660 1329 877 1376; x_wconf 81' lang='lat' dir='ltr'>perfectam3</span> <span class='ocrx_word' id='word_1_226' title='bbox 899 1329 1009 1363; x_wconf 86' lang='lat' dir='ltr'>brutis</span> <span class='ocrx_word' id='word_1_227' title='bbox 1031 1336 1152 1362; x_wconf 87' lang='lat' dir='ltr'>autem</span> <span class='ocrx_word' id='word_1_228' title='bbox 1171 1329 1387 1364; x_wconf 84' lang='lat' dir='ltr'>animalibus</span> <span class='ocrx_word' id='word_1_229' title='bbox 1405 1329 1605 1364; x_wconf 89' lang='lat' dir='ltr'>secundum</span> <span class='ocrx_word' id='word_1_230' title='bbox 1623 1329 1802 1364; x_wconf 89' lang='lat' dir='ltr'>rationem</span> 
     </span>
     <span class='ocr_line' id='line_1_22' title="bbox 240 1381 1214 1430; baseline -0.001 -13"><span class='ocrx_word' id='word_1_231' title='bbox 240 1383 510 1430; x_wconf 78' lang='lat' dir='ltr'>imperfectam3</span> <span class='ocrx_word' id='word_1_232' title='bbox 533 1383 610 1417; x_wconf 85' lang='lat' dir='ltr'>aliis</span> <span class='ocrx_word' id='word_1_233' title='bbox 633 1391 753 1417; x_wconf 77' lang='lat' dir='ltr'>autern</span> <span class='ocrx_word' id='word_1_234' title='bbox 776 1382 946 1417; x_wconf 78' lang='lat' dir='ltr'>creaturis</span> <span class='ocrx_word' id='word_1_235' title='bbox 967 1381 1068 1416; x_wconf 89' lang='lat' dir='ltr'>nullo</span> <span class='ocrx_word' id='word_1_236' title='bbox 1091 1383 1214 1416; x_wconf 91' lang='lat' dir='ltr'>modo.</span> 
     </span>
    </p>

    <p class='ocr_par' dir='ltr' id='par_1_4' title="bbox 311 1434 1802 1482">
     <span class='ocr_line' id='line_1_23' title="bbox 311 1434 1802 1482; baseline -0.001 -11"><span class='ocrx_word' id='word_1_237' title='bbox 311 1437 370 1471; x_wconf 77' lang='lat' dir='ltr'>Ao</span> <span class='ocrx_word' id='word_1_238' title='bbox 385 1447 531 1471; x_wconf 76' lang='lat' dir='ltr'><strong>PRIMUM</strong></span> <span class='ocrx_word' id='word_1_239' title='bbox 548 1448 634 1482; x_wconf 87' lang='lat' dir='ltr'>ergo</span> <span class='ocrx_word' id='word_1_240' title='bbox 650 1436 854 1478; x_wconf 88' lang='lat' dir='ltr'>dicendum,</span> <span class='ocrx_word' id='word_1_241' title='bbox 870 1435 966 1481; x_wconf 89' lang='lat' dir='ltr'>quod</span> <span class='ocrx_word' id='word_1_242' title='bbox 981 1436 1203 1481; x_wconf 85' lang='lat' dir='ltr'>Augustinus</span> <span class='ocrx_word' id='word_1_243' title='bbox 1218 1435 1376 1482; x_wconf 89' lang='lat' dir='ltr'>loquitur</span> <span class='ocrx_word' id='word_1_244' title='bbox 1391 1435 1434 1470; x_wconf 91' lang='lat' dir='ltr'>de</span> <span class='ocrx_word' id='word_1_245' title='bbox 1449 1435 1618 1470; x_wconf 87' lang='lat' dir='ltr'>fruitione</span> <span class='ocrx_word' id='word_1_246' title='bbox 1633 1434 1802 1481; x_wconf 84' lang='lat' dir='ltr'>perfecta.</span> 
     </span>
    </p>

    <p class='ocr_par' dir='ltr' id='par_1_5' title="bbox 240 1488 1804 1590">
     <span class='ocr_line' id='line_1_24' title="bbox 311 1488 1804 1535; baseline -0.002 -10"><span class='ocrx_word' id='word_1_247' title='bbox 311 1491 370 1524; x_wconf 86' lang='lat' dir='ltr'>AD</span> <span class='ocrx_word' id='word_1_248' title='bbox 393 1501 597 1525; x_wconf 69' lang='lat' dir='ltr'>SECUNDUM</span> <span class='ocrx_word' id='word_1_249' title='bbox 624 1489 817 1523; x_wconf 86' lang='lat' dir='ltr'>dicendum</span> <span class='ocrx_word' id='word_1_250' title='bbox 839 1489 935 1535; x_wconf 90' lang='lat' dir='ltr'>quod</span> <span class='ocrx_word' id='word_1_251' title='bbox 957 1500 1031 1523; x_wconf 90' lang='lat' dir='ltr'>non</span> <span class='ocrx_word' id='word_1_252' title='bbox 1054 1497 1207 1535; x_wconf 85' lang='lat' dir='ltr'>oportet,</span> <span class='ocrx_word' id='word_1_253' title='bbox 1230 1489 1326 1535; x_wconf 91' lang='lat' dir='ltr'>quod</span> <span class='ocrx_word' id='word_1_254' title='bbox 1356 1488 1477 1523; x_wconf 85' lang='lat' dir='ltr'>fruitio</span> <span class='ocrx_word' id='word_1_255' title='bbox 1512 1489 1556 1523; x_wconf 88' lang='lat' dir='ltr'>sit</span> <span class='ocrx_word' id='word_1_256' title='bbox 1588 1488 1707 1523; x_wconf 89' lang='lat' dir='ltr'>ultimi</span> <span class='ocrx_word' id='word_1_257' title='bbox 1724 1488 1804 1522; x_wconf 89' lang='lat' dir='ltr'>finis</span> 
     </span>
     <span class='ocr_line' id='line_1_25' title="bbox 240 1541 1591 1590; baseline -0.001 -13"><span class='ocrx_word' id='word_1_258' title='bbox 240 1543 460 1590; x_wconf 87' lang='lat' dir='ltr'>simpliciter,</span> <span class='ocrx_word' id='word_1_259' title='bbox 482 1543 543 1577; x_wconf 82' lang='lat' dir='ltr'>sed</span> <span class='ocrx_word' id='word_1_260' title='bbox 566 1545 651 1588; x_wconf 87' lang='lat' dir='ltr'>ejus,</span> <span class='ocrx_word' id='word_1_261' title='bbox 674 1543 770 1589; x_wconf 90' lang='lat' dir='ltr'>quod</span> <span class='ocrx_word' id='word_1_262' title='bbox 791 1543 942 1577; x_wconf 88' lang='lat' dir='ltr'>habetur</span> <span class='ocrx_word' id='word_1_263' title='bbox 965 1543 1005 1576; x_wconf 89' lang='lat' dir='ltr'>ab</span> <span class='ocrx_word' id='word_1_264' title='bbox 1029 1553 1248 1588; x_wconf 88' lang='lat' dir='ltr'>unoquoque</span> <span class='ocrx_word' id='word_1_265' title='bbox 1270 1553 1335 1588; x_wconf 90' lang='lat' dir='ltr'>pro</span> <span class='ocrx_word' id='word_1_266' title='bbox 1357 1541 1487 1576; x_wconf 89' lang='lat' dir='ltr'>ultimo</span> <span class='ocrx_word' id='word_1_267' title='bbox 1509 1542 1591 1576; x_wconf 87' lang='lat' dir='ltr'>fine.</span> 
     </span>
    </p>

    <p class='ocr_par' dir='ltr' id='par_1_6' title="bbox 241 1595 1806 1749">
     <span class='ocr_line' id='line_1_26' title="bbox 311 1595 1806 1642; baseline -0.001 -11"><span class='ocrx_word' id='word_1_268' title='bbox 311 1598 370 1631; x_wconf 88' lang='lat' dir='ltr'>AD</span> <span class='ocrx_word' id='word_1_269' title='bbox 387 1607 556 1631; x_wconf 74' lang='lat' dir='ltr'>TERT1UM</span> <span class='ocrx_word' id='word_1_270' title='bbox 575 1596 780 1638; x_wconf 83' lang='lat' dir='ltr'>dicendum,</span> <span class='ocrx_word' id='word_1_271' title='bbox 799 1596 894 1642; x_wconf 86' lang='lat' dir='ltr'>quod</span> <span class='ocrx_word' id='word_1_272' title='bbox 915 1596 1090 1641; x_wconf 86' lang='lat' dir='ltr'>appetitus</span> <span class='ocrx_word' id='word_1_273' title='bbox 1111 1595 1300 1630; x_wconf 87' lang='lat' dir='ltr'>sensitivus</span> <span class='ocrx_word' id='word_1_274' title='bbox 1319 1596 1552 1642; x_wconf 85' lang='lat' dir='ltr'>consequitur</span> <span class='ocrx_word' id='word_1_275' title='bbox 1569 1595 1728 1642; x_wconf 82' lang='lat' dir='ltr'>aliquam</span> <span class='ocrx_word' id='word_1_276' title='bbox 1747 1606 1806 1629; x_wconf 91' lang='lat' dir='ltr'>co-</span> 
     </span>
     <span class='ocr_line' id='line_1_27' title="bbox 241 1648 1803 1696; baseline -0.001 -12"><span class='ocrx_word' id='word_1_277' title='bbox 241 1651 454 1696; x_wconf 85' lang='lat' dir='ltr'>gnitionem,</span> <span class='ocrx_word' id='word_1_278' title='bbox 475 1662 548 1684; x_wconf 89' lang='lat' dir='ltr'>non</span> <span class='ocrx_word' id='word_1_279' title='bbox 572 1658 692 1684; x_wconf 79' lang='lat' dir='ltr'>autem</span> <span class='ocrx_word' id='word_1_280' title='bbox 715 1650 890 1696; x_wconf 83' lang='lat' dir='ltr'>appetitus</span> <span class='ocrx_word' id='word_1_281' title='bbox 913 1648 1096 1691; x_wconf 84' lang='lat' dir='ltr'>naturalis,</span> <span class='ocrx_word' id='word_1_282' title='bbox 1118 1649 1310 1695; x_wconf 90' lang='lat' dir='ltr'>praecipue</span> <span class='ocrx_word' id='word_1_283' title='bbox 1332 1656 1440 1695; x_wconf 92' lang='lat' dir='ltr'>prout</span> <span class='ocrx_word' id='word_1_284' title='bbox 1461 1657 1514 1683; x_wconf 89' lang='lat' dir='ltr'>est</span> <span class='ocrx_word' id='word_1_285' title='bbox 1541 1649 1578 1683; x_wconf 93' lang='lat' dir='ltr'>in</span> <span class='ocrx_word' id='word_1_286' title='bbox 1611 1649 1679 1691; x_wconf 90' lang='lat' dir='ltr'>his,</span> <span class='ocrx_word' id='word_1_287' title='bbox 1712 1659 1803 1695; x_wconf 88' lang='lat' dir='ltr'>quae</span> 
     </span>
     <span class='ocr_line' id='line_1_28' title="bbox 245 1704 608 1749; baseline 0 -12"><span class='ocrx_word' id='word_1_288' title='bbox 245 1704 453 1749; x_wconf 85' lang='lat' dir='ltr'>cognitione</span> <span class='ocrx_word' id='word_1_289' title='bbox 476 1712 608 1738; x_wconf 81' lang='lat' dir='ltr'>carent.</span> 
     </span>
    </p>

    <p class='ocr_par' dir='ltr' id='par_1_7' title="bbox 237 1754 1802 1905">
     <span class='ocr_line' id='line_1_29' title="bbox 312 1754 1802 1802; baseline -0.001 -11"><span class='ocrx_word' id='word_1_290' title='bbox 312 1757 370 1791; x_wconf 73' lang='lat' dir='ltr'>AD</span> <span class='ocrx_word' id='word_1_291' title='bbox 393 1768 580 1796; x_wconf 71' lang='lat' dir='ltr'><strong>QUARTUM</strong></span> <span class='ocrx_word' id='word_1_292' title='bbox 602 1756 806 1798; x_wconf 81' lang='lat' dir='ltr'>dicendum,</span> <span class='ocrx_word' id='word_1_293' title='bbox 830 1755 925 1802; x_wconf 91' lang='lat' dir='ltr'>quod</span> <span class='ocrx_word' id='word_1_294' title='bbox 949 1755 1174 1801; x_wconf 86' lang='lat' dir='ltr'>Augustinus</span> <span class='ocrx_word' id='word_1_295' title='bbox 1195 1755 1244 1789; x_wconf 90' lang='lat' dir='ltr'>ibi</span> <span class='ocrx_word' id='word_1_296' title='bbox 1266 1754 1425 1802; x_wconf 89' lang='lat' dir='ltr'>loquitur</span> <span class='ocrx_word' id='word_1_297' title='bbox 1458 1755 1502 1790; x_wconf 92' lang='lat' dir='ltr'>de</span> <span class='ocrx_word' id='word_1_298' title='bbox 1534 1754 1705 1790; x_wconf 88' lang='lat' dir='ltr'>fruitione</span> <span class='ocrx_word' id='word_1_299' title='bbox 1738 1755 1802 1789; x_wconf 89' lang='lat' dir='ltr'>im-</span> 
     </span>
     <span class='ocr_line' id='line_1_30' title="bbox 239 1808 1802 1856; baseline -0.001 -12"><span class='ocrx_word' id='word_1_300' title='bbox 239 1809 406 1856; x_wconf 78' lang='lat' dir='ltr'>perfecta,</span> <span class='ocrx_word' id='word_1_301' title='bbox 428 1810 523 1856; x_wconf 87' lang='lat' dir='ltr'>quod</span> <span class='ocrx_word' id='word_1_302' title='bbox 546 1823 587 1844; x_wconf 78' lang='lat' dir='ltr'>ex</span> <span class='ocrx_word' id='word_1_303' title='bbox 609 1811 686 1856; x_wconf 91' lang='lat' dir='ltr'>ipso</span> <span class='ocrx_word' id='word_1_304' title='bbox 711 1810 822 1843; x_wconf 86' lang='lat' dir='ltr'>modo</span> <span class='ocrx_word' id='word_1_305' title='bbox 844 1809 1017 1856; x_wconf 86' lang='lat' dir='ltr'>loquendi</span> <span class='ocrx_word' id='word_1_306' title='bbox 1040 1817 1204 1855; x_wconf 84' lang='lat' dir='ltr'>apparet:</span> <span class='ocrx_word' id='word_1_307' title='bbox 1220 1809 1306 1842; x_wconf 91' lang='lat' dir='ltr'>dicit</span> <span class='ocrx_word' id='word_1_308' title='bbox 1323 1809 1433 1851; x_wconf 87' lang='lat' dir='ltr'>enim,</span> <span class='ocrx_word' id='word_1_309' title='bbox 1449 1809 1709 1855; x_wconf 84' lang='lat' dir='ltr'>quodsrm&#39;non</span> <span class='ocrx_word' id='word_1_310' title='bbox 1723 1808 1802 1844; x_wconf 78' lang='lat' dir='ltr'>adeo</span> 
     </span>
     <span class='ocr_line' id='line_1_31' title="bbox 237 1862 1684 1905; baseline 0 -8"><span class='ocrx_word' id='word_1_311' title='bbox 237 1864 372 1899; x_wconf 58' lang='lat' dir='ltr'>absurda</span> <span class='ocrx_word' id='word_1_312' title='bbox 393 1865 628 1899; x_wconf 66' lang='lat' dir='ltr'>existimantur</span> <span class='ocrx_word' id='word_1_313' title='bbox 648 1869 675 1898; x_wconf 61' lang='lat' dir='ltr'>ct</span> <span class='ocrx_word' id='word_1_314' title='bbox 697 1864 823 1905; x_wconf 59' lang='lat' dir='ltr'>bestiae,</span> <span class='ocrx_word' id='word_1_315' title='bbox 847 1862 985 1897; x_wconf 87' lang='lat' dir='ltr'>scilicet</span> <span class='ocrx_word' id='word_1_316' title='bbox 1005 1862 1097 1897; x_wconf 86' lang='lat' dir='ltr'>sicut</span> <span class='ocrx_word' id='word_1_317' title='bbox 1120 1863 1171 1897; x_wconf 89' lang='lat' dir='ltr'>uti</span> <span class='ocrx_word' id='word_1_318' title='bbox 1194 1862 1448 1897; x_wconf 86' lang='lat' dir='ltr'>absurdissime</span> <span class='ocrx_word' id='word_1_319' title='bbox 1470 1862 1684 1898; x_wconf 88' lang='lat' dir='ltr'>dicerentur.</span> 
     </span>
    </p>
   </div>
   <div class='ocr_carea' id='block_1_3' title="bbox 508 1998 1800 2288">
    <p class='ocr_par' dir='ltr' id='par_1_8' title="bbox 508 1998 1800 2288">
     <span class='ocr_line' id='line_1_32' title="bbox 782 1998 1800 2068; baseline 0.002 -2"><span class='ocrx_word' id='word_1_320' title='bbox 782 2022 1124 2068; x_wconf 78' lang='lat' dir='ltr'><strong>ARTICULUS</strong></span> <span class='ocrx_word' id='word_1_321' title='bbox 1161 2023 1240 2065; x_wconf 85' lang='lat'>111.</span> <span class='ocrx_word' id='word_1_322' title='bbox 1346 1998 1357 2010; x_wconf 82' lang='grc'><strong><em>’</em></strong></span> <span class='ocrx_word' id='word_1_323' title='bbox 1756 2032 1800 2068; x_wconf 84' lang='lat'>68</span> 
     </span>
     <span class='ocr_line' id='line_1_33' title="bbox 508 2141 1527 2173; baseline 0 -2"><span class='ocrx_word' id='word_1_324' title='bbox 508 2142 661 2173; x_wconf 72' lang='lat' dir='ltr'><strong>UTRUM</strong></span> <span class='ocrx_word' id='word_1_325' title='bbox 692 2143 870 2172; x_wconf 85' lang='lat' dir='ltr'><strong>FRUITIO</strong></span> <span class='ocrx_word' id='word_1_326' title='bbox 905 2143 972 2173; x_wconf 85' lang='lat' dir='ltr'>SIT</span> <span class='ocrx_word' id='word_1_327' title='bbox 1006 2142 1190 2173; x_wconf 82' lang='lat' dir='ltr'><strong>TANTUM</strong></span> <span class='ocrx_word' id='word_1_328' title='bbox 1221 2142 1377 2172; x_wconf 87' lang='lat' dir='ltr'>ULTIMI</span> <span class='ocrx_word' id='word_1_329' title='bbox 1403 2141 1527 2173; x_wconf 86' lang='lat' dir='ltr'><strong>FINIS.</strong></span> 
     </span>
     <span class='ocr_line' id='line_1_34' title="bbox 769 2241 1276 2288; baseline 0 -13"><span class='ocrx_word' id='word_1_330' title='bbox 769 2242 872 2288; x_wconf 77' lang='lat' dir='ltr'>(Infr.</span> <span class='ocrx_word' id='word_1_331' title='bbox 895 2254 924 2288; x_wconf 70' lang='lat'>1]-</span> <span class='ocrx_word' id='word_1_332' title='bbox 947 2254 995 2277; x_wconf 85' lang='lat'>12.</span> <span class='ocrx_word' id='word_1_333' title='bbox 1020 2247 1082 2277; x_wconf 77' lang='lat' dir='ltr'>art.</span> <span class='ocrx_word' id='word_1_334' title='bbox 1105 2254 1135 2277; x_wconf 89' lang='lat'>2.</span> <span class='ocrx_word' id='word_1_335' title='bbox 1158 2241 1200 2276; x_wconf 78' lang='lat' dir='ltr'>ad</span> <span class='ocrx_word' id='word_1_336' title='bbox 1216 2242 1276 2288; x_wconf 82' lang='lat'><em>3.).</em></span> 
     </span>
    </p>
   </div>
   <div class='ocr_carea' id='block_1_4' title="bbox 236 2340 1803 2977">
    <p class='ocr_par' dir='ltr' id='par_1_9' title="bbox 236 2340 1803 2548">
     <span class='ocr_line' id='line_1_35' title="bbox 309 2340 1803 2388; baseline -0.001 -12"><span class='ocrx_word' id='word_1_337' title='bbox 309 2342 368 2376; x_wconf 75' lang='lat' dir='ltr'>AD</span> <span class='ocrx_word' id='word_1_338' title='bbox 392 2352 561 2376; x_wconf 67' lang='lat' dir='ltr'>TERTrUM</span> <span class='ocrx_word' id='word_1_339' title='bbox 584 2342 633 2376; x_wconf 91' lang='lat' dir='ltr'>sic</span> <span class='ocrx_word' id='word_1_340' title='bbox 656 2343 871 2388; x_wconf 84' lang='lat' dir='ltr'>proceditur.</span> <span class='ocrx_word' id='word_1_341' title='bbox 894 2341 1057 2384; x_wconf 83' lang='lat' dir='ltr'>Videtur,</span> <span class='ocrx_word' id='word_1_342' title='bbox 1080 2342 1176 2388; x_wconf 86' lang='lat' dir='ltr'>quod</span> <span class='ocrx_word' id='word_1_343' title='bbox 1198 2342 1319 2376; x_wconf 84' lang='lat' dir='ltr'>fruitio</span> <span class='ocrx_word' id='word_1_344' title='bbox 1341 2353 1414 2376; x_wconf 91' lang='lat' dir='ltr'>non</span> <span class='ocrx_word' id='word_1_345' title='bbox 1437 2341 1482 2376; x_wconf 89' lang='lat' dir='ltr'>sit</span> <span class='ocrx_word' id='word_1_346' title='bbox 1510 2348 1650 2376; x_wconf 89' lang='lat' dir='ltr'>tantum</span> <span class='ocrx_word' id='word_1_347' title='bbox 1683 2340 1803 2375; x_wconf 87' lang='lat' dir='ltr'>ultimi</span> 
     </span>
     <span class='ocr_line' id='line_1_36' title="bbox 238 2395 1801 2442; baseline 0.001 -13"><span class='ocrx_word' id='word_1_348' title='bbox 238 2395 334 2429; x_wconf 80' lang='lat' dir='ltr'>finis:</span> <span class='ocrx_word' id='word_1_349' title='bbox 358 2396 443 2429; x_wconf 81' lang='lat' dir='ltr'>dicit</span> <span class='ocrx_word' id='word_1_350' title='bbox 464 2396 560 2430; x_wconf 83' lang='lat' dir='ltr'>enim</span> <span class='ocrx_word' id='word_1_351' title='bbox 583 2396 709 2441; x_wconf 72' lang='lat' dir='ltr'>Apost.</span> <span class='ocrx_word' id='word_1_352' title='bbox 734 2396 775 2429; x_wconf 71' lang='lat' dir='ltr'>ad</span> <span class='ocrx_word' id='word_1_353' title='bbox 799 2395 952 2430; x_wconf 79' lang='lat' dir='ltr'>Pliilem.</span> <span class='ocrx_word' id='word_1_354' title='bbox 978 2406 1048 2430; x_wconf 83' lang='lat'>20.:</span> <span class='ocrx_word' id='word_1_355' title='bbox 1073 2397 1184 2442; x_wconf 61' lang='lat' dir='ltr'>Itaque</span> <span class='ocrx_word' id='word_1_356' title='bbox 1199 2397 1322 2442; x_wconf 67' lang='lat' dir='ltr'>frater,</span> <span class='ocrx_word' id='word_1_357' title='bbox 1346 2407 1400 2441; x_wconf 79' lang='lat' dir='ltr'>ego</span> <span class='ocrx_word' id='word_1_358' title='bbox 1423 2400 1450 2430; x_wconf 70' lang='lat' dir='ltr'>te:</span> <span class='ocrx_word' id='word_1_359' title='bbox 1460 2395 1567 2441; x_wconf 84' lang='lat' dir='ltr'>fruar</span> <span class='ocrx_word' id='word_1_360' title='bbox 1586 2396 1620 2429; x_wconf 84' lang='lat' dir='ltr'>in</span> <span class='ocrx_word' id='word_1_361' title='bbox 1639 2395 1801 2430; x_wconf 83' lang='lat' dir='ltr'>Domino:</span> 
     </span>
     <span class='ocr_line' id='line_1_37' title="bbox 236 2448 1803 2496; baseline 0 -13"><span class='ocrx_word' id='word_1_362' title='bbox 236 2449 297 2484; x_wconf 83' lang='lat' dir='ltr'>sed</span> <span class='ocrx_word' id='word_1_363' title='bbox 319 2449 549 2483; x_wconf 77' lang='lat' dir='ltr'>manifestum</span> <span class='ocrx_word' id='word_1_364' title='bbox 572 2457 635 2491; x_wconf 85' lang='lat' dir='ltr'>est,</span> <span class='ocrx_word' id='word_1_365' title='bbox 658 2450 753 2495; x_wconf 85' lang='lat' dir='ltr'>quod</span> <span class='ocrx_word' id='word_1_366' title='bbox 776 2449 908 2483; x_wconf 80' lang='lat' dir='ltr'>Paulus</span> <span class='ocrx_word' id='word_1_367' title='bbox 931 2461 1004 2483; x_wconf 89' lang='lat' dir='ltr'>non</span> <span class='ocrx_word' id='word_1_368' title='bbox 1032 2458 1200 2496; x_wconf 82' lang='lat' dir='ltr'>posucrat</span> <span class='ocrx_word' id='word_1_369' title='bbox 1223 2449 1392 2484; x_wconf 90' lang='lat' dir='ltr'>ultimum</span> <span class='ocrx_word' id='word_1_370' title='bbox 1414 2460 1520 2484; x_wconf 90' lang='lat' dir='ltr'>suum</span> <span class='ocrx_word' id='word_1_371' title='bbox 1550 2448 1660 2483; x_wconf 87' lang='lat' dir='ltr'>finem</span> <span class='ocrx_word' id='word_1_372' title='bbox 1679 2448 1718 2483; x_wconf 91' lang='lat' dir='ltr'>in</span> <span class='ocrx_word' id='word_1_373' title='bbox 1738 2449 1803 2483; x_wconf 91' lang='lat' dir='ltr'>ho-</span> 
     </span>
     <span class='ocr_line' id='line_1_38' title="bbox 237 2502 1131 2548; baseline 0 -12"><span class='ocrx_word' id='word_1_374' title='bbox 237 2503 351 2544; x_wconf 80' lang='lat' dir='ltr'>mine3</span> <span class='ocrx_word' id='word_1_375' title='bbox 375 2514 460 2548; x_wconf 84' lang='lat' dir='ltr'>ergo</span> <span class='ocrx_word' id='word_1_376' title='bbox 483 2502 549 2536; x_wconf 80' lang='lat' dir='ltr'>frui</span> <span class='ocrx_word' id='word_1_377' title='bbox 571 2514 643 2536; x_wconf 89' lang='lat' dir='ltr'>non</span> <span class='ocrx_word' id='word_1_378' title='bbox 667 2511 805 2536; x_wconf 73' lang='lat' dir='ltr'>tuntum</span> <span class='ocrx_word' id='word_1_379' title='bbox 829 2511 881 2537; x_wconf 79' lang='lat' dir='ltr'>est</span> <span class='ocrx_word' id='word_1_380' title='bbox 903 2502 1018 2537; x_wconf 84' lang='lat' dir='ltr'>ultimi</span> <span class='ocrx_word' id='word_1_381' title='bbox 1041 2503 1131 2537; x_wconf 83' lang='lat' dir='ltr'>sinis.</span> 
     </span>
    </p>

    <p class='ocr_par' dir='ltr' id='par_1_10' title="bbox 236 2555 1801 2709">
     <span class='ocr_line' id='line_1_39' title="bbox 308 2555 1801 2603; baseline 0 -13"><span class='ocrx_word' id='word_1_382' title='bbox 308 2567 338 2590; x_wconf 86' lang='lat'>2.</span> <span class='ocrx_word' id='word_1_383' title='bbox 361 2556 595 2590; x_wconf 72' lang='lat' dir='ltr'>PRAETEREA.</span> <span class='ocrx_word' id='word_1_384' title='bbox 620 2556 769 2590; x_wconf 84' lang='lat' dir='ltr'>Fructus</span> <span class='ocrx_word' id='word_1_385' title='bbox 792 2564 854 2598; x_wconf 83' lang='lat' dir='ltr'>cst,</span> <span class='ocrx_word' id='word_1_386' title='bbox 877 2567 949 2602; x_wconf 86' lang='lat' dir='ltr'>quo</span> <span class='ocrx_word' id='word_1_387' title='bbox 972 2556 1099 2602; x_wconf 82' lang='lat' dir='ltr'>aliquis</span> <span class='ocrx_word' id='word_1_388' title='bbox 1129 2556 1273 2591; x_wconf 80' lang='lat' dir='ltr'>fruitur:</span> <span class='ocrx_word' id='word_1_389' title='bbox 1309 2556 1371 2592; x_wconf 88' lang='lat' dir='ltr'>sed</span> <span class='ocrx_word' id='word_1_390' title='bbox 1404 2555 1605 2603; x_wconf 89' lang='lat' dir='ltr'>Apostolus</span> <span class='ocrx_word' id='word_1_391' title='bbox 1638 2555 1725 2591; x_wconf 87' lang='lat' dir='ltr'>dicit</span> <span class='ocrx_word' id='word_1_392' title='bbox 1757 2555 1801 2590; x_wconf 92' lang='lat' dir='ltr'>ad</span> 
     </span>
     <span class='ocr_line' id='line_1_40' title="bbox 239 2609 1800 2657; baseline 0 -14"><span class='ocrx_word' id='word_1_393' title='bbox 239 2609 356 2643; x_wconf 78' lang='lat' dir='ltr'>Galat.</span> <span class='ocrx_word' id='word_1_394' title='bbox 383 2620 427 2654; x_wconf 79' lang='lat'>5.:</span> <span class='ocrx_word' id='word_1_395' title='bbox 452 2610 596 2644; x_wconf 75' lang='lat' dir='ltr'>Fructus</span> <span class='ocrx_word' id='word_1_396' title='bbox 616 2611 749 2656; x_wconf 69' lang='lat' dir='ltr'>spiritus</span> <span class='ocrx_word' id='word_1_397' title='bbox 771 2615 813 2644; x_wconf 68' lang='lat' dir='ltr'>cst</span> <span class='ocrx_word' id='word_1_398' title='bbox 836 2610 990 2651; x_wconf 53' lang='lat' dir='ltr'>charitas,</span> <span class='ocrx_word' id='word_1_399' title='bbox 1012 2610 1182 2655; x_wconf 65' lang='lat' dir='ltr'>guadium,</span> <span class='ocrx_word' id='word_1_400' title='bbox 1202 2616 1286 2657; x_wconf 70' lang='lat' dir='ltr'>pax,</span> <span class='ocrx_word' id='word_1_401' title='bbox 1311 2618 1345 2644; x_wconf 88' lang='lat' dir='ltr'>et</span> <span class='ocrx_word' id='word_1_402' title='bbox 1365 2609 1587 2656; x_wconf 84' lang='lat' dir='ltr'>hujusmodi,</span> <span class='ocrx_word' id='word_1_403' title='bbox 1613 2619 1704 2656; x_wconf 88' lang='lat' dir='ltr'>quae</span> <span class='ocrx_word' id='word_1_404' title='bbox 1725 2619 1800 2644; x_wconf 92' lang='lat' dir='ltr'>non</span> 
     </span>
     <span class='ocr_line' id='line_1_41' title="bbox 236 2662 1657 2709; baseline 0.001 -13"><span class='ocrx_word' id='word_1_405' title='bbox 236 2663 369 2696; x_wconf 78' lang='lat' dir='ltr'>habent</span> <span class='ocrx_word' id='word_1_406' title='bbox 391 2663 567 2697; x_wconf 69' lang='lat' dir='ltr'>rationem</span> <span class='ocrx_word' id='word_1_407' title='bbox 591 2663 707 2696; x_wconf 84' lang='lat' dir='ltr'>ultimi</span> <span class='ocrx_word' id='word_1_408' title='bbox 730 2662 827 2704; x_wconf 69' lang='lat' dir='ltr'>finis,</span> <span class='ocrx_word' id='word_1_409' title='bbox 850 2674 923 2697; x_wconf 85' lang='lat' dir='ltr'>non</span> <span class='ocrx_word' id='word_1_410' title='bbox 947 2674 1033 2709; x_wconf 77' lang='lat' dir='ltr'>ergo</span> <span class='ocrx_word' id='word_1_411' title='bbox 1056 2663 1176 2697; x_wconf 83' lang='lat' dir='ltr'>fruitio</span> <span class='ocrx_word' id='word_1_412' title='bbox 1199 2672 1251 2698; x_wconf 87' lang='lat' dir='ltr'>est</span> <span class='ocrx_word' id='word_1_413' title='bbox 1272 2671 1412 2698; x_wconf 85' lang='lat' dir='ltr'>tantum</span> <span class='ocrx_word' id='word_1_414' title='bbox 1432 2662 1549 2698; x_wconf 89' lang='lat' dir='ltr'>ultimi</span> <span class='ocrx_word' id='word_1_415' title='bbox 1566 2662 1657 2697; x_wconf 90' lang='lat' dir='ltr'>finis.</span> 
     </span>
    </p>

    <p class='ocr_par' dir='ltr' id='par_1_11' title="bbox 236 2716 1803 2977">
     <span class='ocr_line' id='line_1_42' title="bbox 312 2716 1802 2763; baseline 0.001 -13"><span class='ocrx_word' id='word_1_416' title='bbox 312 2728 339 2761; x_wconf 77' lang='lat'>3.</span> <span class='ocrx_word' id='word_1_417' title='bbox 362 2716 596 2751; x_wconf 59' lang='lat' dir='ltr'>Przfflrssnm.</span> <span class='ocrx_word' id='word_1_418' title='bbox 626 2717 738 2750; x_wconf 79' lang='lat' dir='ltr'>Actus</span> <span class='ocrx_word' id='word_1_419' title='bbox 761 2716 956 2750; x_wconf 78' lang='lat' dir='ltr'>voluntatis</span> <span class='ocrx_word' id='word_1_420' title='bbox 978 2727 1083 2762; x_wconf 77' lang='lat' dir='ltr'>supra</span> <span class='ocrx_word' id='word_1_421' title='bbox 1104 2717 1240 2763; x_wconf 78' lang='lat' dir='ltr'>seipsos</span> <span class='ocrx_word' id='word_1_422' title='bbox 1259 2716 1508 2752; x_wconf 84' lang='lat' dir='ltr'>reflectuntur:</span> <span class='ocrx_word' id='word_1_423' title='bbox 1527 2716 1613 2751; x_wconf 91' lang='lat' dir='ltr'>volo</span> <span class='ocrx_word' id='word_1_424' title='bbox 1632 2716 1728 2751; x_wconf 89' lang='lat' dir='ltr'>enim</span> <span class='ocrx_word' id='word_1_425' title='bbox 1743 2728 1802 2751; x_wconf 87' lang='lat' dir='ltr'>me</span> 
     </span>
     <span class='ocr_line' id='line_1_43' title="bbox 236 2769 1802 2817; baseline 0.001 -14"><span class='ocrx_word' id='word_1_426' title='bbox 236 2769 339 2811; x_wconf 73' lang='lat' dir='ltr'>velle,</span> <span class='ocrx_word' id='word_1_427' title='bbox 363 2778 395 2804; x_wconf 86' lang='lat' dir='ltr'>ct</span> <span class='ocrx_word' id='word_1_428' title='bbox 419 2782 502 2805; x_wconf 73' lang='lat' dir='ltr'>amo</span> <span class='ocrx_word' id='word_1_429' title='bbox 526 2782 583 2804; x_wconf 81' lang='lat' dir='ltr'>me</span> <span class='ocrx_word' id='word_1_430' title='bbox 606 2782 745 2804; x_wconf 76' lang='lat' dir='ltr'>arnare:</span> <span class='ocrx_word' id='word_1_431' title='bbox 769 2770 829 2804; x_wconf 80' lang='lat' dir='ltr'>sed</span> <span class='ocrx_word' id='word_1_432' title='bbox 849 2770 914 2804; x_wconf 80' lang='lat' dir='ltr'>frui</span> <span class='ocrx_word' id='word_1_433' title='bbox 935 2778 987 2805; x_wconf 79' lang='lat' dir='ltr'>cst</span> <span class='ocrx_word' id='word_1_434' title='bbox 1006 2778 1104 2805; x_wconf 72' lang='lat' dir='ltr'>actus</span> <span class='ocrx_word' id='word_1_435' title='bbox 1123 2771 1335 2805; x_wconf 73' lang='lat' dir='ltr'>voluntatis:</span> <span class='ocrx_word' id='word_1_436' title='bbox 1354 2770 1522 2806; x_wconf 88' lang='lat' dir='ltr'>voluntas</span> <span class='ocrx_word' id='word_1_437' title='bbox 1540 2770 1638 2805; x_wconf 88' lang='lat' dir='ltr'>enirn</span> <span class='ocrx_word' id='word_1_438' title='bbox 1656 2778 1720 2812; x_wconf 86' lang='lat' dir='ltr'>est,</span> <span class='ocrx_word' id='word_1_439' title='bbox 1739 2782 1802 2817; x_wconf 90' lang='lat' dir='ltr'>per</span> 
     </span>
     <span class='ocr_line' id='line_1_44' title="bbox 238 2823 1803 2871; baseline 0.001 -15"><span class='ocrx_word' id='word_1_440' title='bbox 238 2834 346 2868; x_wconf 80' lang='lat' dir='ltr'>quam</span> <span class='ocrx_word' id='word_1_441' title='bbox 369 2823 529 2866; x_wconf 84' lang='lat' dir='ltr'>fruimur,</span> <span class='ocrx_word' id='word_1_442' title='bbox 555 2832 590 2858; x_wconf 88' lang='lat' dir='ltr'>ut</span> <span class='ocrx_word' id='word_1_443' title='bbox 612 2824 764 2869; x_wconf 81' lang='lat' dir='ltr'>August.</span> <span class='ocrx_word' id='word_1_444' title='bbox 788 2824 873 2858; x_wconf 86' lang='lat' dir='ltr'>dicit</span> <span class='ocrx_word' id='word_1_445' title='bbox 900 2835 949 2858; x_wconf 84' lang='lat'>10.</span> <span class='ocrx_word' id='word_1_446' title='bbox 973 2824 1016 2858; x_wconf 77' lang='lat' dir='ltr'>dc</span> <span class='ocrx_word' id='word_1_447' title='bbox 1040 2823 1140 2858; x_wconf 89' lang='lat' dir='ltr'>Trin.</span> <span class='ocrx_word' id='word_1_448' title='bbox 1165 2824 1251 2871; x_wconf 70' lang='lat' dir='ltr'>(cup.</span> <span class='ocrx_word' id='word_1_449' title='bbox 1278 2825 1360 2869; x_wconf 76' lang='lat'><em>10.);</em></span> <span class='ocrx_word' id='word_1_450' title='bbox 1395 2835 1482 2871; x_wconf 85' lang='lat' dir='ltr'>ergo</span> <span class='ocrx_word' id='word_1_451' title='bbox 1517 2823 1644 2870; x_wconf 88' lang='lat' dir='ltr'>aliquis</span> <span class='ocrx_word' id='word_1_452' title='bbox 1677 2823 1803 2859; x_wconf 91' lang='lat' dir='ltr'>fruitur</span> 
     </span>
     <span class='ocr_line' id='line_1_45' title="bbox 237 2876 1803 2920; baseline 0.001 -10"><span class='ocrx_word' id='word_1_453' title='bbox 237 2888 298 2910; x_wconf 79' lang='lat' dir='ltr'>sua</span> <span class='ocrx_word' id='word_1_454' title='bbox 323 2876 506 2911; x_wconf 78' lang='lat' dir='ltr'>fruitione:</span> <span class='ocrx_word' id='word_1_455' title='bbox 531 2878 590 2911; x_wconf 77' lang='lat' dir='ltr'>scd</span> <span class='ocrx_word' id='word_1_456' title='bbox 615 2877 734 2911; x_wconf 88' lang='lat' dir='ltr'>fruitio</span> <span class='ocrx_word' id='word_1_457' title='bbox 757 2888 829 2911; x_wconf 88' lang='lat' dir='ltr'>non</span> <span class='ocrx_word' id='word_1_458' title='bbox 853 2886 906 2911; x_wconf 80' lang='lat' dir='ltr'>cst</span> <span class='ocrx_word' id='word_1_459' title='bbox 925 2877 1072 2912; x_wconf 87' lang='lat' dir='ltr'>ultimus</span> <span class='ocrx_word' id='word_1_460' title='bbox 1095 2877 1172 2912; x_wconf 75' lang='lat' dir='ltr'>finis</span> <span class='ocrx_word' id='word_1_461' title='bbox 1192 2878 1362 2920; x_wconf 81' lang='lat' dir='ltr'>hominis,</span> <span class='ocrx_word' id='word_1_462' title='bbox 1385 2878 1446 2912; x_wconf 86' lang='lat' dir='ltr'>sed</span> <span class='ocrx_word' id='word_1_463' title='bbox 1462 2877 1734 2913; x_wconf 85' lang='lat' dir='ltr'>solumbonum</span> <span class='ocrx_word' id='word_1_464' title='bbox 1753 2877 1803 2912; x_wconf 91' lang='lat' dir='ltr'>in-</span> 
     </span>
     <span class='ocr_line' id='line_1_46' title="bbox 238 2931 1559 2977; baseline 0.002 -14"><span class='ocrx_word' id='word_1_465' title='bbox 238 2938 411 2973; x_wconf 64' lang='lat' dir='ltr'>cre-utum,</span> <span class='ocrx_word' id='word_1_466' title='bbox 434 2932 528 2977; x_wconf 79' lang='lat' dir='ltr'>quod</span> <span class='ocrx_word' id='word_1_467' title='bbox 553 2939 605 2966; x_wconf 77' lang='lat' dir='ltr'>est</span> <span class='ocrx_word' id='word_1_468' title='bbox 626 2932 743 2974; x_wconf 79' lang='lat' dir='ltr'>Dcus3</span> <span class='ocrx_word' id='word_1_469' title='bbox 765 2943 838 2965; x_wconf 87' lang='lat' dir='ltr'>non</span> <span class='ocrx_word' id='word_1_470' title='bbox 862 2943 947 2977; x_wconf 73' lang='lat' dir='ltr'>crgo</span> <span class='ocrx_word' id='word_1_471' title='bbox 972 2931 1090 2966; x_wconf 81' lang='lat' dir='ltr'>fruitio</span> <span class='ocrx_word' id='word_1_472' title='bbox 1114 2940 1165 2966; x_wconf 85' lang='lat' dir='ltr'>cst</span> <span class='ocrx_word' id='word_1_473' title='bbox 1187 2932 1306 2966; x_wconf 85' lang='lat' dir='ltr'>solum</span> <span class='ocrx_word' id='word_1_474' title='bbox 1329 2931 1446 2967; x_wconf 85' lang='lat' dir='ltr'>ultimi</span> <span class='ocrx_word' id='word_1_475' title='bbox 1467 2931 1559 2967; x_wconf 87' lang='lat' dir='ltr'>finis.</span> 
     </span>
    </p>
   </div>
  </div>
 </body>
</html>
