1907 3182
265 161 350 204 224
675 162 892 197 QUAESTIO
925 162 1042 191 XXIX.
1076 162 1319 192 ARTICULUS
1352 163 1412 192 111.

264 242 371 275 etiam
393 242 527 276 bestiae
550 242 726 277 abstinent
747 255 767 277 a
786 243 1054 277 delectabilibus
1069 251 1211 289 propter
1226 243 1384 285 verbera,
1403 251 1440 277 ut
1454 243 1606 289 August.
1622 243 1815 277 introducit

262 295 298 328 in
319 294 378 328 lib.
401 295 455 340 83.
481 295 569 336 QQ.
593 296 678 339 (loco
701 309 786 331 nunc
809 296 902 340 cit.);
923 308 1009 341 ergo
1029 296 1153 329 odium
1175 304 1227 330 est
1247 295 1373 330 fortius
1395 307 1530 330 amore.

334 348 407 382 SED
436 359 600 383 CONTRA.
622 350 763 382 Bonum
786 358 839 383 est
860 349 995 390 fortius,
1019 360 1127 394 quam
1149 349 1306 391 malu1n3
1330 349 1411 394 quia
1430 350 1554 383 malum
1572 361 1635 383 non
1653 351 1733 395 agit,
1753 350 1816 384 nisi

262 401 296 434 in
316 402 439 436 virtute
462 403 548 444 boni,
565 410 601 435 ut
615 402 724 436 Dion.
741 402 826 436 dicit
847 414 922 448 cap.
939 412 970 444 4.
987 402 1029 436 de
1042 402 1124 435 Div.
1139 402 1248 436 Nom.
1270 402 1356 446 (lect.
1372 402 1423 437 16.
1438 408 1465 437 et
1477 403 1557 448 seq.)
1573 413 1582 435 :
1603 403 1663 437 sed
1679 403 1814 444 odium,

263 461 297 487 et
319 465 421 488 amor
442 454 609 489 differunt
634 455 830 489 secundum
861 454 1097 489 differentiam
1124 456 1212 498 boni,
1241 463 1275 489 et
1300 456 1406 496 mali;
1438 467 1523 501 ergo
1548 467 1651 490 amor
1672 463 1723 490 est
1748 454 1817 490 for-

261 507 331 541 tior
349 507 444 541 odio.

331 560 559 595 RESPONDEO
582 561 786 603 dicendum,
809 561 905 607 quod
927 560 1150 607 impossibile
1170 569 1232 603 est,
1249 560 1417 596 effectum
1433 573 1497 596 sua
1519 573 1627 596 causa
1649 573 1727 596 esse
1749 560 1817 595 for-

261 613 414 648 tiorem:
444 625 551 648 omne
580 623 699 648 autem
727 614 851 648 odium
878 615 1039 660 procedit
1066 626 1108 649 ex
1135 614 1256 660 aliquo
1285 626 1420 656 amore,
1447 615 1538 649 sicut
1563 626 1605 649 ex
1632 626 1752 656 causa,
1778 622 1817 648 ut

262 679 367 713 supra
389 667 525 701 dictum
549 676 601 701 est
622 667 703 712 (art.
722 668 871 713 praec.);
901 667 995 701 unde
1018 667 1241 714 impossibile
1264 676 1328 709 est,
1351 668 1446 714 quod
1470 668 1594 702 odium
1621 668 1666 702 sit
1690 667 1816 702 fortius

263 731 387 754 amore
410 720 627 766 simpliciter.
651 720 721 754 Sed
744 728 887 766 oportet
908 720 1066 762 ulterius,
1091 721 1186 767 quod
1211 732 1313 755 amor
1342 721 1551 766 simpliciter
1571 721 1753 768 loquendo
1773 720 1816 754 sit

263 774 348 808 odio
370 773 511 808 fortior:
534 773 660 807 fortius
682 773 779 808 enirn
794 781 961 808 movetur
975 773 1107 819 aliquid
1123 774 1157 807 in
1180 774 1290 808 finem
1313 786 1421 820 quam
1442 774 1478 808 in
1493 786 1534 809 ea
1557 785 1648 820 quae
1670 782 1752 809 sunt
1773 774 1815 808 ad

263 826 395 861 finem:
426 838 586 861 recessus
609 835 728 861 autem
756 839 775 861 a
803 827 900 861 malo
928 828 1112 861 ordinatur
1138 827 1180 861 ad
1209 827 1506 862 consecutionem
1531 827 1629 870 boni,
1655 827 1747 861 sicut
1773 826 1816 861 ad

262 879 391 922 finem3
413 880 506 914 unde
528 879 739 925 simpliciter
759 879 942 926 loquendo
964 879 1091 914 fortior
1113 889 1166 915 est
1187 889 1307 914 motus
1330 881 1471 915 animae
1486 881 1522 914 in
1539 880 1688 922 bonum,
1707 891 1815 926 quarn

262 933 298 966 in
320 933 473 966 malum:
497 933 558 967 sed
581 942 702 967 tamen
721 933 897 979 aliquando
912 933 1044 968 videtur
1059 934 1302 980 odiumsortius
1314 946 1438 976 amore,
1454 942 1598 980 propter
1612 934 1685 968 duo.
1701 934 1816 968 Primo

263 986 419 1031 quidem,
441 986 524 1031 quia
546 986 670 1020 odium
693 995 745 1021 est
767 987 883 1032 magis
904 987 1082 1029 sensibile,
1103 999 1212 1033 quam
1235 999 1356 1022 amor:
1380 999 1463 1021 cum
1482 987 1580 1022 enirn
1601 998 1726 1022 sensus
1744 998 1818 1033 per-

263 1039 381 1085 ceptio
403 1039 447 1073 sit
468 1039 503 1072 in
527 1039 683 1084 quadam
704 1040 969 1082 immutatione,
992 1052 1033 1075 ex
1056 1052 1126 1086 quo
1151 1040 1284 1087 aliquid
1305 1042 1379 1086 jarn
1402 1042 1635 1075 immutatum
1653 1049 1716 1082 est,
1743 1051 1816 1074 non

225 1086 229 1089 μ
262 1092 309 1126 ita
331 1092 491 1134 sentitur,
514 1093 606 1127 sicut
632 1093 776 1139 quando
805 1102 857 1128 est
882 1093 917 1127 in
944 1095 1022 1140 ipso
1049 1094 1253 1135 immutari3
1281 1094 1374 1128 unde
1397 1093 1495 1128 calor
1515 1093 1621 1128 febris
1642 1093 1816 1134 hecticae,

262 1147 425 1191 quamvis
447 1146 492 1180 sit
513 1147 641 1192 major,
663 1158 736 1181 non
758 1155 880 1181 tamen
903 1147 951 1182 ita
972 1148 1132 1190 sentitur,
1156 1148 1248 1182 sicut
1269 1147 1368 1181 calor
1390 1149 1584 1190 tertianae3
1611 1147 1693 1194 quia
1720 1146 1818 1181 calor

261 1199 422 1233 hecticae
444 1200 517 1245 jam
538 1211 660 1234 versus
683 1208 735 1234 est
756 1201 858 1246 quasi
882 1201 918 1234 in
940 1201 1115 1243 habitum,
1139 1209 1172 1235 et
1193 1209 1377 1235 naturam:
1401 1209 1434 1235 et
1455 1209 1601 1247 propter
1618 1201 1689 1235 hoc
1709 1200 1817 1235 etiam

262 1264 364 1287 amor
374 1253 489 1298 magis
505 1253 653 1287 sentitur
667 1254 702 1287 in
715 1254 873 1288 absentia
885 1255 1107 1297 amati,sicut
1118 1254 1271 1300 August.
1284 1254 1370 1288 dicit
1383 1254 1419 1288 in
1438 1265 1488 1289 10.
1502 1255 1544 1288 de
1557 1253 1658 1288 Trin.
1672 1253 1817 1301 (cap.12.

262 1306 400 1351 amad),
418 1306 513 1352 quod
529 1318 632 1340 arnor
645 1318 719 1341 non
735 1309 781 1341 ita
795 1307 955 1349 sentitur,
971 1319 1054 1341 cum
1068 1319 1142 1341 non
1157 1308 1276 1354 prodit
1290 1319 1373 1342 eum
1388 1307 1602 1353 indigentia:
1623 1315 1658 1342 et
1673 1314 1819 1353 propter

260 1359 332 1393 hoc
355 1360 463 1394 etiam
485 1360 721 1406 repugnantia
743 1362 829 1406 ejus,
852 1361 949 1407 quod
972 1361 1101 1403 oditur,
1124 1360 1325 1395 sensibilius
1347 1361 1551 1407 percipitur,
1567 1372 1676 1407 quam
1691 1370 1819 1394 conve-

260 1413 395 1447 nientia
416 1414 503 1458 ejus,
525 1414 621 1459 quod
644 1422 793 1448 amatur.
818 1414 972 1456 Secundo,
996 1415 1079 1460 quia
1100 1425 1174 1448 non
1196 1422 1426 1460 comparatur
1448 1414 1572 1448 odium
1591 1414 1635 1448 ad
1654 1423 1817 1447 amorem

261 1466 327 1500 sibi
349 1467 709 1513 correspondentern:
733 1468 932 1502 secundum
955 1468 1051 1502 enirn
1078 1468 1321 1502 diversitatem
1346 1467 1527 1501 bonorum
1555 1475 1608 1501 est
1633 1466 1818 1502 diversitas

263 1531 429 1554 amorum
450 1520 486 1554 in
509 1521 767 1567 magnitudine,
790 1529 824 1555 et
845 1521 1030 1567 parvitate,
1053 1521 1180 1567 quibus
1202 1521 1521 1567 proportionantur
1536 1520 1702 1567 opposita
1716 1520 1818 1564 odia;

262 1573 356 1607 unde
368 1574 504 1615 odium,
517 1575 612 1620 quod
625 1575 883 1620 correspondet
894 1575 1023 1620 majori
1035 1575 1162 1616 amori,
1174 1574 1289 1620 magis
1301 1582 1435 1616 movet,
1446 1585 1555 1620 quam
1571 1575 1690 1608 minor
1704 1583 1817 1608 amor.

333 1627 376 1662 Et
397 1640 458 1674 per
479 1629 549 1662 hoc
572 1636 667 1675 patet
689 1629 876 1675 responsio
897 1639 948 1662 AD
967 1639 1126 1663 PRIMUM.
1149 1628 1244 1662 Nam
1268 1639 1371 1662 amor
1396 1627 1590 1674 voluptatis
1613 1635 1665 1662 est
1687 1628 1818 1669 minor,

262 1693 370 1727 quam
402 1693 504 1715 amor
536 1682 820 1716 conservationis
855 1682 909 1716 sui
939 1682 1061 1727 ipsius,
1091 1681 1148 1715 cui
1174 1681 1366 1727 respondet
1386 1680 1471 1726 fuga
1493 1680 1647 1716 doloris:
1675 1689 1711 1715 et
1736 1681 1817 1715 ideo

264 1737 379 1780 magis
401 1734 534 1780 fugitur
557 1735 671 1776 dolor,
694 1747 802 1781 quam
825 1743 964 1769 ametur
985 1734 1163 1781 voluptas.

333 1789 392 1823 AD
416 1799 621 1823 SECUNDUM
644 1789 848 1831 dicendum,
872 1788 968 1834 quod
991 1789 1115 1822 odium
1137 1799 1337 1834 numquam
1363 1787 1525 1823 vinceret
1550 1799 1725 1830 amorem,
1751 1787 1820 1822 nisi

262 1850 407 1888 propter
430 1843 607 1888 majorem
630 1853 805 1884 amorem,
829 1842 885 1876 cui
908 1842 1032 1876 odium
1056 1842 1335 1888 correspondet:
1358 1842 1407 1876 sic
1430 1842 1545 1876 homo
1567 1841 1683 1888 magis
1705 1841 1819 1888 diligit

262 1907 310 1938 se,
333 1907 442 1942 quam
465 1896 639 1930 amicum:
664 1904 697 1930 et
718 1903 863 1942 propter
884 1895 954 1929 hoc
978 1895 1074 1942 quod
1097 1895 1212 1942 diligit
1232 1907 1281 1938 se,
1296 1895 1403 1930 habet
1421 1895 1506 1930 odio
1525 1895 1634 1930 etiam
1649 1896 1819 1937 amicum,

262 1949 289 1983 si
311 1949 377 1983 sibi
400 1949 647 1983 contrarietur.

332 2002 391 2037 AD
412 2013 582 2037 TERTIUM
604 2003 811 2044 dicendum,
835 2002 931 2049 quod
954 2002 1035 2036 ideo
1058 2002 1231 2037 intensius
1255 2002 1387 2049 aliquid
1410 2010 1576 2050 operatur
1591 2002 1634 2036 ad
1649 2001 1820 2049 repellen-

263 2055 348 2089 dum
371 2056 507 2099 odiosa,
530 2056 613 2103 quia
636 2056 761 2090 odium
784 2064 836 2090 est
858 2056 973 2102 magis
996 2055 1173 2091 sensibile.

817 2174 1161 2219 ARTICULUS
1192 2175 1267 2218 IV.
1755 2185 1818 2232 167

476 2269 628 2300 UTRUM
662 2269 836 2305 ALIQUIS
869 2271 1021 2300 POSSIT
1056 2270 1223 2300 HABERE
1257 2270 1369 2299 ODIO
1404 2270 1596 2300 SEIPSUM.

290 2345 371 2389 (2-2.
394 2357 423 2390 q.
447 2357 493 2391 25.
513 2350 575 2379 art.
597 2357 625 2391 7.
645 2351 672 2380 ct
691 2357 720 2380 2.
741 2346 829 2380 Dist.
845 2358 899 2390 42.
920 2358 948 2392 q.
969 2358 998 2381 2.
1019 2351 1082 2380 art.
1101 2358 1131 2382 2.
1152 2346 1194 2380 ad
1211 2358 1240 2381 2.
1260 2351 1288 2380 et
1303 2347 1353 2381 ΡΣ.
1372 2358 1422 2381 10.
1437 2351 1465 2381 et
1483 2346 1637 2392 Ephes.5.
1652 2346 1721 2381 lect.
1737 2347 1800 2391 6.).

334 2428 393 2462 AD
415 2438 602 2467 QUARTUM
626 2430 674 2462 sic
699 2428 914 2474 proceditur.
943 2428 1105 2470 Videtur,
1133 2428 1228 2474 quod
1257 2428 1384 2474 aliquis
1410 2429 1522 2475 possit
1548 2427 1705 2474 seipsum
1734 2428 1819 2462 odio

262 2482 413 2515 habere:
430 2482 557 2515 dicitur
573 2482 668 2515 enim
684 2482 718 2515 in
734 2481 866 2515 Psalm.
887 2493 948 2516 1o.:
975 2483 1044 2526 Qui
1069 2483 1176 2528 diligit
1203 2483 1423 2528 iniquitatem,
1445 2481 1510 2516 odit
1531 2483 1679 2516 animam
1699 2494 1791 2516 suam
1809 2495 1818 2516 :

263 2535 322 2569 sed
347 2534 448 2568 multi
472 2535 623 2579 diligunt
646 2535 888 2581 iniquitatem,
911 2546 997 2579 crgo
1021 2535 1122 2570 multi
1147 2535 1272 2570 odiunt
1294 2535 1440 2581 scipsos.

335 2599 364 2622 2.
388 2589 622 2623 PRAETEREA.
639 2588 744 2622 Illum
758 2589 913 2631 odimus,
930 2589 986 2622 cui
999 2589 1180 2631 volumus,
1196 2597 1229 2623 ct
1244 2600 1435 2635 operamur
1458 2588 1613 2622 malum:
1637 2589 1697 2623 sed
1713 2600 1821 2635 quan-

264 2642 381 2688 doque
405 2641 531 2688 aliquis
553 2641 639 2683 vult,
663 2650 696 2676 et
719 2651 886 2687 operatur
908 2642 971 2676 sibi
995 2642 1060 2688 ipsi
1084 2642 1241 2685 nialum;
1264 2651 1347 2689 put-,1
1363 2642 1422 2689 qui
1438 2642 1646 2677 interimunt
1664 2642 1820 2689 seipsos;

264 2707 350 2741 ergo
375 2695 481 2741 aliqui
505 2695 642 2741 seipsos
665 2695 797 2729 habent
821 2695 916 2729 odio.

338 2760 366 2794 3.
390 2748 623 2783 Pimmssnffl.
649 2749 794 2782 Boetius
817 2749 901 2782 dicit
923 2749 956 2783 in
982 2759 1010 2782 2.
1031 2750 1073 2783 de
1097 2749 1207 2784 Cons.
1224 2750 1336 2796 (prosa
1351 2762 1379 2796 5.
1393 2756 1514 2796 parum
1535 2762 1553 2784 ιι
1570 2750 1706 2797 priua),
1723 2750 1818 2796 quod

265 2802 411 2836 avaritia
435 2801 517 2836 facit
540 2802 707 2836 homines
731 2803 897 2836 odiosos:
923 2815 962 2836 ex
987 2814 1058 2848 quo
1082 2812 1197 2848 potest
1221 2803 1345 2849 accipi,
1368 2804 1463 2849 quod
1483 2803 1602 2838 omnis
1617 2803 1731 2838 homo
1745 2803 1818 2838 odit

265 2867 431 2889 avarum:
456 2855 515 2890 sed
539 2855 646 2902 aliqui
671 2864 750 2890 sunt
773 2856 890 2897 avari3
914 2868 999 2902 ergo
1023 2856 1070 2890 illi
1098 2857 1222 2890 odiunt
1245 2857 1393 2903 scipsos.
