1907 3182
201 173 316 216 ’370
671 173 893 208 QUAESTIO
927 173 1015 202 LIII.
1049 173 1294 203 ARTICULUS
1328 173 1355 203 1.

230 254 273 287 ad
295 254 412 299 ipsam
434 253 593 287 radicem
615 253 776 287 habitus:
799 261 834 287 et
847 253 1012 287 similiter
1026 253 1135 287 etiam
1150 261 1269 299 potest
1283 253 1468 299 corrumpi
1481 253 1624 288 habitus
1637 253 1797 290 virtutis:

228 315 351 340 tamen
373 306 470 352 quod
493 306 632 348 dicitur,
659 307 808 340 virtutes
835 317 913 340 esse
942 307 1252 352 permanentiores
1281 306 1491 351 disciplinis,
1519 306 1797 353 intelligendum

230 368 282 394 est
302 371 375 394 non
400 372 441 394 ex
463 368 562 406 parte
585 360 747 405 subjecti,
768 359 827 393 vel
850 370 991 401 causae,
1014 359 1076 393 sed
1099 371 1141 393 ex
1162 367 1263 405 parte
1286 367 1404 394 actus:
1423 371 1508 393 nam
1523 360 1696 394 virtutum
1712 371 1797 394 usus

229 421 282 447 est
304 413 495 447 continuus
518 424 582 459 per
601 420 717 446 totam
739 412 868 454 vitam3
890 423 965 446 non
989 420 1111 445 autem
1132 423 1217 446 usus
1237 412 1519 459 disciplinarum.

800 535 1146 580 ARTICULUS
1182 535 1238 578 Π.
1729 547 1793 591 285

630 643 784 672 UTRUM
812 643 1000 672 HABITUS
1028 643 1176 672 POSSIT
1205 642 1394 673 DIMINUI.

299 731 358 765 AD
381 740 588 764 SECUNDUM
610 729 660 763 sic
683 729 900 775 proceditur.
923 729 1086 771 Videtur,
1109 729 1206 775 quod
1227 729 1372 764 habitus
1395 729 1548 763 diminui
1568 740 1643 763 non
1664 728 1796 775 possit:

227 784 368 818 habitus
393 783 489 816 enim
517 790 569 816 est
595 783 776 828 quaedam
798 782 964 828 qualitas,
991 790 1026 817 et
1050 782 1169 816 forma
1199 782 1370 830 simplex:
1397 782 1561 829 simplex,
1589 789 1710 816 autem
1737 790 1798 817 aut

225 845 345 871 totum
366 837 529 877 habetur,
557 843 618 869 aut
643 844 761 869 totum
784 835 975 879 amittitur,
1003 846 1090 881 ergo
1117 836 1273 878 habitus,
1300 836 1367 870 etsi
1393 835 1579 882 corrumpi
1599 835 1723 882 possit,
1751 835 1798 869 di-

228 891 342 924 minui
362 901 437 923 non
459 897 587 935 potest.

299 953 330 976 2.
353 943 589 977 PRAETEREA.
614 942 748 984 Omne,
768 942 864 988 quod
884 943 1055 976 convenit
1073 942 1262 984 accidenti,
1278 942 1449 977 convenit
1463 942 1582 976 eidem
1596 942 1796 976 secundum

226 1007 275 1038 se,
296 995 354 1029 vel
375 996 515 1030 ratione
534 996 589 1029 sui
607 995 777 1040 subjecti:
800 995 943 1029 habitus
967 1003 1088 1029 autem
1105 995 1306 1029 secundum
1326 996 1487 1041 seipsum
1500 1007 1574 1029 non
1589 994 1797 1037 intenditur,

226 1058 261 1083 et
278 1049 488 1091 remittitur;
512 1048 671 1094 alioquin
692 1056 914 1094 sequeretur,
930 1049 1027 1094 quod
1043 1048 1163 1094 aliqua
1181 1050 1319 1094 species
1338 1049 1382 1082 de
1401 1049 1474 1083 suis
1492 1048 1685 1082 individuis
1699 1059 1798 1094 prae-

226 1103 404 1136 dicaretur
418 1102 619 1136 secundum
633 1103 749 1147 magis,
761 1109 796 1136 et
810 1103 930 1135 minus.
945 1101 983 1135 Si
997 1113 1086 1136 vero
1101 1101 1303 1136 secundum
1318 1102 1635 1148 participationem
1646 1101 1799 1147 subJecti

226 1156 378 1189 diminui
400 1155 524 1201 possit,
547 1155 707 1200 sequitur
729 1155 826 1201 quod
851 1155 983 1201 aliquid
1003 1155 1144 1188 accidat
1164 1155 1304 1189 habitui
1325 1156 1525 1201 proprium,
1544 1154 1641 1201 quod
1659 1165 1734 1188 non
1753 1154 1798 1188 sit

226 1220 422 1243 commune
449 1209 493 1250 ei,
516 1215 551 1242 et
572 1209 755 1253 subjecto:
785 1208 1003 1254 cuicumque
1032 1215 1154 1242 autem
1184 1207 1325 1242 formae
1357 1208 1528 1242 convenit
1557 1207 1693 1254 aliquid
1719 1218 1799 1254 pro-

225 1263 343 1308 prium
365 1269 506 1308 praeter
527 1273 632 1295 suum
655 1262 869 1307 subjectum,
892 1261 953 1294 illa
975 1261 1093 1295 forma
1116 1269 1170 1295 est
1190 1261 1412 1307 separabilis,
1435 1269 1474 1295 ut
1495 1261 1625 1295 dicitur
1645 1261 1682 1294 in
1704 1272 1733 1296 1.
1753 1261 1797 1295 de

225 1316 360 1350 Anima
383 1315 459 1359 (tex.
482 1315 565 1361 13.);
589 1315 750 1360 sequitur
772 1326 870 1360 ergo,
893 1315 990 1360 quod
1012 1314 1155 1349 habitus
1178 1315 1223 1348 sit
1243 1314 1363 1348 forma
1385 1314 1605 1361 separabilis,
1624 1314 1722 1360 quod
1744 1322 1798 1349 est

225 1368 461 1414 impossibile.

301 1433 328 1467 3.
352 1422 588 1456 PRAETEREA.
612 1420 730 1462 Ratio,
747 1429 781 1454 et
793 1429 919 1454 natura
941 1421 1096 1462 habitus,
1112 1420 1204 1455 sicut
1222 1429 1257 1454 et
1276 1419 1466 1466 cujuslibet
1484 1420 1693 1462 accidentis,
1710 1431 1796 1455 con-

225 1475 318 1509 sistit
338 1475 374 1508 in
397 1474 630 1508 concretione
654 1474 698 1507 ad
719 1474 943 1519 subjectum,
967 1474 1061 1508 unde
1084 1482 1119 1507 et
1141 1473 1328 1519 quodlibet
1354 1473 1523 1508 accidens
1545 1473 1713 1508 definitur
1733 1485 1797 1520 per

226 1539 332 1562 suum
354 1528 576 1573 subjectum3
598 1528 628 1561 si
648 1527 758 1573 igitur
779 1527 921 1561 habitus
943 1527 1146 1561 secundum
1168 1527 1327 1573 seipsum
1348 1538 1423 1561 non
1450 1526 1656 1569 intenditur,
1678 1538 1797 1573 neque

226 1581 428 1622 remittitur,
450 1591 567 1626 neque
595 1580 704 1614 etiarn
731 1580 931 1614 secundum
959 1580 1233 1614 concretionem
1260 1580 1315 1614 sui
1342 1580 1386 1614 ad
1414 1580 1617 1626 subjectum
1643 1579 1797 1614 diminui

225 1634 374 1681 poterit:
399 1641 432 1668 et
454 1634 503 1667 ita
524 1633 625 1667 nullo
649 1633 761 1667 modo
785 1633 1015 1667 diminuetur.

298 1687 371 1721 SED
394 1697 549 1721 CONTRA
573 1695 636 1728 est,
659 1687 755 1732 quod
779 1686 960 1720 contraria
982 1694 1065 1720 nata
1088 1694 1170 1720 sunt
1190 1685 1268 1720 fieri
1290 1686 1385 1720 circa
1406 1685 1524 1722 idem:
1557 1694 1796 1732 augmentum

225 1748 358 1781 autem,
381 1748 415 1774 et
437 1740 627 1774 diminutio
650 1747 732 1773 sunt
754 1739 953 1781 contraria,
977 1751 1061 1773 cum
1079 1739 1188 1785 igitur
1205 1739 1349 1773 habitus
1367 1739 1482 1785 possit
1500 1739 1635 1786 augeri,
1654 1739 1797 1774 videtur

224 1793 321 1839 quod
345 1794 453 1827 etiam
476 1793 589 1839 possit
611 1793 774 1826 diminui.

295 1847 525 1881 RESPONDEO
548 1846 756 1887 dicendum,
779 1846 875 1892 quod
898 1846 1041 1880 habitus
1064 1845 1255 1892 dupliciter
1281 1846 1541 1888 diminuuntur,
1567 1846 1661 1881 sicut
1682 1855 1716 1881 et
1739 1858 1797 1881 au-

225 1908 366 1945 gentur,
382 1908 419 1934 ut
434 1911 475 1933 ex
491 1899 704 1946 supradictis
719 1908 817 1945 patet
833 1899 877 1945 (q.
889 1911 940 1946 52.
956 1905 1020 1934 art.
1036 1901 1096 1945 1.):
1120 1908 1154 1934 et
1176 1899 1268 1934 sicut
1282 1911 1324 1934 ex
1339 1899 1467 1934 eadem
1484 1911 1591 1934 causa
1607 1909 1795 1947 augentur,

224 1964 266 1987 ex
288 1965 358 1999 qua
381 1961 616 1998 generantur,
639 1953 687 1986 ita
709 1964 751 1986 ex
773 1953 901 1987 eadem
925 1964 1033 1987 causa
1056 1953 1314 1995 diminuuntur,
1338 1964 1380 1987 ex
1402 1965 1473 1999 qua
1495 1962 1794 2000 corrumpuntur:

222 2018 309 2040 nam
332 2007 523 2040 diminutio
545 2006 688 2040 habitus
711 2014 763 2040 est
785 2006 964 2052 quaedam
987 2008 1044 2040 via
1067 2006 1110 2040 ad
1134 2006 1428 2052 corruptionem;
1449 2007 1543 2041 sicut
1569 2018 1588 2042 e
1615 2017 1794 2042 converso

223 2060 410 2105 generatio
432 2059 575 2093 habitus
598 2067 650 2093 est
672 2059 856 2105 quoddam
878 2058 1155 2093 fundamentum
1178 2060 1364 2105 augmenti
1386 2059 1507 2106 ipsius.

294 2113 355 2147 AD
376 2123 525 2147 PRrMUM
549 2124 636 2158 ergo
659 2112 865 2154 dicendum,
888 2113 985 2158 quod
1006 2113 1150 2147 habitus
1172 2113 1374 2147 secundum
1401 2124 1438 2147 se
1465 2113 1714 2148 consideratus
1742 2121 1795 2148 est

223 2165 341 2200 forma
363 2166 536 2212 simplex:
564 2173 597 2200 et
624 2166 825 2200 secundum
852 2166 923 2199 hoc
951 2177 1025 2199 non
1054 2166 1185 2200 accidit
1211 2166 1243 2199 ei
1272 2166 1475 2208 diminutio,
1502 2166 1565 2201 sed
1592 2167 1794 2201 secundum

223 2219 406 2253 diversum
434 2219 586 2253 modum
613 2219 862 2265 participandi,
890 2219 950 2265 qui
978 2219 1143 2265 provenit
1170 2230 1213 2253 ex
1238 2219 1580 2254 indeterminatione
1610 2221 1794 2266 potentiae

222 2273 332 2319 ipsius
355 2272 613 2318 participantis,
636 2284 727 2317 quae
750 2272 889 2306 scilicet
915 2272 1158 2306 diversimode
1185 2280 1305 2318 potest
1331 2283 1442 2306 unam
1468 2272 1627 2307 formam
1655 2274 1795 2320 partici-

222 2337 319 2372 pare,
341 2325 398 2359 vel
421 2336 512 2371 quae
534 2333 652 2371 potest
673 2325 716 2359 ad
740 2325 852 2371 plura,
875 2325 933 2359 vel
956 2326 999 2359 ad
1022 2326 1194 2372 pauciora
1217 2326 1372 2360 extendi.

294 2379 354 2413 An
376 2389 582 2412 SECUNDUM
605 2379 811 2419 dicendum,
835 2379 932 2424 quod
954 2379 1045 2412 ratio
1069 2379 1129 2413 illa
1152 2379 1374 2425 procederet,
1397 2380 1425 2414 si
1448 2379 1524 2426 ipsa
1551 2379 1706 2414 essentia
1732 2379 1796 2414 ha-

222 2432 315 2466 bitus
336 2431 436 2465 nullo
461 2432 572 2465 modo
596 2431 869 2465 diminueretur:
894 2426 973 2466 hoc*
989 2440 1109 2466 autem
1125 2444 1198 2466 non
1219 2433 1400 2479 ponimus,
1416 2433 1477 2467 sed
1496 2433 1593 2479 quod
1612 2434 1792 2480 quaedam

222 2485 414 2518 diminutio
430 2485 604 2518 essentiae
619 2484 761 2518 habitus
777 2496 850 2518 non
866 2485 975 2519 habet
989 2486 1206 2531 principium
1222 2486 1263 2519 ab
1279 2486 1416 2528 habitu,
1431 2486 1493 2520 sed
1509 2497 1528 2520 a
1544 2487 1792 2533 participante.

295 2538 354 2572 AD
370 2548 541 2572 TERTIUM
558 2538 763 2579 dicendum,
774 2538 869 2583 quod
880 2550 1112 2584 quocumque
1128 2539 1240 2573 modo
1255 2539 1479 2584 significatur
1493 2539 1673 2581 accidens,
1684 2540 1795 2575 habet

223 2591 503 2638 dependentiam
529 2603 546 2624 a
570 2591 731 2635 subjecto
759 2591 958 2624 secundum
981 2602 1084 2624 suam
1108 2591 1304 2626 rationem:
1332 2591 1435 2626 aliter
1460 2600 1595 2634 tamen,
1617 2600 1652 2626 et
1670 2592 1792 2628 aliter:

222 2655 307 2678 nam
331 2645 498 2678 accidens
521 2643 762 2689 significatum
787 2644 820 2676 in
845 2644 1024 2678 abstracto
1047 2644 1219 2690 importat
1240 2645 1491 2679 habitudinem
1515 2645 1558 2679 ad
1578 2645 1791 2691 subjectum,

223 2709 314 2743 quae
337 2698 461 2743 incipit
483 2697 524 2731 ab
548 2697 746 2737 accidente,
769 2705 802 2730 ct
824 2697 1037 2731 terminatur
1065 2698 1108 2731 ad
1136 2698 1358 2743 subjectum:
1387 2709 1472 2732 nam
1497 2698 1627 2732 albedo
1650 2698 1791 2741 dicitur,

222 2761 292 2795 qua
315 2750 446 2796 aliquid
471 2758 524 2784 cst
546 2749 687 2791 album3
711 2757 743 2783 ct
765 2749 846 2783 ideo
867 2750 900 2783 in
921 2750 1129 2785 delinitione
1153 2751 1348 2785 accidentis
1367 2751 1535 2785 abstracti
1553 2762 1627 2785 non
1646 2752 1793 2798 ponitur

223 2803 436 2847 subjectum,
459 2804 559 2849 quasi
582 2803 697 2849 prima
721 2814 800 2848 pars
823 2802 1053 2839 definitionis,
1076 2815 1168 2849 quae
1192 2812 1244 2838 cst
1266 2815 1391 2849 genus,
1414 2805 1476 2838 sed
1498 2804 1601 2850 quasi
1620 2804 1791 2848 secunda,

223 2867 314 2901 quac
338 2864 390 2890 est
412 2856 631 2891 differentia:
651 2856 804 2890 dicimus
827 2856 936 2896 enim,
959 2856 1054 2901 quod
1077 2858 1203 2891 similas
1224 2862 1266 2891 cs!
1288 2859 1437 2892 curvitas
1458 2858 1540 2892 nasi.
1561 2856 1633 2892 Sed
1652 2857 1687 2891 in
1708 2868 1792 2892 con-
