1907 3198
543 179 765 217 QUAESTIO
799 178 887 210 XCI.
921 177 1165 210 ARTICULUS
1199 177 1225 207 1.
1574 166 1658 220 649

619 423 974 486 QUAESTIO
1015 423 1148 472 XCI.

194 549 259 582 DE
295 548 464 582 LEGUM
503 548 831 588 DIVERSITATE,
873 548 923 579 IN
962 547 1049 579 SEX
1086 545 1350 579 ARTICULOS
1387 544 1562 576 DIVISA.

168 687 311 724 Deinde
331 687 636 724 considerandum
659 696 712 723 est
733 688 776 722 de
797 686 1002 722 diversitate
1023 685 1157 734 legum.

604 776 649 811 Et
668 777 759 811 circa
779 776 838 811 hoc
858 780 1067 822 quaeruntur
1085 787 1150 810 sex.

0 808 29 909 &vv
0 699 20 792 >xv

169 846 306 883 Primo.
329 846 462 883 Utrum
483 847 528 882 sit
549 846 668 895 aliqua
689 846 745 882 lex
767 855 924 882 aeterna.

135 947 142 951 ¹
169 899 351 937 Secundo.
374 901 504 936 Utrum
527 901 571 936 sit
593 901 711 948 aliqua
734 901 790 936 lex
811 901 995 936 naturalis.

5 975 25 1004 α·
169 953 308 991 Tertio.
330 954 462 990 Utrum
484 955 529 990 sit
549 955 669 1002 aliqua
690 954 748 990 lex
768 955 940 990 humana.

0 1006 6 1011 ”
169 1007 324 1051 Quarto.
346 1008 479 1044 Utrum
500 1009 545 1044 sit
566 1009 686 1056 aliqua
707 1008 763 1044 lex
785 1008 916 1043 divina.

170 1061 323 1104 Quinto.
346 1062 479 1098 Utrum
500 1062 545 1098 sit
567 1073 637 1097 una
659 1070 811 1105 tantum,
832 1062 890 1097 vel
912 1061 1044 1110 plures.

169 1115 291 1152 Sexto.
314 1115 448 1152 Utrum
469 1115 514 1151 sit
535 1115 653 1164 aliqua
677 1115 733 1151 lex
755 1115 906 1164 peccati.

672 1293 1020 1339 ARTICULUS
1050 1294 1084 1337 I.
1591 1307 1660 1350 484

476 1401 629 1432 UTRUM
661 1401 730 1432 SIT
761 1401 928 1438 ALIQUA
959 1401 1043 1431 LEX
1068 1401 1282 1432 AETERNA.

299 1493 402 1541 (Insr.
423 1506 454 1542 q.
475 1506 524 1542 93.
546 1500 610 1530 art.
631 1507 659 1532 1.
677 1502 740 1543 par
758 1500 813 1531 tot.
835 1500 863 1531 et
883 1500 949 1531 art.
967 1507 995 1542 3.
1018 1500 1046 1531 et
1066 1506 1099 1540 4.
1121 1500 1212 1541 corp.
1234 1499 1300 1529 art.
1318 1506 1347 1541 5.
1369 1494 1412 1529 ad
1425 1507 1453 1541 3.

143 1552 175 1586 et
192 1559 227 1594 4.
247 1548 337 1585 Dist.
353 1559 399 1596 33.
420 1560 451 1596 q.
472 1561 500 1585 1.
522 1554 588 1584 art.
609 1561 637 1585 ι.
658 1554 689 1584 et
709 1549 765 1584 lib.
783 1561 812 1597 3.
831 1549 946 1585 Contr.
960 1561 990 1595 g.
1005 1555 1076 1596 cap.
1095 1560 1157 1595 115.
1172 1553 1203 1583 et
1218 1549 1312 1584 Rom.
1331 1548 1363 1583 S.
1385 1559 1468 1583 corn.
1483 1548 1611 1595 3.fin.).

168 1643 229 1681 An
248 1653 398 1680 numm
411 1643 462 1679 sic
477 1643 694 1691 proceditur.
709 1643 872 1687 Videtur,
886 1643 984 1691 quod
1002 1655 1076 1679 non
1091 1644 1135 1679 sit
1150 1643 1268 1690 aliqua
1283 1642 1339 1678 lex
1358 1651 1521 1678 aeterna:
1541 1644 1661 1679 omnis

96 1697 195 1734 enim
215 1696 272 1733 lex
292 1697 470 1745 aliquibus
492 1698 710 1745 imponitur:
732 1698 794 1733 sed
816 1709 890 1733 non
911 1697 978 1732 fuit
999 1698 1042 1732 ab
1066 1706 1226 1739 aeterno,
1241 1697 1298 1732 cui
1321 1696 1440 1744 aliqua
1461 1697 1518 1732 lex
1539 1706 1662 1745 posset

95 1749 252 1800 irnponi:
273 1750 374 1787 solus
394 1751 492 1786 enim
513 1751 614 1786 Deus
634 1750 700 1786 fuit
718 1752 762 1786 ab
784 1760 952 1794 aetemo;
974 1762 1061 1797 ergo
1083 1750 1183 1786 nulla
1204 1750 1260 1786 lex
1282 1759 1335 1785 est
1361 1759 1518 1786 aeterna.

167 1815 200 1841 2.
226 1804 463 1841 Puerum.
489 1804 743 1852 Promulgatio
774 1814 827 1840 est
852 1805 896 1840 de
923 1805 1063 1840 ratione
1090 1804 1200 1851 legis:
1227 1804 1287 1839 sed
1314 1804 1560 1851 promulgatio
1586 1816 1660 1840 non

94 1859 212 1907 potuit
231 1869 310 1894 esse
331 1858 374 1894 ab
401 1866 570 1902 aeterno;
596 1859 680 1906 quia
707 1870 780 1894 non
807 1867 883 1894 erat
909 1858 952 1894 ab
979 1866 1127 1894 aeterno
1155 1858 1214 1893 cui
1240 1857 1550 1905 promulgaretur;
1573 1870 1660 1906 ergo

94 1910 194 1948 nulla
215 1911 272 1948 lex
292 1919 412 1960 potest
431 1923 511 1948 esse
533 1920 689 1948 aeterna.

168 1976 199 2013 3.
219 1965 456 2002 Pius-ream.
479 1965 553 2001 Lex
575 1966 747 2013 importat
768 1966 935 2001 ordinem
957 1965 1000 2001 ad
1023 1965 1153 2001 finem:
1176 1966 1238 2001 sed
1265 1965 1356 2000 nihil
1383 1974 1436 2001 est
1461 1974 1660 2011 aeternum,

76 2019 193 2067 .quod
214 2018 400 2056 ordinetur
420 2019 465 2055 ad
485 2019 613 2055 finem:
635 2018 734 2055 solus
761 2020 856 2054 enim
886 2019 1033 2055 ultimus
1061 2019 1141 2055 finis
1167 2027 1221 2055 est
1247 2028 1430 2063 aeternus;
1452 2032 1540 2068 crgo
1561 2021 1660 2057 nulla

94 2071 153 2109 lex
173 2079 228 2109 est
247 2080 404 2109 aeterna.

167 2125 244 2163 San
261 2137 417 2164 CONTRA
431 2134 496 2170 est,
515 2126 613 2175 quod
636 2127 788 2174 August.
810 2126 896 2162 dicit
913 2127 948 2162 in
970 2126 1030 2161 lib.
1056 2137 1084 2161 1.
1106 2127 1150 2162 de
1165 2126 1242 2162 Lib.
1266 2127 1352 2163 Arb.
1375 2128 1462 2176 (cap.
1484 2128 1517 2164 6.
1533 2135 1659 2176 parum

95 2190 118 2218 a
136 2179 254 2228 med.).·
274 2180 356 2224 Lex,
376 2192 460 2229 quae
478 2192 608 2216 summa
633 2182 722 2216 ratio
750 2182 955 2225 nominatur,
983 2192 1047 2216 non
1070 2186 1174 2228 potest
1203 2182 1349 2229 cuipiam
1374 2182 1567 2229 intelligenti
1594 2194 1659 2218 non

95 2234 388 2278 incommutabilis,
407 2239 601 2282 aeternaque
619 2234 740 2270 videri,

165 2286 397 2325 RESPONDEO
417 2287 624 2331 dicendum,
645 2288 754 2336 quod,
774 2288 866 2323 sicut
886 2299 993 2336 supra
1016 2288 1152 2323 dictum
1169 2297 1223 2324 est
1237 2289 1285 2336 (q.
1296 2295 1410 2337 praec.
1424 2295 1490 2325 art.
1505 2302 1532 2325 ι.
1553 2291 1658 2336 αφ).

95 2340 187 2378 nihil
200 2349 255 2378 est
267 2340 364 2378 aliud
377 2340 448 2385 lex,
460 2352 571 2390 quam
585 2342 766 2377 dictamen
786 2342 965 2389 practicae
984 2341 1132 2377 rationis
1153 2342 1189 2377 in
1211 2342 1384 2390 principe,
1406 2343 1465 2390 qui
1485 2343 1660 2389 gubernat

97 2393 256 2444 aliquam
281 2395 585 2431 communitatem
612 2394 822 2443 perfectam.
850 2394 1082 2431 Manifestum
1109 2403 1163 2431 cst
1189 2404 1323 2439 autem,
1350 2397 1536 2444 supposito
1561 2397 1658 2444 quod

96 2448 253 2486 mundus
273 2448 394 2485 divina
414 2449 640 2497 providentia
659 2458 814 2496 regatur,
836 2457 874 2484 ut
895 2449 930 2484 in
957 2461 984 2485 1.
1006 2450 1170 2485 habitum
1192 2459 1245 2486 est
1267 2450 1312 2497 (q.
1335 2462 1388 2487 22.
1410 2456 1476 2486 art.
1492 2463 1518 2486 1.
1540 2456 1569 2486 et
1595 2451 1658 2496 2.),

95 2502 193 2552 quod
213 2509 290 2539 tota
310 2503 556 2539 communitas
577 2503 734 2538 universi
755 2503 974 2550 gubernatur
994 2504 1134 2539 ratione
1153 2504 1290 2546 divina;
1309 2512 1344 2539 et
1365 2503 1447 2539 ideo
1469 2505 1545 2551 ipsa
1567 2504 1658 2539 ratio

96 2556 367 2605 gubernationis
380 2567 501 2592 rerum
516 2556 551 2592 in
566 2556 659 2600 Deo,
681 2557 773 2592 sicut
786 2556 821 2592 in
837 2557 997 2604 principe
1013 2557 1253 2593 universitatis
1268 2558 1434 2601 existens,
1449 2558 1538 2604 legis
1551 2557 1659 2593 habet

95 2608 293 2654 ναῖοι-κως
312 2617 349 2646 et
368 2609 452 2658 quia
473 2609 594 2646 divina
614 2610 706 2645 ratio
728 2610 818 2645 nihil
839 2611 998 2659 concipit
1018 2623 1059 2646 ex
1081 2619 1258 2659 tempore,
1273 2611 1333 2647 sed
1348 2611 1456 2647 liabct
1471 2619 1656 2647 aeternum

96 2670 330 2712 conceptum,
354 2671 394 2699 ut
417 2663 547 2699 dicitur
567 2663 739 2699 Proverb.
761 2663 806 2707 8.,
828 2663 910 2700 inde
932 2673 996 2708 cst,
1010 2665 1107 2712 quod
1133 2665 1342 2712 hujusmodi
1369 2664 1488 2711 legem
1516 2673 1659 2712 oportet

95 2714 217 2754 dicere
238 2724 434 2753 aeternam.

167 2768 230 2806 Al>
247 2779 398 2807 numu
413 2781 501 2820 ergo
522 2771 728 2813 dicendum,
743 2770 839 2818 quod
858 2781 899 2806 ea
918 2783 1010 2819 quae
1033 2772 1067 2807 in
1087 2772 1212 2820 seipsis
1227 2783 1300 2807 non
1323 2778 1414 2814 sunt,
1430 2772 1521 2819 apud
1537 2771 1657 2807 Deum

96 2822 266 2868 existunt,
289 2823 503 2873 inquantum
524 2832 606 2860 sunt
632 2824 675 2859 ab
702 2824 782 2871 ipso
808 2825 966 2871 cognita,
992 2833 1028 2862 et
1054 2826 1316 2873 praeordinata,
1342 2825 1542 2861 secundum
1569 2825 1656 2860 illud

96 2874 330 2923 Romanius
353 2878 425 2925 Qui
439 2883 540 2916 vocae
559 2888 598 2914 aa
617 2889 700 2926 quae
719 2889 785 2914 non
804 2883 891 2922 sunt,
919 2877 1090 2927 tamquam
1111 2891 1148 2916 ea
1169 2891 1251 2927 quae
1278 2884 1374 2916 sunt:
1397 2878 1447 2915 sic
1476 2879 1585 2927 igitur
1602 2889 1657 2915 ae-
