1907 3198
516 184 738 222 Qufflsrro
771 184 861 215 vm.
894 183 1141 215 Amemus
1175 183 1218 214 ιι.
1584 171 1638 228 89

0 270 14 306 'r
136 278 170 304 2.
190 267 427 303 Pam-:Taum
447 265 508 302 Ad
528 277 583 309 ea,
604 277 696 313 quae
709 274 793 302 sunt
805 266 946 302 diversa
960 277 1106 314 genere,
1120 265 1284 300 diversae
1299 265 1481 312 potentiae
1495 266 1639 301 animae

69 321 292 364 ordinantur,
314 329 353 356 ut
372 320 503 356 dicitur
517 319 556 355 in
573 318 606 355 6.
624 320 786 355 Ethicor.
809 319 897 367 (cap.
919 333 947 356 1.
968 332 989 355 a
1011 320 1124 366 med.):
1140 319 1203 354 sed
1222 318 1313 361 finis,
1327 327 1362 354 et
1376 330 1430 361 ea,
1446 330 1538 366 quae
1556 327 1641 354 sunt

69 375 115 411 ad
134 374 258 417 finem,
282 383 366 409 sunt
386 375 423 409 in
444 374 587 409 diverso
608 385 741 420 genere
762 373 861 416 boni,
882 385 969 408 nam
991 373 1083 416 finis,
1104 373 1166 420 qui
1187 382 1240 408 est
1265 373 1403 408 bonum
1429 373 1639 415 honestum,

67 427 128 464 vel
146 427 370 470 delectabile,
392 436 446 463 est
466 428 502 463 in
523 438 655 475 genere
678 426 871 474 qualitatis,
893 427 951 462 vel
973 427 1138 469 actionis,
1173 435 1235 461 aut
1268 426 1464 473 passionis:
1499 426 1638 461 bonum

68 489 203 525 autem,
223 482 320 528 quod
342 482 472 517 dicitur
493 480 591 524 utile,
612 481 710 528 quod
732 489 786 516 est
806 480 850 515 ad
873 480 994 523 finem,
1017 488 1071 516 est
1092 480 1127 514 in
1149 480 1192 515 ad
1212 480 1352 526 aliquid,
1383 488 1422 514 ut
1449 479 1580 514 dicitur
1601 479 1637 514 in

72 545 102 571 ι.
121 534 239 571 Ethic.
262 535 351 583 (cup.
372 536 436 580 6.);
460 546 548 582 ergo
569 534 598 570 si
619 533 787 569 voluntas
809 542 863 569 est
883 533 975 576 finis,
997 545 1071 568 non
1094 535 1160 569 erit
1189 545 1330 576 eornm,
1364 545 1456 580 quae
1490 542 1573 568 sunt
1594 533 1638 567 ad

69 587 192 625 finem.
288 624 299 629 ,

140 653 170 690 3.
191 641 428 678 PRAETEREA.
452 641 603 678 Habitus
624 642 945 689 proportionantur
967 641 1149 688 potentiis,
1173 652 1255 675 cum
1279 641 1350 676 sint
1371 652 1497 675 earum
1529 639 1640 687 perse-

27 711 30 719 *
66 695 225 733 aiones:
243 695 306 731 sed
324 696 360 731 in
379 696 571 738 habitibus,
587 697 647 742 qui
665 695 834 730 dicuntur
852 704 944 730 artes
963 695 1183 742 operativae,
1204 695 1246 729 ad
1267 694 1362 729 aliud
1379 694 1532 741 pertinet
1547 693 1638 737 finis,

66 757 105 787 et
122 748 169 786 ad
189 748 286 785 aliud
307 749 404 797 quod
426 758 480 785 est
500 749 544 784 ad
566 748 694 784 finem:
710 749 802 784 sicut
816 749 860 783 ad
876 749 1177 796 gubernationem
1195 748 1257 794 [al.
1271 748 1543 794 gubernatorem]
1564 760 1639 795 per-

66 803 158 841 tinet
177 813 262 839 usus
283 803 396 846 navis,
418 803 479 850 qui
505 811 559 838 est
579 801 659 838 finis
680 803 773 849 ejus:
797 802 840 838 ad
862 801 1120 838 navisactivam
1146 813 1233 837 vero
1266 801 1490 837 constructio
1523 802 1637 844 navis,

66 867 161 906 quae
180 864 235 893 est
254 865 401 905 propter
423 857 550 900 finem;
576 868 664 903 ergo
686 868 770 891 cum
792 855 960 891 voluntas
982 857 1026 891 sit
1047 856 1138 899 finis,
1161 866 1234 890 non
1270 856 1336 891 erit
1369 867 1510 898 eorum,
1544 867 1637 902 quae

65 918 152 947 sunt
167 910 212 946 ad
229 909 352 947 finem.

139 963 216 1001 SED
237 974 392 1001 coum
414 971 479 1007 est,
498 964 582 1012 quia
603 963 639 999 in
661 964 765 999 rebus
787 963 1010 999 naturalibus
1026 975 1089 1011 per
1103 963 1271 998 eamdem
1286 962 1485 1010 potentiam
1503 962 1636 1009 aliquid

67 1018 259 1067 pertransit
279 1019 411 1063 media,
432 1027 468 1055 et
487 1018 657 1066 pertingit
677 1018 721 1053 ad
743 1018 958 1053 terminum:
982 1017 1043 1052 sed
1065 1029 1119 1060 ea,
1138 1028 1230 1064 quae
1250 1025 1332 1052 sunt
1350 1017 1394 1051 ad
1414 1015 1536 1058 finem,
1555 1024 1638 1051 sunt

67 1071 249 1120 quaedam
268 1071 400 1115 media,
421 1083 484 1119 per
504 1083 596 1119 quae
618 1072 824 1119 pervenitur
845 1071 889 1106 ad
912 1071 1034 1114 finem,
1068 1071 1161 1106 sicut
1183 1071 1226 1105 ad
1248 1071 1463 1113 terminum3
1498 1081 1586 1117 ergo
1608 1069 1637 1104 si

67 1124 237 1162 voluntas
255 1133 310 1162 est
328 1124 422 1169 finis,
441 1125 518 1172 ipsa
539 1125 650 1161 etiarn
670 1133 725 1160 est
746 1136 886 1168 eorum,
907 1137 999 1172 quae
1021 1133 1104 1160 sunt
1125 1125 1168 1159 ad
1191 1124 1314 1161 finem.

137 1177 369 1217 Rnwonnto
387 1178 595 1220 dicendum,
616 1178 714 1225 quod
732 1178 900 1214 voluntas
918 1178 1110 1225 quandoqn.-
1128 1178 1258 1213 dicitur
1276 1179 1352 1225 ipsa
1372 1177 1545 1225 potentia,
1564 1188 1634 1224 qua

64 1230 248 1277 polluam,
267 1231 460 1279 quandoque
481 1239 603 1267 autem
625 1231 701 1278 ipse
723 1231 918 1266 voluntatis
938 1240 1050 1266 actus.
1070 1232 1108 1266 Si
1128 1243 1217 1278 ergo
1236 1232 1431 1279 loquamur
1447 1231 1491 1266 de
1510 1230 1636 1266 volun-

61 1290 151 1330 ωε,
168 1283 370 1322 secundum
389 1284 487 1332 quod
520 1284 686 1319 nominat
719 1285 932 1332 potentiam,
954 1285 1004 1319 sic
1027 1296 1064 1320 se
1087 1285 1244 1320 extendit
1267 1294 1302 1320 et
1323 1285 1366 1319 ad
1389 1284 1512 1327 finem,
1535 1293 1569 1319 et
1590 1284 1634 1319 ad

62 1346 109 1381 οι
126 1348 222 1386 quae
238 1344 324 1374 sunt
342 1338 388 1374 ad
404 1337 527 1374 finem.
541 1337 599 1373 Ad
614 1349 655 1373 ea
670 1338 768 1373 enim
782 1350 820 1373 se
835 1337 993 1373 extendit
1007 1350 1244 1385 unaquaeque
1260 1338 1432 1385 potentia,
1451 1339 1486 1372 in
1506 1338 1635 1385 quibus

0 1408 2 1411 ’
39 1436 42 1438 ,
61 1389 219 1430 inveniri
234 1398 356 1440 potest
373 1402 605 1440 quocumque
627 1391 740 1426 modo
761 1391 853 1426 ratio
874 1391 930 1426 sui
952 1391 1104 1437 objecti:
1126 1392 1219 1427 sicut
1239 1392 1336 1427 visus
1357 1403 1395 1427 se
1414 1392 1573 1427 extendit
1591 1391 1634 1426 ad

0 1446 22 1467 ’'-
62 1443 190 1482 omnia
208 1455 461 1493 quaecumque
482 1443 698 1492 participant
710 1456 943 1492 quocumque
958 1445 1070 1480 modo
1087 1445 1271 1481 colorem:
1287 1445 1379 1480 ratio
1396 1454 1517 1480 autem
1535 1445 1633 1487 boni,

62 1497 163 1547 quod
181 1505 237 1535 est
254 1497 439 1545 objectum
456 1498 639 1545 potentiae
654 1498 864 1541 voluntatis,
878 1499 1058 1534 invenitur
1072 1510 1147 1534 non
1162 1498 1282 1534 solum
1297 1499 1333 1533 in
1349 1499 1432 1542 fine,
1446 1499 1508 1534 sed
1524 1499 1633 1534 etiam

15 1599 17 1601 Ι
61 1550 101 1589 in
118 1551 190 1596 his,
207 1563 303 1600 quae
320 1560 405 1588 sunt
424 1552 470 1588 ad
491 1551 613 1587 finem.
635 1552 675 1587 Si
696 1561 819 1588 autem
839 1552 1035 1599 loquamur
1048 1552 1092 1588 de
1106 1552 1304 1595 voluntate,
1319 1553 1521 1587 secundum
1536 1552 1634 1599 quod

16 1647 19 1650 ,
59 1605 230 1645 nominat
247 1605 392 1654 proprie
413 1613 547 1649 actum,
567 1606 619 1641 sic
641 1606 785 1654 proprie
806 1605 991 1653 loquendo
1013 1614 1067 1641 est
1088 1605 1168 1641 finis
1197 1615 1358 1641 tantum:
1386 1606 1507 1641 omnis
1535 1606 1633 1641 enirn

60 1666 164 1696 actus
182 1659 439 1695 denominatus
467 1671 488 1694 a
509 1659 670 1707 potentia
702 1659 870 1695 nominat
902 1659 1108 1707 simplicem
1142 1668 1265 1694 actum
1299 1659 1394 1694 illius
1429 1659 1632 1706 potentiae:

59 1712 156 1750 sicut
171 1712 376 1761 intelligere
395 1713 564 1749 nominat
583 1713 789 1761 simplicem
812 1722 935 1748 actum
958 1712 1172 1748 intellectus.
1196 1713 1360 1760 Simplex
1383 1722 1505 1748 autem
1532 1721 1633 1748 actus

58 1766 245 1816 potentiae
264 1775 320 1803 est
337 1766 376 1802 in
395 1767 444 1810 id,
464 1767 563 1814 quod
576 1775 630 1802 est
643 1767 844 1802 secundum
859 1778 896 1802 se
912 1767 1096 1813 objectum
1111 1767 1315 1814 potentiae:
1331 1767 1366 1801 id
1381 1775 1516 1810 autem,
1536 1767 1633 1814 quod

59 1828 116 1857 est
132 1828 281 1870 propter
299 1831 339 1856 se
358 1820 511 1864 bonum,
531 1829 567 1856 et
587 1820 754 1863 volitum,
776 1829 830 1856 est
851 1820 943 1863 finis,
966 1820 1060 1855 unde
1083 1820 1252 1856 voluntas
1275 1821 1419 1868 proprie
1440 1829 1495 1856 est
1522 1821 1634 1881 ipsius

58 1873 160 1912 finis:
180 1885 225 1911 ea
243 1885 344 1919 vero,
364 1885 459 1922 quae
478 1883 563 1910 sunt
583 1874 627 1910 ad
650 1874 771 1917 finem,
793 1886 868 1909 non
890 1882 971 1909 sunt
992 1874 1099 1916 bona,
1121 1874 1180 1909 vel
1201 1874 1312 1910 volita
1335 1883 1482 1921 propter
1503 1874 1633 1921 seipsa,

23 1955 26 1957 Α
57 1927 124 1967 sod
140 1939 186 1966 ex
205 1927 335 1965 ordine
354 1927 400 1964 ad
421 1927 551 1964 finem:
587 1929 681 1963 unde
703 1927 900 1963 voluntas
893 1939 928 1962 m
947 1939 989 1962 ea
1007 1939 1081 1962 non
1099 1927 1221 1970 fertur,
1240 1928 1308 1963 nisi
1328 1937 1506 1975 quatenus
1523 1927 1634 1963 fertur

57 1980 98 2030 in
115 1981 247 2020 finem:
267 1981 364 2019 unde
383 1982 485 2018 hoc
476 1994 609 2030 ipsum,
630 1983 729 2030 quod
750 1983 786 2017 in
809 1982 860 2017 eis
882 1981 969 2024 vult,
988 1990 1041 2017 est
1059 1981 1157 2017 finis:
1177 1982 1270 2017 sicut
1287 1991 1323 2017 et
1341 1981 1540 2029 intelligere
1555 1993 1635 2029 pro-

57 2035 137 2087 prie
155 2044 211 2073 est
223 2047 363 2080 eorum,
375 2047 469 2084 quae
483 2036 685 2079 secundum
699 2048 737 2071 se
753 2044 1038 2083 cognoscuntur,
1051 2035 1190 2071 scilicet
1205 2036 1479 2083 principiorum.
1495 2035 1631 2071 Eorum

55 2097 193 2135 antem,
216 2101 310 2138 quae
334 2098 608 2137 cognoscuntur
634 2102 698 2137 per
724 2090 900 2137 principia
927 2100 1001 2124 non
1028 2089 1159 2125 dicitur
1185 2101 1263 2125 esse
1288 2089 1542 2137 intelligentia,
1559 2090 1630 2125 nisi

56 2143 275 2194 inquanmm
297 2143 337 2180 in
359 2145 412 2180 eis
435 2144 514 2192 ipsa
539 2144 714 2192 principia
750 2143 1044 2179 considerantur:
1078 2144 1128 2179 sic
1156 2144 1254 2179 enim
1280 2155 1319 2179 se
1346 2144 1456 2179 habet
1489 2143 1569 2178 finis
1595 2143 1631 2178 in

57 2197 322 2248 §petibilibus
353 2197 448 2234 sicut
477 2209 516 2234 se
544 2198 655 2233 habet
685 2198 903 2245 principium
929 2197 966 2232 in
992 2196 1290 2245 intelligibilibus,
1317 2206 1355 2233 ut
1380 2197 1510 2232 dicitur
1534 2197 1571 2232 in
1599 2208 1630 2244 7.

58 2250 221 2289 Ethieor.
243 2251 334 2301 (cap.
354 2251 419 2297 8.).

128 2305 192 2343 An
211 2315 363 2343 ιἰιιιυκ
382 2316 471 2352 ergo
492 2304 700 2348 dicendum,
722 2305 819 2352 quod
841 2304 1088 2352 Philosophus
1114 2304 1274 2352 loquitur
1295 2304 1338 2340 de
1360 2304 1559 2348 voluntate,
1581 2316 1633 2340 se-

177 2376 209 2392 m
239 2358 338 2408 quod
355 2358 500 2407 proprie
522 2359 691 2394 nominat
709 2358 916 2406 simplicem
938 2367 1061 2394 actum
1082 2358 1293 2401 voluntatis,
1327 2370 1401 2394 non
1436 2368 1559 2394 autem
1579 2370 1632 2395 se-

191 2432 210 2444 ··
239 2412 339 2462 quod
358 2412 527 2449 nominat
546 2412 760 2460 potentiam.

75 2502 89 2515 .
115 2467 193 2513 ¹Al>
210 2476 420 2505 secuunuu
441 2466 649 2510 dicendum,
669 2466 767 2514 quod
788 2466 833 2501 ad
851 2478 906 2510 ea,
927 2478 1019 2514 quae
1038 2475 1122 2502 sunt
1138 2466 1278 2502 diversa
1293 2478 1437 2513 genere,
1453 2478 1495 2502 ex
1512 2478 1630 2514 aequo

48 2538 58 2564 ι·
116 2520 300 2566 habentia,
321 2520 535 2557 ordinantur
554 2520 717 2556 diversae
732 2521 934 2568 potentiae:
956 2521 1050 2556 sicut
1069 2532 1193 2564 sonus,
1215 2530 1249 2556 et
1264 2520 1367 2556 color
1387 2529 1469 2556 sunt
1490 2521 1631 2556 diversa

141 2598 152 2603 -
178 2593 182 2597 ’
212 2573 451 2618 sensibilium,
471 2573 516 2610 ad
536 2585 629 2622 quae
650 2574 863 2610 ordinantur
889 2575 1043 2617 auditus,
1064 2583 1099 2610 et
1120 2575 1235 2610 visus.
1270 2575 1333 2610 sed
1368 2575 1457 2617 ιιιῐΙῃ
1481 2583 1517 2610 et
1537 2574 1633 2610 hom·-

102 2671 107 2673 ‚
159 2639 238 2665 non
257 2640 303 2665 ex
322 2639 440 2676 aequo
461 2639 501 2664 se
521 2627 668 2671 habent,
689 2628 750 2664 sed
772 2628 864 2663 sicut
886 2628 983 2675 quod
1006 2637 1060 2664 est
1079 2641 1125 2664 sc:
1122 2629 1255 2663 undum
1278 2641 1306 2663 s
1293 2650 1318 2671 ,
1341 2637 1376 2663 et
1392 2641 1421 2663 sc
1425 2628 1566 2663 cundum
1585 2628 1632 2663 ul·

51 2684 187 2731 m,
206 2680 418 2744 hujusmodi
439 2689 561 2718 autem
582 2692 726 2729 semper
747 2680 949 2717 referuntur
970 2682 1014 2716 ad
1037 2682 1205 2717 eamdem
1227 2682 1440 2729 potentiam,
1458 2682 1551 2717 sicut
1567 2693 1631 2729 per

185 2734 195 2744 '
231 2754 250 2766 ι·
278 2735 435 2771 visivam
454 2735 607 2771 sentitur
627 2744 663 2772 et
683 2735 798 2778 color,
820 2743 854 2770 et
875 2734 934 2770 lux
956 2747 1020 2783 per
1041 2747 1150 2782 quam
1173 2735 1276 2770 color
1297 2735 1447 2770 xidetur.

128 2788 193 2826 An
208 2798 382 2827 τειτιυκ
404 2787 611 2833 dicendum,
631 2789 730 2836 quod
752 2801 826 2825 non
848 2789 1021 2836 quidquid
1044 2789 1101 2824 div
1107 2801 1172 2824 ers
1167 2789 1262 2824 'ficat
1284 2789 1461 2831 habitum,
1483 2789 1630 2825 diversi-

54 2855 56 2859 ’
98 2864 100 2866 -
128 2860 130 2869 ·
160 2842 387 2892 potentiam:
405 2841 550 2878 habitus
569 2842 668 2878 enim
686 2851 770 2878 sunt
787 2842 967 2890 quaedam
981 2843 1210 2878 determinati
1204 2854 1303 2878 ones
1323 2842 1566 2890 potentiarum
1585 2843 1629 2879 ad

168 2914 174 2924 -
220 2893 397 2945 speciales
418 2903 536 2933 actus:
558 2903 594 2932 et
613 2903 736 2933 tamen
754 2895 936 2945 quaelibet
954 2907 1010 2932 ars
1029 2896 1213 2944 operativa
1233 2896 1438 2932 considerat
1455 2904 1490 2933 et
1507 2895 1632 2942 finem,
