1907 3182
257 174 343 227 364
467 188 469 191 “
705 185 926 220 QUAESTIO
962 186 1033 215 LII.
1066 185 1311 215 ARTICULUS
1345 185 1373 215 Ι.

252 265 432 299 rationem
453 264 598 311 speciei,
619 275 767 298 necesse
789 273 842 299 est
859 264 956 311 quod
979 265 1179 299 secundum
1197 276 1235 299 se
1250 265 1476 299 considerata
1497 265 1630 300 habeat
1650 265 1814 300 determi-

253 327 377 352 natam
399 318 590 359 rationem,
605 329 696 364 quae
711 329 828 364 neque
846 319 883 351 in
901 317 980 364 plus
997 318 1181 360 excedere,
1203 329 1321 364 neque
1334 318 1371 352 in
1386 318 1504 352 minus
1518 318 1671 353 deficere
1686 319 1817 365 possit:

253 379 288 406 et
308 371 519 417 hujusmodi
540 378 622 405 sunt
644 370 754 412 calor,
777 379 811 405 et
833 371 974 412 albedo,
1002 379 1037 405 et
1058 370 1148 404 aliae
1177 371 1388 416 hujusmodi
1409 371 1610 417 qualitates,
1631 382 1723 418 quae
1743 382 1818 405 non

253 424 421 458 dicuntur
438 424 475 457 in
497 424 622 458 ordine
645 424 688 457 ad
707 423 814 465 aliud,
838 432 873 458 et
895 423 1010 458 multo
1033 424 1149 469 magis
1171 424 1379 466 substantia,
1401 436 1493 470 quae
1515 433 1569 459 est
1588 436 1650 471 per
1676 435 1714 458 se
1735 435 1817 458 ens:

252 477 314 512 illa
339 488 439 519 vero,
461 488 553 523 quae
571 477 748 522 recipiunt
770 477 931 522 speciem
954 488 997 510 ex
1016 476 1149 523 aliquo,
1173 477 1216 510 ad
1239 477 1336 523 quod
1358 478 1581 519 ordinantur,
1603 484 1754 524 possunt
1768 487 1819 511 se-

254 530 413 565 cundum
432 531 548 576 seipsa
570 530 803 564 diversificari
823 530 860 563 in
878 530 970 576 plus,
988 529 1047 564 vel
1067 530 1104 563 in
1127 530 1265 572 minus,
1281 537 1315 564 et
1332 530 1572 565 nihilominus
1594 537 1677 564 sunt
1690 529 1818 564 eadem

253 585 373 630 specie
395 592 542 630 propter
563 583 739 617 unitatem
761 584 848 628 ejus,
872 583 915 616 ad
931 584 1028 629 quod
1047 583 1270 625 ordinantur,
1290 594 1332 617 ex
1353 595 1426 629 quo
1444 584 1624 630 recipiunt
1640 583 1818 629 speciem:

253 639 346 671 sicut
367 645 488 671 motus
507 636 706 670 secundum
725 647 762 670 se
782 644 835 670 est
851 636 1037 678 intensior,
1053 644 1087 670 et
1105 636 1309 678 remissior;
1324 644 1359 670 et
1370 644 1494 670 tamen
1511 644 1675 670 remanet
1692 635 1821 670 eadem

253 691 392 737 species
414 698 559 736 propter
580 689 756 723 unitatem
777 690 934 731 termini,
954 701 997 724 ex
1018 701 1090 735 quo
1119 689 1354 735 specificatur.
1377 689 1422 723 Et
1447 689 1545 724 idem
1566 696 1686 735 potest
1707 688 1823 722 consi-

253 744 370 778 derari
383 744 419 777 in
438 743 607 777 sanitate:
623 753 710 776 nam
729 754 859 788 corpus
878 743 1049 788 pertingit
1064 743 1106 776 ad
1122 743 1301 776 rationem
1316 742 1489 784 sanitatis,
1503 742 1705 776 secundum
1723 741 1821 787 quod

253 797 363 831 habet
384 796 658 842 dispositionem
674 796 952 829 convenientem
967 803 1116 829 naturae
1132 795 1310 837 animalis,
1325 795 1383 829 cui
1398 803 1549 841 possunt
1566 794 1820 841 dispositiones

254 850 416 884 diversae
432 850 689 883 convenientes
711 860 809 884 esse:
833 849 927 882 unde
946 857 1064 895 potest
1085 849 1215 882 variari
1230 848 1418 894 dispositio
1440 849 1477 882 in
1496 847 1588 894 plus,
1605 847 1665 881 vel
1682 847 1822 882 minus:

255 911 291 938 et
310 911 434 937 tamen
455 913 598 948 semper
619 910 783 936 remanet
808 902 971 936 sanitatis
1005 903 1116 936 ratio:
1144 901 1238 935 unde
1267 901 1406 935 Philos.
1439 901 1527 935 dicit
1553 901 1590 934 in
1623 911 1675 936 10.
1705 901 1822 935 Ethic.

255 957 344 1002 (cap.
362 968 390 1002 3.
407 955 510 1002 paulo
527 960 603 1001 post
616 955 760 1001 princ),
780 955 877 1000 quod
896 955 1030 989 sanitas
1052 955 1128 1000 ipsa
1147 954 1274 1000 recipit
1291 956 1408 1000 magis,
1428 961 1463 988 et
1480 955 1609 988 minus:
1627 965 1703 988 non
1725 954 1823 988 enim

255 1010 384 1044 eadem
406 1017 459 1043 est
477 1008 786 1042 commensuratio
808 1008 844 1041 in
864 1008 1045 1049 omnibus,
1063 1019 1181 1053 neque
1203 1008 1239 1040 in
1262 1018 1346 1048 uno,
1369 1015 1404 1041 et
1425 1007 1557 1041 eodem
1578 1017 1738 1053 semper:
1760 1006 1823 1041 sed

254 1062 404 1097 remissa
421 1070 609 1107 permanet
627 1061 759 1095 sanitas
781 1072 893 1107 usque
913 1061 958 1095 ad
977 1060 1123 1106 aliquid.
1147 1060 1366 1106 Hujusmodi
1388 1068 1511 1094 autem
1525 1059 1688 1094 diversae
1707 1060 1826 1106 dispo-

254 1115 413 1156 sitiones,
428 1114 486 1149 vel
508 1114 885 1148 commensurationes
902 1114 1062 1148 sanitatis
1082 1124 1118 1147 se
1133 1113 1268 1147 habent
1282 1113 1483 1147 secundum
1496 1113 1660 1156 excedens,
1675 1121 1711 1148 et
1724 1125 1826 1148 exces-

253 1181 344 1204 sum:
372 1168 478 1210 unde,
500 1168 531 1202 si
551 1179 688 1202 nomen
710 1168 872 1202 sanitatis
891 1175 986 1201 esset
1007 1167 1220 1213 impositum
1242 1166 1311 1200 soli
1332 1166 1616 1213 perfectissimae
1639 1177 1825 1201 commen-

254 1222 440 1263 surationi,
462 1229 546 1255 tunc
569 1221 645 1267 ipsa
667 1222 800 1255 sanitas
830 1232 904 1255 non
927 1221 1105 1255 diceretur
1126 1222 1255 1265 major,
1277 1220 1335 1254 vel
1357 1220 1489 1262 minor,
1510 1220 1561 1255 sic
1588 1220 1697 1267 igitur
1714 1228 1824 1267 patet,

255 1275 408 1321 qualiter
427 1273 546 1320 aliqua
565 1274 729 1320 qualitas,
748 1274 806 1309 vel
824 1274 942 1308 forma
955 1274 1068 1321 possit
1082 1273 1282 1308 secundum
1298 1273 1455 1320 seipsam
1471 1274 1606 1320 augeri,
1620 1273 1680 1308 vel
1697 1274 1824 1316 minui,

255 1335 290 1363 et
311 1327 464 1374 qualiter
484 1338 570 1361 non.

327 1381 367 1415 Si
387 1392 473 1415 vero
497 1380 769 1415 consideremus
788 1380 1010 1426 qualitatem,
1029 1379 1089 1415 vel
1105 1379 1264 1414 formam
1287 1380 1488 1414 secundum
1509 1380 1823 1427 participationem
1848 1419 1854 1425 ,

257 1434 418 1479 subjecti,
441 1434 491 1468 sic
514 1434 623 1468 etiam
645 1434 877 1467 inveniuntur
898 1434 1077 1479 quaedam
1096 1433 1299 1479 qualitates,
1322 1441 1357 1467 et
1374 1432 1514 1467 formae
1532 1433 1694 1479 recipere
1707 1435 1823 1479 magis,

257 1497 291 1523 et
311 1490 432 1529 minus,
457 1496 490 1522 et
512 1487 690 1533 quaedam
712 1499 798 1521 non.
822 1487 1042 1532 Huiusmodi
1065 1495 1187 1521 autem
1207 1487 1420 1521 diversitatis
1443 1498 1591 1521 causam
1614 1487 1824 1534 Simplicius

257 1545 416 1590 assignat
437 1544 515 1589 (loc.
538 1550 609 1590 sup.
633 1545 702 1589 sit.)
723 1555 766 1577 ex
783 1544 867 1585 hoc,
890 1543 987 1589 quod
1010 1543 1207 1577 substantia
1226 1543 1426 1577 secundum
1448 1543 1605 1589 seipsam
1618 1554 1694 1577 non
1708 1550 1826 1589 potest

255 1598 415 1643 recipere
437 1598 552 1642 magis,
573 1605 607 1630 et
624 1598 749 1637 minus‚·
770 1597 853 1642 quia
876 1605 929 1630 est
943 1608 1005 1630 ens
1028 1608 1090 1642 per
1111 1608 1168 1631 se:
1191 1605 1225 1630 et
1243 1596 1324 1630 ideo
1346 1596 1464 1630 omnis
1486 1595 1617 1638 forma,
1635 1607 1728 1643 quae
1747 1595 1826 1630 sub-

255 1650 467 1685 stantialiter
488 1650 720 1696 participatur
740 1651 776 1683 in
799 1650 974 1695 subjecto,
998 1657 1096 1684 caret
1116 1650 1332 1691 intensione,
1355 1658 1390 1683 et
1410 1649 1644 1684 remissione:
1667 1649 1762 1683 unde
1788 1649 1825 1682 in

255 1716 387 1750 genere
409 1703 628 1738 substantiae
651 1703 740 1737 nihil
764 1703 893 1737 dicitur
915 1703 1117 1737 secundum
1140 1704 1255 1748 magis,
1278 1711 1312 1737 et
1335 1703 1452 1736 minus.
1476 1702 1520 1736 Et
1540 1702 1625 1748 quia
1646 1702 1825 1748 quantitas

254 1759 457 1804 propinqua
479 1765 532 1791 est
553 1757 785 1798 substantiae,
811 1756 929 1791 forma
951 1764 986 1790 et
1007 1756 1122 1802 figura
1144 1757 1254 1790 etiam
1276 1764 1548 1802 consequuntur
1579 1755 1640 1800 [al.
1663 1756 1827 1801 consequi-

255 1810 325 1855 tur]
341 1812 594 1856 quantitatem3
616 1810 699 1844 inde
716 1818 779 1851 est,
799 1810 894 1856 quod
914 1821 1032 1856 neque
1048 1809 1169 1851 etiam,
1183 1809 1220 1843 in
1238 1809 1314 1844 istis
1333 1809 1463 1844 dicitur
1476 1808 1610 1856 aliquid
1624 1809 1824 1844 secundum

254 1865 370 1909 magis,
394 1872 454 1898 aut
475 1865 604 1898 minus:
628 1863 722 1897 unde
744 1863 881 1897 Philos.
905 1863 991 1897 dicit
1012 1863 1047 1897 in
1070 1874 1100 1908 7.
1125 1863 1313 1909 Physicor.
1337 1863 1419 1908 (tex.
1442 1864 1516 1909 15),
1539 1862 1636 1909 quod
1660 1873 1744 1896 cum
1767 1862 1827 1896 ali-

255 1917 340 1963 quid
362 1917 492 1963 accipit
525 1916 694 1958 formam,
717 1924 752 1950 et
771 1916 937 1962 figuram,
960 1927 1034 1950 non
1061 1916 1191 1950 dicitur
1213 1915 1367 1958 alterari,
1395 1916 1457 1950 sed
1479 1916 1596 1962 magis
1618 1915 1710 1950 fieri:
1734 1915 1825 1950 aliae

254 1981 340 2004 vero
363 1970 564 2016 qualitates,
585 1981 676 2016 quae
698 1977 780 2004 sunt
802 1970 918 2015 magis
941 1969 1112 2003 distantes
1133 1981 1151 2003 a
1173 1969 1384 2011 substantia,
1407 1977 1440 2003 et
1464 1970 1733 2015 conjunguntur
1750 1980 1826 2015 pas-

255 2023 427 2065 sionibus,
451 2031 485 2057 et
507 2024 720 2065 actionibus,
754 2023 931 2069 recipiunt
953 2025 1073 2069 magis,
1095 2032 1129 2057 et
1157 2025 1265 2058 minus
1286 2024 1488 2058 secundum
1510 2023 1825 2070 participationem

255 2076 416 2122 subjecti.
436 2077 561 2111 Potest
576 2085 696 2110 autem
717 2085 750 2110 et
772 2077 888 2122 magis
904 2076 1075 2123 explicari
1089 2077 1299 2122 hujusmodi
1314 2077 1527 2111 diversitatis
1542 2077 1652 2111 ratio:
1669 2085 1708 2111 ut
1728 2077 1826 2111 enim

256 2130 394 2164 dictum
408 2138 461 2164 est
477 2129 544 2173 (liic
565 2131 696 2176 supra),
715 2130 750 2164 id
773 2142 792 2164 a
816 2141 887 2176 quo
907 2130 1042 2176 aliquid
1057 2131 1166 2165 habet
1187 2131 1358 2177 speciem,
1374 2138 1518 2177 oportet
1537 2141 1684 2165 manere
1703 2129 1825 2171 fixum,

257 2191 291 2217 et
312 2191 409 2217 stans
439 2183 475 2216 in
497 2183 703 2217 indivisibili
728 2183 788 2228 [al.
819 2189 846 2218 a!
878 2189 975 2225 stans,
999 2189 1025 2218 cl
1049 2184 1285 2229 indivisibilc];
1308 2184 1432 2218 duobus
1453 2183 1561 2229 igitur
1583 2183 1686 2218 modis
1707 2191 1827 2230 potest

257 2237 479 2282 contingere,
509 2237 605 2282 quod
638 2236 756 2270 forma
791 2248 865 2271 non
902 2237 1135 2283 participatur
1161 2237 1362 2271 secundum
1390 2239 1504 2283 magis,
1535 2245 1569 2272 et
1596 2238 1714 2271 minus.
1752 2237 1824 2272 Uno

256 2290 362 2331 modo,
389 2291 471 2335 quia
483 2290 700 2336 participans
715 2290 823 2324 habet
839 2291 997 2336 speciem
1014 2290 1214 2325 secundum
1237 2291 1364 2336 ipsam,
1385 2298 1419 2325 et
1432 2290 1515 2325 inde
1531 2298 1595 2332 est,
1611 2290 1708 2337 quod
1726 2289 1826 2324 nulla

255 2342 373 2377 forma
395 2343 636 2377 substantialis
670 2344 901 2390 participatur
931 2344 1131 2378 secundum
1160 2345 1274 2389 magis,
1307 2351 1340 2377 et
1363 2345 1492 2378 minus:
1516 2351 1552 2378 et
1585 2351 1732 2390 propter
1753 2343 1825 2377 hoc

257 2396 394 2430 Philos.
417 2396 502 2430 dicit
519 2397 555 2430 in
570 2396 600 2431 8.
617 2396 819 2442 Metaphys.
844 2397 925 2441 (tex.
944 2398 1027 2443 10),
1052 2397 1149 2443 quod
1168 2397 1261 2431 sicut
1282 2408 1454 2431 numerus
1476 2408 1550 2431 non
1572 2397 1680 2431 habet
1697 2397 1826 2442 magis,

257 2461 373 2495 neque
396 2450 536 2491 minus3
559 2449 608 2483 sic
632 2461 748 2495 neque
771 2450 979 2492 substantia,
1002 2462 1093 2496 quae
1117 2458 1170 2484 est
1191 2450 1391 2484 secundum
1415 2449 1586 2496 speciem,
1608 2449 1700 2484 idest
1717 2460 1828 2496 quan·

257 2511 333 2537 tum
355 2503 397 2536 ad
413 2503 727 2548 participationem
746 2501 884 2536 formae
904 2503 1115 2549 specificae3
1138 2503 1199 2537 sed
1219 2503 1248 2537 si
1275 2503 1421 2549 quidem
1443 2514 1528 2537 cum
1555 2502 1717 2544 materia,
1736 2502 1828 2537 idest

258 2556 458 2590 secundum
480 2555 685 2590 materiales
708 2555 973 2601 dispositioncs,
997 2556 1177 2591 invenitur
1199 2556 1328 2602 magis,
1355 2564 1389 2590 et
1411 2556 1531 2590 minus
1557 2556 1593 2590 in
1615 2555 1825 2590 substantia.

260 2610 336 2644 Alio
363 2609 456 2643 modo
484 2617 601 2655 potest
623 2609 833 2653 contingere=
857 2622 897 2643 ex
920 2609 1004 2651 hoc,
1026 2609 1123 2655 quod
1146 2610 1221 2656 ipsa
1250 2609 1514 2644 indivisibilitas
1542 2617 1595 2643 est
1615 2609 1659 2642 de
1686 2608 1826 2643 ratione

258 2662 417 2705 formae3
433 2663 526 2696 unde
542 2670 695 2709 oportet,
711 2662 806 2708 quod
827 2664 854 2696 si
871 2663 1003 2708 aliquid
1021 2663 1208 2709 participet
1223 2662 1392 2705 formam,
1412 2662 1508 2709 quod
1524 2662 1712 2709 participet
1725 2661 1826 2696 illam

257 2716 458 2750 secundum
481 2718 658 2750 rationem
682 2715 992 2757 indivisibilitatis;
1016 2724 1050 2750 et
1073 2716 1154 2750 inde
1171 2724 1234 2758 est,
1253 2715 1351 2762 quod
1365 2715 1505 2762 species
1523 2715 1666 2750 numeri
1687 2725 1761 2749 non
1779 2714 1828 2749 di-

258 2777 388 2803 cuntur
410 2769 608 2803 secundum
625 2770 740 2814 magis,
757 2777 791 2803 et
814 2770 941 2809 minus,-
962 2769 1043 2814 quia
1066 2780 1303 2815 unaquaeque
1325 2769 1463 2815 species
1479 2769 1515 2803 in
1533 2769 1584 2803 eis
1597 2768 1827 2803 constituitur

259 2833 321 2867 per
343 2822 597 2857 indivisibilem
622 2823 808 2856 unitatem.
829 2821 870 2855 Et
894 2822 1021 2855 cadem
1046 2824 1135 2855 ratio
1159 2830 1211 2856 cst
1233 2822 1276 2857 dc
1299 2822 1486 2869 speciebus
1512 2821 1720 2868 quantitatis
1743 2832 1827 2855 con-

258 2876 391 2918 tinuae,
414 2888 504 2922 quae
528 2876 725 2910 secundum
755 2886 926 2909 numeros
951 2875 1193 2921 accipiuntur;
1217 2884 1254 2909 ut
1276 2876 1470 2917 bicubitum,
1498 2883 1533 2910 et
1555 2876 1768 2910 tricubitum:
1791 2882 1826 2909 et
