1907 3198
0 2059 3 2066 -
0 1906 8 2022 *w—

499 193 722 233 QUABSTIO
756 192 844 224 crx.
877 188 1123 222 tin-rtcutus
1154 187 1212 217 vr.
1562 172 1613 228 83
1622 184 1644 227 5

157 284 218 320 AD
244 291 395 319 muttum
424 290 513 325 crgo
541 276 750 319 dicendum,
770 274 867 322 quod
889 271 1080 308 conversio
1101 269 1261 305 hominis
1289 268 1332 302 ad
1362 267 1482 302 Deum
1510 266 1547 301 fit
1574 266 1648 312 qui-

86 338 174 375 dem
193 347 258 385 per
276 334 431 371 liberum
458 332 660 368 arbitrium:
683 339 717 365 et
739 328 940 364 secundum
966 326 1037 361 hoc
1064 323 1207 360 homini
1233 321 1461 369 praecipitur,
1487 320 1585 367 quod
1611 330 1649 354 se

86 391 132 429 ad
151 391 272 428 Deum
295 395 501 425 convertat:
523 385 585 421 sed
599 385 753 420 liberum
769 381 954 417 arbitrium
967 380 1010 415 ad
1028 379 1150 414 Deum
1165 375 1328 411 converti
1350 385 1423 409 non
1439 381 1568 420 potest,
1583 372 1649 406 nisi

86 446 170 484 Deo
190 445 311 493 ipsum
332 442 376 478 ad
398 453 437 477 se
460 447 706 480 convertente,
728 435 928 473 secundum
950 433 1038 469 illud
1060 432 1220 468 Hierem.
1247 440 1317 476 31.:
1343 429 1508 464 Converte
1535 439 1598 468 me,
1620 431 1649 462 ct

84 503 286 537 convertar:
307 497 387 544 qula
408 501 442 531 tu
463 495 610 531 Domine
631 493 722 528 Deus
736 502 844 525 meus:
868 497 903 524 et
919 488 1154 523 Threnorum
1167 484 1315 519 ultimo:
1340 482 1501 518 Converte
1515 492 1571 515 nos
1585 480 1654 515 Do·

86 554 175 591 mine
193 550 239 589 ad
258 556 299 594 te,
321 555 352 586 et
372 554 615 585 convertemur.

158 606 221 643 AD
241 613 451 642 secunaum
472 601 680 643 dicendum,
702 597 800 645 quod
819 596 910 632 nihil
932 596 1047 631 homo
1069 600 1187 641 potest
1201 591 1332 632 facere,
1353 589 1420 624 nisi
1443 599 1463 623 a
1485 588 1566 623 Deo
1579 597 1655 621 mo-

86 667 225 704 veatur,
244 657 447 695 secundum
468 655 557 691 illud
574 654 678 701 Joan.
705 663 769 697 15.:
793 652 868 687 Sine
891 663 939 685 me
962 649 1046 684 nihil
1068 647 1199 695 potastis
1218 645 1332 692 jacere
1346 655 1358 684 ,·
1389 651 1425 678 et
1449 641 1544 683 ideo,
1566 652 1650 675 cum

89 714 221 751 dicitur
240 713 358 749 homo
383 709 503 746 facere
521 707 619 755 quod
640 707 676 742 in
703 717 741 741 se
767 713 832 747 est,
860 704 989 738 dicitur
1013 702 1084 737 hoc
1113 711 1190 736 csse
1217 699 1253 734 in
1279 704 1456 745 potestate
1482 694 1654 736 hominis,

88 768 289 806 secundum
312 765 411 814 quod
432 772 486 800 est
507 770 629 798 motus
651 773 671 796 a
691 761 786 796 Deo.

159 822 222 858 An
242 829 416 857 τειτιωι
437 816 645 858 dicendum,
667 814 764 862 quod
787 812 848 848 illa
865 810 1022 857 objectio
1037 808 1201 857 procedit
1213 807 1257 842 de
1272 805 1387 853 gratia
1399 802 1592 845 habituali3
1610 802 1654 837 ad

89 887 200 925 quam
217 873 411 922 requiritur
431 871 552 918 aliqua
573 867 820 916 praeparatio;
847 866 931 913 quia
958 864 1078 899 omnis
1104 862 1224 898 forma
1249 859 1398 907 requirit
1423 856 1654 904 susceptibile

89 929 326 978 dispositum3
346 926 410 963 sed
432 926 504 962 hoc
530 923 629 971 quod
651 923 768 957 homo
791 927 983 955 moveatur
1005 929 1025 952 a
1051 918 1146 959 Deo,
1171 926 1246 950 non
1273 912 1471 961 praeexigit
1496 910 1654 957 aliquam

91 983 202 1021 aliam
222 981 446 1023 motionem3
467 990 553 1014 cum
573 977 675 1013 Deus
696 976 742 1011 sit
766 974 926 1022 primum
948 982 1119 1013 movens;
1141 969 1236 1004 unde
1250 978 1324 1002 non
1346 973 1490 1013 oportet
1507 964 1605 1000 abire
1621 963 1656 998 in

89 1036 283 1075 infinitum.

155 1090 224 1127 An
235 1098 427 1130 Quartum
445 1085 652 1126 dicendum,
674 1082 772 1130 quod
785 1080 946 1117 hominis
968 1086 1022 1114 est
1043 1087 1257 1125 praeparare
1280 1074 1462 1116 animum3
1484 1072 1567 1120 quia
1585 1071 1656 1106 hoc

90 1144 177 1182 ficit
194 1153 259 1192 per
278 1142 434 1179 liberum
454 1139 655 1180 arbitrium,
677 1137 739 1173 sed
765 1144 890 1171 tamen
915 1134 988 1169 hoc
1014 1143 1088 1167 non
1115 1130 1201 1166 facit
1222 1129 1299 1165 sine
1322 1127 1455 1164 auxilio
1482 1126 1552 1162 Dei
1578 1136 1657 1160 mo·

92 1197 222 1242 ventis,
242 1205 281 1234 et
300 1196 346 1233 ad
365 1206 404 1231 se
425 1192 650 1234 attrahentis,
675 1199 714 1226 ut
734 1190 870 1226 dictum
890 1196 945 1224 est
969 1187 1021 1232 (in
1042 1191 1135 1233 corp.
1157 1184 1252 1229 art).

625 1347 972 1397 ARTICULUS
999 1346 1101 1390 VII.
1595 1339 1658 1385 582

96 1477 250 1510 mun
268 1475 400 1507 HOMO
419 1474 574 1506 Possrr
594 1470 843 1503 RESURGERE
866 1469 893 1498 A
914 1466 1120 1498 PECCATO
1144 1465 1240 1495 SINE
1259 1463 1438 1494 AUXILIO
1457 1460 1659 1491 GRATIAE.

429 1573 533 1620 (Insr.
554 1584 585 1619 q.
606 1583 669 1619 113.
688 1576 753 1606 art.
775 1581 806 1606 2.
829 1574 859 1605 et
879 1579 948 1604 2·2.
971 1579 1001 1614 q.
1020 1577 1086 1613 137.
1108 1569 1173 1600 art.
1191 1575 1219 1610 3.
1241 1563 1284 1598 ad
1301 1574 1329 1609 3.

93 1636 125 1669 el
139 1635 233 1680 pari.
250 1641 280 1678 3.
296 1640 329 1677 q.
339 1628 394 1676 36.
411 1633 479 1664 nrt.
491 1639 519 1674 3.
529 1632 619 1673 corp.
633 1631 663 1660 et
676 1636 707 1661 2.
726 1625 816 1660 Dist.
834 1634 890 1659 20.
906 1634 937 1668 q.
952 1633 983 1657 2.
998 1626 1063 1656 art.
1075 1632 1104 1667 3.
1118 1618 1161 1654 ad
1170 1631 1199 1665 5.
1213 1623 1242 1653 et
1259 1618 1317 1652 lib.
1330 1628 1357 1662 3.
1375 1616 1490 1652 Contr.
1509 1620 1581 1661 cap.
1596 1624 1662 1660 157.

195 1688 227 1721 a!
245 1683 304 1720 lib.
324 1694 359 1729 4.
379 1688 452 1730 cap.
474 1692 527 1728 72.
548 1685 579 1716 et
606 1680 694 1715 Veri.
717 1690 747 1725 q.
769 1689 826 1722 24·
845 1680 909 1711 art.
932 1688 959 1711 1.
981 1674 1023 1710 ad
1048 1686 1099 1710 ro.
1121 1678 1150 1708 el
1171 1683 1221 1708 12.
1242 1677 1270 1706 et
1291 1683 1321 1718 q.
1344 1671 1398 1706 28.
1419 1674 1484 1704 art.
1506 1671 1568 1715 2.).

168 1786 230 1822 AD
250 1793 445 1822 sennium
459 1782 510 1818 sic
526 1780 743 1829 proceditur.
758 1778 922 1819 Videtur,
936 1776 1033 1824 quod
1055 1775 1170 1810 horno
1193 1772 1306 1820 possit
1332 1781 1518 1816 resurgere
1545 1781 1565 1804 a
1586 1779 1666 1816 pec-

96 1847 181 1878 cato
199 1839 279 1876 sine
301 1837 436 1874 auxilio
457 1838 612 1884 gratiae:
634 1834 723 1870 illud
744 1833 854 1874 enim,
877 1831 975 1878 quod
999 1828 1241 1876 praeexigitur
1263 1826 1306 1861 ad
1329 1825 1496 1872 gratiam,
1523 1823 1562 1858 fit
1589 1823 1665 1858 sine

180 1894 231 1930 ἰε
251 1892 316 1929 sed
337 1901 524 1938 resurgere
551 1901 571 1924 a
594 1896 745 1936 peccato
771 1885 1014 1934 praeexigitur
1036 1883 1080 1918 ad
1102 1881 1409 1917 illuminationem
1436 1877 1590 1925 gratiae:
1617 1876 1667 1911 di-

96 1948 190 1986 citur
208 1946 309 1984 enim
329 1945 374 1982 ad
395 1944 488 1993 Eph.
512 1955 559 1990 5.:
581 1944 714 1988 Exurge
735 1953 755 1976 a
778 1941 927 1982 mortuis,
950 1943 978 1974 et
1000 1937 1204 1972 illuminabit
1218 1941 1244 1970 te
1261 1934 1411 1970 Christus
1417 1945 1430 1974 ;
1446 1942 1535 1977 ergo
1549 1931 1665 1966 homo

97 2009 220 2051 potest
244 2011 434 2048 resurgere
455 2010 476 2034 a
496 2006 649 2046 peccato
671 1996 747 2031 sine
770 1993 896 2041 gratia.

170 2065 206 2093 2.
226 2054 465 2091 Ρωτειιεᾼ.
487 2051 686 2087 Peccatum
713 2047 833 2083 virtuti
856 2046 1064 2094 opponitur,
1087 2044 1179 2079 sicut
1200 2042 1350 2078 morbus
1372 2039 1527 2081 sanitati,
1550 2046 1587 2073 ut
1613 2049 1667 2072 su-

101 2119 167 2158 pra
184 2107 325 2145 dictum
346 2114 403 2144 est
421 2106 471 2154 (q.
494 2117 524 2153 7.
550 2109 615 2140 art.
634 2104 693 2148 1.).·
722 2101 783 2137 sed
811 2101 926 2136 homo
953 2111 1016 2147 per
1037 2098 1207 2133 virtutem
1234 2105 1384 2131 naturae
1411 2101 1529 2141 potest
1555 2103 1667 2127 resur-

100 2171 187 2211 gere
207 2161 252 2198 de
273 2159 499 2208 aegritudine
520 2159 566 2194 ad
586 2158 790 2197 sanitatem,
817 2155 894 2189 sine
922 2152 1055 2188 auxilio
1077 2150 1265 2187 exterioris
1285 2149 1501 2189 medicinae,
1520 2155 1666 2193 propter

101 2215 173 2252 hoc
193 2213 294 2263 quod
308 2213 406 2250 intus
427 2221 552 2248 manet
577 2210 794 2259 principium
816 2208 923 2249 vitae,
946 2218 965 2241 a
991 2216 1064 2253 quo
1090 2204 1254 2252 procedit
1279 2202 1444 2250 operatio
1471 2199 1666 2240 naturalis;

101 2279 192 2318 ergo
209 2267 363 2311 videtur,
382 2265 481 2314 quod
503 2265 619 2301 homo
641 2262 750 2299 simili
770 2261 908 2296 ratione
923 2260 1036 2308 possit
1049 2258 1206 2306 reparari
1219 2269 1281 2305 per
1295 2257 1466 2303 seipsum,
1481 2253 1666 2289 redeundo

101 2322 148 2360 de
167 2329 263 2360 stam
279 2320 421 2369 peccati
441 2319 486 2354 ad
508 2327 642 2354 statum
661 2316 814 2363 justitiae
835 2315 968 2361 absque
991 2312 1124 2348 auxilio
1151 2311 1337 2347 exterioris
1360 2309 1508 2355 gratiae.

177 2387 207 2424 3.
227 2374 465 2412 ΡιΑετΕκΕΑ.
490 2371 686 2414 Quaelibet
700 2381 755 2405 res
769 2367 942 2404 naturalis
957 2375 1075 2415 potest
1089 2366 1204 2401 redire
1227 2376 1290 2412 per
1310 2364 1466 2410 seipsam
1487 2361 1530 2396 ad
1545 2369 1666 2395 actum

103 2430 382 2468 convenientem
404 2438 490 2463 suae
512 2425 679 2461 naturae:
702 2424 794 2458 sicut
815 2434 907 2469 aqua
927 2420 1102 2456 calefacta
1124 2429 1183 2467 pet
1203 2419 1360 2465 seipsam
1384 2416 1475 2451 redit
1500 2415 1544 2450 ad
1570 2422 1669 2448 natu-

103 2483 219 2521 ralem
238 2482 492 2530 frigiditatem;
514 2488 550 2515 et
570 2478 662 2526 lapis
679 2488 826 2524 ,sursum
851 2477 1034 2523 projectus
1055 2486 1117 2521 per
1135 2473 1293 2519 seipsum
1310 2471 1398 2506 redit
1415 2470 1458 2504 ad
1474 2480 1578 2504 suum
1594 2479 1669 2502 mo-

102 2546 183 2576 tum
202 2535 424 2574 naturalem:
447 2534 509 2570 sed
532 2540 723 2580 peccatum
746 2539 799 2566 est
819 2530 967 2577 quidam
991 2537 1091 2563 actus
1107 2535 1232 2562 contra
1249 2534 1427 2565 naturam,
1444 2532 1479 2558 ut
1495 2531 1592 2570 patet
1606 2533 1669 2569 per

105 2591 279 2629 Damasc.
304 2589 343 2625 in
363 2598 396 2625 2.
417 2587 478 2624 lib.
499 2586 617 2633 (Orth.
641 2584 714 2621 Fid.
741 2591 812 2632 cap.
833 2584 917 2629 3ο.);
940 2593 1028 2629 ergo
1047 2582 1198 2621 videtur,
1221 2579 1318 2626 quod
1341 2579 1455 2612 homo
1478 2576 1589 2624 possit
1608 2586 1669 2622 per

103 2645 264 2694 seipsum
284 2642 402 2680 redire
423 2642 467 2677 de
489 2647 642 2688 peccato
664 2638 708 2673 ad
730 2646 863 2673 statum
885 2635 1050 2682 justitiae.

176 2698 254 2735 San
274 2706 432 2734 com-u
453 2702 519 2738 est,
539 2693 636 2741 quod
659 2690 859 2738 Apostolus
881 2690 968 2725 dicit
989 2690 1032 2724 ad
1056 2688 1207 2724 Galatas
1231 2697 1273 2722 2.:
1292 2687 1328 2722 Si
1349 2686 1426 2720 daea
1445 2690 1488 2719 ese
1506 2684 1570 2726 lex,
1587 2694 1670 2730 quae

99 2756 208 2803 pom
222 2751 419 2799 iustificare,
439 2760 516 2795 ergo
542 2747 692 2783 Christus
717 2746 821 2791 gratis
847 2750 996 2780 mortuus
1021 2748 1076 2786 cst,
1104 2743 1194 2777 idest
1220 2741 1296 2776 sine
1324 2750 1451 2778 causa:
1479 2738 1553 2785 pari
1581 2748 1669 2783 crgo

105 2805 258 2850 ratione,
278 2804 309 2841 si
328 2804 446 2840 homo
471 2802 580 2838 habet
601 2809 780 2841 naturam,
802 2810 865 2846 per
885 2809 996 2845 quam
1022 2805 1141 2844 potest
1163 2794 1361 2840 justificari,
1384 2793 1533 2827 Christus
1553 2792 1669 2837 gratis,

105 2858 201 2897 idest
216 2858 296 2896 ‘aine
315 2867 439 2901 unsa,
459 2861 608 2892 mortuus
628 2859 696 2891 est:
718 2853 780 2889 sed
803 2853 874 2888 hoc
896 2849 1232 2888 esffinconvcniens
1253 2849 1392 2890 dicere-3
1406 2858 1495 2891 ergo
1516 2857 1589 2880 non
1609 2856 1670 2892 po·

105 2920 177 2952 mot
200 2922 266 2962 per
284 2911 446 2960 teipsum
467 2908 666 2957 justificari,
687 2907 778 2943 idest
798 2906 912 2942 redire
934 2905 978 2941 dc
996 2913 1090 2941 statu
1117 2903 1244 2951 culpae
1270 2902 1314 2937 ad
1342 2909 1475 2937 statum
1502 2899 1668 2946 justitiae.
