1955 3182
243 190 267 233 8

243 1087 270 1235 ‘f‘WP'Y‘

244 1461 271 1608 rwrr

246 1832 272 2054 mvn-'uxt’mm

247 2288 273 2511 mvewe*

261 303 267 308 .
288 282 386 308 Utrum
407 282 497 317 aliqua
510 285 602 318 passio
618 285 654 311 sit
664 286 747 318 bona,
758 286 802 312 vel
815 286 886 312 mala
900 295 931 312 ex
943 295 991 312 sua

331 325 432 359 specie.

467 409 659 439 QUAESTIO
679 411 771 438 XXV.

372 469 411 495 De
432 469 519 495 ordine
535 471 677 505 passionum
697 471 731 496 ad
751 472 867 497 invicem.

262 554 268 559 .
289 533 389 559 Utrum
408 535 550 568 passiones
571 535 715 560 irascibilis
736 537 790 561 sint
809 537 914 571 priores
934 544 993 571 pas-

332 575 456 600 sionibus
478 577 711 610 concupiscibilis,
731 578 774 603 vel
795 587 808 603 e
830 586 974 603 converso.

263 644 269 649 .
289 624 388 649 Utrum
409 631 484 648 amor
509 621 544 646 sit
568 621 655 655 prima
679 621 839 654 passionum
864 619 994 653 concupi-

332 664 446 690 scibilis.

263 727 268 732 .
289 706 388 732 Utrum
409 713 470 740 spes
490 705 526 730 sit
544 705 629 739 prima
649 704 720 728 inter
738 703 881 737 passiones
901 702 993 726 irasci-

332 747 405 773 bilis.

263 809 269 815 .
288 789 387 815 Utrum
398 789 465 813 istae
474 794 600 822 quatuor,
610 785 716 811 scilicet
725 785 864 820 gaudium,
873 784 994 815 tristitia,

332 838 394 864 spes
414 836 441 854 et
460 830 553 860 timor,
574 829 629 854 sint
648 827 811 862 principales
830 826 984 860 passiones.

461 910 652 942 QUAESTIO
673 909 779 936 XXVI.

361 971 401 996 De
417 970 572 1006 passionibus
591 969 691 994 animae
710 969 738 992 in
755 966 875 1002 speciali,-

478 1017 502 1037 εἰ
516 1012 599 1046 primo
619 1010 647 1035 de
667 1018 761 1035 amore.

290 1077 389 1104 Utrum
408 1085 484 1102 amor
503 1077 539 1101 sit
558 1076 586 1100 iu
607 1073 827 1108 concupiscibili.

290 1118 388 1144 Utrum
409 1126 485 1143 amor
503 1118 539 1142 sit
558 1117 661 1150 passio.

290 1160 389 1186 Utrum
403 1167 480 1184 amor
499 1159 535 1183 sit
554 1158 637 1189 idem,
658 1156 732 1191 quod
752 1155 875 1181 dilectio.

291 1202 389 1228 Utrum
399 1209 476 1226 amor
487 1200 684 1226 convenienter
694 1197 863 1223 dividaturin
874 1203 995 1221 amorem

333 1242 480 1273 amicitiae,
502 1247 528 1265 et
548 1248 669 1266 amorem
689 1237 942 1273 concupiscentiae.

453 1324 647 1356 QUAESTIO
667 1322 789 1349 XXVII.

493 1385 533 1410 De
553 1392 626 1410 causa
645 1383 749 1409 amoris.

292 1451 390 1478 Utrum
410 1452 513 1477 bonum
533 1451 569 1475 sit
588 1449 648 1474 sola
669 1456 750 1473 causa
770 1445 881 1471 amoris.

292 1493 390 1519 Utrum
411 1493 535 1527 cognitio
558 1492 593 1516 sit
607 1499 688 1515 causa
707 1489 819 1514 amoris.

265 1554 272 1561 .
292 1534 390 1560 Utrum
411 1533 561 1559 similitudo
583 1533 618 1557 sit
637 1539 718 1556 causa
738 1529 849 1555 amoris.

292 1575 390 1602 Utrum
405 1575 494 1609 aliqua
507 1574 560 1599 alia
574 1574 733 1608 passionum
745 1572 851 1596 animae
866 1570 901 1594 sit
917 1577 997 1594 causa

334 1618 445 1642 amoris„

451 1696 642 1729 QUAESTIO
663 1695 799 1722 XXVIII.

472 1757 511 1782 De
531 1757 655 1792 effectibus
674 1755 765 1781 amoris
771 1775 777 1780 .

266 1844 271 1848 .
292 1823 390 1849 Utrum
411 1823 476 1848 unio
498 1823 533 1847 sit
547 1821 660 1847 effectus
681 1820 794 1846 amoris.

265 1885 271 1890 .
292 1864 391 1890 Utrum
410 1871 505 1889 mutua
524 1863 649 1888 inhaesio
670 1863 705 1887 sit
726 1863 783 1896 ejus
804 1860 927 1886 effectus,

293 1905 391 1932 Utrum
412 1906 512 1930 extasis
532 1906 567 1930 sit
587 1905 644 1939 ejus
666 1903 792 1929 effectus.

294 1947 391 1972 Utrum
411 1946 486 1972 zelus
506 1947 542 1971 sit
561 1947 619 1980 ejus
640 1945 764 1970 effectuS.

265 2008 272 2014 .
294 1988 392 2013 Utrum
412 1997 488 2013 amor
508 1988 543 2012 sit
562 1987 654 2022 passio
675 1986 778 2011 laesiva
798 1985 923 2010 amantis.

266 2048 272 2055 .
292 2028 391 2055 Utrum
423 2038 499 2054 amor
519 2029 554 2054 sit
575 2037 656 2053 causa
670 2028 805 2059 omnium,
821 2035 888 2061 quae
903 2034 999 2051 amaus

335 2071 403 2105 agit.

460 2152 652 2184 QUAESTIO
673 2152 783 2178 XXIX.

561 2212 600 2238 De
620 2212 686 2239 odio.

268 2299 273 2304 .
295 2278 393 2304 Utrum
415 2287 505 2309 causa,
527 2284 553 2303 et
573 2278 711 2311 objectum
733 2277 789 2302 odii
810 2277 845 2301 sit
864 2275 976 2301 malum.

295 2320 393 2346 Utrum
413 2320 507 2345 odium
528 2325 654 2344 causetur
674 2327 705 2344 ex
725 2327 828 2343 amore.

268 2382 273 2387 .
295 2361 394 2388 Utrum
415 2361 509 2386 odium
529 2362 564 2386 sit
584 2360 693 2392 fortius,
715 2369 794 2394 quam
815 2368 901 2384 amor.

294 2403 392 2429 Utrum
412 2402 510 2437 aliquis
530 2403 619 2436 possit
637 2401 736 2426 habere
758 2401 823 2426 odio
845 2401 975 2435 seipsum.

295 2444 393 2470 Utrum
413 2443 512 2478 aliquis
532 2443 620 2478 possit
639 2443 739 2468 habere
760 2442 825 2467 odio
845 2442 999 2467 veritatem.

269 2506 274 2511 .
296 2485 394 2511 Utrum
406 2485 508 2519 aliquid
521 2485 609 2519 possit
621 2484 713 2509 haberi
725 2483 790 2509 odio
803 2484 830 2508 in
841 2482 1000 2508 universali.

428 2571 682 2603 QUAESTIO
711 2571 832 2597 XXX.

495 2631 534 2656 De
554 2631 759 2666 concupiscentia.

271 2717 276 2722 .
297 2696 395 2722 Utrum
416 2696 639 2730 concupiscentia
659 2696 693 2721 sit
713 2702 818 2720 tautum
839 2696 866 2720 in
880 2695 1001 2729 appetitu

339 2739 483 2763 sensitivo.

252 2787 276 2805 2.
298 2779 396 2804 Utrum
417 2779 642 2813 concupiscentia
662 2779 697 2803 sit
717 2778 807 2812 passio
829 2777 966 2812 specialis.

271 2839 276 2846 .
298 2820 395 2846 Utrum
410 2821 465 2845 sint
479 2820 584 2854 aliquae
600 2820 840 2854 concupiscentiae
853 2818 1002 2850 naturales,

341 2867 368 2886 et
387 2861 491 2895 aliquae
506 2870 562 2886 non
578 2860 724 2886 naturales.

262 2921 270 2929 .
295 2902 392 2928 Utrum
413 2903 637 2937 concupiscentia
656 2903 692 2928 sit
712 2901 829 2927 infinita.

1048 417 1071 434 1.

1046 458 1071 475 2.

1048 500 1072 524 3.

1046 541 1073 565 4.

1049 581 1072 606 5.

1048 831 1064 888 00κῖ

1057 2119 1083 2267 *vatos-⁴

1058 2859 1082 2885 6.

623 203 758 234 INDEX
790 205 947 234 PRIMAE
980 206 1209 236 SECUNDAE
1241 207 1407 237 PARTIS.

1259 287 1452 317 QUAESTIO
1476 289 1584 315 XXXI.

1206 345 1246 371 De
1265 346 1429 374 delectatione
1447 349 1579 374 secundum
1599 358 1632 376 se.

1092 408 1190 434 Utrum
1211 410 1361 436 delectatio
1382 413 1418 437 sit
1437 413 1540 446 passio.

1093 450 1191 476 Utrum
1212 452 1359 478 delectatio
1381 454 1416 478 sit
1434 455 1462 478 in
1482 461 1616 489 tempore.

1093 491 1191 517 Utrum
1212 493 1318 518 differat
1338 503 1352 519 a
1373 495 1485 529 gaudio.

1094 532 1192 558 Utrum
1207 534 1353 560 delectatio
1376 537 1410 561 sit
1430 537 1457 561 in
1478 538 1600 571 appetitu
1616 538 1800 566 intellectivo.

1094 573 1191 599 Utrum
1213 575 1412 602 delectationes
1431 578 1598 612 corporales,
1614 586 1642 605 et
1655 581 1802 607 sensibiles

1135 616 1191 641 sint
1211 617 1327 650 majores
1349 618 1580 645 delectationibus
1600 621 1802 655 spiritualibuS,

1136 664 1163 682 et
1183 658 1415 693 intelligibilibus.

1068 718 1073 723 .
1095 697 1193 723 Utrum
1214 699 1413 725 delectationes
1433 707 1523 727 tactus
1543 703 1599 728 sint
1621 704 1737 739 majores
1757 705 1804 730 de-

1138 740 1344 773 lectationibus,
1372 750 1440 776 quae
1467 750 1530 768 sunt
1556 745 1706 770 secundum
1732 745 1802 772 alios

1137 789 1244 807 sensus.

1069 843 1075 848 .
1096 822 1194 848 Utrum
1214 823 1304 858 aliqua
1324 824 1471 851 delectatio
1491 827 1528 851 sit
1547 835 1604 852 non
1624 827 1767 854 naturalis.

1069 884 1075 889 .
1097 863 1194 889 Utrum
1209 864 1356 891 delectatio
1367 867 1456 900 possit
1470 875 1530 892 esse
1545 868 1723 894 delectationi
1739 878 1805 895 con—

1138 906 1228 931 traria.

1202 989 1456 1020 QUAESTIO
1485 992 1654 1019 XXXII.

1246 1041 1248 1043 ‚
1264 1048 1303 1074 De
1323 1057 1397 1074 causa
1416 1049 1598 1077 delectationis.

1071 1132 1077 1138 .
1098 1112 1196 1138 Utrum
1208 1115 1332 1148 operatio
1343 1115 1378 1140 sit
1390 1123 1471 1140 causa
1481 1116 1589 1150 propria
1600 1115 1804 1142 delectationis.

1071 1174 1076 1179 .
1098 1154 1196 1180 Utrum
1215 1162 1308 1181 motus
1329 1157 1364 1181 sit
1385 1165 1466 1182 causa
1485 1157 1689 1183 delectationis.

1073 1216 1078 1221 .
1099 1196 1196 1221 Utrum
1215 1205 1287 1231 spes,
1309 1204 1336 1222 et
1357 1199 1490 1223 memoria
1509 1199 1564 1224 sint
1585 1208 1666 1225 causa
1686 1199 1809 1226 delecta·

1141 1238 1236 1263 tionis.

1071 1298 1077 1304 .
1099 1278 1196 1304 Utrum
1211 1280 1322 1305 tristitia
1341 1281 1378 1305 sit
1398 1289 1479 1306 causa
1500 1280 1703 1307 delectationis.

1071 1340 1077 1345 .
1099 1320 1196 1346 Utrum
1217 1322 1342 1346 actiones
1361 1321 1478 1347 aliorum
1499 1323 1553 1347 sint
1569 1323 1650 1348 nobis
1665 1331 1746 1349 causa
1759 1323 1806 1348 de-

1142 1361 1310 1388 lectationis.

1073 1423 1078 1428 .
1100 1402 1198 1428 Utrum
1227 1404 1387 1429 benefacere
1416 1404 1494 1430 alteri
1523 1406 1559 1430 sit
1588 1414 1670 1431 causa
1689 1405 1809 1431 delecta-

1141 1445 1236 1470 tionis.

1073 1506 1078 1510 .
1102 1485 1199 1511 Utrum
1219 1487 1371 1512 similitudo
1392 1488 1427 1512 sit
1448 1496 1529 1513 causa
1549 1487 1752 1514 delectationis.

1074 1547 1078 1551 .
1101 1526 1199 1552 Utrum
1219 1528 1363 1554 admiratio
1384 1529 1419 1554 sit
1440 1537 1521 1554 causa
1541 1528 1746 1555 delectationis.

1260 1611 1452 1642 QUAESTIO
1473 1611 1612 1638 XXXIII.

1242 1670 1282 1696 De
1301 1670 1426 1705 effectibus
1445 1670 1628 1697 delectationis.

1076 1755 1082 1761 .
1102 1735 1200 1761 Utrum
1221 1735 1414 1761 delectationis
1435 1736 1471 1760 sit
1491 1731 1614 1761 dilatare.

1075 1798 1081 1803 .
1102 1777 1200 1803 Utrum
1221 1777 1369 1802 delectatio
1391 1783 1485 1802 causet
1507 1778 1550 1802 sui
1570 1777 1655 1808 sitim,
1675 1777 1719 1803 vel
1739 1777 1810 1813 desi-

1146 1819 1261 1844 derium.

1076 1880 1081 1885 .
1102 1860 1201 1886 Utrum
1222 1859 1370 1885 delectatio
1390 1860 1521 1894 impediat
1541 1868 1621 1885 usum
1642 1860 1768 1886 rationis.

1076 1921 1082 1927 .
1103 1901 1201 1927 Utrum
1222 1901 1369 1926 delectatio
1390 1901 1513 1936 perficiat
1533 1902 1732 1936 operationem.

1262 1984 1455 2016 QUAESTIO
1476 1984 1611 2010 XXXIV.

1151 2045 1190 2070 De
1211 2045 1330 2076 bonitate,
1351 2050 1374 2070 et
1391 2045 1496 2070 malitia
1515 2044 1720 2071 delectationum.

1078 2131 1083 2136 .
1104 2110 1203 2136 Utrum
1223 2111 1313 2136 omnis
1334 2109 1482 2135 delectatio
1505 2110 1540 2135 sit
1559 2109 1641 2135 mala.

1106 2151 1204 2177 Utrum
1225 2152 1315 2177 omnis
1335 2151 1483 2177 delectatio
1503 2152 1540 2176 sit
1559 2151 1642 2176 bona.

1078 2214 1083 2219 .
1106 2193 1204 2219 Utrum
1224 2193 1315 2228 aliqua
1334 2193 1482 2218 delectatio
1504 2193 1539 2218 sit
1559 2193 1673 2227 optima.

1079 2255 1084 2260 .
1105 2234 1203 2260 Utrum
1224 2234 1373 2260 delectatio
1393 2235 1429 2259 sit
1442 2242 1580 2265 mensura,
1595 2233 1638 2259 vel
1652 2233 1756 2268 regula,
1772 2241 1815 2258 se-

1148 2276 1266 2301 cundum
1287 2284 1367 2310 quam
1384 2275 1524 2309 judicetur
1538 2275 1642 2300 bonum
1654 2274 1699 2300 vel
1711 2274 1813 2300 malum

1148 2318 1175 2343 in
1195 2317 1356 2342 moralibus.

1267 2403 1460 2435 QUAESTIO
1483 2403 1604 2430 XXXV.

1167 2463 1204 2490 De
1226 2464 1338 2495 tristitia,
1358 2472 1399 2488 scu
1418 2462 1504 2490 dolore
1523 2461 1657 2488 secundum
1675 2470 1708 2488 se.

1078 2549 1083 2554 .
1105 2528 1203 2554 Utrum
1223 2528 1304 2553 dolor
1323 2528 1359 2553 sit
1378 2528 1472 2562 passio
1494 2527 1612 2553 animae.

1079 2591 1084 2596 .
1106 2570 1204 2596 Utrum
1223 2571 1335 2596 tristitia
1354 2571 1390 2595 sit
1410 2570 1493 2601 idem,
1514 2569 1589 2604 quod
1609 2568 1700 2595 dolor.

1078 2632 1083 2638 .
1104 2611 1203 2638 Utrum
1223 2612 1346 2643 tristitia,
1367 2619 1416 2636 seu
1437 2610 1528 2643 dolor,
1549 2611 1585 2636 sit
1611 2610 1747 2636 contraria
1769 2610 1814 2635 de-

1150 2653 1303 2678 lectationi.

1106 2694 1203 2720 Utrum
1218 2695 1308 2719 omnis
1329 2694 1439 2719 tristitia
1457 2694 1533 2719 omni
1549 2693 1727 2719 delectationi
1747 2701 1813 2719 con·

1148 2736 1285 2760 trarietur.

1107 2776 1203 2802 Utrum
1223 2776 1400 2802 delectationi
1416 2775 1661 2811 contemplationis
1675 2775 1711 2801 sit
1725 2775 1819 2810 aliqua

1147 2819 1257 2843 tristitia
1277 2818 1426 2844 contraria.

1106 2859 1202 2885 Utrum
1223 2860 1311 2894 magis
1331 2860 1366 2885 sit
1381 2859 1511 2894 fugienda
1526 2859 1650 2890 tristitia,
1671 2866 1751 2893 quam
1772 2858 1817 2883 de-

1147 2900 1260 2926 lectatio
1281 2901 1446 2936 appetenda.
