<?xml version="1.0" encoding="UTF-8"?>
<!DOCTYPE html PUBLIC "-//W3C//DTD XHTML 1.0 Transitional//EN"
    "http://www.w3.org/TR/xhtml1/DTD/xhtml1-transitional.dtd">
<html xmlns="http://www.w3.org/1999/xhtml" xml:lang="en" lang="en">
 <head>
  <title>
</title>
<meta http-equiv="Content-Type" content="text/html;charset=utf-8" />
  <meta name='ocr-system' content='tesseract 3.04.00' />
  <meta name='ocr-capabilities' content='ocr_page ocr_carea ocr_par ocr_line ocrx_word'/>
</head>
<body>
  <div class='ocr_page' id='page_1' title='image "./divithomaeaquina02thomuoft_0441.png"; bbox 0 0 1907 3198; ppageno 0'>
   <div class='ocr_carea' id='block_1_1' title="bbox 497 216 1654 260">
    <p class='ocr_par' dir='ltr' id='par_1_1' title="bbox 497 216 1654 260">
     <span class='ocr_line' id='line_1_1' title="bbox 497 216 1654 260; baseline -0.003 -11"><span class='ocrx_word' id='word_1_1' title='bbox 497 219 720 255; x_wconf 87' lang='lat' dir='ltr'><strong>QUAESTIO</strong></span> <span class='ocrx_word' id='word_1_2' title='bbox 755 218 873 250; x_wconf 86' lang='lat' dir='ltr'><strong>LXIII.</strong></span> <span class='ocrx_word' id='word_1_3' title='bbox 907 217 1154 248; x_wconf 88' lang='lat' dir='ltr'><strong>ARTICULUS</strong></span> <span class='ocrx_word' id='word_1_4' title='bbox 1188 217 1246 247; x_wconf 87' lang='lat' dir='ltr'>lv.</span> <span class='ocrx_word' id='word_1_5' title='bbox 1568 216 1654 260; x_wconf 76' lang='lat'>437</span> 
     </span>
    </p>
   </div>
   <div class='ocr_carea' id='block_1_2' title="bbox 644 395 1652 453">
    <p class='ocr_par' dir='ltr' id='par_1_2' title="bbox 644 395 1652 453">
     <span class='ocr_line' id='line_1_2' title="bbox 644 395 1652 453; baseline -0.001 -13"><span class='ocrx_word' id='word_1_6' title='bbox 644 395 992 442; x_wconf 85' lang='lat' dir='ltr'><strong>ARTICULUS</strong></span> <span class='ocrx_word' id='word_1_7' title='bbox 1026 395 1103 439; x_wconf 84' lang='lat' dir='ltr'>IV.</span> <span class='ocrx_word' id='word_1_8' title='bbox 1587 415 1652 453; x_wconf 68' lang='lat'>334</span> 
     </span>
    </p>
   </div>
   <div class='ocr_carea' id='block_1_3' title="bbox 147 517 1589 629">
    <p class='ocr_par' dir='ltr' id='par_1_3' title="bbox 147 517 1589 629">
     <span class='ocr_line' id='line_1_3' title="bbox 147 517 1589 560; baseline -0.003 -8"><span class='ocrx_word' id='word_1_9' title='bbox 147 521 302 552; x_wconf 85' lang='lat' dir='ltr'>UTRUM</span> <span class='ocrx_word' id='word_1_10' title='bbox 326 521 499 560; x_wconf 86' lang='lat' dir='ltr'>VIRTUS,</span> <span class='ocrx_word' id='word_1_11' title='bbox 529 520 655 556; x_wconf 88' lang='lat' dir='ltr'><strong>QUAM</strong></span> <span class='ocrx_word' id='word_1_12' title='bbox 683 519 956 555; x_wconf 87' lang='lat' dir='ltr'><strong>ACQUIRIMUS</strong></span> <span class='ocrx_word' id='word_1_13' title='bbox 980 519 1037 548; x_wconf 89' lang='lat' dir='ltr'>EX</span> <span class='ocrx_word' id='word_1_14' title='bbox 1064 518 1242 548; x_wconf 89' lang='lat' dir='ltr'><strong>OPERUM</strong></span> <span class='ocrx_word' id='word_1_15' title='bbox 1268 517 1589 558; x_wconf 83' lang='lat' dir='ltr'>ASSUETUDINE,</span> 
     </span>
     <span class='ocr_line' id='line_1_4' title="bbox 357 584 1379 629; baseline -0.002 -13"><span class='ocrx_word' id='word_1_16' title='bbox 357 587 424 616; x_wconf 84' lang='lat' dir='ltr'>SIT</span> <span class='ocrx_word' id='word_1_17' title='bbox 451 587 645 629; x_wconf 79' lang='lat' dir='ltr'>EJUSDEM</span> <span class='ocrx_word' id='word_1_18' title='bbox 674 585 840 616; x_wconf 86' lang='lat' dir='ltr'><strong>SPECIEI</strong></span> <span class='ocrx_word' id='word_1_19' title='bbox 869 585 961 615; x_wconf 81' lang='lat' dir='ltr'>CUM</span> <span class='ocrx_word' id='word_1_20' title='bbox 988 585 1183 615; x_wconf 87' lang='lat' dir='ltr'><strong>VIRTUTE</strong></span> <span class='ocrx_word' id='word_1_21' title='bbox 1210 584 1379 615; x_wconf 85' lang='lat' dir='ltr'>INFUSA.</span> 
     </span>
    </p>
   </div>
   <div class='ocr_carea' id='block_1_4' title="bbox 79 683 1659 788">
    <p class='ocr_par' dir='ltr' id='par_1_4' title="bbox 79 683 1659 788">
     <span class='ocr_line' id='line_1_5' title="bbox 270 683 1466 734; baseline -0.003 -12"><span class='ocrx_word' id='word_1_22' title='bbox 270 686 314 734; x_wconf 82' lang='lat'>(3.</span> <span class='ocrx_word' id='word_1_23' title='bbox 336 687 426 722; x_wconf 85' lang='lat' dir='ltr'>Dist.</span> <span class='ocrx_word' id='word_1_24' title='bbox 442 698 486 733; x_wconf 84' lang='lat'>33.</span> <span class='ocrx_word' id='word_1_25' title='bbox 509 698 540 733; x_wconf 83' lang='lat' dir='ltr'>q.</span> <span class='ocrx_word' id='word_1_26' title='bbox 556 698 582 721; x_wconf 88' lang='lat' dir='ltr'>r.</span> <span class='ocrx_word' id='word_1_27' title='bbox 606 691 670 721; x_wconf 84' lang='lat' dir='ltr'>art.</span> <span class='ocrx_word' id='word_1_28' title='bbox 693 697 724 721; x_wconf 91' lang='lat'>2.</span> <span class='ocrx_word' id='word_1_29' title='bbox 740 697 769 732; x_wconf 89' lang='lat' dir='ltr'>q.</span> <span class='ocrx_word' id='word_1_30' title='bbox 785 696 816 731; x_wconf 85' lang='lat'>4.</span> <span class='ocrx_word' id='word_1_31' title='bbox 840 690 870 720; x_wconf 75' lang='lat' dir='ltr'>et</span> <span class='ocrx_word' id='word_1_32' title='bbox 891 696 923 730; x_wconf 85' lang='lat'>4.</span> <span class='ocrx_word' id='word_1_33' title='bbox 940 685 1028 720; x_wconf 85' lang='lat' dir='ltr'>Dist.</span> <span class='ocrx_word' id='word_1_34' title='bbox 1050 697 1101 730; x_wconf 85' lang='lat'>14.</span> <span class='ocrx_word' id='word_1_35' title='bbox 1124 697 1154 731; x_wconf 87' lang='lat' dir='ltr'>q.</span> <span class='ocrx_word' id='word_1_36' title='bbox 1177 697 1205 720; x_wconf 85' lang='lat' dir='ltr'>I.</span> <span class='ocrx_word' id='word_1_37' title='bbox 1227 689 1293 720; x_wconf 87' lang='lat' dir='ltr'>art.</span> <span class='ocrx_word' id='word_1_38' title='bbox 1316 696 1347 720; x_wconf 91' lang='lat'>2.</span> <span class='ocrx_word' id='word_1_39' title='bbox 1370 683 1413 719; x_wconf 84' lang='lat' dir='ltr'>ad</span> <span class='ocrx_word' id='word_1_40' title='bbox 1433 695 1466 729; x_wconf 79' lang='grc'>4.</span> 
     </span>
     <span class='ocr_line' id='line_1_6' title="bbox 79 738 1659 788; baseline -0.003 -10"><span class='ocrx_word' id='word_1_41' title='bbox 79 747 109 778; x_wconf 81' lang='lat' dir='ltr'>et</span> <span class='ocrx_word' id='word_1_42' title='bbox 126 741 215 778; x_wconf 82' lang='lat' dir='ltr'>Dist.</span> <span class='ocrx_word' id='word_1_43' title='bbox 226 752 279 788; x_wconf 85' lang='lat'>50.</span> <span class='ocrx_word' id='word_1_44' title='bbox 293 752 323 788; x_wconf 85' lang='lat' dir='ltr'>q.</span> <span class='ocrx_word' id='word_1_45' title='bbox 339 753 367 777; x_wconf 84' lang='lat'>1.</span> <span class='ocrx_word' id='word_1_46' title='bbox 389 745 454 776; x_wconf 84' lang='lat' dir='ltr'>art.</span> <span class='ocrx_word' id='word_1_47' title='bbox 470 752 500 776; x_wconf 92' lang='lat'>2.</span> <span class='ocrx_word' id='word_1_48' title='bbox 516 739 559 775; x_wconf 83' lang='lat' dir='ltr'>ad</span> <span class='ocrx_word' id='word_1_49' title='bbox 579 752 612 786; x_wconf 77' lang='lat'>4.</span> <span class='ocrx_word' id='word_1_50' title='bbox 627 745 656 775; x_wconf 85' lang='lat' dir='ltr'>et</span> <span class='ocrx_word' id='word_1_51' title='bbox 676 740 763 775; x_wconf 72' lang='lat' dir='ltr'>Veri.</span> <span class='ocrx_word' id='word_1_52' title='bbox 782 751 811 786; x_wconf 82' lang='lat' dir='ltr'>q.</span> <span class='ocrx_word' id='word_1_53' title='bbox 827 752 855 775; x_wconf 78' lang='grc' dir='ltr'>Ι.</span> <span class='ocrx_word' id='word_1_54' title='bbox 878 745 943 774; x_wconf 87' lang='lat' dir='ltr'>art.</span> <span class='ocrx_word' id='word_1_55' title='bbox 959 751 1010 775; x_wconf 81' lang='grc' dir='ltr'>ιο.</span> <span class='ocrx_word' id='word_1_56' title='bbox 1025 738 1068 774; x_wconf 78' lang='lat' dir='ltr'>ad</span> <span class='ocrx_word' id='word_1_57' title='bbox 1083 750 1113 786; x_wconf 88' lang='lat'>7.</span> <span class='ocrx_word' id='word_1_58' title='bbox 1132 740 1163 775; x_wconf 85' lang='grc'>8.</span> <span class='ocrx_word' id='word_1_59' title='bbox 1183 744 1214 774; x_wconf 83' lang='lat' dir='ltr'>et</span> <span class='ocrx_word' id='word_1_60' title='bbox 1227 751 1260 786; x_wconf 89' lang='lat'>9.</span> <span class='ocrx_word' id='word_1_61' title='bbox 1275 744 1303 774; x_wconf 80' lang='lat' dir='ltr'>et</span> <span class='ocrx_word' id='word_1_62' title='bbox 1317 751 1346 785; x_wconf 89' lang='lat' dir='ltr'>q.</span> <span class='ocrx_word' id='word_1_63' title='bbox 1359 751 1388 786; x_wconf 85' lang='lat'>5.</span> <span class='ocrx_word' id='word_1_64' title='bbox 1407 744 1473 774; x_wconf 86' lang='lat' dir='ltr'>art.</span> <span class='ocrx_word' id='word_1_65' title='bbox 1489 750 1523 784; x_wconf 86' lang='lat'>4.</span> <span class='ocrx_word' id='word_1_66' title='bbox 1538 739 1659 787; x_wconf 69' lang='lat' dir='ltr'>corp).</span> 
     </span>
    </p>
   </div>
   <div class='ocr_carea' id='block_1_5' title="bbox 75 840 1664 2244">
    <p class='ocr_par' dir='ltr' id='par_1_5' title="bbox 78 840 1663 1162">
     <span class='ocr_line' id='line_1_7' title="bbox 149 840 1661 890; baseline -0.001 -11"><span class='ocrx_word' id='word_1_67' title='bbox 149 843 210 879; x_wconf 91' lang='lat' dir='ltr'>AD</span> <span class='ocrx_word' id='word_1_68' title='bbox 232 853 422 883; x_wconf 81' lang='lat' dir='ltr'><strong>QUARTUM</strong></span> <span class='ocrx_word' id='word_1_69' title='bbox 444 842 494 877; x_wconf 92' lang='lat' dir='ltr'>sic</span> <span class='ocrx_word' id='word_1_70' title='bbox 517 842 735 890; x_wconf 81' lang='lat' dir='ltr'>proceditur.</span> <span class='ocrx_word' id='word_1_71' title='bbox 758 841 921 884; x_wconf 90' lang='lat' dir='ltr'>Videtur,</span> <span class='ocrx_word' id='word_1_72' title='bbox 944 841 1042 888; x_wconf 89' lang='lat' dir='ltr'>quod</span> <span class='ocrx_word' id='word_1_73' title='bbox 1056 841 1206 876; x_wconf 89' lang='lat' dir='ltr'>virtutes</span> <span class='ocrx_word' id='word_1_74' title='bbox 1228 840 1367 876; x_wconf 87' lang='lat' dir='ltr'>infusae</span> <span class='ocrx_word' id='word_1_75' title='bbox 1388 853 1463 876; x_wconf 93' lang='lat' dir='ltr'>non</span> <span class='ocrx_word' id='word_1_76' title='bbox 1485 841 1556 876; x_wconf 89' lang='lat' dir='ltr'>sint</span> <span class='ocrx_word' id='word_1_77' title='bbox 1578 841 1661 877; x_wconf 89' lang='lat' dir='ltr'>alte-</span> 
     </span>
     <span class='ocr_line' id='line_1_8' title="bbox 79 895 1663 945; baseline -0.001 -13"><span class='ocrx_word' id='word_1_78' title='bbox 79 898 153 932; x_wconf 82' lang='lat' dir='ltr'><strong>rius</strong></span> <span class='ocrx_word' id='word_1_79' title='bbox 174 897 309 945; x_wconf 90' lang='lat' dir='ltr'>speciei</span> <span class='ocrx_word' id='word_1_80' title='bbox 331 908 351 931; x_wconf 93' lang='lat' dir='ltr'>a</span> <span class='ocrx_word' id='word_1_81' title='bbox 371 897 562 932; x_wconf 90' lang='lat' dir='ltr'>virtutibus</span> <span class='ocrx_word' id='word_1_82' title='bbox 585 896 791 943; x_wconf 85' lang='lat' dir='ltr'>acquisitis:</span> <span class='ocrx_word' id='word_1_83' title='bbox 813 896 926 930; x_wconf 89' lang='lat' dir='ltr'>virtus</span> <span class='ocrx_word' id='word_1_84' title='bbox 950 896 1048 930; x_wconf 90' lang='lat' dir='ltr'>enim</span> <span class='ocrx_word' id='word_1_85' title='bbox 1072 896 1259 942; x_wconf 88' lang='lat' dir='ltr'>acquisita,</span> <span class='ocrx_word' id='word_1_86' title='bbox 1283 904 1317 930; x_wconf 90' lang='lat' dir='ltr'>et</span> <span class='ocrx_word' id='word_1_87' title='bbox 1338 895 1450 930; x_wconf 86' lang='lat' dir='ltr'>virtus</span> <span class='ocrx_word' id='word_1_88' title='bbox 1472 895 1590 930; x_wconf 89' lang='lat' dir='ltr'>infusa</span> <span class='ocrx_word' id='word_1_89' title='bbox 1611 907 1663 931; x_wconf 89' lang='lat' dir='ltr'>sc-</span> 
     </span>
     <span class='ocr_line' id='line_1_9' title="bbox 79 949 1661 998; baseline -0.001 -12"><span class='ocrx_word' id='word_1_90' title='bbox 79 951 238 986; x_wconf 89' lang='lat' dir='ltr'>cundum</span> <span class='ocrx_word' id='word_1_91' title='bbox 260 951 444 998; x_wconf 88' lang='lat' dir='ltr'>praedicta</span> <span class='ocrx_word' id='word_1_92' title='bbox 465 962 540 985; x_wconf 90' lang='lat' dir='ltr'>non</span> <span class='ocrx_word' id='word_1_93' title='bbox 561 951 730 986; x_wconf 88' lang='lat' dir='ltr'>videntur</span> <span class='ocrx_word' id='word_1_94' title='bbox 751 949 906 993; x_wconf 88' lang='lat' dir='ltr'>differre,</span> <span class='ocrx_word' id='word_1_95' title='bbox 928 950 997 984; x_wconf 88' lang='lat' dir='ltr'>nisi</span> <span class='ocrx_word' id='word_1_96' title='bbox 1019 950 1221 985; x_wconf 90' lang='lat' dir='ltr'>secundum</span> <span class='ocrx_word' id='word_1_97' title='bbox 1236 950 1401 984; x_wconf 85' lang='lat' dir='ltr'>ordinem</span> <span class='ocrx_word' id='word_1_98' title='bbox 1425 950 1468 984; x_wconf 90' lang='lat' dir='ltr'>ad</span> <span class='ocrx_word' id='word_1_99' title='bbox 1490 949 1661 985; x_wconf 88' lang='lat' dir='ltr'>ultimum</span> 
     </span>
     <span class='ocr_line' id='line_1_10' title="bbox 78 1003 1662 1051; baseline -0.002 -10"><span class='ocrx_word' id='word_1_100' title='bbox 78 1005 208 1041; x_wconf 89' lang='lat' dir='ltr'><strong>finem:</strong></span> <span class='ocrx_word' id='word_1_101' title='bbox 231 1005 294 1041; x_wconf 89' lang='lat' dir='ltr'>sed</span> <span class='ocrx_word' id='word_1_102' title='bbox 316 1006 472 1049; x_wconf 86' lang='lat' dir='ltr'>habitus,</span> <span class='ocrx_word' id='word_1_103' title='bbox 495 1013 530 1040; x_wconf 87' lang='lat' dir='ltr'>et</span> <span class='ocrx_word' id='word_1_104' title='bbox 552 1013 653 1040; x_wconf 87' lang='lat' dir='ltr'>actus</span> <span class='ocrx_word' id='word_1_105' title='bbox 680 1004 833 1039; x_wconf 88' lang='lat' dir='ltr'>humani</span> <span class='ocrx_word' id='word_1_106' title='bbox 859 1016 934 1039; x_wconf 93' lang='lat' dir='ltr'>non</span> <span class='ocrx_word' id='word_1_107' title='bbox 961 1004 1140 1051; x_wconf 90' lang='lat' dir='ltr'>recipiunt</span> <span class='ocrx_word' id='word_1_108' title='bbox 1166 1004 1327 1051; x_wconf 90' lang='lat' dir='ltr'>speciem</span> <span class='ocrx_word' id='word_1_109' title='bbox 1355 1005 1397 1038; x_wconf 86' lang='lat' dir='ltr'>ab</span> <span class='ocrx_word' id='word_1_110' title='bbox 1421 1003 1551 1039; x_wconf 90' lang='lat' dir='ltr'>ultimo</span> <span class='ocrx_word' id='word_1_111' title='bbox 1578 1003 1662 1046; x_wconf 87' lang='lat' dir='ltr'>fine,</span> 
     </span>
     <span class='ocr_line' id='line_1_11' title="bbox 78 1057 1663 1107; baseline -0.001 -12"><span class='ocrx_word' id='word_1_112' title='bbox 78 1061 140 1096; x_wconf 91' lang='lat' dir='ltr'>sed</span> <span class='ocrx_word' id='word_1_113' title='bbox 165 1072 184 1095; x_wconf 88' lang='lat' dir='ltr'>a</span> <span class='ocrx_word' id='word_1_114' title='bbox 205 1061 393 1107; x_wconf 86' lang='lat' dir='ltr'>proximo;</span> <span class='ocrx_word' id='word_1_115' title='bbox 414 1070 489 1094; x_wconf 92' lang='lat' dir='ltr'>non</span> <span class='ocrx_word' id='word_1_116' title='bbox 513 1070 600 1106; x_wconf 90' lang='lat' dir='ltr'>ergo</span> <span class='ocrx_word' id='word_1_117' title='bbox 622 1059 772 1094; x_wconf 89' lang='lat' dir='ltr'>virtutes</span> <span class='ocrx_word' id='word_1_118' title='bbox 790 1058 962 1101; x_wconf 88' lang='lat' dir='ltr'>morales,</span> <span class='ocrx_word' id='word_1_119' title='bbox 983 1058 1042 1093; x_wconf 85' lang='lat' dir='ltr'>vel</span> <span class='ocrx_word' id='word_1_120' title='bbox 1056 1058 1321 1093; x_wconf 83' lang='lat' dir='ltr'>intellectuales</span> <span class='ocrx_word' id='word_1_121' title='bbox 1339 1058 1478 1093; x_wconf 80' lang='lat' dir='ltr'>infusae</span> <span class='ocrx_word' id='word_1_122' title='bbox 1493 1057 1663 1093; x_wconf 89' lang='lat' dir='ltr'>differunt</span> 
     </span>
     <span class='ocr_line' id='line_1_12' title="bbox 81 1113 487 1162; baseline -0.005 -12"><span class='ocrx_word' id='word_1_123' title='bbox 81 1115 202 1162; x_wconf 88' lang='lat' dir='ltr'>specie</span> <span class='ocrx_word' id='word_1_124' title='bbox 225 1114 268 1148; x_wconf 93' lang='lat' dir='ltr'>ab</span> <span class='ocrx_word' id='word_1_125' title='bbox 292 1113 487 1160; x_wconf 87' lang='lat' dir='ltr'>acquisitis.</span> 
     </span>
    </p>

    <p class='ocr_par' dir='ltr' id='par_1_6' title="bbox 80 1167 1664 1324">
     <span class='ocr_line' id='line_1_13' title="bbox 152 1167 1664 1215; baseline -0.001 -11"><span class='ocrx_word' id='word_1_126' title='bbox 152 1179 183 1204; x_wconf 90' lang='lat'>2.</span> <span class='ocrx_word' id='word_1_127' title='bbox 206 1168 445 1204; x_wconf 74' lang='lat' dir='ltr'>PRAETEREA.</span> <span class='ocrx_word' id='word_1_128' title='bbox 469 1168 622 1203; x_wconf 88' lang='lat' dir='ltr'>Habitus</span> <span class='ocrx_word' id='word_1_129' title='bbox 644 1179 708 1215; x_wconf 89' lang='lat' dir='ltr'>per</span> <span class='ocrx_word' id='word_1_130' title='bbox 730 1176 831 1203; x_wconf 88' lang='lat' dir='ltr'>actus</span> <span class='ocrx_word' id='word_1_131' title='bbox 854 1175 1147 1214; x_wconf 87' lang='lat' dir='ltr'>cognoscuntur:</span> <span class='ocrx_word' id='word_1_132' title='bbox 1171 1167 1234 1202; x_wconf 89' lang='lat' dir='ltr'>sed</span> <span class='ocrx_word' id='word_1_133' title='bbox 1256 1167 1353 1202; x_wconf 91' lang='lat' dir='ltr'>idem</span> <span class='ocrx_word' id='word_1_134' title='bbox 1376 1175 1430 1202; x_wconf 86' lang='lat' dir='ltr'>est</span> <span class='ocrx_word' id='word_1_135' title='bbox 1452 1175 1553 1202; x_wconf 90' lang='lat' dir='ltr'>actus</span> <span class='ocrx_word' id='word_1_136' title='bbox 1575 1175 1664 1202; x_wconf 88' lang='lat' dir='ltr'>tem-</span> 
     </span>
     <span class='ocr_line' id='line_1_14' title="bbox 80 1218 1662 1271; baseline -0.001 -13"><span class='ocrx_word' id='word_1_137' title='bbox 80 1218 265 1271; x_wconf 75' lang='lat' dir='ltr'>perantiae</span> <span class='ocrx_word' id='word_1_138' title='bbox 298 1222 448 1265; x_wconf 88' lang='lat' dir='ltr'>infusae,</span> <span class='ocrx_word' id='word_1_139' title='bbox 484 1230 517 1257; x_wconf 88' lang='lat' dir='ltr'>et</span> <span class='ocrx_word' id='word_1_140' title='bbox 546 1222 762 1269; x_wconf 81' lang='lat' dir='ltr'>acquisitae3</span> <span class='ocrx_word' id='word_1_141' title='bbox 797 1221 937 1257; x_wconf 89' lang='lat' dir='ltr'>scilicet</span> <span class='ocrx_word' id='word_1_142' title='bbox 970 1221 1155 1257; x_wconf 91' lang='lat' dir='ltr'>moderari</span> <span class='ocrx_word' id='word_1_143' title='bbox 1183 1221 1499 1268; x_wconf 85' lang='lat' dir='ltr'>concupiscentias</span> <span class='ocrx_word' id='word_1_144' title='bbox 1525 1229 1662 1264; x_wconf 90' lang='lat' dir='ltr'>tactus;</span> 
     </span>
     <span class='ocr_line' id='line_1_15' title="bbox 82 1275 602 1324; baseline -0.006 -11"><span class='ocrx_word' id='word_1_145' title='bbox 82 1288 171 1324; x_wconf 88' lang='lat' dir='ltr'>ergo</span> <span class='ocrx_word' id='word_1_146' title='bbox 192 1288 267 1311; x_wconf 91' lang='lat' dir='ltr'>non</span> <span class='ocrx_word' id='word_1_147' title='bbox 281 1275 450 1311; x_wconf 88' lang='lat' dir='ltr'>differunt</span> <span class='ocrx_word' id='word_1_148' title='bbox 471 1277 602 1323; x_wconf 90' lang='lat' dir='ltr'>specie.</span> 
     </span>
    </p>

    <p class='ocr_par' dir='ltr' id='par_1_7' title="bbox 81 1328 1663 1594">
     <span class='ocr_line' id='line_1_16' title="bbox 157 1328 1662 1378; baseline -0.001 -12"><span class='ocrx_word' id='word_1_149' title='bbox 157 1342 186 1378; x_wconf 85' lang='lat'>3.</span> <span class='ocrx_word' id='word_1_150' title='bbox 208 1330 446 1366; x_wconf 73' lang='lat' dir='ltr'><strong>PRAETEREA.</strong></span> <span class='ocrx_word' id='word_1_151' title='bbox 469 1329 592 1365; x_wconf 88' lang='lat' dir='ltr'>Virtus</span> <span class='ocrx_word' id='word_1_152' title='bbox 615 1329 802 1376; x_wconf 84' lang='lat' dir='ltr'>acquisita,</span> <span class='ocrx_word' id='word_1_153' title='bbox 825 1337 860 1365; x_wconf 92' lang='lat' dir='ltr'>et</span> <span class='ocrx_word' id='word_1_154' title='bbox 880 1330 992 1364; x_wconf 87' lang='lat' dir='ltr'>virtus</span> <span class='ocrx_word' id='word_1_155' title='bbox 1014 1328 1133 1364; x_wconf 88' lang='lat' dir='ltr'>infusa</span> <span class='ocrx_word' id='word_1_156' title='bbox 1148 1329 1316 1364; x_wconf 84' lang='lat' dir='ltr'>differunt</span> <span class='ocrx_word' id='word_1_157' title='bbox 1338 1330 1539 1364; x_wconf 87' lang='lat' dir='ltr'>secundum</span> <span class='ocrx_word' id='word_1_158' title='bbox 1560 1329 1662 1372; x_wconf 87' lang='lat' dir='ltr'>illud,</span> 
     </span>
     <span class='ocr_line' id='line_1_17' title="bbox 82 1383 1663 1433; baseline -0.001 -13"><span class='ocrx_word' id='word_1_159' title='bbox 82 1384 180 1433; x_wconf 90' lang='lat' dir='ltr'>quod</span> <span class='ocrx_word' id='word_1_160' title='bbox 202 1392 256 1420; x_wconf 90' lang='lat' dir='ltr'>est</span> <span class='ocrx_word' id='word_1_161' title='bbox 276 1384 486 1419; x_wconf 82' lang='lat' dir='ltr'>immediate</span> <span class='ocrx_word' id='word_1_162' title='bbox 505 1395 524 1418; x_wconf 94' lang='lat' dir='ltr'>a</span> <span class='ocrx_word' id='word_1_163' title='bbox 545 1384 628 1419; x_wconf 93' lang='lat' dir='ltr'>Deo</span> <span class='ocrx_word' id='word_1_164' title='bbox 649 1383 798 1426; x_wconf 88' lang='lat' dir='ltr'>factum,</span> <span class='ocrx_word' id='word_1_165' title='bbox 816 1391 850 1418; x_wconf 86' lang='lat' dir='ltr'>et</span> <span class='ocrx_word' id='word_1_166' title='bbox 872 1395 891 1418; x_wconf 90' lang='lat' dir='ltr'>a</span> <span class='ocrx_word' id='word_1_167' title='bbox 914 1392 1096 1427; x_wconf 89' lang='lat' dir='ltr'>creatura;</span> <span class='ocrx_word' id='word_1_168' title='bbox 1116 1383 1178 1419; x_wconf 89' lang='lat' dir='ltr'>sed</span> <span class='ocrx_word' id='word_1_169' title='bbox 1200 1383 1298 1418; x_wconf 89' lang='lat' dir='ltr'>idem</span> <span class='ocrx_word' id='word_1_170' title='bbox 1317 1392 1371 1419; x_wconf 90' lang='lat' dir='ltr'>est</span> <span class='ocrx_word' id='word_1_171' title='bbox 1392 1384 1512 1430; x_wconf 90' lang='lat' dir='ltr'>specie</span> <span class='ocrx_word' id='word_1_172' title='bbox 1534 1384 1663 1425; x_wconf 89' lang='lat' dir='ltr'>homo,</span> 
     </span>
     <span class='ocr_line' id='line_1_18' title="bbox 81 1437 1662 1487; baseline -0.001 -13"><span class='ocrx_word' id='word_1_173' title='bbox 81 1450 191 1487; x_wconf 90' lang='lat' dir='ltr'>quem</span> <span class='ocrx_word' id='word_1_174' title='bbox 211 1438 312 1474; x_wconf 90' lang='lat' dir='ltr'>Deus</span> <span class='ocrx_word' id='word_1_175' title='bbox 334 1437 516 1481; x_wconf 85' lang='lat' dir='ltr'>formavit,</span> <span class='ocrx_word' id='word_1_176' title='bbox 539 1446 574 1473; x_wconf 92' lang='lat' dir='ltr'>et</span> <span class='ocrx_word' id='word_1_177' title='bbox 595 1449 704 1485; x_wconf 89' lang='lat' dir='ltr'>quem</span> <span class='ocrx_word' id='word_1_178' title='bbox 732 1446 882 1484; x_wconf 88' lang='lat' dir='ltr'>generat</span> <span class='ocrx_word' id='word_1_179' title='bbox 903 1446 1047 1481; x_wconf 80' lang='lat' dir='ltr'>natura3</span> <span class='ocrx_word' id='word_1_180' title='bbox 1075 1445 1110 1472; x_wconf 91' lang='lat' dir='ltr'>et</span> <span class='ocrx_word' id='word_1_181' title='bbox 1131 1437 1271 1480; x_wconf 90' lang='lat' dir='ltr'>oculos,</span> <span class='ocrx_word' id='word_1_182' title='bbox 1300 1448 1408 1484; x_wconf 89' lang='lat' dir='ltr'>quem</span> <span class='ocrx_word' id='word_1_183' title='bbox 1437 1449 1548 1472; x_wconf 88' lang='lat' dir='ltr'>caeco</span> <span class='ocrx_word' id='word_1_184' title='bbox 1575 1445 1662 1472; x_wconf 85' lang='lat' dir='ltr'>nato</span> 
     </span>
     <span class='ocr_line' id='line_1_19' title="bbox 82 1491 1660 1540; baseline -0.001 -12"><span class='ocrx_word' id='word_1_185' title='bbox 82 1493 190 1536; x_wconf 88' lang='lat' dir='ltr'>dedit,</span> <span class='ocrx_word' id='word_1_186' title='bbox 212 1500 248 1527; x_wconf 89' lang='lat' dir='ltr'>et</span> <span class='ocrx_word' id='word_1_187' title='bbox 268 1503 378 1540; x_wconf 90' lang='lat' dir='ltr'>quern</span> <span class='ocrx_word' id='word_1_188' title='bbox 398 1492 511 1527; x_wconf 89' lang='lat' dir='ltr'>virtus</span> <span class='ocrx_word' id='word_1_189' title='bbox 532 1491 726 1527; x_wconf 85' lang='lat' dir='ltr'>formativa</span> <span class='ocrx_word' id='word_1_190' title='bbox 743 1500 884 1535; x_wconf 79' lang='lat' dir='ltr'>causat3</span> <span class='ocrx_word' id='word_1_191' title='bbox 900 1503 988 1539; x_wconf 88' lang='lat' dir='ltr'>ergo</span> <span class='ocrx_word' id='word_1_192' title='bbox 1006 1492 1159 1534; x_wconf 86' lang='lat' dir='ltr'>videtur,</span> <span class='ocrx_word' id='word_1_193' title='bbox 1176 1492 1273 1539; x_wconf 89' lang='lat' dir='ltr'>quod</span> <span class='ocrx_word' id='word_1_194' title='bbox 1293 1500 1346 1527; x_wconf 89' lang='lat' dir='ltr'>est</span> <span class='ocrx_word' id='word_1_195' title='bbox 1369 1492 1498 1527; x_wconf 87' lang='lat' dir='ltr'>eadem</span> <span class='ocrx_word' id='word_1_196' title='bbox 1520 1492 1660 1539; x_wconf 90' lang='lat' dir='ltr'>species</span> 
     </span>
     <span class='ocr_line' id='line_1_20' title="bbox 82 1546 609 1594; baseline -0.002 -12"><span class='ocrx_word' id='word_1_197' title='bbox 82 1547 194 1582; x_wconf 87' lang='lat' dir='ltr'>virtus</span> <span class='ocrx_word' id='word_1_198' title='bbox 216 1546 403 1594; x_wconf 89' lang='lat' dir='ltr'>acquisita,</span> <span class='ocrx_word' id='word_1_199' title='bbox 425 1555 460 1582; x_wconf 87' lang='lat' dir='ltr'>et</span> <span class='ocrx_word' id='word_1_200' title='bbox 480 1546 609 1581; x_wconf 90' lang='lat' dir='ltr'>infusa.</span> 
     </span>
    </p>

    <p class='ocr_par' dir='ltr' id='par_1_8' title="bbox 78 1600 1663 1809">
     <span class='ocr_line' id='line_1_21' title="bbox 153 1600 1663 1647; baseline 0 -11"><span class='ocrx_word' id='word_1_201' title='bbox 153 1601 228 1636; x_wconf 78' lang='lat' dir='ltr'>SED</span> <span class='ocrx_word' id='word_1_202' title='bbox 247 1611 415 1636; x_wconf 79' lang='lat' dir='ltr'>CONTRA.</span> <span class='ocrx_word' id='word_1_203' title='bbox 440 1600 636 1642; x_wconf 88' lang='lat' dir='ltr'>Quaelibet</span> <span class='ocrx_word' id='word_1_204' title='bbox 651 1600 852 1635; x_wconf 87' lang='lat' dir='ltr'>differentia</span> <span class='ocrx_word' id='word_1_205' title='bbox 875 1600 911 1634; x_wconf 94' lang='lat' dir='ltr'>in</span> <span class='ocrx_word' id='word_1_206' title='bbox 926 1600 1136 1635; x_wconf 82' lang='lat' dir='ltr'>definitione</span> <span class='ocrx_word' id='word_1_207' title='bbox 1151 1600 1269 1647; x_wconf 86' lang='lat' dir='ltr'>posita</span> <span class='ocrx_word' id='word_1_208' title='bbox 1284 1608 1423 1635; x_wconf 89' lang='lat' dir='ltr'>mutata</span> <span class='ocrx_word' id='word_1_209' title='bbox 1445 1600 1663 1636; x_wconf 87' lang='lat' dir='ltr'>diversificat</span> 
     </span>
     <span class='ocr_line' id='line_1_22' title="bbox 82 1654 1662 1703; baseline 0 -13"><span class='ocrx_word' id='word_1_210' title='bbox 82 1655 262 1703; x_wconf 89' lang='lat' dir='ltr'>speciem:</span> <span class='ocrx_word' id='word_1_211' title='bbox 285 1655 348 1690; x_wconf 90' lang='lat' dir='ltr'>sed</span> <span class='ocrx_word' id='word_1_212' title='bbox 370 1655 406 1689; x_wconf 91' lang='lat' dir='ltr'>in</span> <span class='ocrx_word' id='word_1_213' title='bbox 433 1654 645 1690; x_wconf 85' lang='lat' dir='ltr'>definitione</span> <span class='ocrx_word' id='word_1_214' title='bbox 672 1655 812 1690; x_wconf 89' lang='lat' dir='ltr'>virtutis</span> <span class='ocrx_word' id='word_1_215' title='bbox 840 1654 956 1689; x_wconf 87' lang='lat' dir='ltr'>infusa</span> <span class='ocrx_word' id='word_1_216' title='bbox 984 1655 1147 1702; x_wconf 86' lang='lat' dir='ltr'>ponitur:</span> <span class='ocrx_word' id='word_1_217' title='bbox 1175 1667 1276 1700; x_wconf 77' lang='lat' dir='ltr'>quam</span> <span class='ocrx_word' id='word_1_218' title='bbox 1302 1656 1394 1690; x_wconf 62' lang='lat' dir='ltr'>Deus</span> <span class='ocrx_word' id='word_1_219' title='bbox 1420 1656 1454 1689; x_wconf 79' lang='lat' dir='ltr'>in</span> <span class='ocrx_word' id='word_1_220' title='bbox 1476 1656 1570 1690; x_wconf 74' lang='lat' dir='ltr'>nobis</span> <span class='ocrx_word' id='word_1_221' title='bbox 1594 1656 1662 1690; x_wconf 67' lang='lat' dir='ltr'>sina</span> 
     </span>
     <span class='ocr_line' id='line_1_23' title="bbox 80 1709 1657 1757; baseline -0.001 -12"><span class='ocrx_word' id='word_1_222' title='bbox 80 1711 174 1745; x_wconf 87' lang='lat' dir='ltr'>nobis</span> <span class='ocrx_word' id='word_1_223' title='bbox 194 1714 363 1757; x_wconf 79' lang='lat' dir='ltr'>operatur,</span> <span class='ocrx_word' id='word_1_224' title='bbox 387 1717 426 1744; x_wconf 92' lang='lat' dir='ltr'>ut</span> <span class='ocrx_word' id='word_1_225' title='bbox 446 1720 553 1756; x_wconf 88' lang='lat' dir='ltr'>supra</span> <span class='ocrx_word' id='word_1_226' title='bbox 575 1710 712 1744; x_wconf 86' lang='lat' dir='ltr'>dictum</span> <span class='ocrx_word' id='word_1_227' title='bbox 740 1717 793 1744; x_wconf 90' lang='lat' dir='ltr'>est</span> <span class='ocrx_word' id='word_1_228' title='bbox 816 1709 860 1755; x_wconf 85' lang='lat' dir='ltr'>(q.</span> <span class='ocrx_word' id='word_1_229' title='bbox 879 1721 923 1755; x_wconf 75' lang='lat'>55.</span> <span class='ocrx_word' id='word_1_230' title='bbox 948 1714 1012 1744; x_wconf 79' lang='lat' dir='ltr'>art.</span> <span class='ocrx_word' id='word_1_231' title='bbox 1039 1711 1088 1755; x_wconf 84' lang='lat'>4.)</span> <span class='ocrx_word' id='word_1_232' title='bbox 1099 1722 1110 1749; x_wconf 88' lang='lat'>,·</span> <span class='ocrx_word' id='word_1_233' title='bbox 1135 1720 1222 1755; x_wconf 84' lang='lat' dir='ltr'>ergo</span> <span class='ocrx_word' id='word_1_234' title='bbox 1245 1709 1357 1743; x_wconf 82' lang='lat' dir='ltr'>virtus</span> <span class='ocrx_word' id='word_1_235' title='bbox 1386 1709 1573 1756; x_wconf 86' lang='lat' dir='ltr'>acquisita,</span> <span class='ocrx_word' id='word_1_236' title='bbox 1601 1709 1657 1744; x_wconf 90' lang='lat' dir='ltr'>cui</span> 
     </span>
     <span class='ocr_line' id='line_1_24' title="bbox 78 1763 1228 1809; baseline -0.001 -11"><span class='ocrx_word' id='word_1_237' title='bbox 78 1764 149 1799; x_wconf 92' lang='lat' dir='ltr'>hoc</span> <span class='ocrx_word' id='word_1_238' title='bbox 171 1774 247 1798; x_wconf 89' lang='lat' dir='ltr'>non</span> <span class='ocrx_word' id='word_1_239' title='bbox 269 1763 452 1806; x_wconf 88' lang='lat' dir='ltr'>convenit,</span> <span class='ocrx_word' id='word_1_240' title='bbox 472 1774 548 1797; x_wconf 91' lang='lat' dir='ltr'>non</span> <span class='ocrx_word' id='word_1_241' title='bbox 571 1772 624 1798; x_wconf 89' lang='lat' dir='ltr'>est</span> <span class='ocrx_word' id='word_1_242' title='bbox 646 1763 808 1808; x_wconf 84' lang='lat' dir='ltr'>ejusdem</span> <span class='ocrx_word' id='word_1_243' title='bbox 830 1763 964 1809; x_wconf 84' lang='lat' dir='ltr'>speciei</span> <span class='ocrx_word' id='word_1_244' title='bbox 988 1775 1073 1797; x_wconf 89' lang='lat' dir='ltr'>curn</span> <span class='ocrx_word' id='word_1_245' title='bbox 1100 1763 1228 1798; x_wconf 88' lang='lat' dir='ltr'>infusa.</span> 
     </span>
    </p>

    <p class='ocr_par' dir='ltr' id='par_1_9' title="bbox 75 1817 1663 2244">
     <span class='ocr_line' id='line_1_25' title="bbox 149 1817 1658 1864; baseline -0.001 -11"><span class='ocrx_word' id='word_1_246' title='bbox 149 1817 379 1853; x_wconf 76' lang='lat' dir='ltr'>RESPONDEO</span> <span class='ocrx_word' id='word_1_247' title='bbox 407 1817 614 1860; x_wconf 88' lang='lat' dir='ltr'>dicendum,</span> <span class='ocrx_word' id='word_1_248' title='bbox 643 1817 739 1864; x_wconf 89' lang='lat' dir='ltr'>quod</span> <span class='ocrx_word' id='word_1_249' title='bbox 763 1817 938 1864; x_wconf 66' lang='lat' dir='ltr'>dupliciter</span> <span class='ocrx_word' id='word_1_250' title='bbox 958 1817 1101 1852; x_wconf 80' lang='lat' dir='ltr'>habitus</span> <span class='ocrx_word' id='word_1_251' title='bbox 1123 1817 1394 1864; x_wconf 85' lang='lat' dir='ltr'>distinguuntur</span> <span class='ocrx_word' id='word_1_252' title='bbox 1417 1817 1550 1864; x_wconf 89' lang='lat' dir='ltr'>specie.</span> <span class='ocrx_word' id='word_1_253' title='bbox 1585 1818 1658 1853; x_wconf 83' lang='lat' dir='ltr'>Uno</span> 
     </span>
     <span class='ocr_line' id='line_1_26' title="bbox 76 1871 1662 1918; baseline 0 -12"><span class='ocrx_word' id='word_1_254' title='bbox 76 1871 184 1914; x_wconf 88' lang='lat' dir='ltr'>modo,</span> <span class='ocrx_word' id='word_1_255' title='bbox 200 1871 293 1906; x_wconf 89' lang='lat' dir='ltr'>sicut</span> <span class='ocrx_word' id='word_1_256' title='bbox 314 1871 541 1918; x_wconf 90' lang='lat' dir='ltr'>praedictum</span> <span class='ocrx_word' id='word_1_257' title='bbox 564 1879 616 1906; x_wconf 90' lang='lat' dir='ltr'>est</span> <span class='ocrx_word' id='word_1_258' title='bbox 638 1872 686 1917; x_wconf 87' lang='lat' dir='ltr'>(q.</span> <span class='ocrx_word' id='word_1_259' title='bbox 702 1883 754 1917; x_wconf 78' lang='lat'>54.</span> <span class='ocrx_word' id='word_1_260' title='bbox 775 1877 838 1906; x_wconf 80' lang='lat' dir='ltr'>arl.</span> <span class='ocrx_word' id='word_1_261' title='bbox 862 1871 925 1916; x_wconf 86' lang='lat'><em>2.)‚</em></span> <span class='ocrx_word' id='word_1_262' title='bbox 950 1872 1151 1906; x_wconf 90' lang='lat' dir='ltr'>secundum</span> <span class='ocrx_word' id='word_1_263' title='bbox 1167 1871 1355 1918; x_wconf 84' lang='lat' dir='ltr'>speciales,</span> <span class='ocrx_word' id='word_1_264' title='bbox 1372 1880 1406 1907; x_wconf 94' lang='lat' dir='ltr'>et</span> <span class='ocrx_word' id='word_1_265' title='bbox 1421 1871 1595 1906; x_wconf 83' lang='lat' dir='ltr'>formales</span> <span class='ocrx_word' id='word_1_266' title='bbox 1610 1884 1662 1906; x_wconf 89' lang='lat' dir='ltr'>ra-</span> 
     </span>
     <span class='ocr_line' id='line_1_27' title="bbox 75 1925 1658 1972; baseline -0.001 -11"><span class='ocrx_word' id='word_1_267' title='bbox 75 1926 194 1961; x_wconf 89' lang='lat' dir='ltr'>tiones</span> <span class='ocrx_word' id='word_1_268' title='bbox 205 1925 453 1971; x_wconf 86' lang='lat' dir='ltr'>objectorum:</span> <span class='ocrx_word' id='word_1_269' title='bbox 469 1926 654 1971; x_wconf 86' lang='lat' dir='ltr'>objectum</span> <span class='ocrx_word' id='word_1_270' title='bbox 667 1933 788 1960; x_wconf 84' lang='lat' dir='ltr'>autem</span> <span class='ocrx_word' id='word_1_271' title='bbox 805 1925 944 1960; x_wconf 89' lang='lat' dir='ltr'>virtutis</span> <span class='ocrx_word' id='word_1_272' title='bbox 959 1925 1153 1972; x_wconf 87' lang='lat' dir='ltr'>cujuslibet</span> <span class='ocrx_word' id='word_1_273' title='bbox 1164 1934 1216 1960; x_wconf 89' lang='lat' dir='ltr'>est</span> <span class='ocrx_word' id='word_1_274' title='bbox 1230 1926 1370 1960; x_wconf 91' lang='lat' dir='ltr'>bonum</span> <span class='ocrx_word' id='word_1_275' title='bbox 1386 1927 1658 1961; x_wconf 86' lang='lat' dir='ltr'>consideratum</span> 
     </span>
     <span class='ocr_line' id='line_1_28' title="bbox 76 1979 1659 2027; baseline 0.001 -13"><span class='ocrx_word' id='word_1_276' title='bbox 76 1980 113 2015; x_wconf 91' lang='lat' dir='ltr'>in</span> <span class='ocrx_word' id='word_1_277' title='bbox 135 1980 288 2015; x_wconf 84' lang='lat' dir='ltr'>materia</span> <span class='ocrx_word' id='word_1_278' title='bbox 307 1980 469 2027; x_wconf 91' lang='lat' dir='ltr'>propria:</span> <span class='ocrx_word' id='word_1_279' title='bbox 491 1979 583 2015; x_wconf 92' lang='lat' dir='ltr'>sicut</span> <span class='ocrx_word' id='word_1_280' title='bbox 604 1980 864 2026; x_wconf 85' lang='lat' dir='ltr'>temperantiae</span> <span class='ocrx_word' id='word_1_281' title='bbox 887 1980 1071 2025; x_wconf 85' lang='lat' dir='ltr'>objectum</span> <span class='ocrx_word' id='word_1_282' title='bbox 1094 1988 1147 2014; x_wconf 89' lang='lat' dir='ltr'>est</span> <span class='ocrx_word' id='word_1_283' title='bbox 1168 1980 1307 2014; x_wconf 91' lang='lat' dir='ltr'>bonum</span> <span class='ocrx_word' id='word_1_284' title='bbox 1329 1980 1601 2015; x_wconf 82' lang='lat' dir='ltr'>delectabilium</span> <span class='ocrx_word' id='word_1_285' title='bbox 1624 1981 1659 2015; x_wconf 92' lang='lat' dir='ltr'>in</span> 
     </span>
     <span class='ocr_line' id='line_1_29' title="bbox 77 2033 1661 2081; baseline 0.001 -13"><span class='ocrx_word' id='word_1_286' title='bbox 77 2033 383 2080; x_wconf 87' lang='lat' dir='ltr'>concupiscentiis</span> <span class='ocrx_word' id='word_1_287' title='bbox 397 2041 531 2076; x_wconf 88' lang='lat' dir='ltr'>tactus;</span> <span class='ocrx_word' id='word_1_288' title='bbox 547 2034 649 2079; x_wconf 86' lang='lat' dir='ltr'>cujus</span> <span class='ocrx_word' id='word_1_289' title='bbox 672 2033 820 2080; x_wconf 86' lang='lat' dir='ltr'>quidem</span> <span class='ocrx_word' id='word_1_290' title='bbox 836 2033 969 2079; x_wconf 85' lang='lat' dir='ltr'>objecti</span> <span class='ocrx_word' id='word_1_291' title='bbox 984 2033 1148 2068; x_wconf 79' lang='lat' dir='ltr'>formalis</span> <span class='ocrx_word' id='word_1_292' title='bbox 1170 2034 1262 2068; x_wconf 90' lang='lat' dir='ltr'>ratio</span> <span class='ocrx_word' id='word_1_293' title='bbox 1283 2042 1337 2069; x_wconf 89' lang='lat' dir='ltr'>est</span> <span class='ocrx_word' id='word_1_294' title='bbox 1359 2046 1378 2068; x_wconf 90' lang='lat' dir='ltr'>a</span> <span class='ocrx_word' id='word_1_295' title='bbox 1400 2034 1552 2077; x_wconf 88' lang='lat' dir='ltr'>ratione,</span> <span class='ocrx_word' id='word_1_296' title='bbox 1568 2046 1661 2081; x_wconf 87' lang='lat' dir='ltr'>quae</span> 
     </span>
     <span class='ocr_line' id='line_1_30' title="bbox 77 2087 1661 2136; baseline 0.001 -14"><span class='ocrx_word' id='word_1_297' title='bbox 77 2088 231 2123; x_wconf 90' lang='lat' dir='ltr'>instituit</span> <span class='ocrx_word' id='word_1_298' title='bbox 252 2087 404 2122; x_wconf 90' lang='lat' dir='ltr'>modum</span> <span class='ocrx_word' id='word_1_299' title='bbox 427 2088 462 2122; x_wconf 92' lang='lat' dir='ltr'>in</span> <span class='ocrx_word' id='word_1_300' title='bbox 485 2088 542 2122; x_wconf 91' lang='lat' dir='ltr'>his</span> <span class='ocrx_word' id='word_1_301' title='bbox 565 2088 883 2134; x_wconf 85' lang='lat' dir='ltr'>concupiscentiis,</span> <span class='ocrx_word' id='word_1_302' title='bbox 906 2088 1094 2123; x_wconf 83' lang='lat' dir='ltr'>materiale</span> <span class='ocrx_word' id='word_1_303' title='bbox 1122 2096 1244 2123; x_wconf 85' lang='lat' dir='ltr'>autem</span> <span class='ocrx_word' id='word_1_304' title='bbox 1267 2096 1320 2123; x_wconf 79' lang='lat' dir='ltr'>est</span> <span class='ocrx_word' id='word_1_305' title='bbox 1346 2089 1391 2131; x_wconf 85' lang='lat' dir='ltr'>id,</span> <span class='ocrx_word' id='word_1_306' title='bbox 1420 2089 1516 2136; x_wconf 88' lang='lat' dir='ltr'>quod</span> <span class='ocrx_word' id='word_1_307' title='bbox 1540 2097 1592 2124; x_wconf 90' lang='lat' dir='ltr'>est</span> <span class='ocrx_word' id='word_1_308' title='bbox 1620 2102 1661 2123; x_wconf 77' lang='lat' dir='ltr'>ex</span> 
     </span>
     <span class='ocr_line' id='line_1_31' title="bbox 77 2141 1663 2190; baseline 0.001 -14"><span class='ocrx_word' id='word_1_309' title='bbox 77 2151 178 2190; x_wconf 91' lang='lat' dir='ltr'>parte</span> <span class='ocrx_word' id='word_1_310' title='bbox 205 2142 597 2189; x_wconf 85' lang='lat' dir='ltr'>concupiscentiarum.</span> <span class='ocrx_word' id='word_1_311' title='bbox 626 2141 861 2176; x_wconf 85' lang='lat' dir='ltr'>Manifestum</span> <span class='ocrx_word' id='word_1_312' title='bbox 890 2151 942 2177; x_wconf 87' lang='lat' dir='ltr'>est</span> <span class='ocrx_word' id='word_1_313' title='bbox 970 2151 1103 2185; x_wconf 83' lang='lat' dir='ltr'>autem,</span> <span class='ocrx_word' id='word_1_314' title='bbox 1131 2143 1229 2189; x_wconf 88' lang='lat' dir='ltr'>quod</span> <span class='ocrx_word' id='word_1_315' title='bbox 1258 2143 1404 2177; x_wconf 85' lang='lat' dir='ltr'>alterius</span> <span class='ocrx_word' id='word_1_316' title='bbox 1431 2144 1582 2178; x_wconf 89' lang='lat' dir='ltr'>rationis</span> <span class='ocrx_word' id='word_1_317' title='bbox 1610 2152 1663 2178; x_wconf 89' lang='lat' dir='ltr'>est</span> 
     </span>
     <span class='ocr_line' id='line_1_32' title="bbox 77 2196 1663 2244; baseline 0.001 -14"><span class='ocrx_word' id='word_1_318' title='bbox 77 2196 222 2239; x_wconf 89' lang='lat' dir='ltr'>modus,</span> <span class='ocrx_word' id='word_1_319' title='bbox 244 2196 306 2244; x_wconf 91' lang='lat' dir='ltr'>qui</span> <span class='ocrx_word' id='word_1_320' title='bbox 327 2196 528 2244; x_wconf 86' lang='lat' dir='ltr'>imponitur</span> <span class='ocrx_word' id='word_1_321' title='bbox 553 2196 590 2230; x_wconf 89' lang='lat' dir='ltr'>in</span> <span class='ocrx_word' id='word_1_322' title='bbox 618 2196 829 2242; x_wconf 84' lang='lat' dir='ltr'>hujusmodi</span> <span class='ocrx_word' id='word_1_323' title='bbox 857 2196 1163 2243; x_wconf 85' lang='lat' dir='ltr'>concupiscentiis</span> <span class='ocrx_word' id='word_1_324' title='bbox 1190 2198 1392 2232; x_wconf 85' lang='lat' dir='ltr'>secundum</span> <span class='ocrx_word' id='word_1_325' title='bbox 1419 2197 1585 2244; x_wconf 84' lang='lat' dir='ltr'>regulam</span> <span class='ocrx_word' id='word_1_326' title='bbox 1612 2209 1663 2232; x_wconf 87' lang='lat' dir='ltr'>ra-</span> 
     </span>
    </p>
   </div>
   <div class='ocr_carea' id='block_1_6' title="bbox 20 2250 1660 2302">
    <p class='ocr_par' dir='ltr' id='par_1_10' title="bbox 20 2250 1660 2302">
     <span class='ocr_line' id='line_1_33' title="bbox 20 2250 1660 2302; baseline 0 -16"><span class='ocrx_word' id='word_1_327' title='bbox 20 2297 26 2302; x_wconf 76' lang='lat'>‚</span> <span class='ocrx_word' id='word_1_328' title='bbox 77 2250 186 2286; x_wconf 85' lang='lat' dir='ltr'>tionis</span> <span class='ocrx_word' id='word_1_329' title='bbox 207 2250 463 2293; x_wconf 86' lang='lat' dir='ltr'>humanae‚&#39;et</span> <span class='ocrx_word' id='word_1_330' title='bbox 484 2251 687 2285; x_wconf 84' lang='lat' dir='ltr'>secundum</span> <span class='ocrx_word' id='word_1_331' title='bbox 708 2250 872 2296; x_wconf 86' lang='lat' dir='ltr'>regulam</span> <span class='ocrx_word' id='word_1_332' title='bbox 895 2251 1074 2284; x_wconf 82' lang='lat' dir='ltr'>divinam:</span> <span class='ocrx_word' id='word_1_333' title='bbox 1099 2259 1183 2297; x_wconf 83' lang='lat' dir='ltr'>puta</span> <span class='ocrx_word' id='word_1_334' title='bbox 1204 2251 1238 2285; x_wconf 91' lang='lat' dir='ltr'>in</span> <span class='ocrx_word' id='word_1_335' title='bbox 1262 2252 1471 2298; x_wconf 85' lang='lat' dir='ltr'>sumptione</span> <span class='ocrx_word' id='word_1_336' title='bbox 1495 2252 1660 2286; x_wconf 90' lang='lat' dir='ltr'>ciborum</span> 
     </span>
    </p>
   </div>
   <div class='ocr_carea' id='block_1_7' title="bbox 27 2304 1665 2946">
    <p class='ocr_par' dir='ltr' id='par_1_11' title="bbox 27 2304 1665 2946">
     <span class='ocr_line' id='line_1_34' title="bbox 77 2304 1663 2352; baseline 0 -13"><span class='ocrx_word' id='word_1_337' title='bbox 77 2304 219 2340; x_wconf 89' lang='lat' dir='ltr'>ratione</span> <span class='ocrx_word' id='word_1_338' title='bbox 240 2304 403 2339; x_wconf 87' lang='lat' dir='ltr'>humana</span> <span class='ocrx_word' id='word_1_339' title='bbox 425 2304 558 2339; x_wconf 90' lang='lat' dir='ltr'>modus</span> <span class='ocrx_word' id='word_1_340' title='bbox 579 2305 758 2346; x_wconf 86' lang='lat' dir='ltr'>statuitur,</span> <span class='ocrx_word' id='word_1_341' title='bbox 782 2312 819 2338; x_wconf 86' lang='lat' dir='ltr'>ut</span> <span class='ocrx_word' id='word_1_342' title='bbox 841 2315 915 2339; x_wconf 89' lang='lat' dir='ltr'>non</span> <span class='ocrx_word' id='word_1_343' title='bbox 938 2313 1070 2339; x_wconf 89' lang='lat' dir='ltr'>noceat</span> <span class='ocrx_word' id='word_1_344' title='bbox 1091 2304 1288 2340; x_wconf 86' lang='lat' dir='ltr'>valetudini</span> <span class='ocrx_word' id='word_1_345' title='bbox 1313 2306 1489 2352; x_wconf 87' lang='lat' dir='ltr'>corporis,</span> <span class='ocrx_word' id='word_1_346' title='bbox 1508 2317 1575 2340; x_wconf 88' lang='lat' dir='ltr'>nec</span> <span class='ocrx_word' id='word_1_347' title='bbox 1598 2306 1663 2340; x_wconf 86' lang='lat' dir='ltr'>im-</span> 
     </span>
     <span class='ocr_line' id='line_1_35' title="bbox 78 2358 1662 2406; baseline 0.001 -13"><span class='ocrx_word' id='word_1_348' title='bbox 78 2358 201 2406; x_wconf 88' lang='lat' dir='ltr'>pediat</span> <span class='ocrx_word' id='word_1_349' title='bbox 217 2358 368 2393; x_wconf 89' lang='lat' dir='ltr'>rationis</span> <span class='ocrx_word' id='word_1_350' title='bbox 391 2366 531 2401; x_wconf 90' lang='lat' dir='ltr'>actum;</span> <span class='ocrx_word' id='word_1_351' title='bbox 547 2359 748 2393; x_wconf 84' lang='lat' dir='ltr'>secundum</span> <span class='ocrx_word' id='word_1_352' title='bbox 765 2366 884 2393; x_wconf 88' lang='lat' dir='ltr'>autem</span> <span class='ocrx_word' id='word_1_353' title='bbox 901 2358 1065 2405; x_wconf 80' lang='lat' dir='ltr'>regulam</span> <span class='ocrx_word' id='word_1_354' title='bbox 1082 2358 1172 2405; x_wconf 83' lang='lat' dir='ltr'>legis</span> <span class='ocrx_word' id='word_1_355' title='bbox 1192 2359 1334 2394; x_wconf 87' lang='lat' dir='ltr'>divinae</span> <span class='ocrx_word' id='word_1_356' title='bbox 1350 2360 1552 2406; x_wconf 86' lang='lat' dir='ltr'>requiritur,</span> <span class='ocrx_word' id='word_1_357' title='bbox 1565 2360 1662 2406; x_wconf 89' lang='lat' dir='ltr'>quod</span> 
     </span>
     <span class='ocr_line' id='line_1_36' title="bbox 76 2412 1662 2460; baseline -0.001 -12"><span class='ocrx_word' id='word_1_358' title='bbox 76 2413 194 2448; x_wconf 89' lang='lat' dir='ltr'>homo</span> <span class='ocrx_word' id='word_1_359' title='bbox 217 2413 371 2459; x_wconf 87' lang='lat' dir='ltr'>castiget</span> <span class='ocrx_word' id='word_1_360' title='bbox 392 2423 523 2460; x_wconf 91' lang='lat' dir='ltr'>corpus</span> <span class='ocrx_word' id='word_1_361' title='bbox 550 2424 669 2454; x_wconf 88' lang='lat' dir='ltr'>suum,</span> <span class='ocrx_word' id='word_1_362' title='bbox 693 2422 727 2447; x_wconf 88' lang='lat' dir='ltr'>et</span> <span class='ocrx_word' id='word_1_363' title='bbox 750 2414 784 2447; x_wconf 89' lang='lat' dir='ltr'>in</span> <span class='ocrx_word' id='word_1_364' title='bbox 812 2412 1022 2447; x_wconf 84' lang='lat' dir='ltr'>servitutem</span> <span class='ocrx_word' id='word_1_365' title='bbox 1051 2413 1191 2459; x_wconf 84' lang='lat' dir='ltr'>redigat</span> <span class='ocrx_word' id='word_1_366' title='bbox 1216 2424 1279 2460; x_wconf 87' lang='lat' dir='ltr'>per</span> <span class='ocrx_word' id='word_1_367' title='bbox 1303 2414 1557 2448; x_wconf 81' lang='lat' dir='ltr'>abstinentiam</span> <span class='ocrx_word' id='word_1_368' title='bbox 1581 2414 1662 2455; x_wconf 85' lang='lat' dir='ltr'>cibi,</span> 
     </span>
     <span class='ocr_line' id='line_1_37' title="bbox 79 2466 1665 2514; baseline -0.001 -12"><span class='ocrx_word' id='word_1_369' title='bbox 79 2474 115 2502; x_wconf 91' lang='lat' dir='ltr'>et</span> <span class='ocrx_word' id='word_1_370' title='bbox 134 2473 254 2514; x_wconf 91' lang='lat' dir='ltr'>potus,</span> <span class='ocrx_word' id='word_1_371' title='bbox 274 2474 309 2501; x_wconf 88' lang='lat' dir='ltr'>et</span> <span class='ocrx_word' id='word_1_372' title='bbox 331 2466 488 2501; x_wconf 89' lang='lat' dir='ltr'>aliorum</span> <span class='ocrx_word' id='word_1_373' title='bbox 508 2466 740 2512; x_wconf 81' lang='lat' dir='ltr'>hujusmodi3</span> <span class='ocrx_word' id='word_1_374' title='bbox 763 2466 857 2501; x_wconf 89' lang='lat' dir='ltr'>unde</span> <span class='ocrx_word' id='word_1_375' title='bbox 881 2466 1115 2501; x_wconf 83' lang='lat' dir='ltr'>manifestum</span> <span class='ocrx_word' id='word_1_376' title='bbox 1139 2475 1204 2510; x_wconf 88' lang='lat' dir='ltr'>est,</span> <span class='ocrx_word' id='word_1_377' title='bbox 1231 2467 1328 2514; x_wconf 90' lang='lat' dir='ltr'>quod</span> <span class='ocrx_word' id='word_1_378' title='bbox 1351 2468 1591 2514; x_wconf 82' lang='lat' dir='ltr'>temperantia</span> <span class='ocrx_word' id='word_1_379' title='bbox 1614 2468 1665 2501; x_wconf 90' lang='lat' dir='ltr'>in-</span> 
     </span>
     <span class='ocr_line' id='line_1_38' title="bbox 79 2519 1661 2567; baseline 0 -11"><span class='ocrx_word' id='word_1_380' title='bbox 79 2519 169 2563; x_wconf 89' lang='lat' dir='ltr'>fusa,</span> <span class='ocrx_word' id='word_1_381' title='bbox 192 2527 227 2556; x_wconf 86' lang='lat' dir='ltr'>et</span> <span class='ocrx_word' id='word_1_382' title='bbox 249 2520 425 2567; x_wconf 89' lang='lat' dir='ltr'>acquisita</span> <span class='ocrx_word' id='word_1_383' title='bbox 447 2519 617 2555; x_wconf 84' lang='lat' dir='ltr'>differunt</span> <span class='ocrx_word' id='word_1_384' title='bbox 632 2520 772 2566; x_wconf 83' lang='lat' dir='ltr'>specie:</span> <span class='ocrx_word' id='word_1_385' title='bbox 796 2528 830 2554; x_wconf 87' lang='lat' dir='ltr'>et</span> <span class='ocrx_word' id='word_1_386' title='bbox 852 2521 981 2555; x_wconf 86' lang='lat' dir='ltr'>eadem</span> <span class='ocrx_word' id='word_1_387' title='bbox 1005 2521 1096 2555; x_wconf 86' lang='lat' dir='ltr'>ratio</span> <span class='ocrx_word' id='word_1_388' title='bbox 1116 2529 1169 2555; x_wconf 84' lang='lat' dir='ltr'>est</span> <span class='ocrx_word' id='word_1_389' title='bbox 1191 2521 1233 2556; x_wconf 92' lang='lat' dir='ltr'>de</span> <span class='ocrx_word' id='word_1_390' title='bbox 1260 2521 1337 2556; x_wconf 88' lang='lat' dir='ltr'>aliis</span> <span class='ocrx_word' id='word_1_391' title='bbox 1359 2522 1562 2555; x_wconf 87' lang='lat' dir='ltr'>virtutibus.</span> <span class='ocrx_word' id='word_1_392' title='bbox 1583 2522 1661 2556; x_wconf 79' lang='lat' dir='ltr'>Alio</span> 
     </span>
     <span class='ocr_line' id='line_1_39' title="bbox 77 2574 1660 2621; baseline -0.001 -11"><span class='ocrx_word' id='word_1_393' title='bbox 77 2575 175 2610; x_wconf 86' lang='lat' dir='ltr'>modo</span> <span class='ocrx_word' id='word_1_394' title='bbox 205 2574 349 2609; x_wconf 83' lang='lat' dir='ltr'>habitus</span> <span class='ocrx_word' id='word_1_395' title='bbox 376 2575 645 2621; x_wconf 86' lang='lat' dir='ltr'>distinguuntur</span> <span class='ocrx_word' id='word_1_396' title='bbox 672 2574 791 2621; x_wconf 88' lang='lat' dir='ltr'>specie</span> <span class='ocrx_word' id='word_1_397' title='bbox 819 2575 1019 2609; x_wconf 87' lang='lat' dir='ltr'>secundum</span> <span class='ocrx_word' id='word_1_398' title='bbox 1056 2586 1110 2617; x_wconf 86' lang='lat' dir='ltr'>ea,</span> <span class='ocrx_word' id='word_1_399' title='bbox 1138 2575 1182 2609; x_wconf 85' lang='lat' dir='ltr'>ad</span> <span class='ocrx_word' id='word_1_400' title='bbox 1210 2587 1302 2621; x_wconf 89' lang='lat' dir='ltr'>quae</span> <span class='ocrx_word' id='word_1_401' title='bbox 1331 2576 1558 2610; x_wconf 84' lang='lat' dir='ltr'>ordinantur:</span> <span class='ocrx_word' id='word_1_402' title='bbox 1587 2587 1660 2610; x_wconf 83' lang='lat' dir='ltr'>non</span> 
     </span>
     <span class='ocr_line' id='line_1_40' title="bbox 79 2628 1660 2676; baseline 0.001 -13"><span class='ocrx_word' id='word_1_403' title='bbox 79 2629 177 2664; x_wconf 92' lang='lat' dir='ltr'>enim</span> <span class='ocrx_word' id='word_1_404' title='bbox 197 2636 250 2663; x_wconf 90' lang='lat' dir='ltr'>est</span> <span class='ocrx_word' id='word_1_405' title='bbox 271 2629 401 2663; x_wconf 85' lang='lat' dir='ltr'>eadem</span> <span class='ocrx_word' id='word_1_406' title='bbox 423 2628 544 2675; x_wconf 90' lang='lat' dir='ltr'>specie</span> <span class='ocrx_word' id='word_1_407' title='bbox 566 2628 700 2662; x_wconf 83' lang='lat' dir='ltr'>sanitas</span> <span class='ocrx_word' id='word_1_408' title='bbox 722 2628 895 2669; x_wconf 86' lang='lat' dir='ltr'>hominis,</span> <span class='ocrx_word' id='word_1_409' title='bbox 918 2637 953 2663; x_wconf 86' lang='lat' dir='ltr'>et</span> <span class='ocrx_word' id='word_1_410' title='bbox 975 2629 1069 2675; x_wconf 87' lang='lat' dir='ltr'>equi,</span> <span class='ocrx_word' id='word_1_411' title='bbox 1092 2637 1237 2676; x_wconf 87' lang='lat' dir='ltr'>propter</span> <span class='ocrx_word' id='word_1_412' title='bbox 1259 2630 1419 2664; x_wconf 84' lang='lat' dir='ltr'>diversas</span> <span class='ocrx_word' id='word_1_413' title='bbox 1441 2639 1600 2672; x_wconf 85' lang='lat' dir='ltr'>naturas,</span> <span class='ocrx_word' id='word_1_414' title='bbox 1617 2630 1660 2664; x_wconf 90' lang='lat' dir='ltr'>ad</span> 
     </span>
     <span class='ocr_line' id='line_1_41' title="bbox 27 2678 1661 2730; baseline 0 -12"><span class='ocrx_word' id='word_1_415' title='bbox 27 2678 30 2718; x_wconf 63' lang='grc' dir='ltr'><strong><em>Ῐ</em></strong></span> <span class='ocrx_word' id='word_1_416' title='bbox 81 2694 170 2729; x_wconf 89' lang='lat' dir='ltr'>quas</span> <span class='ocrx_word' id='word_1_417' title='bbox 192 2682 422 2717; x_wconf 89' lang='lat' dir='ltr'>ordinantur:</span> <span class='ocrx_word' id='word_1_418' title='bbox 446 2690 480 2717; x_wconf 92' lang='lat' dir='ltr'>et</span> <span class='ocrx_word' id='word_1_419' title='bbox 502 2683 633 2717; x_wconf 86' lang='lat' dir='ltr'>eodem</span> <span class='ocrx_word' id='word_1_420' title='bbox 657 2682 769 2716; x_wconf 88' lang='lat' dir='ltr'>modo</span> <span class='ocrx_word' id='word_1_421' title='bbox 793 2682 879 2717; x_wconf 89' lang='lat' dir='ltr'>dicit</span> <span class='ocrx_word' id='word_1_422' title='bbox 900 2682 993 2717; x_wconf 86' lang='lat' dir='ltr'>Phil.</span> <span class='ocrx_word' id='word_1_423' title='bbox 1018 2685 1051 2717; x_wconf 83' lang='lat' dir='ltr'>in</span> <span class='ocrx_word' id='word_1_424' title='bbox 1084 2695 1111 2730; x_wconf 81' lang='lat'>3.</span> <span class='ocrx_word' id='word_1_425' title='bbox 1140 2683 1281 2719; x_wconf 86' lang='lat' dir='ltr'>Politic.</span> <span class='ocrx_word' id='word_1_426' title='bbox 1311 2685 1399 2730; x_wconf 74' lang='lat' dir='ltr'>(rap.</span> <span class='ocrx_word' id='word_1_427' title='bbox 1425 2696 1451 2730; x_wconf 80' lang='lat'>3.</span> <span class='ocrx_word' id='word_1_428' title='bbox 1480 2696 1500 2718; x_wconf 76' lang='grc' dir='ltr'><em>α</em></span> <span class='ocrx_word' id='word_1_429' title='bbox 1517 2684 1661 2730; x_wconf 70' lang='lat' dir='ltr'>prins),</span> 
     </span>
     <span class='ocr_line' id='line_1_42' title="bbox 79 2736 1663 2784; baseline 0 -13"><span class='ocrx_word' id='word_1_430' title='bbox 79 2736 177 2783; x_wconf 89' lang='lat' dir='ltr'>quod</span> <span class='ocrx_word' id='word_1_431' title='bbox 199 2736 363 2771; x_wconf 88' lang='lat' dir='ltr'>diversae</span> <span class='ocrx_word' id='word_1_432' title='bbox 385 2744 468 2771; x_wconf 88' lang='lat' dir='ltr'>sunt</span> <span class='ocrx_word' id='word_1_433' title='bbox 489 2736 638 2771; x_wconf 86' lang='lat' dir='ltr'>virtutes</span> <span class='ocrx_word' id='word_1_434' title='bbox 658 2736 804 2778; x_wconf 83' lang='lat' dir='ltr'>civium,</span> <span class='ocrx_word' id='word_1_435' title='bbox 828 2737 1028 2771; x_wconf 84' lang='lat' dir='ltr'>secundum</span> <span class='ocrx_word' id='word_1_436' title='bbox 1053 2738 1149 2784; x_wconf 85' lang='lat' dir='ltr'>quod</span> <span class='ocrx_word' id='word_1_437' title='bbox 1170 2738 1261 2772; x_wconf 82' lang='lat' dir='ltr'>bene</span> <span class='ocrx_word' id='word_1_438' title='bbox 1282 2749 1318 2772; x_wconf 87' lang='lat' dir='ltr'>se</span> <span class='ocrx_word' id='word_1_439' title='bbox 1335 2738 1469 2772; x_wconf 77' lang='lat' dir='ltr'>liabent</span> <span class='ocrx_word' id='word_1_440' title='bbox 1491 2738 1534 2771; x_wconf 85' lang='lat' dir='ltr'>ad</span> <span class='ocrx_word' id='word_1_441' title='bbox 1551 2738 1663 2772; x_wconf 83' lang='lat' dir='ltr'>diver-</span> 
     </span>
     <span class='ocr_line' id='line_1_43' title="bbox 80 2790 1663 2838; baseline 0 -13"><span class='ocrx_word' id='word_1_442' title='bbox 80 2801 138 2825; x_wconf 91' lang='lat' dir='ltr'>sas</span> <span class='ocrx_word' id='word_1_443' title='bbox 159 2790 323 2837; x_wconf 86' lang='lat' dir='ltr'>politias:</span> <span class='ocrx_word' id='word_1_444' title='bbox 348 2798 382 2825; x_wconf 89' lang='lat' dir='ltr'>et</span> <span class='ocrx_word' id='word_1_445' title='bbox 403 2801 467 2837; x_wconf 88' lang='lat' dir='ltr'>per</span> <span class='ocrx_word' id='word_1_446' title='bbox 488 2790 585 2824; x_wconf 88' lang='lat' dir='ltr'>hunc</span> <span class='ocrx_word' id='word_1_447' title='bbox 609 2790 718 2824; x_wconf 83' lang='lat' dir='ltr'>etiam</span> <span class='ocrx_word' id='word_1_448' title='bbox 743 2790 893 2824; x_wconf 85' lang='lat' dir='ltr'>modum</span> <span class='ocrx_word' id='word_1_449' title='bbox 917 2790 1087 2826; x_wconf 87' lang='lat' dir='ltr'>differunt</span> <span class='ocrx_word' id='word_1_450' title='bbox 1114 2791 1235 2838; x_wconf 87' lang='lat' dir='ltr'>specie</span> <span class='ocrx_word' id='word_1_451' title='bbox 1263 2791 1411 2825; x_wconf 83' lang='lat' dir='ltr'>virtutes</span> <span class='ocrx_word' id='word_1_452' title='bbox 1435 2791 1592 2826; x_wconf 81' lang='lat' dir='ltr'>morales</span> <span class='ocrx_word' id='word_1_453' title='bbox 1615 2792 1663 2825; x_wconf 91' lang='lat' dir='ltr'>in-</span> 
     </span>
     <span class='ocr_line' id='line_1_44' title="bbox 81 2843 1664 2891; baseline 0 -12"><span class='ocrx_word' id='word_1_454' title='bbox 81 2843 193 2887; x_wconf 89' lang='lat' dir='ltr'>fusae,</span> <span class='ocrx_word' id='word_1_455' title='bbox 215 2855 278 2891; x_wconf 91' lang='lat' dir='ltr'>per</span> <span class='ocrx_word' id='word_1_456' title='bbox 305 2855 394 2890; x_wconf 86' lang='lat' dir='ltr'>quas</span> <span class='ocrx_word' id='word_1_457' title='bbox 425 2844 596 2879; x_wconf 83' lang='lat' dir='ltr'>homines</span> <span class='ocrx_word' id='word_1_458' title='bbox 623 2844 714 2879; x_wconf 87' lang='lat' dir='ltr'>bene</span> <span class='ocrx_word' id='word_1_459' title='bbox 747 2855 783 2878; x_wconf 91' lang='lat' dir='ltr'>se</span> <span class='ocrx_word' id='word_1_460' title='bbox 806 2844 940 2879; x_wconf 85' lang='lat' dir='ltr'>habent</span> <span class='ocrx_word' id='word_1_461' title='bbox 969 2845 1003 2878; x_wconf 95' lang='lat' dir='ltr'>in</span> <span class='ocrx_word' id='word_1_462' title='bbox 1027 2846 1153 2880; x_wconf 86' lang='lat' dir='ltr'>ordine</span> <span class='ocrx_word' id='word_1_463' title='bbox 1183 2846 1224 2879; x_wconf 77' lang='lat' dir='ltr'>ad</span> <span class='ocrx_word' id='word_1_464' title='bbox 1257 2845 1328 2879; x_wconf 84' lang='lat' dir='ltr'>hoc</span> <span class='ocrx_word' id='word_1_465' title='bbox 1353 2846 1448 2891; x_wconf 82' lang='lat' dir='ltr'>quod</span> <span class='ocrx_word' id='word_1_466' title='bbox 1481 2845 1551 2879; x_wconf 78' lang='lat' dir='ltr'>sint</span> <span class='ocrx_word' id='word_1_467' title='bbox 1578 2847 1664 2880; x_wconf 67' lang='lat' dir='ltr'>(ivus</span> 
     </span>
     <span class='ocr_line' id='line_1_45' title="bbox 80 2898 1661 2946; baseline 0 -13"><span class='ocrx_word' id='word_1_468' title='bbox 80 2903 286 2941; x_wconf 83' lang='lat' dir='ltr'>sanctorum,</span> <span class='ocrx_word' id='word_1_469' title='bbox 310 2905 345 2932; x_wconf 90' lang='lat' dir='ltr'>et</span> <span class='ocrx_word' id='word_1_470' title='bbox 365 2898 535 2933; x_wconf 72' lang='lat' dir='ltr'>domestici</span> <span class='ocrx_word' id='word_1_471' title='bbox 557 2899 647 2938; x_wconf 59' lang='lat' dir='ltr'>Dei:</span> <span class='ocrx_word' id='word_1_472' title='bbox 670 2903 698 2933; x_wconf 80' lang='lat' dir='ltr'>el</span> <span class='ocrx_word' id='word_1_473' title='bbox 719 2898 805 2932; x_wconf 62' lang='lat' dir='ltr'>alias</span> <span class='ocrx_word' id='word_1_474' title='bbox 826 2900 965 2934; x_wconf 64' lang='lat' dir='ltr'>virtutes</span> <span class='ocrx_word' id='word_1_475' title='bbox 986 2901 1180 2946; x_wconf 79' lang='lat' dir='ltr'>acquisitae,</span> <span class='ocrx_word' id='word_1_476' title='bbox 1208 2900 1409 2934; x_wconf 86' lang='lat' dir='ltr'>secundum</span> <span class='ocrx_word' id='word_1_477' title='bbox 1431 2911 1520 2946; x_wconf 85' lang='lat' dir='ltr'>quas</span> <span class='ocrx_word' id='word_1_478' title='bbox 1547 2899 1661 2934; x_wconf 88' lang='lat' dir='ltr'>homo</span> 
     </span>
    </p>
   </div>
   <div class='ocr_carea' id='block_1_8' title="bbox 25 2943 931 2990">
    <p class='ocr_par' dir='ltr' id='par_1_12' title="bbox 25 2943 931 2990">
     <span class='ocr_line' id='line_1_46' title="bbox 25 2943 931 2990; baseline -0.001 -3"><span class='ocrx_word' id='word_1_479' title='bbox 25 2943 31 2955; x_wconf 64' lang='grc'><em>“</em></span> <span class='ocrx_word' id='word_1_480' title='bbox 64 2963 120 2990; x_wconf 90' lang='lat' dir='ltr'>.se</span> <span class='ocrx_word' id='word_1_481' title='bbox 142 2952 234 2988; x_wconf 87' lang='lat' dir='ltr'>bene</span> <span class='ocrx_word' id='word_1_482' title='bbox 255 2952 366 2987; x_wconf 86' lang='lat' dir='ltr'>habet</span> <span class='ocrx_word' id='word_1_483' title='bbox 388 2953 423 2986; x_wconf 90' lang='lat' dir='ltr'>in</span> <span class='ocrx_word' id='word_1_484' title='bbox 445 2952 572 2987; x_wconf 87' lang='lat' dir='ltr'>ordine</span> <span class='ocrx_word' id='word_1_485' title='bbox 595 2953 638 2986; x_wconf 82' lang='lat' dir='ltr'>ad</span> <span class='ocrx_word' id='word_1_486' title='bbox 662 2964 716 2986; x_wconf 92' lang='lat' dir='ltr'>res</span> <span class='ocrx_word' id='word_1_487' title='bbox 741 2952 931 2987; x_wconf 84' lang='lat' dir='ltr'>humanas.</span> 
     </span>
    </p>
   </div>
   <div class='ocr_carea' id='block_1_9' title="bbox 225 3032 1513 3069">
    <p class='ocr_par' dir='ltr' id='par_1_13' title="bbox 225 3032 1513 3069">
     <span class='ocr_line' id='line_1_47' title="bbox 225 3032 1513 3069; baseline 0.002 -9"><span class='ocrx_word' id='word_1_488' title='bbox 225 3032 253 3060; x_wconf 91' lang='lat' dir='ltr'>S.</span> <span class='ocrx_word' id='word_1_489' title='bbox 274 3033 398 3060; x_wconf 61' lang='lat' dir='ltr'>Tuomst.</span> <span class='ocrx_word' id='word_1_490' title='bbox 421 3033 526 3060; x_wconf 86' lang='lat' dir='ltr'>Summa</span> <span class='ocrx_word' id='word_1_491' title='bbox 553 3034 715 3069; x_wconf 73' lang='lat' dir='ltr'>Theologu&#39;ca.</span> <span class='ocrx_word' id='word_1_492' title='bbox 737 3034 801 3061; x_wconf 91' lang='lat' dir='ltr'>Vol.</span> <span class='ocrx_word' id='word_1_493' title='bbox 825 3034 861 3061; x_wconf 88' lang='lat'>11.</span> <span class='ocrx_word' id='word_1_494' title='bbox 1480 3044 1513 3069; x_wconf 73' lang='lat'>29</span> 
     </span>
    </p>
   </div>
  </div>
 </body>
</html>
