1907 3182
264 164 348 217 336
670 173 891 208 QUAESTIO
924 172 1056 201 XLVII.
1090 171 1333 201 ARTICULUS
1366 170 1423 200 IV.

334 255 408 290 SED
436 265 591 290 CONTRA
620 263 683 297 est,
706 255 802 301 quod
823 254 960 289 Philos.
984 253 1070 288 dicit
1090 253 1126 287 in
1149 263 1180 288 2.
1202 253 1351 288 Rhetor.
1373 253 1460 299 (cap.
1482 263 1513 287 2.
1535 263 1556 286 α
1571 252 1701 299 princ.)
1725 251 1821 298 quod

262 308 350 343 dives
371 310 530 343 irascitur
552 313 665 343 contra
677 314 870 354 pauperem,
892 309 919 342 si
940 319 1012 342 eum
1035 307 1210 353 despiciam
1242 311 1270 341 et
1288 307 1487 353 principans
1508 310 1624 340 contra
1644 305 1821 340 subditum.

333 362 561 397 RESPONDI-:o
577 361 781 403 dicendum,
796 361 904 406 quod,
919 361 1010 394 sicut
1030 361 1103 405 jam
1119 371 1225 406 supra
1239 360 1375 394 dictum
1390 367 1442 393 est
1457 359 1536 404 (art.
1552 371 1582 394 2.
1597 363 1628 394 et
1636 359 1818 406 3.praec.),

263 415 410 461 indigna
433 415 614 460 despectio
634 423 687 448 est
708 414 865 447 maxime
884 414 1117 459 provocativa
1139 413 1223 447 irae.

334 469 505 503 Defectus
527 469 645 514 igitur,
660 467 717 501 vel
731 467 886 513 parvitas
902 468 989 512 ejus,
1004 475 1130 500 contra
1142 478 1250 512 quern
1264 467 1464 508 irascimur,
1478 465 1564 500 facit
1586 465 1629 499 ad
1653 472 1825 512 augmen-

261 529 339 556 tum
360 522 445 564 irae,
468 523 681 567 inquantum
709 528 817 566 auget
842 520 1030 566 indignam
1058 520 1346 566 despectionem:
1369 521 1462 554 sicut
1483 520 1580 554 enim
1603 527 1738 565 quanto
1765 519 1824 552 ali-

262 576 338 621 quis
362 583 414 609 est
427 577 554 619 major,
577 583 677 608 tanto
700 574 881 619 indignius
897 574 1108 619 despicitur:
1132 574 1181 607 ita
1203 582 1338 619 quanto
1355 573 1481 619 aliquis
1501 581 1554 607 est
1574 575 1705 615 minor,
1722 579 1823 607 tanto

261 629 442 674 indignius
470 628 638 674 despicit,
662 635 696 661 et
722 628 803 661 ideo
830 627 970 661 nobiles
997 627 1210 669 irascuntur,
1233 627 1261 661 si
1284 627 1526 673 despiciantur
1547 638 1566 660 a
1587 627 1740 668 rusticis,
1766 625 1824 660 vel

262 682 439 728 sapientes
463 682 504 715 ab
527 681 786 727 insipientibus,
808 680 866 714 vel
888 680 1027 714 domini
1050 692 1068 714 a
1090 681 1212 714 servis.
1236 680 1275 714 Si
1295 691 1382 714 vero
1401 680 1567 726 parvitas,
1585 679 1644 714 vel
1664 679 1824 714 defectus

262 735 438 769 diminuat
453 735 727 780 despectionem
742 734 940 780 indignam,
955 733 1036 768 talis
1055 734 1210 780 parvitas
1226 745 1299 767 non
1315 741 1434 779 auget,
1449 733 1510 767 sed
1532 733 1700 767 diminuit
1712 733 1822 767 iram:

263 796 297 822 et
317 788 387 822 hoc
410 788 522 822 modo
538 787 589 821 illi
604 788 663 834 qui
678 788 865 834 poenitent
886 787 929 821 de
943 787 1081 832 injuriis
1103 786 1216 829 factis,
1236 794 1270 821 et
1292 786 1509 820 confitentur
1529 797 1566 820 se
1581 785 1669 820 mali
1684 786 1824 828 fecisse,

263 849 297 875 et
310 841 559 883 humiliantur,
575 849 610 875 et
622 841 768 875 veniam
787 848 923 887 petunt,
946 841 1113 886 mitigant
1126 841 1230 883 iram,
1247 840 1446 875 secundum
1461 839 1549 874 illud
1563 839 1733 874 Proverb.
1754 851 1822 885 15.:

261 896 436 941 Responsio
458 895 568 928 mollis
586 895 716 940 frangit
736 896 846 929 iram:
866 894 1081 940 inquantum
1100 894 1238 928 scilicet
1250 893 1340 928 tales
1353 894 1520 928 videntur
1536 904 1611 928 non
1629 893 1824 940 despicere,

261 948 322 981 sed
345 948 462 993 magis
485 948 767 994 magnipendere
791 959 864 989 eos,
888 948 1014 993 quibus
1037 958 1074 981 se
1093 947 1295 982 humiliant.

331 1001 375 1034 Et
396 1012 459 1047 per
479 1001 550 1035 hoc
571 1009 668 1047 patet
689 1001 878 1047 responsio
901 1012 951 1035 AD
973 1011 1133 1035 PRIMUM.

332 1055 392 1088 AD
414 1064 621 1089 SECUNDUM
645 1054 849 1096 dicendum,
865 1054 961 1100 quod
976 1054 1096 1101 duplex
1111 1062 1164 1089 est
1179 1066 1298 1096 causa,
1321 1065 1431 1100 quare
1456 1054 1500 1088 ad
1523 1062 1688 1088 mortuos
1710 1061 1826 1088 cessat

259 1108 327 1142 ira:
354 1119 431 1149 una,
455 1108 537 1154 quia
563 1118 637 1141 non
664 1115 816 1154 possunt
842 1107 977 1149 dolere,
1001 1115 1035 1142 et
1056 1108 1207 1142 sentire:
1234 1107 1331 1154 quod
1358 1108 1516 1142 maxime
1543 1114 1720 1154 quaerunt
1744 1107 1825 1141 irati

259 1162 296 1195 in
318 1161 385 1203 his,
401 1161 528 1207 quibus
549 1161 768 1195 irascuntur:
789 1162 855 1195 alio
874 1161 982 1204 modo,
1006 1161 1089 1207 quia
1110 1163 1184 1207 jam
1204 1161 1372 1196 videntur
1390 1161 1434 1195 ad
1456 1160 1625 1195 ultimum
1644 1160 1825 1195 maloru'm

261 1215 484 1261 pervenisse3
504 1215 598 1249 unde
614 1215 723 1249 etiam
739 1215 783 1249 ad
805 1226 1056 1261 quoscumque
1079 1216 1234 1261 graviter
1248 1215 1367 1250 laesos
1389 1222 1506 1250 cessat
1526 1214 1589 1258 ira,
1611 1215 1824 1261 inquantum

261 1279 388 1302 eorum
411 1268 549 1302 malum
572 1269 711 1303 excedit
732 1280 941 1303 mensuram
959 1270 1073 1314 justae
1094 1269 1350 1303 retributionis.

333 1322 393 1356 AD
416 1332 586 1356 TERTIUM
602 1322 808 1364 dicendum,
825 1322 921 1368 quod
941 1323 1051 1356 etiam
1067 1323 1263 1369 despectio,
1282 1333 1373 1368 quae
1395 1330 1448 1357 est
1469 1322 1512 1356 ab
1535 1322 1673 1366 amicis,
1686 1322 1826 1356 videtur
1863 1325 1865 1327 ’

264 1386 340 1409 esse
363 1376 479 1421 magis
502 1375 666 1421 indigna3
690 1383 724 1410 et
745 1376 826 1409 ideo
855 1387 896 1409 ex
918 1375 1027 1409 simili
1054 1387 1162 1410 causa
1189 1377 1306 1422 magis
1332 1376 1522 1410 irascimur
1548 1383 1672 1410 contra
1700 1387 1774 1418 eos,
1796 1376 1824 1410 si

262 1429 472 1475 despiciant,
493 1428 550 1463 vel
571 1429 752 1471 nocendo,
773 1429 831 1463 vel
852 1440 926 1463 non
948 1429 1120 1475 juvando,
1139 1430 1231 1464 sicut
1252 1438 1287 1464 et
1309 1438 1433 1464 contra
1455 1430 1626 1464 minores.

727 1706 1082 1766 QUAESTIO
1125 1705 1349 1754 XLVIII.

369 1829 431 1860 DE
458 1829 741 1861 EFFECTIBUS
768 1829 894 1869 IRAE,
925 1830 976 1860 IN
1003 1829 1234 1869 QUATUOR
1261 1830 1524 1862 ARTICULOS
1551 1830 1726 1862 DIVISA.

333 1964 474 1998 Deinde
498 1965 801 1999 considerandum
825 1974 878 2000 est
899 1965 942 1999 de
965 1965 1150 2000 effectibus
1172 1966 1256 2000 irae.

726 2057 769 2090 Et
792 2057 881 2090 circa
903 2056 962 2090 hoc
983 2062 1190 2102 quaeruntur
1210 2061 1363 2102 quatuor.

333 2126 468 2160 Primo.
492 2126 624 2160 Utrum
646 2127 697 2160 ira
725 2135 847 2161 causet
869 2126 1160 2161 delectationem.

337 2180 517 2214 Secundo.
539 2180 670 2214 Utrum
693 2181 849 2215 maxime
869 2189 992 2215 causet
1014 2180 1194 2215 fervorem
1218 2181 1252 2215 in
1276 2180 1396 2215 corde.

336 2233 473 2267 Tertio.
504 2234 634 2268 Utrum
657 2234 814 2268 maxime
837 2234 1010 2280 impediat
1032 2235 1181 2269 rationis
1203 2246 1319 2269 usum.

337 2286 490 2327 Quarto.
514 2287 646 2321 Utrum
669 2296 792 2322 causet
813 2288 1106 2322 taciturnitatem.

836 2412 1181 2457 ARTicutus
1215 2413 1247 2456 1.
1758 2423 1822 2471 263

614 2520 765 2550 UTRUM
789 2521 859 2550 IRA
887 2521 1056 2551 CAUSET
1086 2521 1476 2552 DELECTATIONEM.

335 2608 394 2642 An
417 2618 566 2642 PRIMUM
594 2608 642 2641 sic
666 2608 882 2653 proceditur.
905 2608 1067 2651 Videtur,
1095 2609 1191 2655 quod
1214 2609 1265 2643 ira
1286 2620 1360 2643 non
1383 2616 1505 2643 causet
1527 2607 1823 2644 delectationem:
1878 2647 1880 2650 ,

264 2661 404 2695 tristitia
427 2662 523 2695 enim
545 2661 825 2695 delectationem
848 2662 1018 2697 excludit:
1047 2663 1109 2697 sed
1132 2663 1182 2696 ira
1206 2671 1259 2697 est
1280 2674 1423 2709 semper
1445 2673 1528 2696 cum
1549 2662 1709 2705 tristitia;
1731 2662 1825 2709 quia,
1878 2664 1881 2670 '

265 2724 302 2749 ut
323 2716 452 2749 dicitur
474 2716 509 2748 in
532 2726 562 2760 7.
586 2715 701 2749 Ethic.
727 2715 813 2761 (cas).
842 2717 874 2750 6.
893 2723 1017 2762 parum
1041 2729 1059 2750 a
1083 2717 1194 2762 mad),
1227 2718 1342 2758 omnis,
1366 2717 1525 2763 quisacit
1542 2715 1669 2762 aliquid
1685 2721 1826 2763 propter

266 2771 363 2810 imm,
388 2769 468 2810 facit
490 2770 633 2803 tristatus
644 2781 654 2808 ,·
678 2779 764 2813 ergo
787 2769 837 2802 ira
861 2780 932 2803 non
956 2778 1079 2804 causat
1101 2769 1391 2804 delectationem.

337 2832 367 2856 2.
391 2822 625 2856 PRAETEREA.
649 2822 784 2856 Philos.
807 2823 892 2856 dicit
914 2823 948 2856 in
975 2834 1007 2866 4.
1031 2823 1190 2859 Ethicor.
1209 2824 1298 2870 (cap.
1316 2835 1344 2870 5.
1364 2825 1424 2859 cir.
1445 2823 1554 2869 nied),
1578 2823 1674 2870 quod
1692 2822 1825 2870 punitio
1878 2826 1879 2830 ’

264 2877 390 2921 quietat
412 2876 569 2922 impetum
594 2877 675 2919 irae,
703 2875 943 2911 delectationem
967 2883 1032 2923 pro
1061 2878 1196 2912 tristitia
1216 2877 1367 2923 faciens:
1390 2888 1431 2912 ex
1459 2887 1531 2923 quo
1553 2884 1672 2923 potest
1699 2875 1824 2923 accipi,
1876 2895 1878 2897 -
