1907 3198
535 146 759 184 QUAESTIO
793 146 882 176 XXI.
917 145 1165 176 ARTICULUS
1199 144 1226 174 1.
1593 131 1692 174 181.

92 233 186 268 unde
204 231 376 279 sequitur,
390 229 488 277 quod
504 238 605 264 actus
620 229 816 271 humanus,
835 239 878 263 ex
895 227 967 263 hoc
987 226 1086 274 quod
1101 233 1154 262 est
1171 226 1301 268 bonus,
1316 225 1376 261 vel
1393 225 1524 268 malus,
1542 225 1676 261 habeat

91 286 272 323 rationem
293 283 531 326 rectitudinis,
552 282 612 319 vel
632 284 785 330 peccati.

160 340 222 375 AD
232 349 384 375 PRIMUM
395 349 482 385 ergo
494 337 702 380 dicendum,
714 336 812 384 quod
823 343 988 371 monstra
1003 335 1174 371 dicuntur
1187 346 1268 370 esse
1282 342 1446 382 peccata,
1456 334 1674 381 inquantum

89 393 266 443 producta
288 400 372 428 sunt
393 403 436 427 ex
458 400 611 439 peccato
634 392 670 426 in
699 399 782 426 actu
803 399 954 425 naturae
978 390 1164 425 existente.

160 447 222 483 AD
237 457 446 483 SECUNDUM
457 446 665 488 dicendum,
676 445 774 493 quod
787 445 906 492 duplex
916 453 970 480 est
980 444 1073 487 finis,
1084 444 1224 479 scilicet
1234 456 1241 478 :
1253 444 1401 487 ultimus,
1411 452 1447 479 et
1452 444 1674 491 propinquus.

88 503 130 538 In
150 509 305 550 peccato
324 508 447 536 autem
467 508 619 535 naturae
634 500 756 535 deficit
773 499 922 547 quidem
941 507 1043 534 actus
1063 510 1082 533 a
1101 498 1172 533 fine
1187 498 1331 541 ultimo,
1351 498 1411 545 qui
1427 506 1480 532 est
1498 496 1674 544 perfectio

89 556 269 604 generati;
286 566 362 590 non
377 563 500 589 autern
518 554 640 589 deficit
655 566 674 589 a
694 565 929 601 quocumque
949 553 1020 588 fine
1040 553 1226 600 proximo:
1247 561 1418 600 operatur
1433 553 1532 587 enim
1546 559 1676 586 natura

90 609 226 658 aliquid
247 609 456 645 formando.
480 608 658 644 Similiter
679 609 716 643 in
738 616 891 655 peccato
914 607 1111 642 voluntatis
1134 618 1279 654 semper
1302 615 1356 642 est
1377 606 1540 641 defectus
1560 606 1602 640 ab
1626 605 1676 640 ul-

89 665 182 701 timo
203 664 275 699 fine
297 664 455 707 intent03
478 664 562 710 quia
585 662 705 698 nullus
728 671 830 698 actus
851 661 1051 697 voluntatis
1073 661 1193 697 malus
1215 670 1269 696 est
1290 661 1503 696 ordinabilis
1531 661 1574 695 ad
1595 661 1677 695 bea-

89 719 296 761 titudinem,
319 729 412 765 quae
435 726 488 753 est
510 717 659 752 ultimus
682 717 774 760 finis,
797 717 883 752 licet
909 728 984 751 non
1011 716 1157 751 deficiat
1180 716 1222 750 ab
1251 716 1373 763 aliquo
1397 715 1467 750 fine
1490 715 1673 762 proximo,

89 785 201 821 quem
221 771 391 807 voluntas
412 772 578 814 intendit,
601 780 636 806 et
658 771 910 818 consequitur:
935 771 1031 805 unde
1053 770 1176 814 etiarn,
1193 782 1278 805 cum
1297 771 1375 817 ipsa
1396 770 1551 805 intentio
1567 770 1675 816 hujus

89 827 171 863 finis
192 826 381 862 ordinetur
402 826 446 860 ad
469 825 581 860 finem
603 825 787 869 ultimum,
809 826 846 860 in
871 825 950 873 ipsa
975 824 1178 860 intentione
1205 824 1420 871 hujusmodi
1446 824 1528 860 finis
1554 832 1674 872 potest

88 881 245 917 inveniri
264 881 358 916 ratio
381 880 618 923 rectitudinis,
641 889 676 915 et
698 880 851 927 peccati.

151 936 224 972 AD
239 945 412 971 TERTIUM
432 935 640 977 dicendum,
659 934 757 982 quod
773 933 1062 981 unumquodque
1077 933 1266 969 ordinatur
1280 933 1325 968 ad
1343 933 1455 968 finem
1470 945 1534 981 per
1553 940 1675 967 actum

89 1001 212 1026 suum:
235 997 272 1025 et
291 989 375 1024 ideo
398 989 490 1024 ratio
512 989 666 1036 peccati,
689 1000 782 1036 quae
806 988 972 1023 consistit
989 989 1027 1022 in
1042 988 1250 1023 deviatione
1271 988 1314 1023 ab
1337 987 1465 1022 ordine
1485 987 1530 1022 ad
1548 987 1672 1030 finem,

89 1044 235 1092 proprie
257 1043 423 1079 consistit
440 1043 477 1078 in
491 1052 594 1079 actu:
613 1042 676 1078 sed
691 1054 812 1090 poena
831 1043 978 1090 respicit
995 1053 1191 1089 personam
1206 1050 1436 1090 peccantem,
1452 1050 1490 1078 ut
1504 1042 1541 1076 in
1555 1042 1676 1089 primo

91 1098 232 1134 dictum
253 1106 308 1134 est
330 1097 376 1146 (q.
397 1098 454 1144 48.
482 1103 546 1133 art.
565 1110 594 1145 5.
617 1098 660 1133 ad
680 1109 713 1143 4.
736 1102 764 1132 et
785 1102 850 1132 art.
873 1097 906 1133 6.
929 1096 972 1132 ad
989 1098 1048 1144 3.).

654 1246 1007 1292 ARTICULUS
1038 1247 1095 1290 Π.
1608 1270 1670 1306 13.

1653 1287 1672 1294 ,ι

145 1371 302 1403 UTRUM
327 1371 472 1405 ACTUS
500 1370 728 1410 HUMANUS,
756 1369 1028 1406 INQUANTUM
1053 1369 1134 1399 EST
1163 1369 1323 1410 BONUS,
1352 1369 1437 1399 VEL
1460 1369 1623 1410 MALUS,

303 1438 479 1468 HABEAT
506 1437 737 1468 RATIONEM
764 1436 1045 1477 LAUDABILIS,
1070 1436 1153 1466 VEL
1183 1436 1454 1467 CULPABILIS.

214 1537 256 1588 (3.
277 1539 368 1575 Dist.
389 1549 446 1584 24.
469 1543 533 1574 art.
555 1551 583 1574 1.
602 1550 632 1585 q.
655 1550 687 1574 2.
710 1544 802 1586 corp.
825 1543 854 1574 et
874 1550 908 1584 4.
931 1538 1019 1574 Dist.
1042 1537 1095 1574 16.
1118 1550 1196 1585 q-v3.
1219 1542 1286 1573 art.
1309 1549 1339 1573 2.
1362 1549 1392 1584 q.
1415 1550 1443 1573 Ι.
1463 1536 1506 1572 ad
1523 1549 1551 1573 I.

415 1598 444 1629 et
465 1605 495 1640 q.
518 1593 550 1629 6.
573 1598 639 1629 art.
658 1605 690 1628 2.
713 1592 756 1628 ad
773 1605 802 1640 3.
825 1598 856 1629 et
877 1593 962 1628 Mal.
981 1604 1012 1639 q.
1034 1604 1066 1628 2.
1089 1597 1155 1628 art.
1178 1604 1210 1628 2.
1230 1591 1273 1627 ad
1286 1593 1346 1639 3.).

163 1696 225 1731 AD
247 1706 458 1743 SECUNDUM
479 1695 530 1731 sic
549 1695 770 1743 proceditur.
789 1695 955 1739 Videtur,
977 1695 1076 1743 quod
1100 1704 1202 1730 actus
1219 1695 1404 1730 humanus
1427 1707 1470 1730 ex
1490 1695 1563 1730 hoc
1579 1694 1677 1742 quod

27 1784 31 1789 ,
92 1759 147 1786 est
164 1750 296 1794 bonus,
317 1749 376 1785 vel
397 1749 528 1793 malus,
549 1761 625 1784 non
647 1750 781 1785 habeat
803 1750 984 1785 rationem
1007 1749 1212 1793 laudabilis,
1234 1749 1293 1785 vel
1320 1749 1530 1797 culpabilis;
1552 1761 1680 1797 pecca-

91 1813 172 1840 tum
202 1805 303 1840 enim
331 1804 513 1852 contingit
538 1805 575 1839 in
602 1804 672 1847 his,
702 1816 795 1852 quae
822 1813 979 1852 aguntur
1001 1816 1021 1839 a
1047 1813 1188 1847 natura,
1219 1813 1258 1839 ut
1287 1804 1419 1839 dicitur
1448 1804 1484 1838 in
1507 1814 1539 1840 2.
1567 1804 1678 1851 Phys.

91 1860 174 1906 (tex.
195 1859 292 1906 82.):
315 1859 378 1894 sed
400 1867 526 1894 tamen
549 1870 603 1902 ea,
625 1870 719 1906 quae
742 1868 826 1894 sunt
851 1859 1044 1902 naturalia,
1071 1871 1147 1894 non
1170 1867 1254 1894 sunt
1279 1858 1487 1902 laudabilia,
1514 1870 1582 1894 nec
1607 1858 1679 1893 cul-

91 1912 238 1962 pabilia,
261 1921 300 1948 ut
321 1913 453 1948 dicitur
473 1913 511 1948 in
533 1923 565 1948 2.
581 1913 699 1948 Ethic.
715 1916 803 1961 (cap.
821 1915 890 1961 5.),·
917 1925 1005 1960 ergo
1029 1922 1130 1948 actus
1144 1914 1329 1948 humanus
1352 1925 1394 1948 ex
1415 1913 1487 1948 hoc
1511 1913 1609 1961 quod
1625 1922 1679 1948 est

91 1967 223 2011 malus,
243 1967 303 2003 vel
324 1976 530 2015 peccatum,
552 1979 628 2002 non
649 1968 761 2003 habet
781 1968 964 2003 rationem
986 1968 1134 2015 culpae;
1158 1976 1193 2003 et
1211 1979 1274 2015 per
1296 1979 1525 2015 consequens
1547 1980 1615 2003 nec
1635 1979 1678 2003 ex

91 2022 164 2058 hoc
186 2022 285 2070 quod
307 2030 361 2057 est
380 2022 511 2065 bonus,
533 2022 644 2057 habet
665 2022 848 2057 rationem
870 2022 1074 2057 laudabilis.

163 2087 196 2111 2.
217 2076 458 2112 PRAETEREA.
482 2076 586 2112 Sicut
612 2077 793 2124 contingit
819 2085 1014 2124 peccatum
1041 2077 1077 2111 in
1100 2077 1239 2112 actibus
1267 2076 1480 2120 moralibus,
1503 2077 1551 2112 ita
1579 2085 1615 2112 et
1639 2077 1676 2112 in

92 2131 231 2166 actibus
250 2131 355 2174 artis;
377 2131 474 2178 quia,
489 2139 529 2166 ut
549 2131 681 2166 dicitur
694 2132 730 2166 in
746 2142 777 2166 2.
794 2131 941 2178 Physic.
959 2132 1042 2177 (tex.
1061 2132 1147 2178 82),
1162 2140 1292 2178 peccat
1312 2131 1586 2167 Grammaticus
1601 2144 1677 2167 non

92 2193 190 2221 recte
211 2185 384 2228 scribens,
406 2193 442 2220 et
461 2185 627 2220 Medicus
649 2197 723 2220 non
746 2194 844 2220 recte
864 2185 953 2220 dans
975 2186 1185 2233 potionem:
1202 2186 1265 2221 sed
1280 2197 1355 2221 non
1371 2186 1537 2233 culpatur
1552 2186 1678 2221 artifex

93 2252 136 2276 ex
155 2240 242 2283 hoc,
263 2239 362 2287 quod
384 2239 520 2287 aliquid
542 2239 684 2274 malum
706 2239 809 2283 facit3
832 2240 916 2287 quia
931 2241 976 2274 ad
990 2240 1207 2275 industriam
1231 2240 1377 2275 artificis
1396 2241 1563 2288 pertinet,
1579 2241 1677 2288 quod

93 2294 208 2343 possit
228 2302 264 2329 et
282 2294 424 2329 bonum
445 2305 538 2342 opus
564 2293 697 2337 facere,
725 2303 760 2329 et
786 2294 940 2338 malum,
968 2307 1053 2329 cum
1079 2294 1256 2338 voluerit,
1283 2306 1371 2342 ergo
1399 2295 1552 2338 videtur,
1580 2296 1678 2343 quod

93 2349 205 2384 etiam
227 2356 328 2383 actus
351 2348 502 2383 moralis
524 2360 567 2383 ex
587 2349 661 2383 hoc
684 2349 782 2396 quod
805 2357 858 2383 est
880 2348 1010 2392 malus,
1032 2361 1108 2384 non
1123 2349 1257 2384 habeat
1271 2350 1454 2385 rationem
1474 2349 1677 2397 culpabilis.

168 2415 197 2450 3.
219 2403 458 2438 PRAETEREA.
481 2403 636 2450 Dionys.
659 2403 746 2437 dicit
766 2403 802 2437 in
829 2413 863 2446 4.
891 2415 969 2450 cap.
993 2403 1036 2438 de
1062 2404 1147 2438 Div.
1169 2403 1282 2438 Nom.
1307 2404 1413 2451 (part.
1436 2416 1468 2449 4.
1497 2405 1567 2439 lect.
1590 2406 1675 2451 22),

93 2457 191 2506 quod
209 2456 350 2492 malum
371 2465 426 2492 est
451 2457 649 2500 infirmum,
677 2465 713 2492 et
738 2457 941 2504 impotens;
964 2458 1027 2493 sed
1059 2458 1261 2501 infirmitas,
1289 2458 1348 2493 vel
1374 2459 1592 2506 impotentia
1618 2458 1677 2494 vel

91 2511 198 2555 tollit,
219 2511 278 2547 vel
299 2511 470 2547 diminuit
490 2512 672 2546 rationem
699 2511 846 2559 culpae3
868 2524 943 2547 non
970 2524 1058 2560 ergo
1082 2521 1184 2548 actus
1203 2501 1386 2548 humanus
1409 2522 1463 2548 est
1485 2513 1674 2561 culpabilis

93 2577 137 2602 ex
161 2566 247 2609 hoc,
265 2565 364 2613 quod
386 2574 440 2601 est
461 2565 591 2601 malus.

165 2620 242 2657 SED
261 2631 418 2657 CONTRA
440 2628 505 2663 est,
527 2620 625 2668 quod
647 2620 785 2656 Philos.
809 2621 896 2656 dicit
919 2621 961 2666 (r.
985 2622 1094 2657 Ethic.
1118 2629 1192 2669 rap.
1215 2634 1264 2658 12.
1285 2627 1313 2657 ct
1341 2634 1370 2669 7.
1395 2623 1511 2669 Magn.
1545 2623 1671 2657 Moral.

94 2681 167 2724 cap.
189 2675 273 2723 19.),
297 2675 395 2722 quod
417 2674 613 2710 laudabilia
635 2684 719 2710 sunt
739 2676 914 2711 virtutum
937 2688 1069 2723 opera;
1092 2676 1346 2724 vituperabilia
1368 2686 1502 2719 autem,
1524 2676 1583 2711 vel
1605 2676 1678 2711 cul-

94 2728 229 2777 pabilia
250 2740 362 2777 opera
385 2729 586 2764 contraria:
611 2730 672 2764 sed
700 2738 802 2765 actus
828 2730 915 2765 boni
938 2739 1020 2765 sunt
1047 2739 1148 2765 actus
1175 2731 1334 2774 virtuti53
1362 2732 1446 2778 quia
1473 2732 1585 2766 virtus
1612 2741 1676 2774 est,

95 2794 188 2831 quae
208 2783 349 2819 bonum
370 2783 457 2818 facit
478 2783 687 2827 habentem,
706 2792 741 2819 et
763 2796 854 2831 opus
870 2786 946 2831 ejus
960 2785 1100 2819 bonum
1116 2785 1242 2827 reddit,
1262 2794 1301 2820 ut
1315 2786 1446 2820 dicitur
1461 2786 1496 2820 in
1512 2796 1542 2820 2.
1559 2785 1676 2820 Ethic.

95 2837 185 2886 (cap.
207 2838 282 2884 6.);
305 2838 400 2873 unde
423 2846 525 2873 actus
547 2839 706 2886 oppositi
728 2847 811 2873 sunt
833 2847 933 2873 actus
956 2839 1064 2882 mali3
1087 2851 1175 2886 ergo
1195 2848 1296 2874 actus
1323 2840 1507 2875 humanus
1534 2851 1576 2874 ex
1602 2840 1675 2875 hoc

96 2891 194 2939 quod
215 2900 270 2927 est
288 2892 418 2936 bonus,
439 2891 498 2927 vel
519 2892 650 2936 malus,
672 2893 782 2928 habet
803 2893 984 2928 rationem
1005 2893 1209 2937 laudabilis,
1231 2894 1290 2929 vel
1309 2893 1510 2941 culpabilis.

239 2973 269 3002 S.
289 2974 413 3003 Tuom
433 2975 539 3003 Summa
565 2975 727 3012 Theologt'ca.
749 2976 814 3004 Vol.
836 2975 874 3003 11.
1501 2987 1528 3012 ¹5
