1907 3182
237 204 322 246 250
631 202 852 238 QUAESTIO
885 201 1020 230 XXXII.
1055 200 1300 230 ARTICULUS
1332 199 1406 228 VII.

307 284 367 318 AD
390 294 539 318 PRxMUM
562 294 649 328 ergo
672 282 878 324 dicendum,
901 281 997 328 quod
1021 292 1104 314 cum
1126 280 1170 314 sit
1192 280 1371 326 quaedam
1399 280 1685 314 communicatio
1711 280 1806 326 prin-

236 337 386 384 cipantis
409 337 452 370 ad
468 336 670 382 subjectum
685 344 737 369 est
751 335 799 368 ibi
814 335 992 381 quaedam
1011 333 1227 367 similitudo:
1243 341 1366 367 tamen
1385 333 1586 367 secundum
1605 333 1803 379 quamdam

236 390 500 432 excellentiam,
523 401 567 424 eo
582 390 678 435 quod
693 388 896 435 principari,
913 396 946 421 et
960 398 1126 433 praeesse
1145 386 1323 433 pertinent
1343 386 1385 420 ad
1401 386 1654 420 excellentiam
1666 387 1804 433 proprii

234 444 342 479 boni:
364 444 568 490 sapientum
591 443 699 484 enim,
723 450 757 476 et
777 441 972 475 meliorum
995 448 1048 474 est
1061 440 1267 486 principari,
1283 447 1317 474 et
1330 451 1513 486 praeesse:
1536 439 1631 473 unde
1653 450 1717 486 per
1729 440 1802 474 hoc

237 497 276 532 fit
296 497 439 531 homini
460 496 626 543 propriae
648 495 818 529 bonitatis
840 493 1074 540 imaginatio:
1096 492 1155 527 vel
1176 493 1260 539 quia
1281 504 1345 539 per
1365 493 1437 527 hoc
1459 493 1557 539 quod
1578 493 1694 527 homo
1713 494 1807 540 prin-

239 550 389 596 cipatur,
412 557 446 584 et
467 556 619 595 praeest,
641 548 718 582 aliis
739 547 937 581 benefacit:
961 546 1058 592 quod
1078 554 1130 580 est
1152 545 1375 580 delectabile.

308 603 368 637 AD
384 613 591 637 SECUNDUM
610 600 815 642 dicendum,
838 600 934 646 quod
956 600 1003 641 id,
1022 600 1057 633 in
1077 610 1148 646 quo
1172 598 1370 633 delectatur
1389 599 1560 641 tristatus,
1583 599 1650 633 etsi
1666 611 1742 633 non
1760 599 1807 634 sit

237 656 354 690 simile
376 656 551 697 tristitiae,
575 663 627 689 est
647 663 770 688 tamen
793 653 910 687 simile
931 653 1075 686 homini
1098 652 1330 687 contristato:
1354 652 1459 698 quiae
1480 652 1644 686 tristitiae
1667 660 1808 686 contra-

238 709 374 743 riantur
395 709 540 755 proprio
561 708 659 742 bono
683 708 769 753 ejus⁷
793 707 853 752 qui
873 706 1044 748 tristatur,
1067 713 1102 740 et
1130 706 1212 740 ideo
1241 705 1419 752 appetitur
1445 705 1639 739 delectatio
1667 705 1709 739 ab
1736 706 1804 748 his,

238 762 299 808 qui
320 764 355 796 in
377 762 517 796 tristitia
540 769 632 802 sunt,
654 769 692 794 ut
715 759 904 794 conferens
928 759 971 793 ad
993 759 1180 806 proprium
1202 759 1353 801 bonum,
1375 759 1589 804 inquantum
1617 766 1670 793 est
1695 759 1807 793 rnedi-

238 816 354 850 cativa
377 815 558 849 contrarii.
574 814 617 848 Et
631 814 697 847 ista
713 821 765 847 θεῖ
785 824 904 855 causa,
927 824 1036 859 quare
1061 812 1320 846 delectationes
1343 811 1564 858 corporales,
1579 812 1707 858 quibus
1723 820 1807 846 sunt

242 869 444 902 contrariae
467 867 645 913 quaedam
667 866 842 908 tristitiae,
865 866 981 911 magis
1005 873 1231 912 appetuntur,
1254 877 1364 911 quam
1391 864 1650 899 delectationes
1671 865 1808 900 intelle-

238 921 384 963 ctuales,
397 932 488 967 quae
503 931 576 954 non
591 920 725 954 habent
736 919 1030 954 contrarietatem
1049 919 1223 960 tristitiae,
1238 926 1277 952 ut
1289 918 1381 953 infra
1399 919 1538 953 dicetur
1551 919 1599 965 (q.
1610 930 1655 966 35.
1670 924 1734 954 art.
1745 919 1804 965 5.).

236 974 373 1008 Exinde
396 974 503 1008 etiam
527 981 590 1015 est,
613 973 710 1019 quod
733 973 856 1006 omnia
879 972 1051 1006 animalia
1073 971 1282 1006 naturaliter
1305 979 1478 1018 appetunt
1500 972 1805 1006 delectationem:

237 1028 319 1073 quia
341 1038 484 1073 semper
511 1026 645 1060 animal
675 1026 815 1060 laborat
841 1037 902 1072 per
932 1037 1091 1068 sensum,
1114 1033 1147 1060 et
1178 1033 1340 1060 motum:
1369 1033 1404 1059 et
1423 1033 1571 1072 propter
1595 1025 1668 1060 hoc
1696 1025 1805 1060 etiam

236 1082 383 1126 juvenes
407 1080 564 1114 maxime
587 1079 845 1113 delectationes
873 1087 1055 1126 appetunt,
1086 1087 1233 1124 propter
1261 1078 1394 1113 multas
1423 1079 1743 1113 transmutationes
1769 1079 1805 1112 in

239 1134 289 1168 eis
305 1134 507 1175 existentes,
523 1133 609 1166 dum
625 1141 705 1166 sunt
719 1133 754 1166 in
774 1140 867 1167 statu
883 1132 1085 1178 augmenti:
1109 1140 1143 1166 et
1165 1132 1274 1166 etiam
1287 1131 1548 1166 melancholici
1568 1132 1808 1166 vehementer

238 1195 409 1233 appetunt
432 1186 690 1220 delectationes
722 1186 764 1219 ad
788 1185 1041 1232 expellendum
1070 1185 1269 1228 tristitiam3
1292 1186 1374 1232 quia
1398 1197 1528 1232 corpus
1548 1197 1676 1220 eorum
1703 1186 1804 1232 quasi

239 1251 351 1287 pravo
374 1240 529 1273 humore
553 1239 756 1273 corroditur
777 1247 814 1273 ut
837 1239 966 1272 dicitur
986 1239 1023 1272 in
1047 1249 1076 1284 7.
1100 1238 1216 1272 Ethic.
1241 1239 1327 1285 (cap.
1347 1251 1398 1284 14.
1411 1244 1487 1286 post
1506 1239 1616 1283 med).

308 1294 368 1327 AD
392 1303 563 1327 TERTIUM
586 1292 792 1334 dicendum,
815 1292 911 1338 quod
941 1292 1037 1325 bona
1062 1291 1267 1338 corporalia
1288 1293 1325 1326 in
1347 1293 1505 1339 quadam
1527 1304 1697 1327 mensura
1724 1304 1809 1327 con-

237 1346 376 1380 sistunt.
399 1346 444 1380 Et
464 1346 546 1379 ideo
570 1357 845 1392 superexcessus
868 1345 1041 1379 similium
1065 1345 1265 1391 corrumpit
1285 1346 1472 1392 proprium
1493 1346 1650 1381 bonum:
1674 1354 1709 1381 et
1729 1357 1809 1393 pro-

238 1406 314 1445 pter
346 1399 417 1433 hoc
450 1398 602 1433 efficitur
628 1398 847 1440 fastidiosus,
878 1406 912 1432 et
946 1398 1174 1441 contristans,
1204 1399 1418 1445 inquantum
1445 1399 1683 1434 contrariatur
1707 1400 1809 1434 bono

237 1452 382 1499 proprio
409 1452 580 1486 hominis.

764 1574 1113 1619 ARTICULUS
1146 1574 1269 1617 VIII.
1739 1585 1806 1633 189

470 1683 624 1713 UTRUM
650 1683 898 1713 ADMIRATIO
928 1683 994 1712 SIT
1024 1683 1166 1712 CAUSA
1193 1682 1566 1712 DELECTATIONIS.

308 1770 368 1804 AD
396 1780 586 1804 OCTAVUM
609 1769 658 1804 sic
678 1769 894 1816 proceditur.
914 1769 1077 1812 Videtur,
1093 1769 1190 1816 quod
1213 1769 1404 1803 admiratio
1426 1779 1501 1803 non
1522 1769 1567 1803 sit
1585 1779 1694 1803 causa
1715 1768 1810 1804 dele—

238 1823 415 1858 ctationis.
439 1823 618 1858 Admirari
640 1823 737 1857 enim
759 1828 803 1857 est
824 1824 1009 1868 ignorantis
1030 1828 1180 1865 naturae,
1205 1831 1243 1857 ut
1263 1822 1436 1857 Damasc.
1455 1822 1542 1857 dicit
1564 1822 1638 1867 (lib.
1660 1834 1690 1857 2.
1709 1823 1808 1858 Orth.

236 1876 310 1911 Fid.
334 1883 403 1923 cap.
426 1877 519 1921 22.):
542 1877 603 1910 sed
625 1876 831 1922 ignorantia
857 1888 931 1911 non
955 1885 1007 1911 est
1034 1875 1267 1918 delectabilis,
1290 1877 1353 1911 sed
1379 1876 1497 1923 magis
1523 1876 1693 1919 scientia;
1720 1888 1808 1922 ergo

238 1930 430 1965 admiratio
453 1941 527 1964 non
551 1938 604 1964 est
626 1941 734 1964 causa
757 1930 1019 1965 delectationis.

310 1994 340 2017 2.
360 1984 597 2018 PRAETEREA.
620 1984 826 2018 Admiratio
851 1992 903 2018 est
923 1984 1141 2030 principium
1172 1983 1380 2030 sapientiae,
1411 1982 1515 2030 quasi
1542 1983 1602 2029 viz}
1624 1983 1668 2017 ad
1693 1983 1809 2030 inqui-

236 2037 390 2071 rendam
411 2037 612 2078 veritatem‚
640 2045 678 2071 ut
700 2037 829 2071 dicitur
850 2037 885 2070 in
905 2037 1016 2084 princ.
1037 2037 1122 2071 Met.
1146 2037 1236 2084 (cap.
1259 2048 1290 2072 2.
1313 2042 1387 2071 ante
1413 2036 1512 2082 med.)
1527 2049 1537 2071 .·
1564 2037 1627 2071 sed
1654 2035 1808 2071 delecta-

239 2089 345 2124 bilius
373 2097 425 2124 est
447 2090 686 2136 contemplari
707 2091 781 2135 jam
816 2091 974 2137 cognita,
997 2102 1107 2137 quam
1128 2090 1308 2136 inquirere
1334 2090 1471 2136 ignota,
1494 2098 1532 2124 ut
1557 2089 1694 2124 Philos.
1722 2090 1810 2125 dicit

238 2143 275 2177 in
301 2153 333 2186 4.
356 2143 473 2177 Ethic.
497 2144 584 2190 (cap.
608 2155 637 2190 7.
661 2145 765 2190 paulo
783 2144 1014 2191 paulirius),
1043 2155 1127 2178 cum
1149 2144 1220 2178 hoc
1242 2143 1374 2178 habeat
1396 2143 1657 2185 difficultatem,
1685 2151 1720 2178 et
1744 2144 1810 2178 im-

238 2197 500 2242 pedimentum,
522 2197 609 2231 illud
633 2205 753 2231 autem
775 2209 848 2231 non
872 2198 1019 2232 habeat:
1049 2197 1243 2232 delectatio
1274 2205 1396 2231 autem
1427 2204 1594 2231 causatur
1616 2208 1658 2231 ex
1680 2207 1807 2243 opera-

236 2250 334 2284 tione
350 2262 423 2284 non
439 2250 623 2296 impedita,
640 2259 677 2284 ut
691 2251 821 2284 dicitur
835 2251 870 2284 in
895 2262 924 2296 7.
942 2251 1057 2284 Ethic.
1074 2252 1165 2298 (cap.
1181 2256 1229 2285 12.
1246 2255 1274 2285 et
1291 2262 1334 2297 13.
1354 2255 1383 2285 at
1409 2250 1464 2285 lib.
1487 2262 1538 2285 Io.
1558 2256 1631 2297 cap.
1653 2261 1685 2294 4.
1701 2251 1806 2296 et5.).·

238 2315 324 2350 ergo
349 2304 538 2338 admiratio
561 2315 635 2337 non
651 2312 703 2338 est
725 2315 833 2338 causa
856 2304 1120 2346 delectationis,
1135 2304 1196 2338 sed
1213 2304 1329 2350 magis
1349 2303 1630 2338 delectationem
1645 2303 1808 2349 impedit.
1850 2314 1852 2317 ⁴

314 2369 341 2403 3.
365 2357 602 2392 PRAETEREA.
631 2357 889 2403 Unusquisque
921 2358 955 2391 in
985 2358 1167 2392 consuetis
1201 2357 1420 2400 delectatum
1450 2357 1545 2392 unde
1576 2357 1807 2404 operationes

237 2411 427 2444 habituum
455 2422 517 2456 per
553 2411 853 2444 consuetudinem
877 2411 1137 2457 acquisitorum
1160 2419 1242 2446 sunt
1265 2410 1515 2445 delectabiles:
1543 2411 1605 2445 sed
1633 2419 1808 2445 consueta

237 2475 311 2498 non
335 2472 417 2498 sunt
440 2464 676 2506 admirabilia,
696 2471 734 2498 ut
755 2464 841 2498 dicit
860 2465 1012 2509 August.
1036 2476 1143 2511 super
1159 2465 1263 2510 Joan.
1285 2464 1398 2509 (tract.
1421 2475 1475 2509 24.
1499 2465 1533 2498 in
1548 2464 1701 2511 prins.);
1718 2475 1808 2511 ergo

238 2517 429 2551 admiratio
452 2517 691 2551 contrariatur
713 2528 843 2551 causae
871 2517 1133 2552 delectationis.

310 2570 386 2605 SED
414 2580 569 2605 CONTRA
598 2578 661 2612 est,
685 2570 781 2616 quod
809 2570 945 2604 Philos.
967 2571 1051 2605 dicit
1072 2571 1107 2605 in
1135 2582 1162 2605 1.
1185 2570 1290 2605 Rhet.
1315 2570 1402 2617 (cap.
1430 2583 1475 2606 rr.
1492 2575 1566 2618 post
1587 2570 1686 2617 med.)
1709 2572 1807 2618 quod

238 2623 430 2657 admiratio
452 2631 505 2657 est
527 2622 776 2657 delectationis
799 2635 918 2657 causa.

308 2676 539 2711 RESPONDEO
562 2676 769 2718 dicendum,
792 2677 888 2723 quod
911 2677 1059 2723 adipisci
1084 2677 1285 2712 desiderata
1307 2685 1361 2712 est
1382 2676 1609 2720 delectabile,
1632 2685 1669 2712 ut
1700 2689 1807 2724 supra

238 2730 373 2764 dictum
410 2739 463 2765 θεῖ
490 2731 573 2775 (art.
598 2743 625 2776 3.
653 2731 721 2776 huj.
751 2731 819 2776 q.):
849 2738 882 2764 et
909 2731 992 2765 idco
1019 2739 1154 2777 quanto
1184 2731 1335 2777 alicujus
1363 2731 1412 2766 rei
1440 2740 1582 2766 amatae
1609 2731 1724 2778 magis
1754 2743 1809 2766 ac—

238 2783 366 2818 crescit
389 2784 619 2825 desiderium,
635 2792 736 2818 tanto
759 2784 875 2829 magis
891 2795 953 2829 per
969 2784 1201 2830 adeptionem
1222 2784 1395 2819 accrescit
1417 2784 1629 2827 delectati0;
1648 2793 1682 2819 et
1696 2785 1807 2819 etiam

236 2837 272 2870 in
295 2837 372 2882 ipso
396 2845 594 2883 augmento
618 2837 781 2871 desiderii
806 2836 843 2870 sit
866 2846 1103 2882 augmentum
1127 2838 1390 2880 delectationis,
1417 2837 1617 2872 secundum
1643 2838 1740 2884 quod
1769 2838 1808 2873 fit

238 2890 346 2924 etiam
362 2901 441 2936 spes
463 2890 514 2924 rei
530 2898 691 2933 amatae3
714 2890 805 2924 sicut
829 2901 934 2936 supra
958 2890 1093 2924 dictum
1111 2899 1163 2925 est
1183 2891 1309 2935 (ibid),
1333 2891 1430 2938 quod
1452 2891 1571 2938 ipsum
1586 2891 1804 2926 desiderium
