1955 3182
304 209 356 251 83
742 219 962 255 QUAESTIO
995 219 1086 248 VIII.
1120 218 1363 248 ARTICULUS
1396 218 1424 248 Ι.

301 314 376 337 11011
393 302 511 349 loqui3
533 301 702 336 volumus
725 302 835 336 etiam
861 300 1042 335 interdum
1061 299 1240 346 quaedam
1256 299 1386 342 futura,
1401 311 1492 346 quae
1513 311 1587 334 non
1609 308 1691 335 sunt
1712 300 1808 335 entia
1825 301 1862 335 in

303 364 402 398 actu3
426 367 512 402 ergo
534 355 702 389 voluntas
723 366 797 388 non
818 362 959 388 tantum
981 361 1034 387 est
1053 354 1150 388 boni.

374 409 448 444 SED
476 419 630 444 CONTRA
657 416 719 450 est,
743 407 838 453 quod
858 408 967 441 Dion.
995 407 1081 441 dicit
1100 416 1133 449 4.
1157 418 1233 453 cap.
1261 406 1304 441 de
1331 407 1412 440 Div.
1434 407 1545 442 Nom.
1569 406 1654 451 (lect.
1677 407 1741 454 9.),
1765 407 1861 454 quod

303 463 441 497 malum
464 471 516 497 est
537 470 677 508 praeter
697 460 936 502 voluntatem,
958 467 993 494 et
1013 460 1110 506 quod
1133 460 1257 494 onmia
1276 460 1414 494 bonum
1437 467 1618 506 appetunt.

374 516 603 551 RESPONDEO
632 515 836 555 dicendum,
864 513 961 560 quod
986 513 1154 548 voluntas
1185 522 1238 548 est
1271 514 1447 560 appetitus
1477 513 1624 559 quidam
1655 513 1863 548 rationalis:

303 570 421 603 omnis
445 577 565 603 autem
587 568 763 614 appetitus
784 578 859 600 non
874 575 927 601 est
947 567 1016 600 nisi
1036 567 1140 600 boni:
1165 568 1265 612 cujus
1286 567 1378 601 ratio
1395 574 1458 608 est,
1478 567 1562 612 quia
1583 567 1760 613 appetitus
1774 566 1866 601 nihil

303 622 398 656 aliud
418 631 481 664 est,
497 633 613 682 quain
636 621 814 666 quaedam
836 619 1022 654 inclinatio
1051 621 1250 680 appetentis
1276 620 1311 654 in
1335 619 1484 666 aliquid:
1511 619 1603 653 nihil
1624 628 1745 654 autem
1765 620 1866 654 incli-

301 684 417 718 natur,
438 676 505 709 nisi
521 676 555 708 in
579 674 712 720 aliquid
734 672 863 715 simile,
882 681 917 708 et
938 685 1032 707 conv
1035 674 1176 708 eniens:
1200 685 1283 707 curn
1298 674 1406 720 igitur
1425 673 1543 707 omnis
1565 684 1632 715 res,
1651 673 1864 733 inquantum

303 737 356 763 est
377 741 450 771 ens,
473 737 507 762 et
521 727 728 768 substantia,
744 727 788 760 sit
802 727 987 772 quoddam
1004 727 1154 769 bonum,
1175 738 1322 761 necesse
1345 734 1408 768 est,
1425 734 1464 760 ut
1481 726 1600 760 omnis
1618 725 1803 761 inclinatio
1821 726 1866 761 sit

303 783 339 816 in
361 783 509 816 bonum.
537 782 581 814 Et
606 780 689 814 inde
717 788 779 822 θεῖ,
802 780 898 826 quod
920 780 1167 826 Philosophus
1190 780 1304 814 dicit
1296 792 1332 813 111
1358 791 1389 813 1.
1411 779 1528 813 Ethic.
1552 779 1747 826 (inprinc.)
1769 779 1866 839 quo-d

302 837 440 870 bonum
463 843 526 876 θεῖ
549 833 644 880 quod
664 834 787 867 onmia
803 842 991 880 appetunt:
1020 834 1082 868 sed
1110 833 1411 867 considerandum
1439 841 1502 875 est,
1523 833 1620 879 quod
1641 845 1725 873 cum
1747 833 1866 867 omnis

302 889 487 923 inclinatio
511 895 751 941 consequatur
773 886 932 933 aliquam
953 887 1123 929 formam,
1151 887 1327 946 appetitus
1348 885 1521 920 naturalis
1544 887 1775 933 consequitur
1795 886 1865 921 for-

302 954 399 976 mam
415 943 450 976 in
468 950 595 975 natura
617 933 844 976 existentem:
869 941 1044 987 appetitus
1059 949 1181 975 autem
1202 940 1403 982 sensitivus‚
1416 940 1476 974 vel
1489 940 1599 975 etiam
1613 940 1865 983 intellectivus‚

302 1007 363 1030 seu
377 994 573 1036 rationalis,
597 994 657 1040 qui
678 994 808 1028 dicitur
821 995 983 1036 ῑᾘοῑιιιιίατ,
1000 994 1159 1040 sequitur
1174 993 1332 1027 formam
1347 994 1628 1040 apprehensam.
1648 994 1742 1029 sicut
1758 995 1867 1041 igitur

300 1049 347 1091 id,
374 1049 410 1082 in
436 1048 532 1094 quod
559 1047 672 1081 tendit
699 1048 874 1094 appetitus
900 1047 1085 1089 naturalis,
1112 1055 1166 1081 est
1190 1047 1328 1081 bonum
1355 1047 1509 1082 existens
1535 1047 1572 1081 in
1598 1059 1652 1082 re:
1682 1048 1729 1082 ita
1754 1047 1802 1090 id,
1829 1048 1865 1082 in

301 1102 397 1149 quod
418 1102 531 1136 tendit
553 1101 728 1147 appetitus
744 1101 921 1143 animalis,
936 1100 995 1135 vel
1014 1101 1252 1143 voluntarius,
1275 1108 1328 1135 est
1344 1101 1483 1135 bonum
1505 1101 1783 1147 apprehensum.
1807 1101 1866 1136 Ad

301 1157 371 1190 hoc
394 1155 502 1201 igitur
523 1154 619 1201 quod
645 1154 812 1189 voluntas
834 1155 869 1188 in
893 1154 1027 1200 aliquid
1053 1155 1187 1196 tendat,
1215 1166 1293 1188 non
1320 1154 1522 1200 requiritur,
1543 1154 1641 1200 quod
1666 1155 1711 1190 sit
1728 1155 1867 1189 bonum

302 1210 338 1243 in
360 1209 411 1243 rei
431 1209 591 1250 veritate,
614 1209 675 1242 sed
697 1209 794 1255 quod
817 1208 1107 1255 apprehendatur
1127 1209 1164 1242 in
1187 1208 1334 1242 ratione
1349 1208 1448 1242 boni.
1469 1208 1514 1242 Et
1533 1215 1679 1255 propter
1690 1208 1775 1252 hoc,
1788 1209 1869 1243 Phi-

301 1263 477 1309 losophus
504 1261 590 1296 dicit
615 1262 651 1295 in
678 1272 708 1296 2.
737 1262 881 1308 Physic.
910 1262 986 1306 (tex.
1016 1262 1093 1308 31),
1113 1262 1208 1308 quod
1238 1261 1318 1295 finis
1346 1269 1399 1296 est
1423 1261 1574 1304 bonum,
1603 1261 1662 1296 vel
1689 1273 1864 1310 apparens

302 1317 451 1351 bonum.

373 1370 432 1404 AD
458 1380 607 1405 PRIMUM
631 1380 718 1415 ergo
741 1369 947 1411 dicendum,
970 1368 1067 1415 quod
1089 1369 1217 1403 eadem
1244 1368 1405 1414 potentia
1431 1376 1484 1402 est
1504 1368 1776 1415 oppositorum:
1804 1369 1866 1404 sed

302 1435 377 1457 non
399 1423 529 1458 eodem
551 1423 662 1457 inodo
686 1434 722 1456 se
744 1423 852 1457 habet
874 1423 917 1456 ad
939 1431 1142 1469 utrumque.
1165 1422 1344 1457 Voluntas
1365 1422 1474 1468 igitur
1495 1433 1532 1456 se
1553 1422 1662 1456 habet
1683 1431 1719 1457 et
1739 1423 1782 1458 ad
1804 1423 1868 1457 bo-

302 1489 402 1520 num,
429 1485 463 1511 et
490 1478 533 1511 ad
560 1477 717 1519 malum3
740 1476 801 1510 sed
824 1476 867 1510 ad
889 1476 1038 1518 bonum,
1067 1476 1269 1522 appetendo
1296 1476 1435 1522 ipsum;
1457 1475 1501 1509 ad
1527 1475 1668 1510 malum
1693 1487 1793 1520 vero,
1819 1476 1868 1511 fu—

304 1530 560 1578 giendo-illud.
588 1531 668 1577 lpse
695 1541 781 1575 ergo
810 1529 959 1563 actualis
982 1530 1158 1576 appetitus
1185 1529 1273 1563 boni
1297 1536 1450 1563 vocatur
1474 1529 1640 1572 voluntas,
1667 1530 1867 1564 secundum

304 1586 400 1632 quod
422 1586 588 1620 voluntas
609 1585 775 1619 nominat
797 1593 916 1618 actum
940 1584 1155 1626 voluntatis;
1177 1583 1227 1617 sic
1251 1583 1348 1617 enim
1363 1594 1458 1617 nunc
1477 1582 1662 1630 loquimur
1675 1583 1718 1618 de
1738 1584 1868 1618 volun-

302 1648 396 1674 tate:
416 1639 501 1686 fuga
524 1648 643 1674 autem
667 1638 754 1672 mali
775 1638 891 1683 magis
906 1638 1035 1672 dicitur
1049 1638 1221 1672 noluntas:
1244 1636 1338 1671 unde
1360 1637 1452 1671 sicut
1464 1637 1618 1672 voluntas
1635 1645 1688 1672 est
1706 1637 1805 1680 boni,
1819 1638 1868 1672 ita

303 1694 454 1728 noluntas
476 1701 529 1727 est
550 1692 648 1726 mali.

375 1748 434 1782 AD
454 1757 660 1782 SECUNDUM
683 1745 888 1788 dicendum,
912 1745 1008 1792 quod
1031 1745 1192 1791 potentia
1210 1743 1396 1779 rationalis
1414 1755 1489 1778 non
1511 1754 1548 1778 se
1564 1743 1674 1779 habet
1695 1744 1739 1779 ad
1761 1756 1866 1792 quae-

302 1801 388 1835 libet
410 1801 575 1847 opposita
591 1799 852 1846 prosequenda,
875 1799 936 1833 sed
960 1799 1003 1832 ad
1025 1810 1079 1840 ea,
1101 1809 1193 1844 quae
1208 1798 1272 1832 sub
1292 1809 1357 1832 suo
1373 1797 1517 1843 objecto
1541 1799 1772 1833 convenienti
1786 1810 1870 1833 con-

303 1855 475 1889 tinentur:
503 1866 587 1888 nam
615 1853 714 1887 nulla
740 1853 901 1899 potentia
928 1852 1156 1899 prosequitur
1181 1852 1250 1886 nisi
1280 1863 1386 1886 suum
1417 1851 1637 1886 conveniens
1667 1852 1867 1899 objectum:

305 1909 487 1955 objectum
510 1916 630 1942 autem
651 1906 847 1941 voluntatis
866 1914 919 1940 est
939 1906 1094 1940 bonum:
1117 1905 1211 1940 unde
1235 1905 1278 1939 ad
1301 1905 1362 1939 illa
1383 1905 1550 1952 opposita
1564 1906 1816 1953 prosequenda
1830 1918 1868 1941 se

302 1962 410 1996 habet
431 1962 609 2003 voluntas,
628 1972 719 2007 quae
735 1961 798 1994 sub
821 1961 918 1994 bono
939 1959 1314 2006 comprehenduntur3
1337 1959 1429 1992 sicut
1446 1959 1598 2001 moveri,
1619 1967 1654 1994 et
1670 1960 1868 2006 quiescere,

303 2015 415 2062 loqui,
438 2024 472 2049 et
490 2023 621 2057 tacere,
645 2023 679 2049 et
695 2014 764 2048 alia
785 2013 1014 2059 hujusmodi:
1037 2013 1073 2047 in
1088 2021 1280 2059 utrumque
1300 2012 1397 2046 enirn
1418 2012 1552 2046 horum
1573 2012 1684 2048 fertur
1697 2013 1865 2048 voluntas

305 2070 368 2104 sub
391 2070 529 2103 ratione
551 2069 647 2103 boni.

376 2124 435 2157 AD
459 2133 629 2157 TERTIUM
657 2121 863 2163 dicendum,
886 2120 983 2167 quod
1005 2120 1106 2163 illud,
1133 2120 1229 2166 quod
1255 2131 1331 2154 non
1357 2128 1410 2154 est
1436 2131 1498 2154 ens
1519 2120 1556 2154 in
1582 2130 1704 2155 rerum
1728 2129 1868 2164 natura,

306 2179 479 2225 accipitur
500 2186 538 2211 ut
559 2189 621 2212 cns
643 2177 679 2211 in
702 2177 860 2218 ratione3
883 2176 976 2210 unde
991 2176 1217 2221 negationes,
1236 2183 1271 2210 et
1291 2175 1512 2222 privationes
1525 2175 1621 2210 entia
1639 2176 1806 2211 dicuntur
1819 2189 1870 2211 ra-

303 2233 423 2274 tionis,
444 2243 507 2278 per
525 2242 633 2277 quein
653 2231 761 2264 etiam
787 2230 937 2264 modum
950 2229 1080 2271 futura,
1098 2238 1205 2276 prout
1227 2229 1557 2276 apprehenduntur,
1581 2238 1664 2264 sunt
1684 2230 1798 2266 entia:
1821 2230 1870 2265 in-

304 2293 479 2332 quantum
504 2285 612 2330 igitur
633 2292 715 2318 sunt
743 2284 953 2329 hujusmodi
980 2283 1087 2325 entia,
1115 2283 1432 2329 apprehenduntur
1453 2283 1517 2317 sub
1549 2283 1689 2318 ratione
1714 2284 1813 2327 boni,
1835 2292 1870 2319 et

304 2340 354 2374 sic
376 2338 543 2373 voluntas
564 2339 600 2372 in
623 2350 664 2372 ea
686 2338 814 2379 tendit3
836 2337 929 2371 unde
949 2336 1197 2383 Philosophus
1213 2337 1299 2371 dicit
1319 2337 1355 2371 in
1381 2347 1409 2382 5.
1425 2336 1541 2371 Ethic.
1561 2337 1653 2385 (cap.
1667 2349 1695 2373 ι.
1709 2339 1869 2386 aprinc.)

304 2392 401 2440 quod
420 2403 540 2426 carere
563 2391 661 2425 malo
684 2391 792 2425 habet
810 2391 989 2424 rationem
1007 2390 1106 2424 boni.

870 2507 1215 2552 ARTICULUS
1251 2508 1306 2551 H.
1827 2530 1869 2566 54
1906 2500 1908 2513 '

416 2605 568 2635 UTRUM
598 2604 833 2635 VOLUNTAS
867 2604 934 2634 SIT
969 2604 1154 2634 TANTUM
1188 2605 1311 2645 FINIS,
1340 2605 1398 2636 AN
1430 2605 1568 2636 ETIAM
1598 2605 1766 2646 EORUM,

818 2670 935 2706 QUAE
969 2670 1081 2700 SUNT
1115 2670 1173 2700 AD
1207 2671 1352 2701 FINEM.

847 2740 956 2784 (Veri.
971 2752 1000 2786 q.
1016 2752 1068 2775 22.
1084 2745 1147 2775 art.
1164 2752 1193 2775 2.
1210 2741 1251 2775 ad
1266 2741 1328 2787 9.).

373 2817 433 2851 An
455 2827 661 2851 SECUNDUM
684 2817 733 2851 sic
757 2817 973 2864 proceditur,
996 2818 1091 2864 quod
1114 2817 1280 2853 voluntas
1300 2830 1373 2853 non
1392 2819 1436 2854 sit
1454 2830 1594 2863 corum,
1613 2831 1705 2867 quae
1723 2829 1807 2856 sunt
1824 2821 1867 2856 ad

301 2869 422 2912 finem,
444 2871 505 2904 scd
527 2879 667 2905 tantuin
691 2871 779 2905 sinis.
802 2871 900 2905 Dicit
922 2871 1018 2906 cuim
1042 2871 1176 2906 Philos.
1201 2872 1235 2906 111
1263 2884 1289 2918 3.
1314 2873 1429 2907 Ethic.
1464 2874 1554 2921 (cap.
1577 2875 1640 2920 2.),
1677 2875 1775 2922 quod
1808 2887 1869 2911 vo·
1923 2895 1925 2897 >

302 2923 419 2958 luntas
442 2932 493 2958 cst
516 2924 605 2966 linis,
629 2924 758 2959 electio
781 2933 901 2959 autem
926 2936 1064 2967 corum,
1087 2937 1178 2972 quac
1201 2934 1283 2960 sunt
1305 2926 1348 2960 ad
1376 2926 1497 2962 finem.
