1907 3198
0 2780 52 2967 ι

478 173 700 210 ουΑεετιο
734 173 879 203 Lxxiv.
913 173 1158 204 auricomis
1192 173 1252 203 111.
1559 176 1580 218 5
1590 176 1609 218 3
1619 175 1638 218 3

634 344 979 390 ARTICULUS
1013 345 1103 388 ΙΙΙ..
1581 368 1645 404 399

280 454 434 486 UTRUM
461 454 504 484 IN
533 453 861 484 sensuammrss
889 453 1041 483 Possm·
1071 453 1170 483 Esse
1199 454 1448 484 PECCATUM.

132 540 179 588 (2.
199 542 286 578 Dist.
309 552 363 587 24.
386 553 416 589 q.
435 553 462 588 3.
485 545 550 576 art.
574 552 604 576 2.
627 546 656 576 et
679 541 766 575 Dist.
786 553 832 587 31.
855 553 884 587 q.
908 552 937 576 2.
960 545 1025 576 art.
1049 553 1075 576 1.
1099 540 1141 575 ad
1162 552 1194 586 4.
1217 546 1245 576 el
1272 541 1358 576 Veri.
1381 553 1410 588 q.
1434 553 1476 587 ¹5-
1499 545 1555 576 art
1571 553 1599 587 5.

660 599 689 629 et
711 594 794 628 Mal.
817 606 846 641 q.
870 606 899 641 7.
922 599 987 629 art.
1010 595 1072 640 6.).

155 684 216 720 AD
237 693 409 720 TERTIUM
430 683 480 718 sic
502 683 719 730 proceditur.
743 683 906 725 Videtur,
928 683 1024 729 quod
1045 683 1079 717 in
1098 683 1330 718 sensualitate
1348 695 1421 718 non
1441 684 1553 731 possit
1572 695 1649 718 esse

84 746 291 786 peccatum:
313 745 505 785 peccatum
527 737 624 772 enim
643 745 696 771 est
714 737 899 783 proprium
918 736 1072 779 homini,
1088 737 1148 783 qui
1170 749 1212 772 ex
1235 737 1307 772 suis
1323 738 1459 772 actibus
1474 737 1650 779 laudatur,

84 791 141 827 vel
161 791 400 839 vituperatur:
422 791 484 826 sed
506 790 719 825 sensualitas
741 799 795 824 est
817 791 1023 825 communis
1044 791 1160 833 nobis,
1183 799 1218 826 et
1239 791 1370 834 brutis;
1397 803 1485 838 ergo
1512 792 1547 826 in
1574 803 1652 826 sen-

85 844 249 881 sualitate
270 856 344 880 non
366 852 486 891 potest
506 855 584 878 esse
605 852 810 891 peccatum.

156 909 187 934 2.
209 899 444 935 PRAETEREA.
472 898 591 934 Nullus
608 903 722 945 peccat
744 899 778 932 in
804 910 853 941 eo,
874 898 959 944 quod
975 899 1085 934 vitare
1103 911 1167 933 non
1184 903 1300 945 potest,
1316 899 1407 934 sicut
1426 899 1651 946 Augustinus

85 952 171 988 dicit
190 953 227 988 in
248 952 308 988 lib.
333 964 362 999 3.
384 952 428 987 de
449 952 526 987 Lib.
548 951 635 986 Arb.
655 952 746 1000 (cap.
766 953 815 987 18.
835 954 914 988 circ.
928 954 1073 999 princ.):
1095 953 1157 988 sed
1177 953 1292 987 homo
1311 964 1384 987 non
1404 961 1522 999 potest
1539 954 1651 988 vitare

86 1007 171 1055 quin
193 1014 294 1042 actus
314 1005 554 1042 sensualitatis
577 1006 621 1040 sit
642 1005 885 1041 inordinatus:
914 1014 968 1041 est
993 1007 1090 1040 enim
1117 1006 1330 1041 sensualitas
1357 1015 1550 1053 perpetuae
1577 1019 1654 1042 cor-

86 1060 274 1108 ruptionis,
294 1060 468 1107 quamdiu
489 1060 525 1094 in
547 1059 615 1094 hac
639 1059 784 1094 mortali
806 1061 878 1094 vita
899 1060 1078 1103 vivimus;
1101 1060 1195 1094 unde
1217 1072 1280 1106 per
1300 1068 1502 1107 serpentem
1522 1060 1654 1107 signifi-

87 1123 200 1158 catur,
231 1122 270 1149 ut
297 1113 522 1160 Augustinus
551 1113 637 1147 dicit
671 1123 721 1148 12.
753 1113 795 1147 de
827 1112 956 1147 Trinit.
979 1113 1068 1160 (cap.
1091 1125 1140 1150 12.
1162 1114 1294 1161 ct13.);
1325 1125 1412 1161 ergo
1434 1115 1652 1150 inordinatio

87 1176 209 1204 motus
229 1167 471 1203 sensualitatis
492 1177 566 1201 non
589 1176 642 1202 est
663 1174 865 1213 peccatum.

161 1233 190 1269 3.
211 1221 448 1257 PRAETEREA.
467 1220 571 1262 Illud,
593 1220 689 1267 quod
713 1220 827 1254 homo
850 1220 924 1266 ipse
947 1231 1020 1254 non
1039 1220 1136 1263 facit,
1153 1232 1226 1256 non
1247 1221 1443 1268 imputatur
1461 1223 1493 1257 ei
1513 1223 1555 1257 ad
1575 1234 1653 1269 pec-

88 1283 229 1311 catum:
251 1274 313 1310 sed
334 1274 405 1310 hoc
428 1273 548 1309 solum
569 1274 735 1308 videmur
755 1285 822 1309 nos
845 1274 910 1320 ipsi
933 1273 1064 1317 facere,
1086 1275 1183 1321 quod
1211 1286 1294 1310 cum
1322 1276 1581 1311 deliberatione
1603 1288 1654 1311 ra-

87 1329 197 1364 tionis
214 1327 379 1370 facimus,
400 1335 438 1362 ut
459 1326 595 1362 Philos.
618 1327 704 1362 dicit
725 1327 760 1361 in
781 1338 814 1374 9.
838 1327 953 1362 Etliic.
983 1328 1072 1374 (cap.
1094 1329 1126 1364 8.
1149 1330 1229 1364 σίνε.
1257 1329 1381 1375 νηεᾱ.);
1415 1341 1502 1376 ergo
1530 1339 1651 1365 motus

88 1382 340 1425 sensualitatis,
366 1382 427 1429 qui
453 1389 507 1417 est
531 1381 608 1416 sine
635 1380 895 1416 deliberatione
922 1382 1082 1424 rationis,
1113 1393 1187 1417 non
1217 1384 1413 1429 imputatur
1441 1384 1585 1419 homini
1608 1385 1650 1419 ad

89 1443 292 1484 peccatum.

163 1489 238 1525 SED
259 1499 415 1525 CONTRA
430 1497 494 1532 est,
516 1489 613 1536 quod
635 1489 765 1523 dicitur
791 1488 898 1524 Rom.
927 1500 977 1535 7.:
1006 1490 1083 1525 Non
1110 1491 1196 1525 enim
1223 1491 1307 1536 quod
1331 1491 1406 1526 volo
1435 1493 1568 1534 bonum,
1595 1493 1653 1528 boc

91 1554 175 1590 αξη
195 1542 250 1579 sed
268 1542 354 1590 quod
374 1542 429 1578 odi
448 1543 588 1586 malum,
612 1542 693 1577 illud
707 1543 824 1589 facio:
847 1543 944 1589 quod
967 1543 1113 1590 exponit
1135 1544 1359 1590 Augustinus
1382 1545 1457 1590 (lib.
1482 1559 1509 1592 3.
1538 1551 1654 1581 contra

87 1597 216 1643 Julian.
237 1602 308 1644 cap.
330 1596 386 1632 26.
408 1601 439 1632 et
458 1596 495 1632 de
523 1597 616 1632 Verb.
633 1597 746 1643 Apost.
760 1608 821 1631 ser.
836 1608 885 1632 12.
901 1603 974 1644 cap.
989 1609 1020 1632 2.
1035 1603 1064 1632 et
1086 1599 1125 1643 3.)
1142 1597 1186 1632 de
1201 1597 1299 1633 malo
1323 1600 1654 1646 concupiscentiae,

91 1650 189 1698 quod
211 1657 354 1685 constat
380 1661 458 1685 esse
488 1658 630 1685 motum
661 1650 855 1697 quemdam
878 1651 1138 1694 sensualitatis;
1161 1663 1248 1698 ergo
1277 1652 1313 1686 in
1344 1653 1575 1689 sensualitate
1603 1662 1656 1689 est

92 1703 239 1752 aliquod
261 1712 464 1751 peccatum.

161 1757 391 1794 RESPONDEO
413 1757 619 1800 dicendum,
641 1757 751 1804 quod,
773 1757 864 1792 sicut
885 1769 991 1805 supra
1019 1758 1155 1793 dictum
1178 1767 1231 1794 est
1251 1760 1330 1804 (art.
1353 1773 1384 1796 2.
1403 1765 1432 1796 et
1448 1773 1476 1808 3.
1499 1762 1568 1808 lmj.
1591 1763 1654 1809 q.),

90 1819 280 1860 peccatum
298 1819 417 1858 potest
438 1811 590 1846 inveniri
612 1812 646 1845 in
670 1811 827 1858 qualibet
849 1812 1021 1857 potentia,
1045 1813 1145 1857 cujus
1168 1822 1267 1848 actus
1294 1823 1412 1860 potest
1433 1827 1510 1850 esse
1532 1815 1657 1850 volun-

89 1865 212 1908 tarius,
233 1873 270 1901 et
290 1865 527 1907 inordinatus,
550 1865 584 1899 in
607 1876 680 1912 quo
703 1865 866 1899 consistit
886 1866 978 1900 ratio
1000 1866 1154 1911 peccati:
1184 1866 1415 1902 manifestum
1443 1877 1496 1903 est
1522 1878 1656 1912 autern,

91 1918 188 1967 quod
209 1927 309 1954 actus
329 1918 570 1955 sensualitatis
593 1926 710 1965 potest
732 1930 809 1953 esse
828 1918 1064 1961 voluntarius,
1085 1920 1296 1966 inquantum
1317 1921 1530 1957 sensualitas
1549 1924 1656 1967 (idest

90 1972 268 2021 appetitus
289 1972 496 2017 sensitivus)
518 1980 602 2007 nata
625 1980 677 2007 est
700 1983 718 2006 a
740 1972 926 2007 voluntate
949 1973 1112 2008 moveri:
1137 1974 1230 2008 unde
1253 1974 1475 2022 relinquitur,
1496 1977 1593 2024 quod
1622 1978 1654 2012 in

91 2025 323 2063 sensualitate
344 2026 458 2073 possit
479 2037 557 2061 esse
580 2034 782 2072 peccatum.

162 2080 223 2116 AD
236 2089 385 2116 PRIMUM
404 2091 493 2126 ergo
514 2080 721 2122 dicendum,
748 2080 844 2126 quod
867 2081 1008 2128 aliquae
1028 2082 1121 2116 vires
1143 2083 1334 2118 sensitivae
1357 2085 1477 2131 partis,
1500 2087 1564 2120 etsi
1588 2087 1658 2121 sint

91 2144 318 2176 communes,
339 2133 454 2176 nobis,
472 2142 508 2169 et
527 2134 650 2176 brutis,
671 2142 793 2168 tamen
813 2134 847 2168 in
870 2135 974 2169 nobis
996 2135 1130 2170 habent
1156 2135 1314 2183 aliquam
1337 2138 1587 2174 excellentiam
1611 2151 1653 2175 ex

92 2186 177 2230 hoe,
199 2186 296 2234 quod
318 2186 449 2222 rationi
468 2188 679 2234 junguntur:
695 2188 786 2222 sicut
807 2199 873 2222 nos
890 2200 973 2235 prae
996 2188 1073 2223 aliis
1089 2189 1304 2225 animalibus
1317 2191 1493 2227 habemus
1509 2193 1542 2227 in
1559 2202 1658 2240 parte

93 2240 263 2276 sensitiva
279 2240 527 2287 cogitativam,
543 2248 577 2276 et
591 2241 911 2284 reminiscentiam,
927 2250 963 2276 ut
982 2243 1015 2276 in
1028 2243 1146 2289 primo
1161 2243 1295 2278 dictum
1317 2254 1368 2279 est
1386 2248 1431 2292 (q.
1447 2248 1499 2293 78.
1515 2253 1578 2282 art.
1594 2248 1657 2292 4.),

94 2301 131 2330 et
149 2305 215 2342 per
234 2293 331 2329 hunc
350 2294 503 2329 modum
525 2295 634 2329 etiam
659 2295 834 2341 appetitus
853 2296 1043 2330 sensitivus
1064 2297 1097 2330 in
1120 2297 1224 2332 nobis
1240 2309 1324 2344 prae
1347 2299 1424 2333 aliis
1444 2300 1658 2335 animalibus

93 2346 204 2383 habet
235 2347 433 2395 quamdam
463 2347 734 2388 excellentian13
762 2349 899 2384 scilicet
925 2350 1021 2396 quod
1052 2358 1156 2385 natus
1191 2360 1243 2386 est
1270 2353 1417 2388 obedire
1450 2355 1596 2389 rationi:
1625 2363 1659 2389 ct

95 2408 269 2449 quantum
291 2401 335 2436 ad
357 2400 428 2436 hoc
450 2409 568 2448 potest
590 2412 668 2437 esse
690 2402 905 2449 principium
929 2411 1029 2438 actus
1055 2404 1260 2447 voluntarii,
1288 2414 1321 2440 et
1347 2419 1410 2453 per
1432 2418 1658 2455 consequens

95 2454 295 2501 subjectum
317 2455 467 2502 peccati.

166 2507 227 2544 AD
248 2518 455 2544 SECUNDUM
479 2508 685 2551 dicendum,
707 2509 803 2555 quod
827 2519 999 2557 perpetua
1022 2513 1206 2558 corruptio
1222 2513 1464 2549 sensualitatis
1487 2524 1539 2550 est
1563 2516 1660 2551 intel-

97 2558 241 2608 ligenda
267 2570 443 2609 quantum
473 2562 517 2597 ad
551 2561 729 2603 fomitem,
752 2562 811 2608 qui
841 2575 1040 2611 numquam
1073 2565 1230 2600 totaliter
1251 2566 1387 2602 tollitur
1417 2568 1450 2603 in
1485 2569 1552 2603 hac
1576 2570 1658 2603 vita.

99 2613 247 2650 Transit
266 2615 364 2650 enim
386 2624 575 2663 peccatum
598 2615 775 2660 originale
793 2625 904 2659 reatu,
927 2626 961 2652 et
983 2627 1144 2653 remanet
1167 2628 1266 2655 actu:
1289 2622 1350 2655 sed
1374 2621 1453 2656 talis
1476 2623 1660 2670 corruptio

97 2666 234 2704 fomitis
253 2678 328 2704 non
350 2669 513 2716 impedit,
539 2670 623 2717 quin
652 2670 767 2704 homo
795 2671 997 2705 rationabili
1025 2672 1211 2708 voluntate
1239 2675 1350 2720 possit
1378 2677 1572 2721 reprimere
1595 2677 1662 2710 sin-

98 2719 205 2768 gulos
225 2730 346 2758 motus
367 2722 591 2758 inordinatos
613 2723 865 2765 sensualitatis,
887 2725 914 2758 si
938 2727 1171 2771 praesentiat;
1194 2735 1276 2773 puta
1297 2728 1506 2762 divertendo
1528 2730 1663 2774 cogita-

98 2773 237 2810 tionem
259 2775 303 2811 ad
324 2775 413 2819 alia3
435 2776 496 2811 sed
519 2776 604 2811 dum
628 2777 742 2811 homo
766 2777 1027 2822 cogitationem
1052 2779 1094 2813 ad
1118 2779 1212 2813 aliud
1235 2781 1388 2819 divertit.
1412 2790 1528 2828 potest
1551 2783 1659 2817 ctiam

100 2827 197 2864 circa
222 2826 308 2863 illud
336 2828 464 2876 aliquis
491 2830 716 2864 inordinatus
744 2839 863 2865 motus
891 2831 1089 2879 insurgere:
1115 2833 1204 2867 sicut
1231 2845 1312 2868 cum
1342 2835 1468 2882 aliquis
1495 2836 1661 2871 transfert

101 2881 362 2929 cogitdonem
389 2893 493 2918 suam
521 2893 540 2917 a
566 2882 864 2919 delectationibus
891 2884 1019 2928 carnls,
1044 2886 1170 2921 volens
1197 2888 1512 2935 concupiscentiae
1540 2899 1660 2925 motus

244 2962 274 2991 S.
293 2962 417 2991 Tuom}
437 2964 541 2992 summa
560 2964 721 3000 Theologu'ca.
744 2965 806 2993 Vol.
830 2966 866 2994 11.
1487 2980 1515 3006 33
