1875 3198
210 194 294 246 560
593 205 814 240 QUAESTIO
849 204 1010 233 Lxxvu.
1045 197 1288 233 A'RTICULUS
1323 203 1378 232 1v.

281 295 311 318 2.
340 285 576 319 PRAETEREA.
605 285 803 330 Apostolus
831 285 917 318 dicit
942 285 1049 318 Rom.
1078 294 1126 329 7.:
1158 285 1336 319 Occasiom
1364 289 1496 330 accepta
1517 289 1691 330 peccatum
1712 290 1774 330 per

209 338 402 372 mandatum.
427 343 593 384 operatum
609 344 653 373 cst
672 340 704 372 itz
720 351 769 372 rma
791 350 917 372 onmem
941 339 1258 383 concupiscentiam:
1282 337 1342 370 ubi
1365 336 1466 371 Glos.
1489 337 1616 382 (ordin.
1635 338 1772 383 August.

209 391 265 427 lib.
281 391 316 425 de
333 391 468 438 Spiritu,
493 397 520 425 et
543 392 608 425 Lit.
629 397 698 437 cup.
716 393 764 435 4.)
790 391 885 432 dicit,
909 391 1005 436 quod
1025 392 1109 424 bona
1131 395 1173 424 est
1195 391 1256 432 Iex,
1280 402 1361 435 quac
1383 390 1460 423 dum
1478 392 1771 436 concupiscentiam

202 445 368 490 prohibet,
392 457 484 479 omns
507 445 629 478 niniam
646 445 820 490 prohibut:
844 444 940 490 quod
963 444 1092 477 dicitur
1110 451 1256 489 propter
1274 444 1357 485 hoc,
1377 445 1460 489 quia
1479 443 1773 490 concupiscentia

210 506 262 532 est
277 509 384 531 causa
403 498 522 531 omnis
538 498 697 543 peccati:
713 498 774 531 sed
791 497 1084 543 concupiscentia
1100 505 1152 531 est
1171 496 1239 530 alia
1262 497 1381 543 passio
1401 496 1443 530 ab
1468 508 1603 538 amore,
1616 505 1654 530 ut
1668 508 1773 543 supra

209 551 371 584 habitum
394 559 446 584 est
467 551 514 596 (q.
533 563 561 596 3.
580 556 645 585 art.
665 562 695 585 2.
718 556 745 584 et
767 562 796 596 q.
818 562 866 596 23.
889 555 952 584 art.
975 550 1045 595 4.);
1070 561 1156 596 ergo
1173 561 1277 583 amor
1295 550 1350 584 sui
1364 561 1437 583 non
1454 557 1507 584 est
1529 561 1637 583 causa
1655 550 1773 584 omnis

210 604 358 649 peccati.

284 669 312 703 3.
332 657 567 692 PRAETEREA.
588 658 812 703 Augustinus
827 668 933 703 super
951 657 1039 690 illud
1058 657 1191 692 Psalm.
1210 657 1319 703 (79.):
1343 658 1477 692 Incensa
1492 658 1572 703 igni,
1589 662 1616 692 et
1629 657 1772 703 suffossa,

210 710 305 751 dicit,
329 711 424 756 quod
448 721 557 744 omne
579 718 770 756 peccatum
793 718 845 744 est
867 722 909 744 ex
932 722 1057 744 amore
1084 710 1180 744 male
1207 710 1468 752 inflammante,
1494 710 1552 744 vel
1579 722 1621 744 ex
1642 710 1772 744 timore

210 763 304 797 male
326 763 559 805 humiliante3
582 775 655 797 non
679 775 765 809 ergo
788 763 887 798 solus
907 775 1009 797 amor
1030 764 1085 797 sui
1107 772 1160 797 est
1181 775 1289 797 causa
1311 763 1462 809 peccati.

279 826 311 859 4.
335 817 571 851 PRAETEREA.
604 817 705 851 Sicut
732 818 846 851 homo
876 826 1003 863 peccat
1029 818 1247 863 quandoque
1277 824 1423 863 propter
1451 816 1697 850 inordinatum
1719 817 1775 851 sui

211 881 394 912 amorem;
422 870 471 904 ita
499 871 607 904 etiam
635 871 816 905 interdurn
838 879 964 917 peccat
983 880 1127 916 propter
1147 871 1394 904 inordinatum
1414 881 1579 904 amorem
1601 870 1773 916 proximi3

211 935 297 969 ergo
321 935 424 958 amor
445 924 499 958 sui
521 936 594 958 non
618 933 670 958 est
692 936 800 959 causa
820 925 938 958 omnis
957 924 1108 970 peccati.

280 977 354 1012 SED
375 988 529 1012 CONTRA
545 987 608 1019 est,
624 978 719 1024 quod
736 978 830 1023 Aug.
847 978 932 1011 dicit
951 988 1001 1020 14.
1018 977 1061 1011 de
1078 977 1158 1011 Civ.
1174 977 1244 1011 Dei
1260 977 1347 1023 (cap.
1363 978 1539 1023 28.princ.
1555 978 1632 1011 etin
1647 977 1700 1011 Ps.
1717 977 1774 1021 64.

209 1042 229 1064 a
246 1031 388 1077 princ),
405 1032 501 1076 quod
525 1042 629 1065 amor
650 1032 704 1065 sui
724 1043 836 1077 usque
852 1032 895 1065 ad
911 1038 1162 1077 contemptum
1176 1031 1246 1064 Dei
1261 1030 1346 1064 facit
1361 1030 1541 1064 civitatem
1558 1030 1774 1077 Babylonis:

210 1084 270 1118 sed
287 1096 349 1130 per
364 1084 550 1130 quodlibet
564 1093 755 1130 peccatum
770 1085 923 1131 pertinet
936 1085 1051 1118 homo
1068 1085 1111 1118 ad
1127 1085 1311 1119 civitatem
1326 1084 1541 1131 Babylonis3
1564 1095 1650 1130 ergo
1670 1095 1775 1118 amor

210 1137 263 1171 sui
286 1145 339 1171 est
360 1149 467 1171 causa
487 1138 605 1171 omnis
625 1139 775 1184 peccati.

281 1190 509 1226 RESPONDEO
533 1191 737 1233 dicendum,
761 1192 869 1238 quod,
885 1192 977 1225 sicut
990 1203 1096 1237 supra
1112 1191 1248 1225 dictum
1264 1199 1317 1225 est
1333 1191 1376 1237 (q.
1393 1202 1438 1237 75.
1458 1196 1522 1226 art.
1544 1191 1602 1236 L),
1618 1191 1774 1237 propria,

211 1252 244 1278 et
265 1255 327 1290 per
348 1256 385 1278 se
409 1257 515 1279 causa
538 1245 677 1291 peccati
700 1246 909 1291 accipienda
926 1253 978 1279 est
993 1257 1035 1279 ex
1058 1254 1157 1291 parte
1181 1245 1428 1279 conversionis
1449 1245 1492 1278 ad
1515 1244 1774 1278 commutabile

210 1298 366 1331 bonum:
390 1310 431 1332 ex
454 1310 523 1344 qua
542 1299 687 1344 quidem
710 1307 808 1345 parte
832 1299 951 1332 omnis
974 1306 1073 1332 actus
1092 1299 1231 1344 peccati
1254 1298 1417 1344 procedit
1439 1310 1481 1332 ex
1503 1297 1624 1344 aliquo
1646 1298 1776 1331 inordi-

210 1360 296 1385 nato
313 1353 470 1397 appetitu
486 1352 636 1397 alicujus
651 1352 862 1398 temporalis
883 1352 987 1386 boni:
1009 1352 1104 1397 quod
1121 1360 1242 1385 autem
1265 1351 1393 1397 aliquis
1410 1359 1553 1398 appetat
1573 1351 1774 1385 inordinate

212 1404 357 1450 aliquod
379 1405 581 1451 temporale
607 1405 756 1447 bonum,
779 1405 942 1451 procedit
964 1417 1005 1439 ex
1027 1406 1110 1447 hoc,
1133 1405 1229 1451 quod
1256 1405 1458 1439 inordinate
1487 1413 1584 1438 amat
1604 1405 1774 1451 seipsum,

212 1458 282 1492 hoc
312 1459 408 1492 enim
437 1467 489 1493 est
516 1470 637 1492 amare
665 1458 834 1505 aliquem,
860 1458 953 1492 velle
976 1459 1008 1492 ei
1033 1459 1188 1500 bonum;
1212 1459 1305 1492 unde
1333 1457 1564 1492 manifestum
1593 1466 1656 1500 est,
1678 1458 1773 1504 quod

214 1512 437 1546 inordinatus
461 1524 564 1546 amor
585 1512 639 1546 sui
662 1520 713 1546 est
736 1524 842 1546 causa
871 1513 989 1546 omnis
1017 1512 1167 1558 peccati.

282 1566 341 1600 AD
364 1577 513 1600 PRIMUM
537 1578 623 1612 ergo
644 1566 848 1608 dicendum,
867 1566 963 1612 quod
984 1577 1087 1599 amor
1102 1566 1155 1599 sui
1171 1565 1356 1599 ordinatus
1375 1574 1428 1599 est
1449 1565 1600 1607 debitus,
1622 1572 1656 1598 et
1677 1573 1777 1598 natu-

211 1619 312 1661 ralis3
340 1620 387 1653 ita
410 1619 547 1654 scilicet
569 1620 665 1665 quod
687 1619 773 1654 velit
795 1619 861 1654 sibi
888 1620 1036 1660 bonum,
1060 1619 1157 1665 quod
1185 1618 1370 1664 congruit:
1394 1618 1455 1652 sed
1483 1630 1587 1652 amor
1608 1618 1663 1652 sui
1683 1618 1777 1652 inor-

210 1673 363 1715 dinatus,
387 1673 446 1718 qui
468 1673 630 1719 perducit
653 1673 696 1706 ad
719 1681 970 1718 contemptum
993 1673 1073 1714 Dei,
1097 1673 1242 1718 ponitur
1260 1683 1337 1706 esse
1357 1683 1465 1706 causa
1491 1672 1631 1718 peccati
1651 1683 1776 1707 secun-

210 1726 295 1760 dum
318 1727 471 1772 August.
497 1728 572 1770 (los.
595 1728 648 1761 cit.
673 1728 705 1760 in
729 1738 799 1772 arg.
821 1726 873 1760 scd
892 1726 1006 1770 conl).

280 1780 339 1813 AD
367 1791 573 1814 SECUNDUM
601 1780 805 1821 dicendum,
834 1780 930 1826 quod
958 1779 1263 1825 concupiscentia,
1292 1791 1361 1825 qua
1389 1778 1516 1825 aliquis
1545 1779 1679 1825 appetit
1705 1779 1772 1813 sibi

210 1833 359 1875 bonum,
386 1834 565 1868 reducitur
591 1833 635 1867 ad
663 1845 828 1868 amorem
855 1833 920 1875 sui,
943 1834 1035 1868 sicut
1062 1833 1105 1866 ad
1134 1844 1293 1874 causam,
1321 1841 1359 1867 ut
1384 1834 1458 1879 jam
1485 1833 1622 1867 dictum
1649 1841 1702 1867 est
1725 1833 1774 1877 (in

210 1887 329 1933 corp).

281 1941 341 1974 AD
358 1951 528 1975 TERTmM
552 1941 757 1981 dicendum,
780 1940 877 1986 quod
901 1939 1030 1986 aliquis
1053 1940 1182 1973 dicitur
1205 1951 1326 1974 amare
1349 1948 1384 1974 et
1404 1939 1491 1973 illud
1510 1939 1659 1980 bonurn,
1678 1939 1774 1986 quod

211 2002 310 2039 optat
332 1994 408 2035 sibi,
436 2001 469 2027 ct
496 2005 544 2035 se,
568 1994 625 2027 cui
646 1994 783 2027 bonum
804 2001 921 2039 optat:
944 2005 1047 2027 amor
1065 1994 1183 2039 igitur,
1206 1993 1407 2027 secundum
1430 1993 1526 2039 quod
1549 1993 1677 2027 dicitur
1700 1994 1774 2038 ejus

211 2059 288 2081 esse
310 2047 406 2093 quod
430 2055 584 2093 optatur,
604 2055 687 2093 puta
710 2047 805 2093 quod
830 2047 956 2092 aliquis
979 2047 1107 2080 dicitur
1129 2058 1250 2080 amare
1272 2047 1409 2088 vinum,
1424 2046 1481 2080 vel
1503 2046 1706 2093 pecuniam,
1726 2057 1776 2080 re-

212 2101 297 2146 cipit
314 2100 374 2145 [al.
391 2101 538 2147 mespicit]
557 2112 620 2146 pro
638 2112 745 2134 causa
767 2101 950 2142 timorem,
973 2101 1032 2146 qui
1055 2101 1207 2146 pertinet
1222 2101 1265 2134 ad
1281 2100 1404 2146 fugam
1420 2100 1524 2134 mali:
1549 2111 1658 2134 omne
1677 2101 1774 2134 enim

213 2162 401 2200 peccatum
425 2155 608 2200 provenit:
624 2154 738 2188 velex
754 2154 958 2188 inordinato
975 2154 1131 2200 appetitu
1147 2153 1297 2199 alicujus
1315 2154 1412 2196 boni,
1433 2153 1491 2188 vel
1513 2165 1554 2188 ex
1573 2154 1774 2188 inordinata

212 2207 295 2252 fuga
319 2207 469 2252 alicujus
492 2207 595 2242 muli:
619 2207 680 2241 sed
703 2216 894 2253 utrumque
918 2207 1049 2241 horum
1073 2207 1251 2241 reducitur
1280 2207 1323 2241 ad
1347 2219 1510 2241 amorem
1538 2208 1603 2249 sui,
1630 2216 1775 2254 propter

212 2261 282 2294 hoc
306 2261 402 2294 enim
425 2261 538 2293 homo
562 2260 618 2294 vel
638 2261 771 2306 appetit
792 2261 898 2302 bona,
921 2260 977 2294 vel
998 2260 1088 2306 fugit
1111 2260 1218 2302 mala,
1241 2261 1323 2306 quia
1344 2269 1441 2294 amat
1462 2261 1632 2306 scipsum.

300 2315 358 2348 AD
382 2324 569 2352 QUARTUM
593 2313 909 2359 dicenduni,quod
928 2314 1065 2347 amicus
1088 2322 1140 2347 est
1161 2314 1262 2360 quasi
1286 2313 1373 2348 alter
1395 2314 1489 2360 ipse;
1517 2322 1551 2348 et
1577 2314 1658 2348 idco
1678 2315 1774 2360 quod

213 2376 382 2413 peccatur
404 2375 548 2414 propter
571 2378 733 2401 amorem
758 2367 877 2409 amici,
902 2367 1041 2401 videtur
1064 2376 1209 2413 propter
1232 2379 1396 2402 umorem
1419 2367 1473 2402 sui
1500 2367 1655 2414 peccari.

780 2485 1124 2530 ARTICULUS
1160 2486 1212 2528 V.
1706 2508 1773 2540 419

332 2582 484 2611 UTRUM
512 2581 849 2611 CONVENIENTER
877 2582 1114 2612 PONANTUR
1142 2581 1310 2611 CAUSAE
1338 2583 1654 2612 PECCATORUM:

700 2641 1084 2670 CONCL'I‘ISCENTIA
1121 2642 1288 2680 CARNIS,

411 2700 792 2730 CONCUPISCENTIA
823 2700 1079 2739 OCU1.0RUM‚
1116 2701 1169 2729 ΕΤ
1199 2701 1404 2730 SUPERBIA
1430 2701 1575 2730 VITAE.

215 2771 315 2816 (Iusta
339 2783 368 2816 q.
390 2772 461 2805 108.
482 2775 546 2805 111'l.
566 2783 592 2815 3.
615 2770 657 2803 ud
679 2782 708 2813 4.
729 2775 756 2804 cl
778 2782 807 2804 2.
831 2771 917 2804 Dixi.
937 2782 986 2815 52.
1011 2783 1039 2815 q.
1060 2782 1089 2804 2.
1112 2775 1174 2804 art.
1197 2783 1221 2805 1.
1241 2776 1270 2805 ct
1291 2771 1372 2805 Mal.
1395 2783 1425 2817 q.
1445 2771 1476 2806 S.
1496 2777 1560 2806 art.
1584 2783 1610 2806 1.
1633 2771 1674 2805 ud
1696 2772 1771 2815 23).

286 2849 343 2882 An
363 2859 541 2887 Qum-TUM
555 2849 603 2882 sic
621 2847 836 2894 proceditur.
853 2847 1013 2889 Videtur,
1028 2848 1123 2893 quod
1139 2848 1436 2882 inconvenienter
1451 2856 1631 2895 ponantur
1645 2858 1773 2882 causae

215 2911 445 2949 pcccatorum
462 2914 556 2937 csse:
574 2903 832 2949 [011‹·1aept'.··cc11!1'11
851 2903 972 2941 caruil)
990 2904 1246 2948 (011cnp1'scct1lia
1263 2902 1446 2943 oculorum,
1462 2907 1491 2936 ct
1503 2902 1653 2948 superbia
1672 2902 1772 2937 vitm:
