1907 3182
240 179 323 232 462
653 189 872 224 QUAESTlo
907 188 1038 217 LXVII.
1072 187 1317 217 ARTICULUS
1351 187 1378 216 Ι.

239 269 377 304 scilicet
398 269 434 303 in
455 270 605 311 ratione,
636 277 670 303 et
695 268 893 310 voluntate,
922 268 959 301 in
987 268 1114 314 quibus
1143 275 1224 302 sunt
1245 267 1438 301 seminaria
1460 267 1639 313 quaedam
1663 267 1794 302 harum

239 323 423 364 virtutum,
446 330 484 356 ut
506 322 641 356 dictum
664 330 716 356 est
732 321 825 365 (ibid.
825 321 866 366 ):
883 321 945 355 sed
966 320 1111 366 justitia,
1132 331 1223 366 quae
1246 328 1300 354 est
1319 320 1356 354 in
1369 319 1566 362 voluntate,
1589 320 1698 354 etiam
1712 329 1794 355 actu

238 376 457 411 remanebit:
479 375 573 409 unde
596 374 798 421 specialiter
819 375 862 408 de
890 385 932 408 ea
955 374 1091 408 dictum
1113 382 1166 408 est
1187 374 1239 418 (in
1260 374 1381 420 corp),
1406 374 1501 420 quod
1523 381 1576 408 est
1591 379 1753 421 perpetua
1765 379 1795 409 et

240 430 457 470 immo1·talis;
480 437 558 463 tum
580 428 718 462 ratione
740 427 901 473 subJecti,
924 427 1007 473 quia
1024 426 1192 460 voluntas
1207 427 1486 473 incorruptibilis
1505 434 1575 469 est;
1592 434 1670 461 tum
1685 427 1795 462 etiam

238 491 384 529 propter
405 481 677 516 similitudinem
699 488 810 522 actus,
830 488 867 514 ut
884 481 981 526 prius
1003 480 1140 514 dictum
1162 487 1215 514 est
1236 479 1361 525 (ibid).

795 620 1138 665 ARTICULUS
1174 620 1230 663 Π.
1729 642 1790 678 351

264 730 417 759 UTRUM
443 728 657 758 VIRTUTES
685 728 1071 758 INTELLECTUALES
1099 728 1308 758 MANEANT
1335 728 1446 758 POST
1473 728 1592 759 HANC
1618 728 1770 758 VITAM.

516 816 618 861 (Infr.
640 828 670 861 q.
693 827 740 862 93.
768 821 833 850 art.
856 816 888 850 6.
907 816 949 850 acl
969 828 1000 851 2.
1024 820 1051 850 et
1072 828 1102 851 2.
1125 817 1213 851 Dist.
1233 816 1265 851 6.
1288 821 1350 850 art.
1373 827 1405 860 4.
1432 815 1475 850 ad
1492 827 1520 862 3.

237 875 265 905 et
278 871 365 904 Dist.
378 880 429 915 34.
445 874 508 902 art.
524 880 552 914 5.
568 874 598 903 et
611 869 664 903 lib.
677 881 703 914 3.
722 869 837 904 Contr.
851 880 881 914 g.
894 875 1024 915 cap.21.
1040 874 1070 903 et
1084 869 1167 903 Mal.
1179 881 1208 914 q.
1224 881 1254 904 2.
1270 874 1333 903 art.
1345 880 1394 904 [2.
1405 874 1436 903 et
1449 875 1555 915 opusc.
1567 880 1598 904 2.
1611 875 1681 915 cap.
1697 869 1795 914 118).

308 959 368 993 AD
396 969 603 993 SECUNDUM
637 958 687 992 sic
717 958 933 1004 proceditur.
964 957 1126 999 Videtur,
1149 958 1246 1004 quod
1271 958 1418 992 virtutes
1439 956 1701 992 intellectuales
1722 968 1796 991 non

238 1020 409 1046 maneant
429 1020 511 1058 post
532 1012 625 1045 hanc
647 1011 777 1045 vitam:
801 1012 887 1045 dicit
909 1011 1005 1045 enim
1028 1010 1228 1057 Apostolus
1256 1021 1284 1045 1.
1307 1011 1351 1045 ad
1374 1010 1462 1047 Cor.
1480 1021 1532 1057 13.
1547 1010 1644 1056 quod
1662 1012 1797 1045 scientia

237 1065 443 1105 destructum
467 1073 502 1099 et
523 1064 614 1098 ratio
634 1072 697 1106 est,
720 1064 803 1110 quia
825 1077 862 1099 ex
875 1069 973 1110 parta
988 1065 1228 1109 cognoscimus:
1252 1064 1314 1098 sed
1332 1064 1424 1098 sicut
1442 1064 1602 1110 cognitio
1624 1063 1795 1098 scientiae

238 1127 291 1153 est
310 1130 349 1153 ex
363 1124 474 1164 parte,
496 1118 588 1152 idest
609 1117 831 1163 imperfecta,
846 1117 895 1152 ita
915 1118 1024 1152 etiam
1044 1117 1205 1163 cognitio
1222 1116 1374 1151 aliarum
1392 1118 1564 1151 virtutum
1578 1116 1798 1151 intellectua-

236 1172 337 1214 lium,
360 1171 532 1218 quamdiu
554 1171 644 1205 haec
667 1170 740 1204 vita
763 1171 881 1213 durat3
901 1182 988 1216 ergo
1008 1181 1136 1205 omnes
1154 1171 1302 1205 virtutes
1315 1169 1577 1205 intellectuales
1598 1178 1680 1217 post
1702 1170 1796 1204 hanc

237 1225 349 1259 vitam
372 1224 574 1258 cessabunt.

308 1289 339 1312 2.
362 1278 598 1312 PRAETEREA.
620 1277 866 1323 Philosophus
889 1277 975 1312 dicit
996 1278 1032 1311 in
1058 1277 1368 1312 Praedicamentis
1394 1277 1484 1324 (cap.
1513 1277 1549 1311 de
1577 1277 1706 1322 Qualit.
1733 1278 1794 1312 cir.

232 1333 375 1378 princ),
397 1331 493 1377 quod
516 1330 676 1372 scientia,
697 1342 781 1364 cum
802 1331 846 1365 sit
860 1331 1014 1373 habitus,
1031 1339 1083 1365 est
1097 1330 1250 1377 qualitas
1264 1330 1409 1365 difficile
1425 1330 1589 1365 mobilis:
1610 1342 1685 1364 non
1699 1330 1796 1365 enim

239 1385 282 1419 de
303 1384 401 1418 facili
423 1384 606 1425 amittitur,
628 1384 695 1418 nisi
717 1395 760 1418 ex
787 1384 906 1430 aliqua
932 1384 1016 1418 forti
1044 1384 1359 1426 transmutatione,
1380 1383 1438 1418 vel
1461 1384 1708 1430 aegritudine3
1735 1384 1796 1418 sed

238 1437 337 1472 nulla
357 1446 409 1472 est
422 1445 521 1472 tanta
534 1437 787 1471 transmutatio
803 1438 965 1483 corporis
979 1438 1142 1479 humani,
1157 1438 1249 1471 sicut
1259 1449 1321 1483 per
1335 1445 1512 1480 mortem3
1535 1448 1621 1483 ergo
1636 1437 1797 1479 scientia,

240 1499 274 1526 et
296 1491 386 1525 aliae
413 1491 559 1525 virtutes
581 1490 842 1525 intellectuales
864 1502 938 1525 non
961 1499 1109 1525 manent
1130 1499 1211 1537 post
1231 1490 1324 1525 hanc
1346 1491 1469 1525 vitam.

312 1556 341 1590 3.
363 1545 599 1579 PRAETEREA.
621 1543 780 1578 Virtutes
802 1544 1064 1578 intellectuales
1086 1543 1276 1589 perficiunt
1296 1543 1522 1578 intellectum
1544 1544 1587 1578 ad
1608 1543 1700 1578 bene
1715 1554 1799 1590 ope-

236 1598 389 1632 randum
411 1597 596 1644 proprium
620 1605 757 1632 actum:
781 1597 842 1631 sed
865 1606 964 1632 actus
992 1597 1195 1631 intellectus
1221 1608 1296 1631 non
1323 1597 1464 1631 videtur
1491 1608 1568 1631 esse
1594 1604 1676 1643 post
1700 1597 1795 1631 hanc

236 1651 348 1684 vitam
368 1662 412 1685 eo
436 1651 532 1697 quod
554 1651 637 1684 nihil
659 1651 810 1696 intelligit
831 1652 946 1685 anima
963 1652 1030 1685 sina
1044 1652 1286 1697 phantasmate,
1303 1658 1341 1685 ut
1362 1651 1489 1685 dicitur
1502 1650 1539 1684 in
1561 1661 1589 1696 3.
1605 1651 1648 1684 de
1663 1650 1798 1684 Anima

237 1705 312 1749 (tex.
332 1705 422 1750 30.):
446 1704 700 1750 phantasmata
723 1712 844 1738 autem
866 1712 947 1749 post
967 1704 1062 1738 hanc
1089 1704 1201 1738 vitam
1227 1715 1302 1738 non
1328 1711 1487 1746 manent,
1515 1715 1598 1737 cum
1625 1715 1699 1738 non
1726 1705 1796 1738 sint

236 1757 304 1791 nisi
326 1758 361 1791 in
384 1757 529 1803 organis
552 1758 755 1803 corporeis;
778 1768 864 1802 ergo
886 1757 1034 1792 virtutes
1058 1756 1322 1791 intellectuales
1344 1768 1418 1791 non
1437 1765 1586 1791 manent
1604 1765 1686 1803 post
1702 1757 1797 1791 hanc

235 1811 358 1845 vitam.

308 1864 381 1898 SED
409 1874 564 1898 CONTRA
587 1871 650 1905 est,
673 1863 769 1909 quod
796 1863 935 1897 firmior
968 1871 1021 1898 est
1043 1864 1204 1909 cognitio
1232 1863 1502 1906 universalium,
1525 1871 1560 1898 et
1579 1863 1799 1898 necessario-

235 1929 327 1959 rum,
354 1929 463 1963 quam
490 1916 770 1964 particularium,
798 1925 832 1951 et
859 1917 1166 1962 contingentium:
1193 1917 1255 1951 secl
1282 1917 1318 1951 in
1351 1917 1501 1951 homine
1531 1925 1694 1952 remanet
1718 1923 1799 1963 post

235 1971 329 2004 hanc
348 1971 460 2004 vitam
479 1970 640 2016 cognitio
663 1970 944 2016 particularium,
967 1978 1001 2004 et
1023 1970 1330 2015 contingentium;
1348 1978 1432 2016 puta
1452 1981 1591 2012 eorum,
1606 1981 1698 2016 quae
1719 1969 1798 2016 quis

237 2023 330 2066 fecit,
353 2023 410 2057 vel
431 2034 556 2069 passus
579 2031 642 2065 est,
665 2024 864 2058 secundum
891 2023 978 2057 illud
1002 2023 1089 2057 Luc.
1117 2022 1187 2058 16.:
1211 2023 1406 2065 Recordare,
1435 2025 1513 2070 quia
1539 2025 1686 2071 recepisti
1713 2024 1797 2058 bona

237 2079 271 2111 in
291 2079 361 2111 vitaz
385 2082 453 2119 tua,
477 2082 504 2111 εἰ
526 2077 675 2122 Lazarus
692 2077 842 2112 similiter
864 2077 967 2118 malm
985 2088 1071 2122 ergo
1088 2077 1202 2111 multo
1226 2077 1342 2123 magis
1365 2085 1527 2111 remanet
1548 2077 1710 2123 cognitio
1725 2077 1799 2111 uni-

236 2130 442 2171 versalium,
467 2138 499 2164 et
521 2130 821 2172 necessariorum,
844 2141 935 2176 quae
958 2131 1111 2176 pertinet
1133 2130 1176 2164 ad
1198 2130 1398 2172 scientiam,
1421 2138 1456 2165 et
1477 2130 1519 2164 ad
1542 2130 1629 2165 alias
1650 2131 1798 2165 virtutes

236 2182 510 2218 intellectuales.

307 2236 536 2271 RESPONDEO
559 2236 764 2278 dicendum,
792 2236 901 2283 quod,
923 2237 1015 2271 sicut
1044 2237 1081 2270 in
1111 2236 1228 2283 primo
1255 2237 1391 2271 dictum
1419 2244 1472 2271 est
1495 2236 1538 2283 (q.
1567 2248 1621 2283 79.
1643 2242 1709 2271 art.
1736 2237 1796 2280 6.),

237 2290 383 2336 quidam
418 2298 626 2335 posuerunt,
654 2289 751 2335 quod
777 2290 916 2336 species
944 2289 1187 2335 intelligibiles
1214 2301 1288 2324 non
1314 2298 1527 2336 permanent
1551 2290 1587 2324 in
1614 2289 1797 2324 intellectu

236 2342 408 2389 possibili,
429 2343 498 2377 nisi
519 2343 691 2389 quamdiu
714 2351 794 2376 actu
818 2343 1003 2388 intelligit:
1027 2354 1093 2377 nec
1117 2352 1170 2378 est
1191 2343 1310 2390 aliqua
1333 2343 1561 2378 conservatio
1583 2343 1798 2390 specierum,

236 2404 398 2431 cessante
421 2396 709 2430 consideratione
733 2396 875 2438 actuali,
891 2396 959 2430 nisi
975 2397 1010 2430 in
1025 2396 1158 2430 viribus
1180 2396 1369 2438 sensitivis,
1388 2408 1479 2443 quae
1501 2404 1584 2431 sunt
1605 2405 1706 2431 actus
1724 2407 1800 2431 cor·

235 2449 415 2496 poralium
437 2460 672 2494 organorum,
693 2448 832 2483 scilicet
854 2450 1100 2495 imaginativa‚
1115 2457 1150 2484 et
1168 2450 1426 2484 memorativa:
1445 2450 1655 2495 hujusmodi
1677 2458 1798 2485 autem

236 2503 329 2536 vires
353 2511 632 2548 corrumpuntur
659 2511 828 2547 corrupto
853 2514 1026 2549 corpore3
1048 2511 1082 2537 et
1103 2503 1185 2536 ideo
1208 2503 1406 2537 secundum
1429 2503 1499 2537 hoc
1526 2503 1676 2538 scientia
1697 2503 1798 2538 nullo

237 2556 347 2590 modo
368 2563 448 2602 post
469 2556 562 2589 hanc
585 2555 697 2589 vitam
720 2556 919 2590 remanebit
941 2567 1092 2602 corpore
1116 2565 1298 2602 corrupto,
1325 2567 1442 2602 neque
1470 2556 1589 2603 aliqua
1611 2556 1680 2591 alia
1699 2556 1799 2592 intel-

235 2609 398 2644 lectualis
421 2609 548 2644 virtus:
577 2609 637 2643 sed
664 2609 754 2643 haec
790 2610 913 2655 opinio
948 2618 1000 2644 est
1035 2618 1159 2644 contra
1186 2610 1401 2644 sententiam
1422 2609 1639 2652 Aristotelis,
1669 2610 1730 2656 qui
1762 2610 1798 2644 in

238 2674 266 2709 3.
289 2663 332 2696 de
355 2663 488 2696 Anima
512 2662 588 2707 (lex.
610 2663 658 2707 8.)
682 2662 777 2702 dicit,
797 2663 893 2708 quod
909 2663 1111 2697 intellectus
1130 2663 1309 2709 possibilis
1324 2671 1377 2697 est
1398 2663 1434 2697 in
1456 2671 1550 2705 actu,
1573 2674 1657 2697 cum
1672 2664 1716 2698 sit
1731 2665 1798 2698 sin-

235 2715 331 2761 gula,
349 2716 441 2750 sicut
459 2716 595 2757 sciens3
619 2727 701 2749 cum
724 2723 845 2749 tamen
869 2715 912 2749 sit
934 2716 967 2749 in
991 2716 1150 2762 potentia
1174 2716 1216 2750 ad
1240 2716 1545 2751 considerandum
1568 2717 1603 2751 in
1623 2725 1721 2751 actu:
1745 2724 1798 2752 est

235 2769 344 2803 etiam
378 2778 503 2803 contra
531 2769 726 2803 rationem:
756 2769 838 2814 quia
869 2769 1007 2814 species
1035 2768 1277 2815 intelligibiles
1304 2769 1525 2816 recipiuntur
1550 2769 1586 2803 in
1614 2769 1797 2804 intellectu

236 2822 395 2868 possibili
418 2822 653 2856 immobiliter
679 2821 877 2856 secundum
901 2822 1051 2855 modum
1076 2823 1300 2868 recipientis;
1323 2823 1416 2857 unde
1439 2830 1474 2858 et
1495 2822 1699 2857 intellectus
1720 2833 1798 2869 pos-

235 2875 346 2910 sibilis
361 2876 490 2910 dicitur
508 2876 594 2910 locus
607 2877 796 2922 specierum,
813 2875 914 2921 quasi
929 2875 1065 2921 species
1089 2875 1330 2921 intelligibiles
1349 2886 1586 2910 conservans:
1605 2875 1666 2911 sed
1690 2876 1799 2923 phan—
