1907 3198
0 153 6 253 ἐ
513 173 734 210 QUAESTIO
768 172 854 202 LVI.
889 172 1137 202 ARTICULUS
1170 171 1227 200 IV.
1576 158 1661 214 387

0 262 14 487 k
638 342 986 389 ARTICULUS
1021 343 1098 386 iv.
1594 356 1662 403 293

78 453 236 486 UTRUM
254 453 524 493 IRASCIBILIS,
544 453 601 483 ET
635 451 1016 483 CONCUPISCIBILIS
1039 451 1137 482 SINT
1163 451 1416 493 SUBJECTUM
1438 452 1659 483 VIRTUTIS.

0 489 15 689 k
368 542 471 590 (Insr.
494 547 558 577 art.
576 554 606 589 5.
625 542 668 577 ad
688 555 715 578 1.
743 547 772 577 et
790 554 821 577 2.
845 542 933 577 Dist.
953 552 1004 586 14.
1027 553 1057 588 q.
1077 553 1108 577 2.
1136 546 1200 576 art.
1220 553 1250 576 2.
1274 540 1317 575 ad
1341 553 1372 576 2.

507 601 536 632 et
561 597 649 632 Veri.
672 608 702 643 q.
725 609 753 632 ι.
773 601 837 631 art.
855 608 889 641 4.
911 600 940 630 et
958 600 1022 630 art.
1040 607 1093 631 10.
1112 595 1155 630 ad
1169 596 1226 642 5.).

150 686 211 722 AD
233 697 424 727 QUARTUM
451 687 501 722 sic
525 687 743 734 proceditur.
771 686 937 729 Videtur,
960 686 1057 733 quod
1081 685 1286 728 irascibilis,
1308 693 1345 720 et
1366 686 1662 733 concupiscibilis

78 752 154 776 non
174 741 316 788 possint
337 752 416 777 esse
438 741 644 787 subjectum
674 741 835 776 virtutis:
863 740 1077 787 hujusmodi
1103 740 1201 774 enim
1222 740 1317 774 vires
1340 749 1423 775 sunt
1445 751 1663 776 communes

7 829 10 834 ,
77 795 195 838 nobis,
217 803 253 830 et
271 795 408 830 brutis:
436 795 500 830 sed
521 807 618 830 nunc
641 794 829 842 loquimur
850 794 1058 837 desvirtute,
1086 794 1288 829 secundum
1311 794 1410 841 quod
1437 802 1491 829 est
1517 795 1663 841 propria

12 847 18 849 ”
77 849 241 885 homini:
263 850 314 884 sic
337 849 437 884 enim
459 849 590 884 dicitur
611 849 724 884 virtus
746 850 928 884 humana:
951 860 1026 884 non
1044 849 1156 896 igitur
1175 849 1360 883 humanae
1381 849 1522 895 virtutis
1544 858 1664 896 potest

13 924 18 932 ·
77 914 157 940 esse
178 903 381 950 subjectum
404 904 608 946 irascibilis,
630 912 665 938 et
687 903 996 950 concupiscibilis,
1024 914 1117 950 quae
1140 911 1222 938 sunt
1242 911 1363 950 partes
1385 903 1564 950 appetitus
1586 915 1664 938 sen·

77 958 184 1002 sitivi,
205 965 246 992 ut
265 957 302 992 in
327 968 356 992 1,
379 957 518 993 dictum
540 966 594 992 est
617 958 662 1004 (q.
685 959 736 994 81.
759 963 824 992 art.
847 957 910 1003 2.).

150 1021 182 1047 2.
203 1011 443 1048 PRAETEREA.
474 1012 668 1059 Appetitus
691 1012 883 1047 sensitivus
917 1019 970 1046 est
990 1011 1045 1046 vis
1075 1019 1179 1046 utens
1202 1022 1343 1058 organo
1367 1011 1572 1059 corporali:
1599 1012 1662 1047 sed

75 1065 216 1101 bonum
230 1065 371 1101 virtutis
385 1077 461 1101 non
475 1074 596 1114 potest
610 1077 689 1101 esse
704 1067 740 1101 in
760 1077 916 1113 corpore
929 1065 1109 1100 hominis:
1126 1066 1212 1100 dicit
1228 1066 1327 1100 enim
1347 1066 1477 1113 Apost.
1490 1066 1598 1101 Rom.
1611 1078 1660 1113 7.:

15 1125 18 1131 '
75 1119 165 1164 Scio,
180 1119 267 1168 quod
287 1131 354 1155 non
375 1116 505 1156 habitat
518 1122 553 1155 in
567 1132 668 1156 carne
682 1131 757 1155 mea
772 1121 895 1156 bonum
902 1132 916 1161 ‚·
941 1131 1029 1167 ergo
1045 1120 1225 1167 appetitus
1246 1120 1438 1155 sensitivus
1452 1131 1528 1155 non
1543 1129 1664 1168 potest

78 1185 158 1210 esse
179 1174 384 1221 subjectum
401 1174 554 1210 virtutis.

151 1228 443 1276 3.·PRA1-:·1·ER1-:A.
462 1228 559 1275 Aug.
573 1227 704 1275 probat
724 1228 761 1262 in
783 1227 844 1262 lib.
859 1227 903 1262 de
923 1227 1087 1263 Moribus
1106 1227 1246 1262 Eccles.
1267 1228 1417 1276 (cap.5.)
1437 1229 1535 1276 quod
1550 1229 1663 1264 virtus

19 1314 24 1325 ,
76 1293 153 1318 non
174 1290 229 1318 est
248 1282 286 1317 in
308 1293 475 1329 corpore,
497 1282 560 1317 sed
581 1282 618 1316 in
638 1282 777 1325 anima;
800 1293 846 1317 eo
865 1282 963 1329 quod
983 1293 1046 1329 per
1065 1283 1227 1316 animam
1246 1293 1378 1329 corpus
1397 1283 1548 1329 regitur3
1567 1284 1663 1319 unde

14 1365 30 1383 .=
76 1335 175 1384 quod
197 1335 328 1384 aliquis
349 1347 504 1384 corpore
524 1335 619 1371 bene
641 1344 773 1378 utatur,
794 1344 914 1371 totum
941 1335 1094 1370 refertur
1116 1335 1160 1370 ad
1183 1336 1370 1379 animam3
1400 1337 1493 1372 sicut
1514 1338 1544 1372 si
1571 1338 1663 1373 mihi

28 1411 30 1419 ›
76 1390 202 1438 auriga
223 1390 483 1438 obtemperans
513 1401 640 1437 equos,
661 1390 791 1437 quibus
818 1398 972 1437 praeest,
999 1398 1098 1425 recte
1119 1391 1223 1437 regit,
1245 1391 1317 1425 hoc
1339 1399 1460 1426 totum
1486 1392 1579 1426 mihi
1605 1392 1665 1427 de-

18 1451 28 1475 ἵ
74 1444 200 1480 betur:
230 1444 293 1480 sed
314 1444 407 1480 sicut
427 1445 550 1479 anima
572 1444 665 1491 regit
682 1455 827 1492 corpus,
849 1445 898 1478 ita
921 1445 1033 1479 etiam
1055 1444 1147 1479 ratio
1169 1445 1264 1491 regit
1291 1445 1493 1492 appetitum
1517 1447 1656 1481 sensiti-

39 1540 42 1546 .
75 1510 181 1543 vum3
203 1509 292 1546 ergo
312 1506 432 1534 totum
454 1498 626 1533 rationali
646 1499 740 1546 parti
765 1498 928 1541 debetur,
955 1498 1053 1545 quod
1075 1498 1278 1542 irascibilis,
1301 1508 1336 1534 et
1362 1500 1658 1547 concupiscibilis

27 1559 42 1585 ’,
75 1561 173 1588 recte
194 1561 388 1600 regantur:
411 1553 474 1588 sed
501 1552 613 1588 virtus
641 1561 704 1595 est,
728 1564 799 1600 qua
826 1561 924 1588 recte
946 1552 1091 1595 vivitur,
1114 1561 1152 1587 ut
1179 1564 1287 1600 supra
1309 1553 1449 1588 dictum
1471 1562 1524 1589 est
1547 1554 1592 1601 (q.
1611 1567 1657 1602 55.

37 1602 45 1610 ³
75 1612 141 1644 art.
154 1607 208 1653 4.)
214 1619 227 1649 ‚·
248 1606 362 1642 virtus
382 1607 493 1654 igitur
511 1617 587 1642 non
602 1607 706 1642 estin
728 1605 911 1649 irascibili,
934 1614 969 1642 et
988 1606 1277 1654 concupiscibili,
1292 1607 1355 1642 sed
1370 1607 1493 1643 solum
1507 1608 1544 1643 in
1558 1617 1660 1656 parte

78 1660 259 1697 rationali.

145 1725 179 1760 4.
201 1715 441 1752 PRAETEREA.
463 1715 680 1762 Principalis
703 1723 803 1750 actus
824 1715 966 1750 virtutis
981 1715 1132 1750 moralis
1147 1724 1201 1750 est
1227 1714 1372 1758 electio,
1400 1724 1439 1750 ut
1466 1716 1598 1751 dicitur
1623 1717 1659 1752 in

33 1797 38 1803 .
75 1769 108 1806 8.
122 1768 205 1805 Eth.
220 1769 312 1818 (cap.
327 1782 371 1817 13.
387 1769 531 1817 infin.).·
546 1769 608 1804 sed
624 1769 756 1804 electio
771 1780 846 1804 non
862 1777 916 1804 est
935 1777 1035 1804 actus
1053 1769 1256 1812 irascibilis,
1275 1769 1334 1804 vel
1353 1770 1661 1818 concupiscibilis,

33 1821 39 1827 “
74 1823 139 1860 sed
160 1823 323 1867 rationis,
344 1831 384 1859 ut
404 1835 513 1871 supra
534 1823 672 1858 dictum
694 1831 748 1859 est
771 1823 816 1870 (q.
840 1836 883 1870 13.
906 1829 970 1858 art.
994 1825 1038 1869 1.)
1049 1836 1062 1865 ,·
1086 1834 1174 1871 ergo
1196 1823 1310 1858 virtus
1333 1824 1484 1860 moralis
1509 1836 1586 1860 non
1606 1834 1659 1860 est

74 1877 113 1914 in
133 1877 318 1921 irascibili,
336 1885 372 1913 et
389 1877 679 1925 concupiscibili,
702 1877 765 1913 sed
787 1878 822 1912 in
846 1877 998 1912 ratione.

147 1931 222 1967 SED
249 1942 407 1968 CONTRA
434 1940 500 1975 est,
527 1932 626 1979 quod
653 1931 828 1966 fortitudo
855 1931 1003 1978 ponitur
1029 1942 1107 1966 esse
1134 1931 1171 1966 in
1198 1931 1394 1975 irascibili;
1420 1935 1662 1981 temperantia

44 2015 47 2020 .
76 1993 199 2021 autern
219 1986 256 2021 in
279 1985 571 2034 concupiscibili;
591 1986 687 2020 unde
714 1985 808 2020 Phil.
831 1985 919 2020 dicit
939 1986 976 2020 in
1003 1997 1032 2032 3.
1059 1985 1140 2020 Eth.
1166 1985 1253 2033 (cap.
1273 1999 1324 2022 ιο.
1347 1988 1382 2021 in
1398 1988 1544 2035 priua),
1565 1989 1663 2036 quod

52 2056 53 2062 1
74 2039 144 2075 hae
164 2040 314 2076 virtutes
335 2048 420 2075 sunt
439 2039 747 2075 irrationabilium
769 2040 938 2086 partium.

39 2142 42 2143 ⁷
77 2138 82 2142 ³
145 2093 377 2131 RESPONDEO
398 2094 608 2138 dicendum,
630 2094 729 2142 quod
751 2094 954 2137 irascibilis,
977 2102 1012 2129 et
1031 2095 1331 2142 concupiscibilis
1349 2095 1529 2144 dupliciter
1547 2099 1663 2133 consi-

57 2147 193 2195 ·derari
205 2157 368 2196 possunt.
403 2149 478 2184 Uno
496 2148 592 2184 modo
608 2148 809 2183 secundum
833 2160 882 2191 se,
904 2148 1121 2196 inquantum
1143 2158 1227 2184 sunt
1248 2158 1367 2197 partes
1389 2152 1570 2198 appetitus
1586 2163 1663 2187 sen-

51 2206 57 2218 ¹
74 2201 188 2238 sitivi:
211 2210 248 2238 et
266 2202 340 2238 hoc
363 2203 477 2238 modo
499 2214 575 2238 non
599 2203 776 2250 competit
792 2202 855 2245 eis,
870 2203 967 2250 quod
983 2203 1054 2238 sint
1067 2203 1272 2249 subjectum
1286 2205 1438 2240 virtutis.
1462 2207 1542 2241 Alio
1566 2207 1660 2242 modo

49 2253 227 2305 {possunt
259 2257 496 2300 considerari,
527 2257 744 2304 inquantum
773 2257 991 2304 participant
1019 2257 1200 2292 rationem
1227 2269 1291 2305 per
1316 2259 1401 2302 hoc,
1428 2261 1526 2306 quod
1553 2269 1660 2296 natae

56 2316 159 2350 &sunt
171 2311 303 2347 rationi
317 2311 484 2346 obedire:
501 2319 536 2346 et
549 2311 599 2346 sic
616 2311 816 2354 irascibilis,
834 2310 893 2346 vel
908 2311 1201 2358 concupiscibilis
1222 2321 1341 2359 potest
1359 2324 1436 2348 esse
1456 2315 1659 2361 subjectum

53 2355 215 2401 {sinatis
239 2365 444 2400 humanae:
471 2365 522 2400 sic
545 2365 644 2400 enim
671 2373 725 2400 est
750 2365 969 2412 principium
997 2365 1150 2400 humani
1174 2374 1286 2409 actus,
1314 2367 1531 2414 inquantum
1557 2370 1662 2416 parti-

48 2400 172 2473 1ᾈὶἱρειῐῑ
190 2419 396 2455 rationem:
418 2427 454 2454 et
474 2419 510 2454 in
533 2419 590 2454 his
611 2419 783 2466 potentiis
804 2430 956 2454 necesse
978 2427 1032 2454 est
1053 2431 1190 2467 ponere
1207 2420 1370 2463 virtutes,
1389 2422 1487 2468 quod
1507 2423 1605 2457 enirn
1624 2423 1660 2458 in

56 2464 256 2521 ‘fiascibilss
277 2480 314 2509 et
334 2472 610 2521 concupiscibili
632 2473 704 2508 sint
730 2472 873 2520 aliquae
895 2474 1056 2516 virtutes,
1083 2482 1193 2521 patet.
1217 2475 1333 2510 Actus
1357 2476 1467 2518 enim,
1495 2477 1555 2523 qui
1582 2488 1662 2524 pro-

59 2524 63 2531 '
86 2522 93 2531 ’
164 2526 233 2562 'tur
254 2526 297 2562 ab
319 2538 391 2562 una
413 2527 589 2575 potentia,
616 2526 819 2562 secundum
841 2528 938 2574 quod
962 2536 1016 2563 est
1038 2527 1081 2562 ab
1105 2527 1175 2562 alia
1203 2537 1316 2571 mota,
1339 2540 1414 2564 non
1438 2539 1558 2577 potest
1580 2543 1660 2566 esse

176 2588 265 2624 ctus,
286 2581 356 2616 nisi
377 2589 530 2629 utraque
553 2581 717 2628 potentia
738 2581 784 2616 sit
803 2581 895 2616 bene
918 2581 1094 2629 disposita
1116 2582 1160 2616 ad
1180 2591 1326 2617 actum:
1350 2583 1443 2618 sicut
1459 2593 1561 2619 actus
1580 2585 1660 2620 arti-

124 2634 134 2644 ‘
165 2645 241 2670 non
262 2643 382 2683 potest
403 2647 482 2671 esse
505 2647 702 2682 congruus,
724 2635 793 2671 nisi
815 2636 925 2671 etiam
949 2635 1073 2671 artifex
1095 2637 1140 2671 sit
1161 2637 1253 2672 bene
1275 2638 1471 2685 dispositus
1491 2639 1533 2673 ad
1554 2650 1661 2686 agen-

125 2698 176 2732 m,
197 2697 233 2725 et
252 2689 363 2725 etiam
385 2690 506 2737 ipsum
527 2690 831 2733 instrumentum;
853 2690 889 2725 in
911 2690 968 2725 his
987 2691 1107 2738 igitur,
1128 2691 1224 2726 circa
1238 2702 1332 2738 quae
1352 2701 1523 2739 operatur
1542 2693 1661 2728 irasci-

104 2779 111 2787 ,
160 2769 170 2786 ,
190 2750 227 2778 et
247 2743 554 2792 concupiscibilis,
576 2743 778 2779 secundum
800 2744 898 2791 quod
921 2753 1004 2780 sunt
1026 2756 1045 2780 a
1062 2745 1203 2780 ratione
1223 2753 1357 2788 motae,
1377 2757 1526 2781 necesse
1541 2755 1605 2790 est,
1621 2756 1660 2782 ut

67 2810 70 2814 ·
107 2834 122 2846 Α,
150 2795 206 2832 uis
224 2796 369 2833 habitus
383 2797 575 2846 perficiens
590 2797 634 2832 ad
652 2797 745 2833 bene
765 2798 947 2845 agendum
967 2798 1012 2834 sit
1026 2809 1100 2834 non
1116 2798 1237 2833 solum
1253 2799 1288 2833 in
1303 2799 1455 2843 ratione,
1470 2800 1531 2835 sed
1547 2801 1657 2836 etiam

120 2854 121 2857 ’
145 2848 327 2894 irascibili,
353 2859 389 2887 et
414 2850 701 2899 concupiscibili.
737 2851 782 2886 Et
806 2852 890 2899 quia
916 2852 1012 2887 bona
1041 2852 1232 2900 dispositio
1259 2854 1443 2900 potentiae
1475 2855 1658 2891 moventis

181 2915 200 2940 e
222 2905 416 2942 attenditur
436 2905 639 2942 secundum
655 2904 950 2941 conformitatem
974 2906 1017 2941 ad
1037 2906 1239 2954 potentiam
1255 2916 1479 2950 moventem,
1494 2908 1576 2945 ideo
1591 2909 1658 2945 vir-

22 1691 49 1712 tf

61 3111 147 3198 A.
