1907 3198
525 185 748 222 QUAESTIO
782 185 838 218 1x.
873 186 1117 217 menemus
1152 186 1195 216 11.
1589 188 1638 230 93

634 355 987 400 ARTICULUS
1017 357 1073 400 11.
1602 378 1641 415 57

214 464 370 495 UTRUM
395 464 629 495 VOLUNTAS
656 464 901 495 MOVEATUR
926 465 980 494 AB
1007 465 1226 495 APPETITU
1254 464 1499 496 SENSITIVO.

96 551 202 601 (Insr.
222 558 287 588 art.
302 565 331 600 5.
350 553 515 600 corp.fin.
533 557 562 588 el
579 565 610 600 q.
629 564 679 589 ro.
697 558 761 588 art.
777 565 805 600 3.
825 558 852 588 ct
869 565 899 600 q.
920 564 971 600 77.
991 558 1056 589 art.
1076 565 1104 589 1.
1123 558 1151 588 et
1176 553 1263 588 Vari.
1283 565 1313 599 q.
1329 565 1357 599 5.
1376 557 1442 588 art.
1461 564 1512 588 ιο.
1531 558 1620 599 corp.

580 612 610 642 et
630 619 659 653 q.
682 619 735 642 22.
758 611 822 642 art.
846 619 879 653 9.
901 607 943 641 ad
961 619 989 653 3.
1011 612 1041 642 ct
1062 607 1124 652 6.).

143 697 204 733 AD
225 707 432 733 SECUNDUM
459 696 509 731 sic
531 696 748 744 proceditur.
771 695 934 739 Videtur,
959 696 1055 743 quod
1082 695 1251 730 voluntas
1280 695 1322 729 ab
1350 695 1509 742 appetitu
1537 694 1646 729 sensi—

69 750 146 788 tivo
167 750 308 786 moveri
329 762 402 785 non
425 750 552 798 possit:
581 762 732 785 movens
760 750 869 793 enim,
892 758 927 785 et
949 761 1060 797 agens
1083 758 1136 785 est
1157 749 1397 797 praestantius
1419 749 1588 796 patiente,
1607 757 1645 783 ut

69 805 225 853 August.
247 805 334 840 dicit
359 814 410 840 12.
433 816 540 852 super
562 805 719 840 Gen.·ad
742 804 792 840 lit.
816 805 905 852 (cap.
928 804 979 840 16.
1009 806 1099 840 circa
1127 804 1248 847 med.):
1275 803 1337 838 sed
1365 803 1543 850 appetitus
1569 814 1646 837 sen-

69 858 196 896 sitivus
222 867 276 894 est
300 858 448 894 inferior
474 858 671 902 voluntate,
697 869 789 906 quae
816 867 870 894 est
895 858 1073 906 appetitus
1107 857 1366 900 intellectivu33
1401 857 1493 891 sicut
1519 868 1644 892 sensus

69 921 125 950 est
144 912 293 949 inferior
313 913 518 956 intellectu3
539 924 627 960 ergo
649 912 827 960 appetitus
849 913 1040 948 sensitivus
1061 923 1136 947 non
1158 920 1283 947 movet
1308 910 1547 946 intellectum.

142 977 176 1003 2.
207 967 446 1003 PRAETEREA.
476 966 586 1002 Nulla
613 967 724 1002 virtus
754 966 978 1014 particularis
1009 974 1128 1014 potest
1157 965 1276 1001 facere
1304 964 1475 1000 effectum
1506 965 1646 999 univer-

69 1020 204 1058 salem:
226 1021 289 1057 sed
311 1021 489 1068 appetitus
510 1020 700 1056 sensitivus
721 1029 776 1056 est
795 1021 906 1056 virtus
925 1020 1169 1068 particularis:
1193 1019 1427 1067 consequitur
1449 1019 1547 1054 enim
1569 1030 1645 1066 par-

69 1075 261 1112 ticularem
275 1086 400 1111 sensus
414 1075 761 1123 apprehensionem3
780 1085 868 1121 ergo
883 1086 955 1110 non
972 1082 1091 1122 potest
1105 1085 1253 1109 causare
1274 1081 1417 1108 motum
1435 1072 1644 1116 voluntatis,

72 1129 134 1178 qui
154 1137 208 1166 est
225 1128 449 1172 universalis,
462 1128 560 1164 velut
578 1140 804 1176 consequens
823 1129 1153 1175 apprehensionem
1169 1126 1413 1163 universalem
1427 1125 1643 1162 intellectus.

145 1195 175 1232 3.
199 1182 436 1220 PRAETEREA.
465 1182 515 1218 Ut
534 1182 707 1229 probatur
724 1182 760 1217 in
779 1182 811 1217 8.
831 1182 977 1229 Physic.
997 1183 1079 1228 (tex.
1099 1182 1188 1228 40),
1212 1193 1365 1216 movens
1384 1192 1458 1216 non
1477 1189 1645 1216 movetur

70 1237 115 1274 ab
135 1247 193 1280 eo,
217 1235 314 1284 quod
332 1243 476 1279 movet,
503 1243 540 1270 ut
566 1235 611 1271 sit
636 1236 752 1270 motio
780 1235 986 1282 reciproca:
1014 1236 1078 1271 sed
1104 1236 1274 1271 voluntas
1296 1243 1422 1270 movet
1444 1235 1642 1282 appetitum

68 1289 292 1332 sensitivam,
311 1288 527 1336 inquantum
543 1289 722 1336 appetitus
736 1289 927 1324 sensitivus
946 1289 1068 1324 obedit
1090 1289 1239 1332 rationi3
1262 1300 1349 1336 ergo
1373 1288 1550 1340 appetitus
1568 1299 1645 1323 sen-

67 1342 193 1381 sitivus
211 1353 287 1379 non
308 1350 433 1378 movet
451 1342 690 1378 voluntatem.

139 1395 215 1434 SED
236 1407 392 1433 coum
414 1404 478 1440 est,
500 1396 598 1444 quod
620 1396 751 1431 dicitur
766 1396 894 1443 Jacobi
928 1408 976 1431 1.:
1014 1397 1239 1443 Unusquisque
1269 1401 1417 1432 tentatur
1444 1407 1464 1431 a
1492 1397 1645 1443 concupi-

65 1451 186 1490 scantia
204 1462 265 1487 sua
281 1451 474 1494 abstractus,
489 1456 519 1486 εἰ
533 1450 676 1486 illectus.-
690 1461 765 1486 non
781 1458 903 1486 autem
923 1451 1190 1486 abstraheretur
1205 1450 1284 1497 quis
1300 1462 1319 1485 a
1334 1450 1642 1497 concupiscentia,

65 1503 136 1541 nisi
154 1503 322 1540 voluntas
343 1505 419 1551 ejus
438 1512 647 1540 moveretur
668 1504 710 1539 ab
734 1504 894 1552 appetitu
916 1504 1101 1547 sensitivo,
1129 1505 1165 1539 in
1192 1515 1264 1551 quo
1293 1504 1452 1552 appetitu
1479 1511 1533 1539 est
1560 1515 1643 1538 con-

66 1558 308 1607 cupiscentia3
329 1570 417 1606 ergo
439 1559 618 1606 appetitus
639 1559 831 1594 sensitivus
854 1567 979 1594 movet
999 1558 1238 1594 voluntatem.

134 1611 366 1650 Respounzo
387 1612 593 1656 dicendum,
615 1613 725 1660 quod,
747 1613 839 1648 sicut
860 1624 967 1660 supra
989 1613 1128 1647 dictum
1151 1620 1204 1648 est
1224 1613 1305 1658 (art.
1322 1613 1466 1660 praec),
1489 1611 1524 1646 id
1543 1611 1641 1659 quod

64 1666 345 1714 apprehenditur
358 1666 422 1702 sub
437 1666 576 1702 ratione
587 1667 686 1709 boni,
701 1675 736 1702 et
750 1667 1012 1709 convenientis,
1027 1675 1154 1702 movet
1166 1666 1394 1701 voluntatem
1410 1678 1472 1713 per
1487 1666 1639 1700 modum

20 1743 22 1747 ·
65 1719 214 1767 objectu
235 1720 334 1768 quod
355 1728 478 1756 autem
499 1720 634 1768 aliquid
655 1721 820 1756 videatur
841 1721 991 1764 bonum,
1018 1729 1053 1756 et
1079 1721 1314 1764 conveniens,
1333 1732 1375 1755 ex
1397 1720 1538 1755 duobus
1557 1731 1642 1754 con-

62 1773 190 1822 tingit3
211 1773 351 1811 scilicet
371 1785 414 1810 ex
435 1775 645 1810 conditione
668 1776 744 1821 ejus
766 1775 863 1822 quod
891 1775 1117 1822 proponitur,
1145 1783 1180 1810 et
1206 1776 1294 1821 ejus,
1323 1775 1381 1809 cui
1407 1774 1640 1822 proponitur;

12 1819 41 1910 ἑ
63 1828 285 1864 conveniens
305 1828 404 1864 enim
422 1828 623 1864 secundum
643 1828 859 1864 relationem
878 1829 1026 1872 dicitur;
1046 1829 1140 1864 unde
1160 1840 1202 1864 ex
1221 1837 1374 1876 utroque
1394 1837 1640 1863 extremorum

63 1881 252 1930 dependet,
273 1890 309 1918 et
328 1882 412 1918 inde
433 1890 498 1925 est,
519 1883 618 1930 quod
639 1891 764 1930 gustus
787 1882 1030 1918 diversimode
1053 1883 1249 1930 dispositus
1270 1894 1345 1917 non
1367 1882 1499 1917 eodem
1527 1882 1640 1917 modo

13 1914 42 1971 g
63 1935 195 1984 accipit
215 1935 350 1984 aliquid
371 1944 411 1971 ut
431 1937 664 1980 conveniens,
687 1945 722 1972 et
743 1945 780 1971 ut
801 1948 875 1971 non
899 1937 1142 1980 conveniens;
1165 1937 1260 1971 unde
1283 1936 1421 1971 Philos.
1444 1936 1531 1971 dicit
1552 1936 1588 1970 in
1611 1948 1639 1983 3.

15 1971 37 2038 f
62 1988 180 2026 Ethic.
201 1989 289 2038 (cap.
307 2002 336 2038 5.
358 2001 379 2025 a
399 1990 521 2036 med.):
547 1991 666 2036 Qualis
686 1992 906 2037 unusquisque
923 1995 979 2034 est,
1000 1991 1074 2026 tulis
1086 1991 1169 2038 finis
1189 1990 1321 2025 videtur
1342 1991 1382 2026 ei.
1405 1989 1638 2025 Manifestum

11 2039 36 2076 s?
62 2051 117 2084 est
140 2051 275 2087 autem,
300 2043 398 2092 quod
424 2044 624 2080 secundum
651 2045 860 2092 passionem
877 2045 1066 2092 -appetitus
1093 2044 1255 2079 sensitivi
1281 2045 1495 2079 immutatur
1523 2044 1638 2079 homo

64 2097 109 2134 ad
121 2096 281 2145 aliquam
295 2098 594 2146 dispositionem3
616 2098 710 2133 unde
733 2098 934 2133 secundum
950 2098 1047 2146 quod
1061 2098 1178 2133 homo
1197 2098 1299 2133 estin
1319 2098 1487 2145 passione
1507 2098 1639 2145 aliqua,

61 2150 203 2188 videtur
218 2151 285 2187 sibi
303 2151 366 2198 [al.
384 2152 462 2200 ipsi]
485 2151 620 2199 aliquid
639 2153 872 2195 conveniens,
891 2152 988 2200 quod
1008 2164 1082 2187 non
1100 2152 1241 2187 videtur
1260 2153 1292 2187 ei
1311 2161 1408 2187 extra
1431 2153 1638 2199 passionem

43 2204 242 2242 ‘existentiz
264 2206 358 2241 sicut
378 2205 470 2241 irato
492 2206 633 2241 videtur
654 2206 805 2249 bonum,
827 2207 925 2254 quod
946 2218 1021 2241 non
1048 2206 1189 2241 videtur
1216 2206 1351 2254 quieto.
1379 2205 1422 2241 Et
1452 2218 1515 2253 per
1541 2207 1637 2242 hunc

62 2258 215 2296 modum
236 2271 279 2296 ex
299 2268 400 2308 parte
422 2260 555 2307 objecti
577 2261 755 2308 appetitus
782 2261 974 2296 sensitivus
996 2269 1121 2296 movet
1141 2260 1380 2296 voluntatem.

133 2313 195 2350 An
214 2324 365 2350 ramum
387 2325 476 2361 ergo
498 2314 705 2357 dicendum,
725 2315 822 2362 quod
841 2314 932 2350 nihil
954 2315 1133 2362 prohibet,
1152 2315 1200 2357 id,
1219 2315 1316 2362 quod
1339 2323 1393 2350 est
1413 2315 1638 2362 simpliciter,

62 2375 99 2414 pt
124 2368 326 2404 secundum
358 2380 397 2404 se
429 2369 680 2416 praestantius,
707 2369 827 2416 quoad
855 2369 990 2416 aliquid
1021 2381 1098 2404 esse
1128 2369 1298 2412 debilius;
1330 2368 1498 2404 voluntas
1532 2370 1638 2416 igitur

80 2421 90 2431 ‘
132 2421 273 2471 pliciter
288 2423 529 2470 praestantior
551 2431 615 2466 est,
643 2434 753 2470 quam
781 2423 958 2471 appetitus
985 2424 1196 2458 sensitivus:
1224 2423 1286 2458 sed
1313 2423 1432 2470 quoad
1460 2423 1575 2466 illum,
1603 2424 1637 2458 in

154 2476 276 2525 passio
297 2477 508 2512 dominatur
522 2477 736 2524 inquantum
753 2478 916 2524 subjacet
933 2477 1105 2525 passioni,
1124 2477 1349 2525 praeeminet
1367 2478 1544 2525 appetitus
1563 2489 1639 2513 scn-

59 2529 197 2584 pitivus.

60 2589 83 2627 ἐ
132 2584 194 2622 AD
215 2595 425 2622 SECUNDUM
445 2585 653 2629 dicendum,
681 2585 778 2633 quod
801 2594 913 2628 actus,
936 2594 971 2621 et
993 2585 1191 2621 electiones
1212 2585 1406 2620 hominum
1434 2593 1516 2620 sunt
1542 2585 1637 2620 circa

57 2635 278 2687 singularia
300 2639 394 2675 unde
416 2650 459 2675 ex
479 2639 551 2675 hoc
573 2639 653 2687 ipso
675 2640 772 2687 quod
792 2640 970 2688 appetitus
989 2640 1180 2675 sensitivus
1199 2647 1253 2674 est
1269 2640 1380 2674 virtus
1399 2639 1637 2686 particularis,

60 2689 173 2731 babet
192 2704 366 2741 magnam
387 2692 558 2728 virtutem
580 2693 624 2728 ad
646 2693 730 2737 hoc,
753 2694 850 2741 quod
869 2706 932 2741 per
950 2694 1069 2741 ipsum
1092 2694 1142 2729 sic
1166 2693 1378 2741 disponatur
1399 2694 1526 2737 homo,
1549 2702 1587 2729 ut
1605 2694 1636 2729 ei

62 2743 198 2794 aliquid
217 2746 382 2782 videatur
402 2746 466 2790 sic,
487 2746 546 2782 vel
567 2746 681 2790 aliter,
704 2747 799 2782 circa
822 2747 1031 2794 singularia.

0 2843 4 2851 μ
133 2800 194 2837 AD
215 2810 388 2838 TERTIUM
415 2800 622 2844 dicendum,
638 2801 747 2848 quod,
769 2802 862 2837 sicut
884 2802 1020 2837 Philos.
1044 2802 1130 2836 dicit
1153 2802 1188 2836 in
1215 2813 1242 2837 1.
1274 2801 1381 2836 Polit.
1405 2801 1493 2849 (cap.
1513 2813 1540 2849 3.
1563 2806 1637 2849 post

60 2852 179 2901 nod),
199 2854 304 2898 ratio,
325 2854 362 2890 in
383 2866 454 2902 qua
475 2863 530 2890 est
549 2854 730 2898 voluntas,
752 2864 877 2891 movet
897 2867 964 2890 suo
987 2856 1141 2903 imperio
1164 2855 1394 2898 irascibilem,
1413 2864 1448 2891 et
1468 2856 1637 2903 concupi-

60 2905 246 2953 ocibiletm
266 2919 342 2946 non
362 2908 510 2956 quidem
531 2908 720 2957 despotico
743 2909 957 2957 principatu,
977 2910 1070 2945 sicut
1091 2918 1259 2946 movetur
1281 2921 1404 2946 servus
1427 2922 1443 2946 a
1463 2910 1634 2955 domino;

22 895 33 917 w
11 855 40 891 fif
