1907 3198
496 217 719 257 Quaesno
753 216 841 247 cut.
875 211 1120 246 ARTlcULus
1152 210 1242 241 vni.
1574 196 1658 251 837

99 307 161 344 lib.
180 306 225 342 de
245 305 363 341 Duab.
385 304 508 339 Anim.
531 303 620 350 (cap.
642 314 692 337 ιο.
713 306 743 336 et
763 300 839 342 11.),
862 306 898 333 et
918 297 961 332 de
982 296 1057 331 Lib.
1076 294 1163 330 Arb.
1182 293 1256 338 (lib.
1271 304 1298 338 3.
1320 298 1392 337 cap.
1410 290 1502 334 18.);
1525 289 1555 324 si
1573 300 1661 335 ergo

100 361 217 398 homo
238 359 393 395 existens
413 358 449 392 in
471 365 623 404 peccato
645 353 791 390 mortali
811 363 885 387 non
907 350 1022 398 possit
1041 349 1154 384 vitare
1175 354 1380 394 peccatum,
1400 344 1540 378 videtur
1565 342 1662 389 quod

100 413 289 463 peccando
310 423 385 447 non
404 418 543 459 peccet,
563 409 661 456 quod
684 416 738 444 est
759 405 1031 442 inconveniens.

172 477 206 503 2.
227 467 464 503 PRAETEREA.
487 464 544 499 Ad
571 463 643 498 hoc
670 461 861 507 corripitur
886 459 1014 498 homo,
1042 463 1079 490 ut
1103 466 1178 490 non
1201 461 1347 501 peccet;
1368 452 1398 486 si
1418 451 1528 497 igitur
1548 450 1664 484 homo

101 522 140 558 in
159 527 312 569 peccato
333 518 479 554 monali
505 517 661 552 existens
681 526 756 550 non
778 521 897 561 potest
917 522 991 546 non
1014 520 1178 557 peccare,
1199 507 1341 542 videtur
1362 504 1460 552 quod
1481 503 1612 538 frustra
1632 505 1666 538 ei

103 574 286 622 correptio
307 573 531 613 adhibeatur,
549 570 646 617 quod
667 577 721 604 est
741 567 1013 603 inconveniens.
1421 581 1425 584 -

177 639 208 676 3.
229 628 466 664 menm.
494 624 604 660 Eccli.
632 634 683 669 15.
710 622 858 657 dicitur:
881 621 966 655 Ante
991 618 1156 652 hominem
1176 617 1263 658 vita,
1293 619 1322 650 et
1355 624 1455 655 mors,
1477 613 1612 653 bonum,
1638 616 1667 645 et

103 681 252 724 malm,-
273 680 360 729 quod
375 680 545 728 placuerit
569 679 611 720 ci,
633 677 768 712 dabitur
789 674 840 709 illi
849 687 860 709 .·
882 673 945 708 sed
971 671 1099 718 aliquis
1126 668 1313 717 peccando
1334 677 1410 702 non
1431 665 1563 700 desinit
1588 675 1668 699 esse

104 736 241 778 homo;
261 745 350 782 ergo
376 733 495 769 adhuc
522 732 559 766 in
581 732 657 776 ejus
679 737 857 777 potestate
884 735 938 762 est
958 724 1092 771 eligere
1117 724 1269 764 bonum,
1294 720 1353 756 vel
1378 719 1533 754 malum:
1560 726 1596 753 et
1620 718 1669 752 ita

105 796 226 837 potest
243 788 359 824 homo
380 787 458 822 sine
479 785 594 832 gratia
615 784 728 818 vitare
750 789 953 829 peccatum.

178 842 256 879 SED
282 851 439 878 CONTRA
460 847 526 882 est,
546 838 644 885 quod
673 838 826 882 August.
853 834 939 869 dicit
964 833 1000 867 in
1026 831 1086 867 lib.
1114 830 1158 866 de
1183 828 1278 864 Pers.
1295 827 1384 874 Just.
1405 826 1467 872 '(1'n
1494 826 1552 870 fin.
1582 824 1670 870 lib),

107 896 270 945 quisquis
294 902 405 941 negat
429 904 498 928 nos
523 903 627 927 orare
653 891 796 932 debere,
822 900 866 923 ne
890 889 1064 923 intremus
1085 885 1121 920 in
1142 884 1381 919 tentationem
1403 883 1530 927 (negat
1550 887 1672 914 autem

107 951 194 993 hoc,
212 949 275 997 qui
296 947 483 984 contendit
505 945 548 980 ad
570 956 644 979 non
667 942 892 991 peccandum
919 940 1055 987 gratiae
1077 938 1146 974 Dei
1169 937 1387 982 adjutorium
1410 945 1484 969 non
1506 944 1583 968 esse
1610 931 1675 966 ho-

108 1003 199 1040 mini
218 1001 478 1043 necessarium,
499 999 562 1035 sed
585 997 662 1033 sola
681 997 762 1043 lege
785 1003 934 1042 accepta
956 994 1157 1029 humanam
1179 989 1343 1026 sufficere
1365 986 1610 1031 voluntatem)
1629 985 1672 1020 ab

109 1057 255 1094 auribus
275 1055 443 1092 omnium
465 1051 743 1093 removendum,
765 1059 801 1086 et
821 1060 884 1084 ore
906 1047 1074 1083 omnium
1096 1042 1478 1080 anathematizandum
1499 1051 1578 1076 esse
1598 1050 1673 1074 non

108 1111 246 1149 dubito.

180 1164 413 1201 Rnsrounzo
430 1160 641 1202 dicendum,
662 1157 759 1205 quod
787 1156 831 1191 de
856 1154 1008 1190 homine
1035 1153 1210 1200 dupliciter
1239 1150 1341 1198 loqui
1367 1157 1675 1196 possumus;.uno

110 1218 207 1256 modo
227 1216 430 1254 secundum
447 1222 581 1250 statum
598 1220 748 1247 naturae
767 1212 946 1255 integrae:
969 1208 1036 1243 alio
1051 1206 1145 1242 modo
1161 1205 1360 1241 secundum
1379 1212 1514 1238 statum
1526 1208 1677 1236 naturae

111 1278 315 1319 corruptae.
338 1267 549 1305 secundum
569 1275 705 1302 statum
727 1264 874 1311 quidem
895 1271 1046 1297 naturae
1068 1261 1229 1306 integrae
1252 1258 1362 1294 etiam
1384 1257 1460 1292 sine
1482 1254 1596 1302 gratia
1617 1254 1679 1288 ha-

111 1325 239 1362 bituali
258 1330 401 1372 poterat
421 1322 538 1357 homo
559 1331 634 1356 non
656 1329 820 1366 peccare,
841 1327 909 1351 nec
933 1314 1145 1354 mortaliter,
1167 1324 1233 1348 nec
1260 1311 1470 1346 venialiter:
1494 1309 1578 1356 quia
1599 1318 1678 1355 pec-

113 1390 198 1416 care
217 1377 309 1414 nihil
329 1376 426 1412 aliud
448 1383 513 1418 est,
533 1384 644 1421 quarn
663 1371 831 1407 recedere
850 1370 892 1404 ab
908 1380 965 1410 eo,
983 1368 1080 1415 quod
1096 1375 1149 1402 cst
1164 1366 1364 1402 secundum
1379 1372 1565 1398 naturam:
1581 1361 1679 1408 quod

112 1434 225 1470 vitare
245 1432 361 1467 homo
381 1436 523 1477 poterat
543 1429 580 1463 in
606 1433 699 1461 statu
725 1432 874 1459 naturae
897 1423 1079 1467 integrae:
1103 1431 1177 1455 non
1199 1428 1323 1454 tamen
1344 1419 1416 1453 hoc
1439 1423 1580 1464 poterat
1602 1416 1678 1450 sine

114 1485 251 1523 auxilio
269 1484 341 1521 Dei
358 1483 396 1518 in
411 1483 510 1517 bono
526 1478 788 1520 conservantis,
807 1487 880 1524 quo
895 1476 1092 1517 subtracto,
1111 1474 1221 1509 etiam
1239 1473 1316 1520 ipsa
1331 1480 1459 1506 natura
1473 1471 1509 1505 in
1523 1469 1679 1504 nihilum

115 1539 307 1577 decideret.
328 1537 370 1573 In
396 1544 490 1572 statu
517 1542 639 1570 autem
665 1541 815 1567 naturae
842 1537 1033 1576 corruptae
1059 1528 1196 1574 indiget
1222 1527 1338 1561 homo
1365 1525 1480 1572 gratia
1504 1521 1682 1558 habituali

115 1600 266 1631 sanante
285 1599 454 1627 naturam
474 1589 519 1625 ad
540 1589 612 1624 hoc
634 1586 732 1634 quod
754 1584 907 1620 omnino
922 1595 942 1618 a
961 1590 1113 1630 peccato
1133 1580 1328 1615 abstineat:
1350 1589 1442 1626 quae
1464 1577 1611 1624 quidem
1631 1586 1684 1610 sa-

115 1647 216 1684 natio
237 1645 356 1694 primo
374 1643 414 1679 fit
430 1643 467 1678 in
481 1641 660 1689 praesenti
679 1639 752 1674 vita
774 1637 974 1674 secundum
997 1643 1171 1676 mentem,
1187 1634 1344 1681 appetitu
1367 1631 1505 1666 carnali
1517 1630 1682 1665 nondum

116 1700 276 1738 totaliter
309 1706 495 1746 reparato;
519 1695 613 1731 unde
635 1692 836 1740 Apostolus
860 1691 903 1725 ad
925 1690 1032 1725 Rom.
1055 1700 1088 1735 7.
1108 1689 1146 1723 in
1168 1698 1323 1735 persona
1344 1685 1505 1721 hominis
1526 1683 1681 1731 reparati

117 1755 222 1792 dicit:
242 1754 315 1800 Ego
335 1755 401 1800 ipse
424 1756 530 1786 meme
554 1750 661 1785 servio
689 1748 751 1793 legi
772 1747 851 1787 Dei,
874 1757 972 1780 carn«,-
994 1748 1102 1778 autem
1124 1743 1188 1787 legi
1205 1742 1332 1788 peccati
1343 1754 1352 1775 :
1373 1740 1408 1774 in
1435 1749 1508 1786 quo
1535 1738 1683 1785 quidem

117 1817 211 1846 statu
232 1814 352 1856 potest
370 1806 487 1841 homo
509 1803 686 1839 abstinere
709 1801 751 1835 ab
774 1799 876 1834 omni
898 1806 1049 1845 peccato
1077 1795 1234 1837 mortali,
1260 1794 1358 1841 quod
1380 1793 1416 1828 in
1438 1792 1578 1827 ratione
1600 1802 1685 1826 con-

118 1862 222 1905 sistit,
243 1869 283 1897 ut
301 1871 407 1908 supra
427 1858 593 1894 habitum
615 1864 668 1890 est
691 1854 736 1901 (q.
765 1865 818 1901 74.
842 1857 907 1888 art.
918 1854 978 1898 5.).·
993 1862 1068 1885 non
1087 1858 1209 1884 autem
1227 1856 1345 1896 potest
1366 1847 1482 1882 homo
1505 1845 1684 1880 abstinere

119 1916 164 1953 ab
184 1915 288 1952 omni
306 1920 459 1961 peccato
482 1909 614 1947 veniali
636 1916 782 1956 propter
804 1906 1076 1952 corruptionem
1104 1902 1284 1938 inferioris
1311 1902 1489 1948 appetitus
1515 1897 1687 1934 sensuali·

118 1969 221 2006 tatis:
242 1968 344 2014 cujus
365 1973 487 2002 motus
507 1962 683 2010 singulos,
705 1960 852 2008 quidem
875 1959 966 1994 ratio
989 1957 1182 2005 reprimere
1201 1963 1330 2003 potest,
1346 1963 1380 1989 et
1395 1966 1437 1988 ex
1457 1953 1529 1988 hoc
1552 1952 1687 1987 habent

120 2023 301 2060 rationem
322 2020 475 2069 peccati,
501 2026 536 2054 et
557 2015 773 2057 voluntarii;
794 2025 868 2048 non
895 2021 1016 2047 autem
1043 2021 1184 2052 omnes,
1210 2009 1294 2056 quia
1320 2008 1407 2042 dum
1434 2007 1496 2041 uni
1523 2005 1686 2041 resistere

122 2076 257 2119 nitimr,
276 2073 440 2111 fortassis
461 2072 552 2108 alius
578 2069 743 2115 insurgit,
764 2076 800 2103 et
825 2067 935 2102 etiam
962 2065 1047 2112 quia
1073 2064 1165 2099 ratio
1191 2074 1264 2098 non
1292 2073 1435 2108 semper
1465 2068 1583 2107 potest
1609 2070 1687 2094 esse

121 2128 278 2180 pervigil
297 2128 342 2164 ad
361 2125 573 2174 hujusmodi
594 2132 716 2159 motus
735 2121 915 2161 vitandos,
937 2127 976 2154 ut
997 2129 1102 2165 supra
1124 2117 1261 2152 dictum
1277 2124 1330 2151 cst
1344 2116 1392 2162 (q.
1408 2127 1462 2162 74.
1481 2119 1544 2149 art.
1561 2114 1639 2156 ιο.).

195 2182 371 2220 Similiter
389 2181 501 2217 etiam
522 2186 716 2225 antequam
737 2174 897 2211 hominis
919 2173 1023 2214 ratio,
1052 2172 1087 2206 in
1118 2182 1189 2218 qua
1218 2178 1272 2205 est
1299 2177 1489 2216 peccatum
1520 2165 1688 2207 mortale,

124 2244 310 2286 reparetur
329 2246 394 2284 per
414 2233 568 2281 gratiam
595 2230 862 2279 justificantem,
883 2234 1001 2274 potest
1027 2224 1169 2271 singula
1196 2231 1346 2270 peccata
1373 2221 1540 2257 mortalia
1562 2220 1688 2262 vitare,

126 2299 163 2328 et
181 2288 381 2328 secundum
401 2286 549 2335 aliquod
570 2294 729 2331 tempus:
752 2282 835 2330 quia
862 2292 935 2316 non
963 2287 1016 2314 est
1041 2289 1202 2320 necesse,
1233 2276 1330 2324 quod
1362 2276 1536 2311 continuo
1564 2282 1690 2321 peccet

125 2345 164 2382 in
183 2351 286 2381 actu:
307 2342 371 2379 sed
391 2341 489 2389 quod
510 2340 570 2376 diu
589 2345 736 2374 maneat
757 2337 890 2383 absque
913 2341 1064 2382 peccato
1079 2331 1236 2373 mortali,
1251 2342 1329 2366 esse
1347 2341 1421 2364 non
1437 2337 1576 2376 potest3
1594 2327 1689 2362 unde

127 2406 166 2436 et
184 2396 386 2444 Gregorius
406 2394 493 2430 dicit
512 2403 620 2440 super
641 2389 820 2427 Ezechiel.
842 2389 945 2434 (bom.
968 2399 1012 2423 11.
1039 2397 1060 2421 ιι
1086 2385 1167 2420 med.
1193 2390 1222 2420 et
1243 2385 1299 2419 lib.
1322 2396 1370 2430 25.
1391 2383 1515 2419 ΜοιάΙ.
1531 2389 1602 2429 cap.
1624 2382 1688 2428 9.),

127 2451 226 2501 quod
246 2458 452 2499 peccatum,
472 2446 570 2495 quod
597 2456 682 2481 mox
703 2455 766 2492 per
793 2441 1054 2490 poenitentiam
1084 2450 1158 2474 non
1188 2437 1338 2479 deletur,
1367 2448 1432 2471 suo
1463 2435 1624 2483 pondere
1647 2434 1690 2469 ad

128 2505 226 2542 aliud
244 2504 366 2541 trahit.
388 2502 432 2538 Et
452 2501 559 2547 hujus
579 2500 671 2535 ratio
693 2507 757 2540 est,
779 2497 862 2544 quia
884 2496 976 2531 sicut
1001 2493 1132 2530 rationi
1158 2492 1260 2527 subdi
1283 2491 1389 2526 debet
1415 2489 1565 2525 inferior
1587 2500 1692 2536 appe-

127 2559 234 2603 titus;
253 2558 304 2594 ita
323 2558 433 2594 etiam
455 2554 546 2591 ratio
568 2553 670 2589 subdi
691 2552 797 2587 debet
817 2551 910 2593 Deo,
933 2557 967 2584 et
988 2549 1024 2583 in
1046 2548 1124 2595 ipso
1146 2546 1365 2581 constituere
1389 2544 1498 2579 finem
1525 2554 1612 2578 suae
1632 2553 1694 2577 vo·

129 2611 293 2649 luntatis:
314 2621 378 2659 per
397 2609 507 2645 finem
527 2616 648 2643 autem
662 2612 806 2652 oportet
819 2603 916 2651 quod
935 2601 1144 2647 regulentur
1163 2610 1292 2634 omnes
1307 2607 1408 2633 actus
1423 2596 1586 2638 humani,
1600 2595 1694 2631 sicut

130 2677 195 2715 per
212 2665 364 2702 rationis
383 2663 557 2712 judicium
579 2660 734 2707 regulari
760 2659 890 2694 debent
917 2665 1038 2692 motus
1065 2654 1243 2690 inferioris
1271 2653 1466 2700 appetitus;
1488 2652 1579 2686 sicut
1605 2661 1693 2695 ergo

132 2718 292 2757 inferiori
312 2718 471 2767 appetitu
492 2727 565 2751 non
586 2713 745 2751 totaliter
766 2712 928 2758 subjecto
949 2710 1092 2751 rationi,
1113 2719 1187 2743 non
1210 2714 1327 2753 potest
1348 2717 1427 2741 esse
1449 2705 1535 2752 quin
1557 2704 1695 2739 contin-

133 2780 221 2822 gant
238 2771 433 2809 inordinni
459 2778 580 2806 motus
602 2769 637 2803 in
660 2766 817 2814 appetitu
839 2764 1030 2800 sensitivo:
1054 2763 1101 2797 ita
1129 2762 1238 2797 etiam
1266 2760 1404 2794 ratione
1431 2758 1591 2793 hominis
1617 2768 1691 2792 non

132 2825 293 2865 totaliter
312 2826 485 2862 existente
507 2823 666 2868 subjecta
688 2821 782 2862 Deo,
809 2829 1036 2866 consequens
1062 2824 1115 2851 est
1143 2823 1179 2850 ut
1205 2814 1419 2858 contingant
1446 2811 1581 2847 multae
1604 2813 1697 2845 inor—

135 2879 339 2918 dinatione·
358 2878 395 2914 in
417 2877 502 2925 ipsis
527 2876 665 2912 actibus
690 2873 858 2909 rationis:
878 2883 964 2907 cum
991 2871 1088 2906 enim
1116 2869 1231 2903 homo
1257 2878 1330 2902 non
1361 2866 1470 2901 habet
1499 2876 1563 2900 cor
1589 2875 1695 2899 suum

136 2933 320 2972 firmemm
339 2932 377 2968 in
397 2931 492 2974 Deo,
513 2938 552 2966 ut
571 2939 637 2977 pro
658 2927 760 2964 nullo
785 2927 884 2962 bono
910 2923 1182 2972 consequendo,
1203 2920 1260 2957 vel
1288 2921 1386 2956 malo
1407 2919 1555 2955 vitando
1581 2918 1624 2953 ab
1651 2928 1697 2953 co

279 3012 310 3042 8.
328 3012 452 3042 Tuom
473 3012 576 3041 sau-m
602 3010 763 3047 Thaletica.
783 3009 848 3036 Vol.
871 3007 908 3035 11.
1526 3012 1555 3036 5⁴
