1923 3198
516 189 739 226 QUAESTIO
772 188 834 219 111.
866 187 1112 219 ARTICULUS
1145 187 1202 217 VI.
1593 188 1648 231 47

78 282 201 310 autem
221 272 403 308 humanus
424 268 606 306 reducitur
626 271 662 305 in
685 279 806 306 actum
829 281 892 316 per
915 269 1247 304 considerationem
1269 269 1501 304 scientiarum
1529 280 1653 316 specu-

77 326 288 363 lativarum:
311 336 399 372 ergo
425 325 577 367 videtur,
603 324 702 372 quod
726 325 763 359 in
784 323 995 370 hujusmodi
1017 322 1309 358 consideratione
1337 321 1464 357 ultima
1490 322 1650 357 hominis

77 380 263 417 beatitudo
286 380 472 415 consistat.

150 433 226 470 SED
253 443 409 469 CONTRA
435 440 500 476 est,
524 431 622 479 quod
649 431 779 467 dicitur
806 431 1014 466 Hieremiae
1041 441 1093 477 9.:
1122 430 1199 465 Non
1219 429 1379 476 glorietur
1399 427 1525 476 {apicus
1546 430 1580 463 in
1601 441 1652 464 sa-

72 488 201 537 pientia
220 499 302 523 sua:
329 495 363 522 et
388 486 548 534 loquitur
574 485 618 520 de
644 485 821 531 sapientia
851 483 1156 531 speculativarum
1184 483 1437 526 scientiarum;
1463 493 1537 517 non
1564 493 1652 528 ergo

77 540 242 578 consistit
260 541 296 575 in
318 540 448 575 harum
470 538 760 574 consideratione
782 537 909 572 ultima
931 537 1092 572 hominis
1119 536 1315 572 beatitudo.

149 594 380 630 RESPONDEO
397 593 605 635 dicendum,
623 591 732 639 quod,
751 591 845 626 sicut
861 602 968 638 supra
987 591 1125 625 dictum
1144 599 1197 626 est
1217 590 1299 634 (art.
1320 601 1351 626 2.
1374 590 1443 635 huj.
1471 601 1502 635 q.
1525 588 1568 623 ad
1586 589 1651 634 4.),

78 634 198 696 ἄιιρὶὶκ
213 656 267 683 est
283 647 445 682 hominis
466 645 671 682 beatitudo:
693 657 761 680 una
783 644 954 692 perfecta,
969 653 1004 679 et
1025 644 1095 679 alia
1115 643 1346 690 imperfecta:
1369 650 1513 690 oportet
1531 650 1651 676 autem

77 700 282 749 intelligere
308 700 506 748 perfectam
532 699 805 740 beatitudinem,
833 709 926 745 quae
954 697 1096 744 attingit
1123 698 1166 731 ad
1193 708 1316 732 veram
1343 695 1573 731 beatitudinis
1600 706 1654 729 ra-

77 754 242 798 tionem3
266 754 528 790 beatitudinem
555 761 677 788 autem
700 751 964 800 imperfectam,
987 762 1079 798 quae
1100 762 1175 786 non
1199 750 1352 797 attingit,
1374 750 1436 785 sed
1462 748 1655 796 participat

79 807 276 856 quamdam
290 807 545 854 particularem
559 805 790 842 beatitudinis
805 805 1101 840 similitudinem:
1121 805 1214 839 sicut
1228 812 1282 839 est
1296 803 1453 851 perfecta
1467 802 1654 850 prudentia

78 861 118 897 in
129 861 294 904 homine,
308 860 402 909 apud
416 873 525 908 quem
545 868 600 896 est
617 860 708 895 ratio
728 871 849 894 rerum
872 858 1081 905 agibilium3
1102 857 1314 905 imperfecta
1329 865 1450 892 autem
1466 855 1655 903 prudentia

79 915 179 951 estin
190 915 407 962 quibusdam
419 913 636 949 animalibus
646 914 770 956 brutis,
782 915 816 948 in
830 913 958 960 quibus
970 920 1052 947 sunt
1062 912 1208 958 quidam
1221 910 1456 958 particulares
1467 910 1656 944 instinctus

81 968 127 1004 ad
146 963 329 1016 quaedam
350 979 461 1015 opera
482 967 616 1003 similia
637 967 808 1014 operibus
830 966 1052 1013 prudentiae.
1075 964 1242 1000 Perfecta
1267 965 1378 1011 igitur
1403 963 1590 999 beatitudo
1616 963 1653 997 in

80 1022 374 1058 consideratione
387 1021 621 1057 scientiarum
637 1020 943 1067 speculativarum
957 1019 1198 1055 essentialiter
1211 1018 1409 1054 consistere
1431 1029 1505 1053 non
1527 1024 1656 1064 potest.

81 1075 139 1112 Ad
154 1076 256 1122 cujus
271 1075 490 1111 evidentiam
506 1074 811 1110 considerandum
831 1082 895 1116 est,
910 1073 1007 1120 quod
1027 1072 1271 1108 consideratio
1286 1071 1530 1118 speculativae
1546 1072 1659 1105 scien-

78 1130 152 1166 tiae
169 1139 245 1165 non
262 1140 302 1165 se
319 1129 478 1165 extendit
498 1128 590 1164 ultra
612 1128 782 1163 virtutem
802 1127 1063 1174 principiorum
1082 1126 1177 1161 illius
1199 1126 1388 1161 scientiae:
1411 1125 1494 1172 quia
1513 1125 1548 1159 in
1566 1124 1658 1171 prin-

81 1182 184 1232 cipiis
196 1182 370 1219 scientiae
382 1182 582 1217 virtualiter
595 1190 672 1216 tota
686 1181 836 1216 scientia
852 1181 1069 1215 continetur.
1084 1179 1207 1214 Prima
1223 1188 1343 1214 autem
1358 1178 1532 1226 principia
1547 1177 1659 1212 scien-

79 1237 214 1273 tiarum
233 1235 539 1284 speculativarum
566 1243 651 1270 sunt
675 1246 739 1282 per
765 1245 911 1269 sensum
940 1242 1102 1280 accepta,
1124 1241 1162 1267 ut
1183 1241 1281 1280 patet
1302 1244 1365 1280 per
1386 1231 1655 1279 Philosophum

80 1290 118 1326 in
142 1289 322 1337 principio
347 1288 408 1325 lib.
434 1289 639 1336 Metaphys.
667 1296 702 1324 et
726 1289 762 1323 in
790 1288 860 1323 fine
886 1287 1082 1322 Posterior.
1111 1287 1189 1331 (tex.
1217 1287 1313 1332 ull.),·
1350 1287 1446 1321 unde
1472 1294 1549 1321 tota
1575 1296 1660 1320 con-

81 1343 254 1381 sideratio
273 1338 509 1379 scientiarum
535 1342 839 1391 speculativarum
868 1353 943 1377 non
970 1349 1090 1388 potest
1114 1340 1207 1375 ultra
1234 1340 1389 1382 extendi,
1415 1351 1526 1387 quam
1551 1339 1660 1374 sensi-

81 1397 210 1434 bilium
230 1397 394 1445 cognitio
415 1397 547 1432 ducere
574 1405 704 1444 potest.
732 1396 772 1430 In
799 1395 1010 1443 cognitione
1038 1404 1159 1430 autern
1186 1394 1412 1429 sensibilium
1438 1405 1512 1428 non
1539 1401 1657 1440 potest

83 1451 283 1488 consistere
299 1450 428 1487 ultima
444 1450 606 1486 hominis
619 1449 816 1492 beatitudo,
831 1460 923 1497 quae
939 1457 993 1484 est
1010 1448 1138 1484 ultima
1157 1449 1233 1494 ejus
1255 1447 1446 1495 perfectio:
1469 1459 1542 1482 non
1561 1447 1658 1482 enim

83 1505 220 1555 aliquid
239 1505 424 1554 perficitur
439 1505 484 1540 ab
502 1505 626 1552 aliquo
644 1503 818 1546 inferiori,
835 1503 904 1539 nisi
918 1502 1120 1538 secundum
1134 1502 1232 1549 quod
1246 1502 1282 1536 in
1296 1501 1458 1537 inferiori
1473 1509 1527 1536 est
1541 1500 1660 1548 aliqua

80 1559 313 1610 participatio
333 1559 548 1607 superioris:
570 1557 805 1594 manifestum
826 1566 880 1593 est
902 1566 1035 1600 autem,
1057 1556 1155 1603 quod
1172 1555 1291 1591 forma
1309 1555 1450 1602 lapidis,
1469 1555 1527 1590 vel
1547 1555 1663 1601 cujus-

82 1613 173 1651 libet
182 1613 236 1650 rei
248 1612 428 1654 sensibilis
442 1620 497 1648 est
508 1611 659 1648 inferior
671 1612 835 1654 homine,
854 1611 950 1646 unde
968 1622 1032 1658 per
1052 1609 1210 1645 formam
1232 1609 1361 1657 lapidis
1383 1620 1456 1644 non
1479 1608 1662 1655 perficitur

84 1667 303 1711 intellectus,
323 1667 539 1715 inquantum
566 1675 620 1702 est
639 1665 722 1701 talis
743 1665 874 1708 forma,
896 1664 958 1700 sed
980 1665 1196 1712 inquantum
1218 1663 1254 1698 in
1277 1675 1318 1698 ea
1346 1662 1580 1710 participatur
1601 1661 1662 1696 ali-

85 1720 174 1771 quid
190 1720 310 1758 simile
330 1720 452 1764 alicui,
472 1721 571 1768 quod
592 1728 646 1756 est
662 1731 771 1767 supra
785 1718 1011 1754 intellectum
1032 1718 1249 1760 humanum,
1271 1716 1409 1752 scilicet
1423 1716 1548 1751 lumen
1562 1715 1663 1750 intel—

84 1774 236 1824 ligibile,
254 1774 316 1810 vel
335 1774 471 1822 aliquid
491 1773 722 1821 hujusmodi:
745 1784 856 1808 omne
875 1781 1009 1815 autem,
1023 1772 1121 1819 quod
1137 1780 1189 1807 est
1208 1783 1272 1818 per
1290 1770 1398 1813 aliud,
1418 1770 1600 1805 reducitur
1617 1769 1661 1803 ad

86 1829 136 1873 id,
157 1828 255 1878 quod
277 1836 332 1864 est
351 1839 415 1876 per
435 1839 493 1872 se;
515 1828 610 1863 unde
632 1835 788 1875 oportet,
810 1826 907 1874 quod
930 1826 1058 1861 ultima
1076 1825 1250 1873 perfectio
1271 1824 1434 1860 hominis
1456 1824 1501 1859 sit
1521 1835 1585 1871 per
1606 1834 1664 1858 co-

86 1882 291 1932 gnitionem
316 1881 468 1929 alicujus
495 1883 558 1925 rei,
585 1893 678 1929 quae
704 1883 750 1916 sit
774 1892 882 1928 supra
904 1879 1130 1915 intellectum
1151 1879 1372 1914 humanum:
1396 1886 1583 1913 ostensum
1607 1885 1661 1912 est

86 1944 210 1974 autem
231 1935 337 1985 spart.
354 1948 383 1972 1.
401 1947 433 1983 q.
454 1936 510 1972 88.
531 1940 596 1971 art.
618 1937 680 1982 2.),
703 1934 801 1982 quod
828 1946 892 1982 per
913 1933 1095 1969 sensibilia
1117 1944 1191 1968 non
1214 1940 1334 1979 potest
1360 1931 1520 1966 deveniri
1547 1931 1582 1965 in
1606 1941 1665 1966 co-

85 1989 291 2039 gnitionem
303 1989 586 2026 substantiarum
601 1997 861 2036 separatarum,
876 1999 969 2035 quae
984 1996 1066 2022 sunt
1083 1997 1190 2034 supra
1206 1985 1432 2021 intellectum
1447 1985 1663 2026 liumanum3

85 2044 187 2082 unde
201 2043 427 2092 relinquitur,
448 2043 546 2091 quod
567 2043 731 2078 hominis
753 2042 881 2078 ultima
903 2041 1088 2077 beatitudo
1109 2051 1184 2075 non
1207 2039 1320 2087 possit
1342 2050 1420 2074 esse
1442 2039 1477 2073 in
1500 2038 1664 2073 conside-

85 2098 228 2135 ratione
247 2096 553 2146 speculativarum
576 2097 820 2132 scientiarum.
850 2096 922 2131 Sed
950 2095 1043 2130 sicut
1063 2095 1098 2129 in
1122 2093 1249 2129 formis
1271 2092 1500 2128 sensibilibus
1521 2091 1662 2139 partici-

86 2160 196 2202 patur
206 2149 328 2200 aliqua
340 2151 540 2188 similitudo
552 2151 832 2186 substantiarum
849 2149 1093 2197 superiorum;
1109 2148 1157 2183 ita
1172 2147 1415 2182 consideratio
1430 2146 1663 2181 scientiarum

88 2204 396 2255 speculativarum
417 2212 471 2240 est
491 2204 670 2252 quaedam
694 2203 922 2252 participatio
944 2214 1064 2245 verae,
1087 2211 1121 2237 et
1143 2201 1325 2248 perfectae
1347 2200 1590 2236 beatitudinis.

158 2259 220 2296 AD
239 2269 390 2296 numm
411 2269 500 2306 ergo
519 2258 726 2301 dicendum,
748 2259 845 2305 quod
867 2256 1115 2304 Philosophus
1138 2255 1298 2303 loquitur
1319 2255 1354 2289 in
1370 2254 1430 2289 lib.
1445 2254 1606 2289 Ethicor.
1620 2253 1664 2288 de

88 2311 276 2350 Felicitate
295 2311 522 2361 imperfecta,
544 2311 698 2360 qualiter
718 2312 755 2346 in
776 2312 845 2346 hac
867 2311 941 2346 vita
962 2310 1087 2345 haberi
1109 2318 1239 2357 potest,
1262 2317 1300 2344 ut
1320 2319 1427 2356 supra
1453 2309 1590 2343 dictum
1613 2315 1667 2342 est

89 2366 170 2415 (art.
191 2379 224 2404 a.
244 2367 316 2415 huj.
336 2378 368 2414 q.
390 2366 434 2402 ad
453 2367 517 2413 4.).

159 2421 222 2459 ΑΒ
247 2430 457 2458 stctmnmt
486 2419 694 2462 dicendum,
724 2419 821 2467 quod
851 2418 1064 2454 naturaliter
1089 2417 1314 2453 desideratur
1342 2427 1416 2451 non
1444 2415 1562 2450 solum
1590 2426 1668 2461 per—

38 2466 45 2508 ”.
88 2472 184 2512 secta
208 2471 407 2518 beatitudo,
435 2473 500 2510 sed
530 2473 641 2517 etiam
672 2473 951 2521 qualiscumque
982 2471 1195 2514 similitudo,
1216 2470 1274 2506 vel
1301 2469 1528 2517 participatio
1555 2468 1666 2515 ipsius

110 2527 158 2565 al.
210 2539 249 2565 us
267 2554 276 2564 .

88 2528 109 2578 [
160 2530 224 2619 Aes„
245 2527 419 2619 'inunum
447 2580 655 2623 dicendum,
681 2580 778 2628 quod
801 2592 866 2628 per
891 2578 1223 2615 considerationem
1250 2577 1483 2612 scientiarum
1506 2574 1668 2623 specula-

89 2635 248 2673 tivarum
283 2635 468 2671 reducitur
493 2633 699 2670 intellectus
720 2642 844 2670 noster
865 2634 988 2682 aliquo
1011 2632 1124 2668 modo
1162 2633 1197 2667 in
1233 2639 1367 2674 actum,
1389 2642 1462 2666 non
1486 2638 1606 2665 autem
1631 2629 1665 2663 in

90 2688 274 2734 ultimum,
293 2697 331 2726 et
349 2688 588 2737 completum.
