1907 3198
487 184 708 221 QUAESTIO
740 183 861 215 XVIII.
895 184 1143 215 ARTICULUS
1177 185 1218 214 V.
1563 186 1639 228 151

62 269 262 306 differentia
289 267 423 314 objecti
447 266 559 302 faciat
584 266 833 302 diversitatem
860 267 996 314 speciei
1015 267 1051 301 in
1074 266 1232 301 actibus:
1263 274 1316 301 est
1338 275 1461 302 autem
1484 268 1647 302 conside-

61 324 227 366 randum,
249 322 347 370 quod
374 321 496 369 aliqua
518 320 720 356 differentia
743 321 878 367 objecti
898 321 986 355 facit
1007 320 1251 355 differentiam
1273 321 1408 368 speciei
1429 322 1465 355 in
1489 322 1640 364 actibus,

61 377 262 415 secundum
283 376 381 423 quod
403 375 606 411 referuntur
628 375 672 410 ad
695 387 810 409 unum
831 375 1052 422 principium
1075 375 1249 418 activum,
1272 387 1364 422 quae
1382 387 1458 410 non
1479 375 1567 410 facit
1585 376 1647 410 dif-

58 432 249 469 ferentiam
263 431 301 465 in
315 431 466 473 actibus,
482 430 685 465 secundum
703 430 801 476 quod
821 429 1024 464 referuntur
1044 430 1087 464 ad
1108 429 1205 464 aliud
1226 430 1446 476 principium
1466 431 1645 465 activum:

59 487 143 535 quia
163 485 256 520 nihil
277 485 374 532 quod
398 494 452 520 est
472 496 537 532 per
559 484 740 526 accidens,
762 485 950 519 constituit
968 484 1141 531 speciem,
1164 484 1226 518 sed
1249 484 1371 518 solum
1391 485 1488 531 quod
1509 494 1562 520 est
1580 497 1644 532 per

3 578 14 588 ,,
59 553 115 578 se:
137 548 257 588 potest
278 548 401 575 autem
424 539 545 586 aliqua
572 538 775 574 differentia
802 539 936 584 objecti
963 550 1042 573 esse
1068 550 1132 585 per
1159 550 1196 573 se
1223 538 1260 572 in
1289 539 1568 585 comparatione
1596 539 1640 573 ad

0 599 2 602 ’
58 607 173 632 unum
195 595 357 630 activum
378 594 612 641 principium,
634 602 670 628 et
695 605 758 640 per
785 593 955 628 accidens
983 593 1019 627 in
1047 593 1325 639 comparatione
1349 594 1393 627 ad
1417 593 1526 635 aliud,
1549 594 1643 628 sicut

60 660 286 697 cognoscere
298 648 476 691 colorem,
492 657 527 683 et
542 660 675 683 sonum
689 659 754 695 per
768 659 806 682 se
821 647 991 682 differunt
1004 659 1068 694 per
1084 648 1401 694 comparationem
1420 648 1464 682 ad
1483 659 1644 690 sensum,

59 715 136 740 non
162 712 286 739 autem
307 715 371 751 per
393 703 710 750 comparationem
733 702 777 737 ad
800 701 1039 737 intellectum.
1067 702 1108 736 In
1137 702 1275 736 actibus
1304 710 1427 736 autem
1454 703 1588 745 bonum,
1613 711 1648 737 et

0 781 2 786 ·
23 753 25 761 ¹
59 759 186 795 malum
209 758 340 793 dicitur
358 770 422 806 per
441 758 760 805 comparationem
780 757 824 791 ad
843 757 1025 791 rationem
1041 770 1047 791 :
1068 756 1164 803 quia,
1180 764 1218 790 ut
1235 756 1391 803 Dionys.
1412 756 1499 790 dicit
1517 767 1550 799 4.
1567 768 1645 803 cap.

59 813 104 849 de
121 813 204 848 Div.
218 812 331 848 Nom.
351 813 454 860 (part.
473 824 506 858 4.
522 825 542 847 a
561 812 643 848 med.
658 813 728 847 lact.
748 813 828 857 21),
843 811 984 846 bonurn
998 811 1162 845 hominis
1177 819 1230 845 est
1244 810 1447 845 secundum
1463 811 1645 845 rationem

0 885 9 898 v
59 878 156 911 esse3
171 866 312 902 malum
327 875 462 910 autem,
477 867 576 914 quod
592 875 646 901 est
659 874 802 913 praeter
815 866 1016 901 rationem:
1033 865 1230 912 unicuique
1246 865 1345 899 enim
1360 865 1412 899 rei
1427 874 1480 900 est
1493 866 1646 908 bonum,

58 921 157 970 quod
179 921 353 957 convenit
373 921 408 956 ei
425 921 629 956 secundum
648 932 752 956 suam
770 920 950 963 formam3
974 928 1009 955 et
1022 919 1175 962 malum,
1194 920 1293 967 quod
1313 928 1367 954 est
1385 920 1418 954 ei
1436 928 1579 967 praeter
1593 931 1648 954 or-

59 977 184 1012 dinem
203 987 291 1011 suae
311 975 470 1011 formae:
491 984 590 1023 patet
609 987 709 1023 ergo,
730 975 828 1022 quod
847 974 1051 1010 differentia
1069 975 1169 1017 boni,
1189 983 1224 1009 et
1243 973 1332 1009 mali
1347 974 1444 1009 circa
1460 975 1645 1020 objectum

59 1030 290 1066 considerata
308 1038 542 1078 comparatur
560 1042 624 1078 per
642 1041 679 1065 se
700 1030 744 1064 ad
759 1030 953 1072 rationem,
973 1029 1114 1064 scilicet
1128 1029 1331 1064 secundum
1347 1029 1445 1076 quod
1461 1029 1647 1075 objectum

59 1093 115 1121 est
134 1085 169 1121 ei
191 1085 427 1128 conveniens,
447 1084 507 1120 vel
528 1096 603 1120 non
626 1084 866 1119 conveniens:
890 1084 1061 1119 dicuntur
1083 1092 1206 1118 autem
1226 1083 1338 1130 aliqui
1361 1092 1462 1118 actus
1481 1084 1647 1126 humani,

57 1139 119 1176 vel
136 1139 308 1183 morales,
319 1139 523 1174 secundum
537 1139 635 1186 quod
650 1147 734 1174 sunt
748 1150 767 1173 a
781 1138 934 1173 ratione.
947 1138 1054 1174 Unde
1069 1138 1306 1173 manifestum
1322 1146 1386 1181 est,
1398 1138 1497 1185 quod
1509 1140 1644 1180 bonum,

59 1202 96 1230 et
114 1194 242 1230 malum
263 1194 509 1229 diversificant
529 1194 691 1241 speciem
712 1193 749 1227 in
772 1193 911 1228 actibus
930 1193 1146 1236 moralibus,
1161 1192 1388 1228 differentiae
1407 1193 1506 1227 enim
1525 1204 1588 1240 per
1610 1204 1647 1228 se

0 1248 1 1255 ¹
58 1248 306 1284 diversificant
327 1248 501 1295 speciem.

0 1346 3 1355 ι
129 1302 191 1338 AD
215 1313 368 1338 PRIMUM
390 1313 478 1350 ergo
501 1301 710 1346 dicendum,
733 1301 832 1349 quod
860 1301 971 1337 etiam
997 1301 1035 1336 in
1061 1302 1169 1337 rebus
1196 1301 1422 1336 naturalibus
1451 1303 1587 1346 bonum,
1611 1310 1646 1337 et

0 1389 2 1396 ,
57 1357 198 1401 malum,
221 1357 320 1405 quod
346 1365 401 1392 est
425 1356 630 1392 secundum
655 1365 838 1399 naturam,
867 1365 903 1392 et
929 1365 1057 1391 contra
1084 1365 1266 1399 naturam,
1294 1356 1543 1391 diversificant
1568 1368 1647 1403 spe-

0 1407 4 1418 '
52 1412 153 1448 ciem
181 1419 350 1447 naturae:
379 1423 512 1459 corpus
539 1411 640 1446 enim
665 1420 867 1454 mortuum,
898 1419 933 1446 et
959 1423 1092 1458 corpus
1114 1411 1240 1445 vivum
1268 1422 1344 1445 non
1367 1419 1450 1446 sunt
1477 1411 1643 1456 ejusdem

0 1510 5 1515 ¹
59 1466 214 1514 speciei:
237 1474 273 1502 et
292 1465 461 1501 similiter
482 1467 617 1508 bonum,
637 1466 856 1513 inquantum
872 1474 926 1500 est
943 1466 1149 1501 secundum
1167 1466 1362 1509 rationem,
1381 1474 1417 1501 et
1434 1466 1574 1508 malum,
1597 1466 1648 1500 in-

59 1528 238 1568 quantum
258 1528 314 1556 est
332 1529 475 1568 praeter
495 1520 691 1563 rationem,
714 1520 960 1555 diversificant
980 1521 1143 1568 speciem
1165 1520 1290 1555 moris.

132 1575 194 1610 An
215 1585 426 1611 SECUNDUM
461 1574 670 1617 dicendum,
692 1575 790 1622 quod
820 1575 948 1610 malum
971 1575 1146 1622 importat
1166 1575 1410 1622 privationem
1438 1586 1514 1610 non
1546 1575 1648 1609 abso-

60 1629 188 1673 lutam,
210 1629 274 1665 sed
295 1638 584 1677 consequentem
604 1629 718 1664 talem
739 1629 961 1676 potentiam:
986 1630 1116 1664 dicitur
1138 1630 1236 1664 enim
1259 1629 1377 1664 malus
1401 1638 1502 1664 actus
1523 1641 1649 1664 secun-

60 1684 148 1719 dum
169 1695 274 1719 suam
297 1684 471 1732 speciem,
493 1695 569 1719 non
591 1695 634 1718 ex
656 1695 700 1719 eo
716 1684 815 1731 quod
832 1683 976 1718 nullum
994 1684 1129 1719 habeat
1148 1685 1345 1731 objectum,
1360 1684 1423 1719 sed
1441 1685 1525 1731 quia
1538 1684 1650 1719 habet

60 1738 258 1786 objectum,
291 1749 369 1774 non
403 1738 626 1774 conveniens
655 1738 806 1781 rationi;
841 1738 934 1773 sicut
966 1738 1096 1774 tollere
1131 1738 1268 1774 aliena:
1296 1739 1404 1781 unde,
1431 1739 1647 1786 inquantum

59 1792 245 1840 obJectum
267 1801 322 1828 est
343 1792 479 1840 aliquid
493 1792 661 1840 positive,
683 1801 804 1840 potest
826 1793 1048 1828 constituere
1070 1793 1232 1840 speciem
1254 1793 1344 1828 mali
1366 1802 1478 1828 actus.

130 1847 192 1882 AD
215 1858 388 1883 TERTIUM
410 1846 619 1890 dicendum,
643 1847 740 1894 quod
764 1856 865 1882 actus
888 1847 1105 1894 conjugalis,
1129 1856 1164 1883 et
1191 1847 1422 1891 adulterium,
1446 1847 1648 1883 secundum

0 1926 13 1950 ;
60 1902 159 1949 quod
178 1910 440 1949 comparantur
467 1901 512 1936 ad
539 1902 733 1944 rationem,
761 1901 931 1937 differunt
959 1902 1100 1949 specie3
1128 1911 1163 1937 et
1188 1902 1324 1937 habent
1351 1901 1501 1937 effectus
1529 1902 1649 1949 specie

61 1955 289 1992 differentes:
317 1957 402 2004 quia
429 1968 544 1992 unum
572 1968 702 1992 eorum
729 1965 889 1992 meretur
915 1956 1061 1992 laudern
1091 1965 1124 1991 et
1150 1958 1367 2004 praemium,
1391 1956 1487 1992 aliud
1514 1957 1651 2004 vitupe-

59 2010 155 2046 rium
174 2019 210 2046 et
223 2022 401 2058 poenam:
421 2011 484 2046 sed
498 2011 701 2046 secundum
719 2011 817 2058 quod
833 2020 1094 2058 comparantur
1109 2012 1153 2047 ad
1168 2012 1372 2058 potentiam
1387 2011 1649 2058 generativam,

59 2076 135 2101 non
157 2064 328 2101 differunt
348 2066 489 2113 specie3
511 2074 547 2100 et
569 2065 620 2100 sic
641 2066 779 2101 habent
801 2078 916 2100 unum
939 2065 1111 2100 effectum
1134 2066 1337 2101 secundum
1360 2066 1532 2113 speciem.

131 2119 194 2156 AD
212 2131 404 2160 QUARTUM
427 2119 636 2164 dicendum,
659 2121 758 2167 quod
781 2120 1056 2155 circumstantia
1078 2121 1299 2167 quandoque
1316 2121 1471 2155 sumitur
1493 2129 1531 2155 ut
1553 2119 1651 2155 diffe-

60 2174 176 2210 tentia
198 2174 400 2210 essentialis
421 2174 566 2221 objecti,
590 2175 792 2210 secundum
820 2175 918 2221 quod
941 2174 985 2209 ad
1013 2175 1193 2210 rationem
1222 2184 1473 2222 comparatur:
1502 2183 1537 2210 et
1562 2184 1648 2209 tunc

61 2236 181 2276 potest
201 2229 288 2265 dare
309 2229 472 2277 speciem
494 2229 591 2264 actui
618 2229 769 2263 morali:
798 2238 834 2264 et
859 2229 931 2264 hoc
960 2238 1104 2276 oportet
1131 2241 1221 2273 esse,
1249 2230 1558 2277 quandocumque
1587 2229 1650 2264 cir-

63 2284 282 2319 cumstantia
307 2291 529 2320 transmutat
555 2292 679 2318 actum
707 2283 751 2318 de
781 2284 945 2318 bonitate
971 2284 1009 2318 in
1037 2283 1235 2319 malitiam:
1264 2296 1339 2319 non
1368 2284 1466 2319 enim
1498 2284 1651 2319 circum-

58 2337 193 2373 stantia
213 2337 352 2374 faceret
372 2346 496 2373 actum
519 2337 672 2381 malurn,
694 2338 764 2373 nisi
784 2350 848 2385 per
869 2338 942 2373 hoc
966 2339 1064 2385 quod
1086 2339 1219 2374 rationi
1241 2347 1430 2386 repugnat.

618 2481 969 2527 ARTICULUS
1004 2483 1083 2527 VI.
1581 2505 1644 2543 109

175 2591 332 2623 UTRUM
357 2591 502 2623 ACTUS
530 2592 707 2623 HABEAT
735 2593 920 2623 SPECIEM
946 2593 1066 2634 BONI,
1093 2593 1177 2623 VEL
1202 2593 1308 2623 MALI
1335 2594 1391 2623 EX
1419 2593 1531 2623 FINE.

437 2680 540 2728 (Insr.
563 2692 593 2728 q.
615 2693 667 2729 19.
689 2686 754 2717 art.
777 2694 804 2718 1.
827 2687 857 2717 et
878 2693 909 2718 2.
932 2683 1021 2717 Dist.
1043 2694 1102 2727 40.
1124 2687 1189 2717 art.
1211 2683 1270 2728 L).

134 2769 194 2805 An
209 2780 362 2806 SEXTUM
378 2770 428 2805 sic
444 2770 663 2818 proceditur.
675 2771 840 2815 Videtur,
855 2772 952 2819 quod
965 2773 1099 2814 bonum,
1119 2780 1153 2806 et
1169 2772 1308 2815 malum,
1324 2771 1420 2818 quod
1438 2779 1491 2806 est
1504 2782 1546 2806 ex
1564 2771 1647 2814 fine,

62 2833 139 2858 non
159 2823 404 2860 diversificent
422 2825 584 2872 speciem
606 2825 643 2860 in
665 2826 822 2861 actibus:
843 2835 944 2861 actus
968 2827 1066 2861 enim
1088 2826 1224 2860 habent
1240 2826 1399 2873 speciem
1420 2838 1461 2860 ex
1481 2826 1645 2871 object03

63 2877 127 2912 sed
147 2876 228 2913 finis
246 2886 300 2914 est
320 2886 462 2926 praeter
482 2879 663 2914 rationem
683 2880 835 2926 objecti;
856 2892 943 2927 ergo
963 2882 1098 2923 bonum,
1123 2889 1157 2915 et
1172 2881 1310 2923 malum,
1328 2880 1425 2926 quod
1440 2888 1494 2914 est
1508 2891 1549 2914 ex
1564 2879 1646 2921 fine,

63 2941 140 2966 non
159 2931 405 2968 diversificant
426 2933 586 2980 speciem
610 2943 722 2969 actus.
