<?xml version="1.0" encoding="UTF-8"?>
<!DOCTYPE html PUBLIC "-//W3C//DTD XHTML 1.0 Transitional//EN"
    "http://www.w3.org/TR/xhtml1/DTD/xhtml1-transitional.dtd">
<html xmlns="http://www.w3.org/1999/xhtml" xml:lang="en" lang="en">
 <head>
  <title>
</title>
<meta http-equiv="Content-Type" content="text/html;charset=utf-8" />
  <meta name='ocr-system' content='tesseract 3.04.00' />
  <meta name='ocr-capabilities' content='ocr_page ocr_carea ocr_par ocr_line ocrx_word'/>
</head>
<body>
  <div class='ocr_page' id='page_1' title='image "./divithomaeaquina02thomuoft_0721.png"; bbox 0 0 1907 3198; ppageno 0'>
   <div class='ocr_carea' id='block_1_1' title="bbox 0 478 208 2950">
    <p class='ocr_par' dir='ltr' id='par_1_1' title="bbox 0 478 208 2950">
     <span class='ocr_line' id='line_1_1' title="bbox 0 478 60 691; baseline 0 -53"><span class='ocrx_word' id='word_1_1' title='bbox 0 478 60 691; x_wconf 95' lang='lat' dir='ltr'>    </span> 
     </span>
     <span class='ocr_line' id='line_1_2' title="bbox 0 691 60 853; baseline 0 -101"><span class='ocrx_word' id='word_1_2' title='bbox 0 691 60 853; x_wconf 95' lang='lat' dir='ltr'>   </span> 
     </span>
     <span class='ocr_line' id='line_1_3' title="bbox 0 853 65 1067; baseline 0 -55"><span class='ocrx_word' id='word_1_3' title='bbox 0 853 65 1067; x_wconf 95' lang='lat' dir='ltr'>    </span> 
     </span>
     <span class='ocr_line' id='line_1_4' title="bbox 0 1067 65 1175; baseline 0 0"><span class='ocrx_word' id='word_1_4' title='bbox 0 1067 65 1175; x_wconf 95' lang='lat' dir='ltr'>  </span> 
     </span>
     <span class='ocr_line' id='line_1_5' title="bbox 0 1175 60 1281; baseline 0 0"><span class='ocrx_word' id='word_1_5' title='bbox 0 1175 60 1281; x_wconf 95' lang='lat' dir='ltr'>  </span> 
     </span>
     <span class='ocr_line' id='line_1_6' title="bbox 0 1281 60 1335; baseline 0 1863"><span class='ocrx_word' id='word_1_6' title='bbox 0 1281 60 1335; x_wconf 95' lang='lat' dir='ltr'> </span> 
     </span>
     <span class='ocr_line' id='line_1_7' title="bbox 0 1335 68 1558; baseline 0 -9"><span class='ocrx_word' id='word_1_7' title='bbox 0 1335 68 1558; x_wconf 95' lang='lat' dir='ltr'>     </span> 
     </span>
     <span class='ocr_line' id='line_1_8' title="bbox 0 1558 72 1828; baseline 0 -19"><span class='ocrx_word' id='word_1_8' title='bbox 0 1558 72 1828; x_wconf 95' lang='lat' dir='ltr'>     </span> 
     </span>
     <span class='ocr_line' id='line_1_9' title="bbox 0 1828 72 1925; baseline 0 0"><span class='ocrx_word' id='word_1_9' title='bbox 0 1828 72 1925; x_wconf 95' lang='lat' dir='ltr'>  </span> 
     </span>
     <span class='ocr_line' id='line_1_10' title="bbox 0 1925 164 2193; baseline 0 -96"><span class='ocrx_word' id='word_1_10' title='bbox 0 1925 164 2193; x_wconf 95' lang='lat' dir='ltr'>    </span> 
     </span>
     <span class='ocr_line' id='line_1_11' title="bbox 0 2193 208 2354; baseline 0 -54"><span class='ocrx_word' id='word_1_11' title='bbox 0 2193 208 2354; x_wconf 95' lang='lat' dir='ltr'>      </span> 
     </span>
     <span class='ocr_line' id='line_1_12' title="bbox 0 2354 165 2515; baseline 0 -55"><span class='ocrx_word' id='word_1_12' title='bbox 0 2354 165 2515; x_wconf 95' lang='lat' dir='ltr'>   </span> 
     </span>
     <span class='ocr_line' id='line_1_13' title="bbox 0 2515 178 2578; baseline 0 620"><span class='ocrx_word' id='word_1_13' title='bbox 0 2515 178 2578; x_wconf 95' lang='lat' dir='ltr'> </span> 
     </span>
     <span class='ocr_line' id='line_1_14' title="bbox 0 2578 170 2733; baseline 0.012 -3"><span class='ocrx_word' id='word_1_14' title='bbox 0 2578 170 2733; x_wconf 95' lang='lat' dir='ltr'>    </span> 
     </span>
     <span class='ocr_line' id='line_1_15' title="bbox 0 2733 185 2950; baseline 0 -56"><span class='ocrx_word' id='word_1_15' title='bbox 0 2733 185 2950; x_wconf 95' lang='lat' dir='ltr'>   </span> 
     </span>
    </p>
   </div>
   <div class='ocr_carea' id='block_1_2' title="bbox 528 215 1630 259">
    <p class='ocr_par' dir='ltr' id='par_1_2' title="bbox 528 215 1630 259">
     <span class='ocr_line' id='line_1_16' title="bbox 528 215 1630 259; baseline -0.003 -11"><span class='ocrx_word' id='word_1_16' title='bbox 528 216 751 254; x_wconf 64' lang='lat' dir='ltr'>Qun-:sno</span> <span class='ocrx_word' id='word_1_17' title='bbox 786 217 826 248; x_wconf 91' lang='lat' dir='ltr'>c.</span> <span class='ocrx_word' id='word_1_18' title='bbox 860 215 1104 247; x_wconf 63' lang='lat' dir='ltr'>anncutus</span> <span class='ocrx_word' id='word_1_19' title='bbox 1137 215 1194 246; x_wconf 79' lang='lat' dir='ltr'>tv.</span> <span class='ocrx_word' id='word_1_20' title='bbox 1547 216 1630 259; x_wconf 90' lang='lat'>717</span> 
     </span>
    </p>
   </div>
   <div class='ocr_carea' id='block_1_3' title="bbox 0 297 1646 2973">
    <p class='ocr_par' dir='ltr' id='par_1_3' title="bbox 0 297 1646 2973">
     <span class='ocr_line' id='line_1_17' title="bbox 0 297 1633 353; baseline -0.002 -18"><span class='ocrx_word' id='word_1_21' title='bbox 0 341 1 353; x_wconf 14' lang='grc' dir='ltr'><strong>χ</strong></span> <span class='ocrx_word' id='word_1_22' title='bbox 54 324 58 350; x_wconf 52' lang='lat'><em>3</em></span> <span class='ocrx_word' id='word_1_23' title='bbox 69 298 221 345; x_wconf 67' lang='lat' dir='ltr'>§abbati</span> <span class='ocrx_word' id='word_1_24' title='bbox 231 309 307 335; x_wconf 85' lang='lat' dir='ltr'>non</span> <span class='ocrx_word' id='word_1_25' title='bbox 327 309 406 334; x_wconf 84' lang='lat' dir='ltr'>esse</span> <span class='ocrx_word' id='word_1_26' title='bbox 419 299 464 334; x_wconf 92' lang='lat' dir='ltr'>de</span> <span class='ocrx_word' id='word_1_27' title='bbox 484 298 612 335; x_wconf 87' lang='lat' dir='ltr'>decem</span> <span class='ocrx_word' id='word_1_28' title='bbox 628 299 847 348; x_wconf 83' lang='lat' dir='ltr'>praeceptis:</span> <span class='ocrx_word' id='word_1_29' title='bbox 869 299 953 347; x_wconf 89' lang='lat' dir='ltr'>quia</span> <span class='ocrx_word' id='word_1_30' title='bbox 973 311 1048 334; x_wconf 93' lang='lat' dir='ltr'>non</span> <span class='ocrx_word' id='word_1_31' title='bbox 1067 306 1120 334; x_wconf 89' lang='lat' dir='ltr'>est</span> <span class='ocrx_word' id='word_1_32' title='bbox 1140 297 1408 333; x_wconf 86' lang='lat' dir='ltr'>observandum</span> <span class='ocrx_word' id='word_1_33' title='bbox 1429 297 1633 333; x_wconf 89' lang='lat' dir='ltr'>secundum</span> 
     </span>
     <span class='ocr_line' id='line_1_18' title="bbox 71 350 1636 400; baseline -0.002 -11"><span class='ocrx_word' id='word_1_34' title='bbox 71 350 216 390; x_wconf 69' lang='lat' dir='ltr'>literam</span> <span class='ocrx_word' id='word_1_35' title='bbox 235 352 436 388; x_wconf 89' lang='lat' dir='ltr'>secundum</span> <span class='ocrx_word' id='word_1_36' title='bbox 462 363 572 388; x_wconf 89' lang='lat' dir='ltr'>omne</span> <span class='ocrx_word' id='word_1_37' title='bbox 593 361 746 400; x_wconf 88' lang='lat' dir='ltr'>tempus.</span> <span class='ocrx_word' id='word_1_38' title='bbox 777 353 977 399; x_wconf 89' lang='lat' dir='ltr'>Distinguit</span> <span class='ocrx_word' id='word_1_39' title='bbox 996 361 1120 388; x_wconf 88' lang='lat' dir='ltr'>tamen</span> <span class='ocrx_word' id='word_1_40' title='bbox 1142 360 1298 399; x_wconf 87' lang='lat' dir='ltr'>quatuor</span> <span class='ocrx_word' id='word_1_41' title='bbox 1322 358 1512 398; x_wconf 83' lang='lat' dir='ltr'>praecepta</span> <span class='ocrx_word' id='word_1_42' title='bbox 1533 351 1636 398; x_wconf 90' lang='lat' dir='ltr'>pcrti-</span> 
     </span>
     <span class='ocr_line' id='line_1_19' title="bbox 70 403 1634 453; baseline -0.002 -12"><span class='ocrx_word' id='word_1_43' title='bbox 70 405 195 442; x_wconf 79' lang='lat' dir='ltr'>nentia</span> <span class='ocrx_word' id='word_1_44' title='bbox 215 405 260 441; x_wconf 86' lang='lat' dir='ltr'>ad</span> <span class='ocrx_word' id='word_1_45' title='bbox 279 405 422 448; x_wconf 89' lang='lat' dir='ltr'>Deum;</span> <span class='ocrx_word' id='word_1_46' title='bbox 443 414 481 440; x_wconf 90' lang='lat' dir='ltr'>ut</span> <span class='ocrx_word' id='word_1_47' title='bbox 501 405 659 452; x_wconf 88' lang='lat' dir='ltr'>primum</span> <span class='ocrx_word' id='word_1_48' title='bbox 680 406 743 441; x_wconf 89' lang='lat' dir='ltr'>sit:</span> <span class='ocrx_word' id='word_1_49' title='bbox 766 406 836 453; x_wconf 79' lang='lat' dir='ltr'>Ego</span> <span class='ocrx_word' id='word_1_50' title='bbox 850 418 921 442; x_wconf 84' lang='lat' dir='ltr'>sum</span> <span class='ocrx_word' id='word_1_51' title='bbox 944 407 1108 441; x_wconf 80' lang='lat' dir='ltr'><em>Dominus</em></span> <span class='ocrx_word' id='word_1_52' title='bbox 1132 406 1221 441; x_wconf 77' lang='lat' dir='ltr'>Dms</span> <span class='ocrx_word' id='word_1_53' title='bbox 1239 410 1313 440; x_wconf 87' lang='lat' dir='ltr'>tuus</span> <span class='ocrx_word' id='word_1_54' title='bbox 1320 417 1332 446; x_wconf 88' lang='grc'>,·</span> <span class='ocrx_word' id='word_1_55' title='bbox 1349 403 1550 440; x_wconf 87' lang='lat' dir='ltr'>secundum</span> <span class='ocrx_word' id='word_1_56' title='bbox 1572 405 1634 439; x_wconf 85' lang='lat' dir='ltr'>sit:</span> 
     </span>
     <span class='ocr_line' id='line_1_20' title="bbox 73 458 1635 505; baseline -0.003 -8"><span class='ocrx_word' id='word_1_57' title='bbox 73 458 154 497; x_wconf 81' lang='lat' dir='ltr'>Non</span> <span class='ocrx_word' id='word_1_58' title='bbox 177 459 307 495; x_wconf 74' lang='lat' dir='ltr'>babebis</span> <span class='ocrx_word' id='word_1_59' title='bbox 327 459 415 495; x_wconf 74' lang='lat' dir='ltr'>Deos</span> <span class='ocrx_word' id='word_1_60' title='bbox 428 459 551 494; x_wconf 68' lang='lat' dir='ltr'>alienos</span> <span class='ocrx_word' id='word_1_61' title='bbox 571 471 686 495; x_wconf 82' lang='lat' dir='ltr'>coram</span> <span class='ocrx_word' id='word_1_62' title='bbox 707 472 776 495; x_wconf 73' lang='lat' dir='ltr'>mc:</span> <span class='ocrx_word' id='word_1_63' title='bbox 804 467 838 494; x_wconf 90' lang='lat' dir='ltr'>et</span> <span class='ocrx_word' id='word_1_64' title='bbox 863 460 913 494; x_wconf 86' lang='lat' dir='ltr'>sic</span> <span class='ocrx_word' id='word_1_65' title='bbox 937 460 1046 494; x_wconf 83' lang='lat' dir='ltr'>ctiam</span> <span class='ocrx_word' id='word_1_66' title='bbox 1069 459 1254 505; x_wconf 82' lang='lat' dir='ltr'>distinguit</span> <span class='ocrx_word' id='word_1_67' title='bbox 1276 458 1366 493; x_wconf 87' lang='lat' dir='ltr'>haec</span> <span class='ocrx_word' id='word_1_68' title='bbox 1389 458 1462 492; x_wconf 85' lang='lat' dir='ltr'>duo</span> <span class='ocrx_word' id='word_1_69' title='bbox 1486 458 1635 493; x_wconf 89' lang='lat' dir='ltr'>Hieron.</span> 
     </span>
     <span class='ocr_line' id='line_1_21' title="bbox 74 510 1635 560; baseline -0.002 -11"><span class='ocrx_word' id='word_1_70' title='bbox 74 510 198 550; x_wconf 75' lang='lat' dir='ltr'>Oscae</span> <span class='ocrx_word' id='word_1_71' title='bbox 223 523 275 548; x_wconf 86' lang='lat'>10.</span> <span class='ocrx_word' id='word_1_72' title='bbox 287 523 394 559; x_wconf 87' lang='lat' dir='ltr'>super</span> <span class='ocrx_word' id='word_1_73' title='bbox 414 512 501 547; x_wconf 92' lang='lat' dir='ltr'>illud</span> <span class='ocrx_word' id='word_1_74' title='bbox 517 526 524 548; x_wconf 92' lang='lat'>:</span> <span class='ocrx_word' id='word_1_75' title='bbox 540 513 685 560; x_wconf 76' lang='lat' dir='ltr'><em>Propter</em></span> <span class='ocrx_word' id='word_1_76' title='bbox 702 513 783 549; x_wconf 71' lang='lat' dir='ltr'>ditas</span> <span class='ocrx_word' id='word_1_77' title='bbox 800 514 1102 560; x_wconf 63' lang='lat' dir='ltr'>i111&#39;quitatcstuas;</span> <span class='ocrx_word' id='word_1_78' title='bbox 1125 513 1270 548; x_wconf 82' lang='lat' dir='ltr'>tertium</span> <span class='ocrx_word' id='word_1_79' title='bbox 1293 523 1379 547; x_wconf 80' lang='lat' dir='ltr'>vero</span> <span class='ocrx_word' id='word_1_80' title='bbox 1403 520 1635 558; x_wconf 82' lang='lat' dir='ltr'>praeceptum</span> 
     </span>
     <span class='ocr_line' id='line_1_22' title="bbox 74 565 1637 614; baseline -0.002 -12"><span class='ocrx_word' id='word_1_81' title='bbox 74 576 153 602; x_wconf 81' lang='lat' dir='ltr'>esse</span> <span class='ocrx_word' id='word_1_82' title='bbox 173 565 277 601; x_wconf 85' lang='lat' dir='ltr'>dicit:</span> <span class='ocrx_word' id='word_1_83' title='bbox 304 566 497 613; x_wconf 70' lang='lat' dir='ltr'>Nonjacies</span> <span class='ocrx_word' id='word_1_84' title='bbox 518 568 578 602; x_wconf 80' lang='lat' dir='ltr'>tibi</span> <span class='ocrx_word' id='word_1_85' title='bbox 594 567 741 614; x_wconf 65' lang='lat' dir='ltr'>sculptile</span> <span class='ocrx_word' id='word_1_86' title='bbox 753 579 766 608; x_wconf 83' lang='grc'>,·</span> <span class='ocrx_word' id='word_1_87' title='bbox 789 577 956 614; x_wconf 81' lang='lat' dir='ltr'>quartum</span> <span class='ocrx_word' id='word_1_88' title='bbox 980 579 1082 602; x_wconf 82' lang='lat' dir='ltr'>vero:</span> <span class='ocrx_word' id='word_1_89' title='bbox 1107 567 1182 602; x_wconf 79' lang='lat' dir='ltr'>Non</span> <span class='ocrx_word' id='word_1_90' title='bbox 1205 578 1344 601; x_wconf 68' lang='lat' dir='ltr'>assumas</span> <span class='ocrx_word' id='word_1_91' title='bbox 1363 578 1479 600; x_wconf 72' lang='lat' dir='ltr'>nomm</span> <span class='ocrx_word' id='word_1_92' title='bbox 1502 566 1568 600; x_wconf 70' lang='lat' dir='ltr'>Dei</span> <span class='ocrx_word' id='word_1_93' title='bbox 1589 566 1637 600; x_wconf 83' lang='lat' dir='ltr'>tui</span> 
     </span>
     <span class='ocr_line' id='line_1_23' title="bbox 73 618 1637 667; baseline -0.002 -11"><span class='ocrx_word' id='word_1_94' title='bbox 73 619 110 656; x_wconf 71' lang='lat' dir='ltr'>t’n</span> <span class='ocrx_word' id='word_1_95' title='bbox 121 630 259 655; x_wconf 81' lang='lat' dir='ltr'>vanum.</span> <span class='ocrx_word' id='word_1_96' title='bbox 273 618 493 655; x_wconf 87' lang='lat' dir='ltr'>Pertinentia</span> <span class='ocrx_word' id='word_1_97' title='bbox 511 631 598 655; x_wconf 89' lang='lat' dir='ltr'>vero</span> <span class='ocrx_word' id='word_1_98' title='bbox 617 620 661 654; x_wconf 86' lang='lat' dir='ltr'>ad</span> <span class='ocrx_word' id='word_1_99' title='bbox 676 620 882 667; x_wconf 85' lang='lat' dir='ltr'>proximum</span> <span class='ocrx_word' id='word_1_100' title='bbox 895 621 981 656; x_wconf 89' lang='lat' dir='ltr'>dicit</span> <span class='ocrx_word' id='word_1_101' title='bbox 995 632 1072 655; x_wconf 87' lang='lat' dir='ltr'>esse</span> <span class='ocrx_word' id='word_1_102' title='bbox 1087 632 1168 662; x_wconf 78' lang='lat' dir='ltr'>scx3</span> <span class='ocrx_word' id='word_1_103' title='bbox 1190 629 1227 655; x_wconf 90' lang='lat' dir='ltr'>ut</span> <span class='ocrx_word' id='word_1_104' title='bbox 1241 620 1399 667; x_wconf 87' lang='lat' dir='ltr'>primum</span> <span class='ocrx_word' id='word_1_105' title='bbox 1421 619 1481 654; x_wconf 86' lang='lat' dir='ltr'>sit:</span> <span class='ocrx_word' id='word_1_106' title='bbox 1497 619 1637 654; x_wconf 81' lang='lat' dir='ltr'><em>Honora</em></span> 
     </span>
     <span class='ocr_line' id='line_1_24' title="bbox 69 673 1635 723; baseline -0.002 -14"><span class='ocrx_word' id='word_1_107' title='bbox 69 677 216 723; x_wconf 65' lang='lat' dir='ltr'>parM,</span> <span class='ocrx_word' id='word_1_108' title='bbox 235 677 266 710; x_wconf 76' lang='lat' dir='ltr'>et</span> <span class='ocrx_word' id='word_1_109' title='bbox 285 678 424 709; x_wconf 73' lang='lat' dir='ltr'>matrem</span> <span class='ocrx_word' id='word_1_110' title='bbox 445 679 561 710; x_wconf 81' lang='lat' dir='ltr'>tuam:</span> <span class='ocrx_word' id='word_1_111' title='bbox 586 674 806 709; x_wconf 84' lang='lat' dir='ltr'>secundum:</span> <span class='ocrx_word' id='word_1_112' title='bbox 835 674 911 709; x_wconf 76' lang='lat' dir='ltr'>Non</span> <span class='ocrx_word' id='word_1_113' title='bbox 933 674 1074 715; x_wconf 72' lang='lat' dir='ltr'>occidcs;</span> <span class='ocrx_word' id='word_1_114' title='bbox 1097 675 1258 708; x_wconf 84' lang='lat' dir='ltr'>tertium:</span> <span class='ocrx_word' id='word_1_115' title='bbox 1288 673 1365 708; x_wconf 77' lang='lat' dir='ltr'>Non</span> <span class='ocrx_word' id='word_1_116' title='bbox 1394 673 1635 713; x_wconf 59' lang='lat' dir='ltr'>moechaberis,-</span> 
     </span>
     <span class='ocr_line' id='line_1_25' title="bbox 74 726 1636 775; baseline -0.001 -13"><span class='ocrx_word' id='word_1_117' title='bbox 74 733 264 775; x_wconf 84' lang='lat' dir='ltr'>quartum:</span> <span class='ocrx_word' id='word_1_118' title='bbox 286 726 364 763; x_wconf 83' lang='lat' dir='ltr'>Non</span> <span class='ocrx_word' id='word_1_119' title='bbox 370 727 505 774; x_wconf 81' lang='lat' dir='ltr'>furtum</span> <span class='ocrx_word' id='word_1_120' title='bbox 515 727 648 774; x_wconf 78' lang='lat' dir='ltr'>sacies;</span> <span class='ocrx_word' id='word_1_121' title='bbox 665 727 850 774; x_wconf 87' lang='lat' dir='ltr'>quintum:</span> <span class='ocrx_word' id='word_1_122' title='bbox 867 728 943 763; x_wconf 75' lang='lat' dir='ltr'>Non</span> <span class='ocrx_word' id='word_1_123' title='bbox 959 728 1085 774; x_wconf 74' lang='lat' dir='ltr'>salsum</span> <span class='ocrx_word' id='word_1_124' title='bbox 1109 729 1329 763; x_wconf 68' lang='lat' dir='ltr'>testimonium</span> <span class='ocrx_word' id='word_1_125' title='bbox 1344 726 1450 768; x_wconf 73' lang='lat' dir='ltr'>dices:</span> <span class='ocrx_word' id='word_1_126' title='bbox 1473 734 1636 762; x_wconf 80' lang='lat' dir='ltr'>sextum:</span> 
     </span>
     <span class='ocr_line' id='line_1_26' title="bbox 74 780 1636 829; baseline -0.002 -12"><span class='ocrx_word' id='word_1_127' title='bbox 74 780 154 821; x_wconf 72' lang='lat' dir='ltr'>Nou</span> <span class='ocrx_word' id='word_1_128' title='bbox 172 782 386 829; x_wconf 68' lang='lat' dir='ltr'>concupitas.</span> <span class='ocrx_word' id='word_1_129' title='bbox 408 780 481 817; x_wconf 89' lang='lat' dir='ltr'>Sed</span> <span class='ocrx_word' id='word_1_130' title='bbox 500 782 615 829; x_wconf 81' lang='lat' dir='ltr'>primo</span> <span class='ocrx_word' id='word_1_131' title='bbox 644 781 717 816; x_wconf 91' lang='lat' dir='ltr'>hoc</span> <span class='ocrx_word' id='word_1_132' title='bbox 737 781 878 816; x_wconf 88' lang='lat' dir='ltr'>videtur</span> <span class='ocrx_word' id='word_1_133' title='bbox 898 781 1172 824; x_wconf 86' lang='lat' dir='ltr'>inconveniens,</span> <span class='ocrx_word' id='word_1_134' title='bbox 1205 781 1303 828; x_wconf 89' lang='lat' dir='ltr'>quod</span> <span class='ocrx_word' id='word_1_135' title='bbox 1333 789 1566 828; x_wconf 90' lang='lat' dir='ltr'>praeceptum</span> <span class='ocrx_word' id='word_1_136' title='bbox 1593 780 1636 814; x_wconf 91' lang='lat' dir='ltr'>de</span> 
     </span>
     <span class='ocr_line' id='line_1_27' title="bbox 73 833 1638 882; baseline -0.001 -11"><span class='ocrx_word' id='word_1_137' title='bbox 73 833 328 872; x_wconf 77' lang='lat' dir='ltr'>observatione</span> <span class='ocrx_word' id='word_1_138' title='bbox 347 833 495 870; x_wconf 86' lang='lat' dir='ltr'>Sabbati</span> <span class='ocrx_word' id='word_1_139' title='bbox 515 835 716 882; x_wconf 84' lang='lat' dir='ltr'>praeceptis</span> <span class='ocrx_word' id='word_1_140' title='bbox 738 834 905 882; x_wconf 85' lang='lat' dir='ltr'>decalogi</span> <span class='ocrx_word' id='word_1_141' title='bbox 926 835 1187 882; x_wconf 82' lang='lat' dir='ltr'>interponatur,</span> <span class='ocrx_word' id='word_1_142' title='bbox 1205 835 1236 870; x_wconf 87' lang='lat' dir='ltr'>si</span> <span class='ocrx_word' id='word_1_143' title='bbox 1255 834 1358 869; x_wconf 91' lang='lat' dir='ltr'>nullo</span> <span class='ocrx_word' id='word_1_144' title='bbox 1380 834 1493 869; x_wconf 87' lang='lat' dir='ltr'>modo</span> <span class='ocrx_word' id='word_1_145' title='bbox 1514 834 1559 869; x_wconf 90' lang='lat' dir='ltr'>ad</span> <span class='ocrx_word' id='word_1_146' title='bbox 1581 833 1638 868; x_wconf 91' lang='lat' dir='ltr'>de-</span> 
     </span>
     <span class='ocr_line' id='line_1_28' title="bbox 74 886 1638 936; baseline 0 -12"><span class='ocrx_word' id='word_1_147' title='bbox 74 886 248 936; x_wconf 59' lang='lat' dir='ltr'>calogum</span> <span class='ocrx_word' id='word_1_148' title='bbox 271 887 464 936; x_wconf 84' lang='lat' dir='ltr'>pertineat:</span> <span class='ocrx_word' id='word_1_149' title='bbox 489 888 639 931; x_wconf 66' lang='lat' dir='ltr'>secundo,</span> <span class='ocrx_word' id='word_1_150' title='bbox 670 888 754 935; x_wconf 87' lang='lat' dir='ltr'>quia</span> <span class='ocrx_word' id='word_1_151' title='bbox 786 899 871 923; x_wconf 92' lang='lat' dir='ltr'>cum</span> <span class='ocrx_word' id='word_1_152' title='bbox 896 888 1070 935; x_wconf 89' lang='lat' dir='ltr'>scriptum</span> <span class='ocrx_word' id='word_1_153' title='bbox 1092 888 1138 923; x_wconf 89' lang='lat' dir='ltr'>sit</span> <span class='ocrx_word' id='word_1_154' title='bbox 1163 888 1292 923; x_wconf 86' lang='lat' dir='ltr'>Matth.</span> <span class='ocrx_word' id='word_1_155' title='bbox 1318 886 1369 923; x_wconf 84' lang='lat'>6.:</span> <span class='ocrx_word' id='word_1_156' title='bbox 1396 888 1503 924; x_wconf 74' lang='lat' dir='ltr'>Nemo</span> <span class='ocrx_word' id='word_1_157' title='bbox 1530 893 1638 935; x_wconf 81' lang='lat' dir='ltr'>potest</span> 
     </span>
     <span class='ocr_line' id='line_1_29' title="bbox 74 939 1637 988; baseline -0.001 -10"><span class='ocrx_word' id='word_1_158' title='bbox 74 939 199 979; x_wconf 70' lang='lat' dir='ltr'>duobus</span> <span class='ocrx_word' id='word_1_159' title='bbox 213 940 356 978; x_wconf 73' lang='lat' dir='ltr'>dominis</span> <span class='ocrx_word' id='word_1_160' title='bbox 372 942 508 984; x_wconf 73' lang='lat' dir='ltr'>servire,</span> <span class='ocrx_word' id='word_1_161' title='bbox 533 942 696 988; x_wconf 87' lang='lat' dir='ltr'>ejusdem</span> <span class='ocrx_word' id='word_1_162' title='bbox 717 942 866 977; x_wconf 86' lang='lat' dir='ltr'>rationis</span> <span class='ocrx_word' id='word_1_163' title='bbox 887 953 966 977; x_wconf 91' lang='lat' dir='ltr'>esse</span> <span class='ocrx_word' id='word_1_164' title='bbox 984 942 1135 984; x_wconf 88' lang='lat' dir='ltr'>videtur,</span> <span class='ocrx_word' id='word_1_165' title='bbox 1154 950 1189 977; x_wconf 86' lang='lat' dir='ltr'>et</span> <span class='ocrx_word' id='word_1_166' title='bbox 1206 942 1271 976; x_wconf 92' lang='lat' dir='ltr'>sub</span> <span class='ocrx_word' id='word_1_167' title='bbox 1293 942 1425 977; x_wconf 90' lang='lat' dir='ltr'>eodem</span> <span class='ocrx_word' id='word_1_168' title='bbox 1442 949 1637 988; x_wconf 88' lang='lat' dir='ltr'>praecepto</span> 
     </span>
     <span class='ocr_line' id='line_1_30' title="bbox 75 994 1639 1043; baseline -0.003 -9"><span class='ocrx_word' id='word_1_169' title='bbox 75 994 225 1034; x_wconf 71' lang='lat' dir='ltr'>cadere:</span> <span class='ocrx_word' id='word_1_170' title='bbox 244 995 316 1043; x_wconf 76' lang='lat' dir='ltr'>Ego</span> <span class='ocrx_word' id='word_1_171' title='bbox 334 1007 409 1032; x_wconf 83' lang='lat' dir='ltr'>sum</span> <span class='ocrx_word' id='word_1_172' title='bbox 421 995 589 1031; x_wconf 79' lang='lat' dir='ltr'>Dominus</span> <span class='ocrx_word' id='word_1_173' title='bbox 611 996 702 1031; x_wconf 76' lang='lat' dir='ltr'>Deus</span> <span class='ocrx_word' id='word_1_174' title='bbox 722 1001 796 1032; x_wconf 81' lang='lat' dir='ltr'>tuus</span> <span class='ocrx_word' id='word_1_175' title='bbox 804 1008 817 1038; x_wconf 89' lang='lat'><em>;</em></span> <span class='ocrx_word' id='word_1_176' title='bbox 837 1004 892 1031; x_wconf 90' lang='lat' dir='ltr'>et:</span> <span class='ocrx_word' id='word_1_177' title='bbox 915 996 993 1032; x_wconf 83' lang='lat' dir='ltr'>Non</span> <span class='ocrx_word' id='word_1_178' title='bbox 1019 996 1150 1031; x_wconf 65' lang='lat' dir='ltr'>habebis</span> <span class='ocrx_word' id='word_1_179' title='bbox 1171 996 1259 1031; x_wconf 66' lang='lat' dir='ltr'>Deos</span> <span class='ocrx_word' id='word_1_180' title='bbox 1272 995 1404 1031; x_wconf 61' lang='lat' dir='ltr'>alienos.</span> <span class='ocrx_word' id='word_1_181' title='bbox 1429 995 1535 1030; x_wconf 88' lang='lat' dir='ltr'>Unde</span> <span class='ocrx_word' id='word_1_182' title='bbox 1557 995 1639 1031; x_wconf 90' lang='lat' dir='ltr'>Ori-</span> 
     </span>
     <span class='ocr_line' id='line_1_31' title="bbox 74 1047 1638 1097; baseline -0.001 -12"><span class='ocrx_word' id='word_1_183' title='bbox 74 1058 187 1097; x_wconf 63' lang='lat' dir='ltr'>genet</span> <span class='ocrx_word' id='word_1_184' title='bbox 207 1047 313 1095; x_wconf 72' lang='lat' dir='ltr'>(bont.</span> <span class='ocrx_word' id='word_1_185' title='bbox 329 1049 363 1086; x_wconf 89' lang='lat'>8.</span> <span class='ocrx_word' id='word_1_186' title='bbox 393 1050 429 1084; x_wconf 80' lang='lat' dir='ltr'>in</span> <span class='ocrx_word' id='word_1_187' title='bbox 448 1048 572 1095; x_wconf 80' lang='lat' dir='ltr'>Exod.)</span> <span class='ocrx_word' id='word_1_188' title='bbox 595 1048 821 1096; x_wconf 88' lang='lat' dir='ltr'>distinguens</span> <span class='ocrx_word' id='word_1_189' title='bbox 842 1050 952 1085; x_wconf 88' lang='lat' dir='ltr'>etiam</span> <span class='ocrx_word' id='word_1_190' title='bbox 983 1057 1138 1096; x_wconf 87' lang='lat' dir='ltr'>quatuor</span> <span class='ocrx_word' id='word_1_191' title='bbox 1155 1056 1347 1096; x_wconf 89' lang='lat' dir='ltr'>praecepta</span> <span class='ocrx_word' id='word_1_192' title='bbox 1367 1048 1572 1084; x_wconf 88' lang='lat' dir='ltr'>ordinantia</span> <span class='ocrx_word' id='word_1_193' title='bbox 1593 1048 1638 1084; x_wconf 91' lang='lat' dir='ltr'>ad</span> 
     </span>
     <span class='ocr_line' id='line_1_32' title="bbox 74 1100 1640 1150; baseline -0.001 -11"><span class='ocrx_word' id='word_1_194' title='bbox 74 1100 209 1145; x_wconf 82' lang='lat' dir='ltr'>Deum,</span> <span class='ocrx_word' id='word_1_195' title='bbox 228 1101 333 1150; x_wconf 86' lang='lat' dir='ltr'>ponit</span> <span class='ocrx_word' id='word_1_196' title='bbox 350 1101 420 1138; x_wconf 84' lang='lat' dir='ltr'>ista</span> <span class='ocrx_word' id='word_1_197' title='bbox 448 1102 522 1138; x_wconf 91' lang='lat' dir='ltr'>duo</span> <span class='ocrx_word' id='word_1_198' title='bbox 542 1113 609 1150; x_wconf 88' lang='lat' dir='ltr'>pro</span> <span class='ocrx_word' id='word_1_199' title='bbox 631 1113 705 1138; x_wconf 88' lang='lat' dir='ltr'>uno</span> <span class='ocrx_word' id='word_1_200' title='bbox 726 1111 940 1150; x_wconf 86' lang='lat' dir='ltr'>praecepto:</span> <span class='ocrx_word' id='word_1_201' title='bbox 962 1104 1164 1138; x_wconf 87' lang='lat' dir='ltr'>secundum</span> <span class='ocrx_word' id='word_1_202' title='bbox 1182 1113 1270 1138; x_wconf 90' lang='lat' dir='ltr'>vero</span> <span class='ocrx_word' id='word_1_203' title='bbox 1292 1103 1413 1150; x_wconf 88' lang='lat' dir='ltr'>ponit:</span> <span class='ocrx_word' id='word_1_204' title='bbox 1435 1103 1511 1138; x_wconf 81' lang='lat' dir='ltr'>Non</span> <span class='ocrx_word' id='word_1_205' title='bbox 1533 1102 1640 1150; x_wconf 79' lang='lat' dir='ltr'>facies</span> 
     </span>
     <span class='ocr_line' id='line_1_33' title="bbox 73 1154 1639 1204; baseline -0.001 -12"><span class='ocrx_word' id='word_1_206' title='bbox 73 1154 242 1204; x_wconf 57' lang='lat' dir='ltr'>mapale,-</span> <span class='ocrx_word' id='word_1_207' title='bbox 267 1155 413 1192; x_wconf 86' lang='lat' dir='ltr'>tertium</span> <span class='ocrx_word' id='word_1_208' title='bbox 438 1167 545 1192; x_wconf 88' lang='lat' dir='ltr'>vero:</span> <span class='ocrx_word' id='word_1_209' title='bbox 568 1156 645 1192; x_wconf 85' lang='lat' dir='ltr'>Non</span> <span class='ocrx_word' id='word_1_210' title='bbox 667 1168 808 1192; x_wconf 76' lang='lat' dir='ltr'>assumes</span> <span class='ocrx_word' id='word_1_211' title='bbox 833 1168 950 1192; x_wconf 71' lang='lat' dir='ltr'>nomen</span> <span class='ocrx_word' id='word_1_212' title='bbox 976 1157 1043 1192; x_wconf 77' lang='lat' dir='ltr'>Dei</span> <span class='ocrx_word' id='word_1_213' title='bbox 1065 1158 1114 1192; x_wconf 83' lang='lat' dir='ltr'>tui</span> <span class='ocrx_word' id='word_1_214' title='bbox 1136 1158 1169 1191; x_wconf 82' lang='lat' dir='ltr'>in</span> <span class='ocrx_word' id='word_1_215' title='bbox 1190 1168 1340 1197; x_wconf 80' lang='lat' dir='ltr'>vanum,-</span> <span class='ocrx_word' id='word_1_216' title='bbox 1364 1164 1549 1202; x_wconf 90' lang='lat' dir='ltr'>quartum:</span> <span class='ocrx_word' id='word_1_217' title='bbox 1571 1156 1639 1191; x_wconf 72' lang='grc' dir='ltr'>Μι-</span> 
     </span>
     <span class='ocr_line' id='line_1_34' title="bbox 74 1208 1639 1257; baseline -0.001 -12"><span class='ocrx_word' id='word_1_218' title='bbox 74 1213 183 1245; x_wconf 60' lang='lat' dir='ltr'>nanto</span> <span class='ocrx_word' id='word_1_219' title='bbox 195 1213 233 1245; x_wconf 80' lang='lat' dir='ltr'>ut</span> <span class='ocrx_word' id='word_1_220' title='bbox 246 1208 335 1245; x_wconf 70' lang='lat' dir='ltr'>dim</span> <span class='ocrx_word' id='word_1_221' title='bbox 348 1209 488 1246; x_wconf 63' lang='lat' dir='ltr'>Sabbata</span> <span class='ocrx_word' id='word_1_222' title='bbox 498 1211 698 1255; x_wconf 76' lang='lat' dir='ltr'>sanctifices:</span> <span class='ocrx_word' id='word_1_223' title='bbox 713 1209 784 1245; x_wconf 88' lang='lat' dir='ltr'>alia</span> <span class='ocrx_word' id='word_1_224' title='bbox 804 1221 891 1246; x_wconf 91' lang='lat' dir='ltr'>vero</span> <span class='ocrx_word' id='word_1_225' title='bbox 910 1221 972 1246; x_wconf 83' lang='lat' dir='ltr'>sex</span> <span class='ocrx_word' id='word_1_226' title='bbox 993 1210 1106 1257; x_wconf 86' lang='lat' dir='ltr'>ponit,</span> <span class='ocrx_word' id='word_1_227' title='bbox 1120 1210 1212 1245; x_wconf 90' lang='lat' dir='ltr'>sicut</span> <span class='ocrx_word' id='word_1_228' title='bbox 1227 1209 1442 1256; x_wconf 86' lang='lat' dir='ltr'>Hesychius.</span> <span class='ocrx_word' id='word_1_229' title='bbox 1462 1208 1534 1244; x_wconf 90' lang='lat' dir='ltr'>Sed</span> <span class='ocrx_word' id='word_1_230' title='bbox 1555 1209 1639 1256; x_wconf 88' lang='lat' dir='ltr'>quia</span> 
     </span>
     <span class='ocr_line' id='line_1_35' title="bbox 74 1260 1641 1310; baseline -0.001 -12"><span class='ocrx_word' id='word_1_231' title='bbox 74 1260 196 1299; x_wconf 82' lang='lat' dir='ltr'>facere</span> <span class='ocrx_word' id='word_1_232' title='bbox 214 1261 393 1310; x_wconf 86' lang='lat' dir='ltr'>sculptile,</span> <span class='ocrx_word' id='word_1_233' title='bbox 413 1262 473 1299; x_wconf 88' lang='lat' dir='ltr'>vel</span> <span class='ocrx_word' id='word_1_234' title='bbox 491 1263 766 1299; x_wconf 89' lang='lat' dir='ltr'>similitudinem</span> <span class='ocrx_word' id='word_1_235' title='bbox 784 1275 858 1299; x_wconf 92' lang='lat' dir='ltr'>non</span> <span class='ocrx_word' id='word_1_236' title='bbox 876 1272 930 1298; x_wconf 93' lang='lat' dir='ltr'>est</span> <span class='ocrx_word' id='word_1_237' title='bbox 946 1263 1169 1310; x_wconf 90' lang='lat' dir='ltr'>prohibitum</span> <span class='ocrx_word' id='word_1_238' title='bbox 1188 1263 1257 1298; x_wconf 90' lang='lat' dir='ltr'>nisi</span> <span class='ocrx_word' id='word_1_239' title='bbox 1277 1262 1477 1298; x_wconf 89' lang='lat' dir='ltr'>secundum</span> <span class='ocrx_word' id='word_1_240' title='bbox 1496 1263 1581 1305; x_wconf 90' lang='lat' dir='ltr'>hoc,</span> <span class='ocrx_word' id='word_1_241' title='bbox 1602 1270 1641 1297; x_wconf 93' lang='lat' dir='ltr'>ut</span> 
     </span>
     <span class='ocr_line' id='line_1_36' title="bbox 75 1315 1639 1364; baseline -0.001 -12"><span class='ocrx_word' id='word_1_242' title='bbox 75 1326 151 1352; x_wconf 90' lang='lat' dir='ltr'>non</span> <span class='ocrx_word' id='word_1_243' title='bbox 171 1315 339 1352; x_wconf 80' lang='lat' dir='ltr'>colantur</span> <span class='ocrx_word' id='word_1_244' title='bbox 357 1327 424 1364; x_wconf 87' lang='lat' dir='ltr'>pro</span> <span class='ocrx_word' id='word_1_245' title='bbox 457 1316 525 1352; x_wconf 88' lang='lat' dir='ltr'>diis</span> <span class='ocrx_word' id='word_1_246' title='bbox 545 1317 648 1362; x_wconf 87' lang='lat' dir='ltr'>(uam</span> <span class='ocrx_word' id='word_1_247' title='bbox 677 1317 714 1351; x_wconf 90' lang='lat' dir='ltr'>in</span> <span class='ocrx_word' id='word_1_248' title='bbox 735 1316 971 1352; x_wconf 83' lang='lat' dir='ltr'>tabernaculo</span> <span class='ocrx_word' id='word_1_249' title='bbox 1001 1317 1101 1352; x_wconf 89' lang='lat' dir='ltr'>Deus</span> <span class='ocrx_word' id='word_1_250' title='bbox 1124 1318 1308 1364; x_wconf 87' lang='lat' dir='ltr'>praecepit</span> <span class='ocrx_word' id='word_1_251' title='bbox 1336 1315 1412 1351; x_wconf 85' lang='lat' dir='ltr'>fieri</span> <span class='ocrx_word' id='word_1_252' title='bbox 1439 1316 1639 1362; x_wconf 87' lang='lat' dir='ltr'>imaginem</span> 
     </span>
     <span class='ocr_line' id='line_1_37' title="bbox 46 1369 1641 1417; baseline -0.001 -11"><span class='ocrx_word' id='word_1_253' title='bbox 46 1383 47 1386; x_wconf 50' lang='lat'>¹</span> <span class='ocrx_word' id='word_1_254' title='bbox 77 1369 283 1417; x_wconf 81' lang='lat' dir='ltr'>Seraphim,</span> <span class='ocrx_word' id='word_1_255' title='bbox 303 1378 343 1406; x_wconf 92' lang='lat' dir='ltr'>ut</span> <span class='ocrx_word' id='word_1_256' title='bbox 361 1370 492 1406; x_wconf 86' lang='lat' dir='ltr'>dicitur</span> <span class='ocrx_word' id='word_1_257' title='bbox 512 1369 625 1406; x_wconf 85' lang='lat' dir='ltr'>Exod.</span> <span class='ocrx_word' id='word_1_258' title='bbox 651 1372 725 1416; x_wconf 82' lang='lat'>25.)</span> <span class='ocrx_word' id='word_1_259' title='bbox 747 1370 1022 1406; x_wconf 85' lang='lat' dir='ltr'>convenientius</span> <span class='ocrx_word' id='word_1_260' title='bbox 1043 1370 1237 1416; x_wconf 87' lang='lat' dir='ltr'>Augustin.</span> <span class='ocrx_word' id='word_1_261' title='bbox 1258 1370 1338 1415; x_wconf 87' lang='lat' dir='ltr'>(loc.</span> <span class='ocrx_word' id='word_1_262' title='bbox 1354 1377 1423 1417; x_wconf 83' lang='lat' dir='ltr'>sup.</span> <span class='ocrx_word' id='word_1_263' title='bbox 1443 1370 1517 1415; x_wconf 80' lang='lat' dir='ltr'>cit.)</span> <span class='ocrx_word' id='word_1_264' title='bbox 1539 1370 1641 1417; x_wconf 89' lang='lat' dir='ltr'>ponit</span> 
     </span>
     <span class='ocr_line' id='line_1_38' title="bbox 75 1423 1641 1472; baseline -0.001 -12"><span class='ocrx_word' id='word_1_265' title='bbox 75 1423 142 1461; x_wconf 76' lang='lat' dir='ltr'>sub</span> <span class='ocrx_word' id='word_1_266' title='bbox 162 1434 237 1459; x_wconf 87' lang='lat' dir='ltr'>uno</span> <span class='ocrx_word' id='word_1_267' title='bbox 257 1433 467 1472; x_wconf 85' lang='lat' dir='ltr'>praecepto:</span> <span class='ocrx_word' id='word_1_268' title='bbox 482 1424 560 1460; x_wconf 82' lang='lat' dir='ltr'>Non</span> <span class='ocrx_word' id='word_1_269' title='bbox 580 1424 711 1460; x_wconf 65' lang='lat' dir='ltr'>babebis</span> <span class='ocrx_word' id='word_1_270' title='bbox 732 1425 820 1460; x_wconf 55' lang='lat' dir='ltr'>Deos</span> <span class='ocrx_word' id='word_1_271' title='bbox 839 1425 982 1466; x_wconf 68' lang='lat' dir='ltr'>alienos,-</span> <span class='ocrx_word' id='word_1_272' title='bbox 1003 1432 1056 1459; x_wconf 90' lang='lat' dir='ltr'>et:</span> <span class='ocrx_word' id='word_1_273' title='bbox 1076 1424 1153 1459; x_wconf 81' lang='lat' dir='ltr'>Non</span> <span class='ocrx_word' id='word_1_274' title='bbox 1166 1424 1273 1470; x_wconf 71' lang='lat' dir='ltr'>jacies</span> <span class='ocrx_word' id='word_1_275' title='bbox 1284 1424 1443 1471; x_wconf 72' lang='lat' dir='ltr'>sculptile.</span> <span class='ocrx_word' id='word_1_276' title='bbox 1466 1423 1641 1458; x_wconf 89' lang='lat' dir='ltr'>Similiter</span> 
     </span>
     <span class='ocr_line' id='line_1_39' title="bbox 47 1476 1642 1526; baseline -0.002 -12"><span class='ocrx_word' id='word_1_277' title='bbox 47 1523 51 1526; x_wconf 16' lang='grc' dir='ltr'><em>ῃ</em></span> <span class='ocrx_word' id='word_1_278' title='bbox 76 1476 187 1514; x_wconf 76' lang='lat' dir='ltr'>etiam</span> <span class='ocrx_word' id='word_1_279' title='bbox 215 1477 511 1525; x_wconf 86' lang='lat' dir='ltr'>concupiscentia</span> <span class='ocrx_word' id='word_1_280' title='bbox 531 1478 654 1513; x_wconf 87' lang='lat' dir='ltr'>uxoris</span> <span class='ocrx_word' id='word_1_281' title='bbox 680 1477 820 1513; x_wconf 89' lang='lat' dir='ltr'>alienae</span> <span class='ocrx_word' id='word_1_282' title='bbox 850 1478 893 1512; x_wconf 90' lang='lat' dir='ltr'>ad</span> <span class='ocrx_word' id='word_1_283' title='bbox 920 1478 1222 1513; x_wconf 85' lang='lat' dir='ltr'>commixtionem</span> <span class='ocrx_word' id='word_1_284' title='bbox 1243 1477 1398 1524; x_wconf 87' lang='lat' dir='ltr'>pertinet</span> <span class='ocrx_word' id='word_1_285' title='bbox 1418 1476 1462 1511; x_wconf 91' lang='lat' dir='ltr'>ad</span> <span class='ocrx_word' id='word_1_286' title='bbox 1488 1479 1642 1525; x_wconf 79' lang='lat' dir='ltr'>concupi-</span> 
     </span>
     <span class='ocr_line' id='line_1_40' title="bbox 75 1530 1639 1579; baseline -0.001 -12"><span class='ocrx_word' id='word_1_287' title='bbox 75 1531 233 1577; x_wconf 60' lang='lat' dir='ltr'>scentiam</span> <span class='ocrx_word' id='word_1_288' title='bbox 252 1532 383 1568; x_wconf 78' lang='lat' dir='ltr'>camis.-</span> <span class='ocrx_word' id='word_1_289' title='bbox 404 1531 722 1579; x_wconf 86' lang='lat' dir='ltr'>concupiscentiae</span> <span class='ocrx_word' id='word_1_290' title='bbox 744 1539 865 1566; x_wconf 87' lang='lat' dir='ltr'>autem</span> <span class='ocrx_word' id='word_1_291' title='bbox 880 1531 1033 1566; x_wconf 86' lang='lat' dir='ltr'>aliarum</span> <span class='ocrx_word' id='word_1_292' title='bbox 1055 1542 1187 1574; x_wconf 87' lang='lat' dir='ltr'>rerum,</span> <span class='ocrx_word' id='word_1_293' title='bbox 1209 1542 1301 1578; x_wconf 88' lang='lat' dir='ltr'>quae</span> <span class='ocrx_word' id='word_1_294' title='bbox 1326 1530 1574 1566; x_wconf 81' lang='lat' dir='ltr'>desiderantur</span> <span class='ocrx_word' id='word_1_295' title='bbox 1595 1531 1639 1565; x_wconf 87' lang='lat' dir='ltr'>ad</span> 
     </span>
     <span class='ocr_line' id='line_1_41' title="bbox 74 1583 1639 1633; baseline -0.001 -13"><span class='ocrx_word' id='word_1_296' title='bbox 74 1583 349 1633; x_wconf 80' lang='lat' dir='ltr'>possidendum,</span> <span class='ocrx_word' id='word_1_297' title='bbox 360 1585 540 1633; x_wconf 86' lang='lat' dir='ltr'>pertinent</span> <span class='ocrx_word' id='word_1_298' title='bbox 549 1584 594 1620; x_wconf 86' lang='lat' dir='ltr'>ad</span> <span class='ocrx_word' id='word_1_299' title='bbox 607 1586 905 1633; x_wconf 71' lang='lat' dir='ltr'>concupiscentiam</span> <span class='ocrx_word' id='word_1_300' title='bbox 919 1585 1091 1620; x_wconf 85' lang='lat' dir='ltr'>oculorum</span> <span class='ocrx_word' id='word_1_301' title='bbox 1099 1597 1111 1625; x_wconf 84' lang='lat'>,·</span> <span class='ocrx_word' id='word_1_302' title='bbox 1127 1585 1222 1620; x_wconf 92' lang='lat' dir='ltr'>unde</span> <span class='ocrx_word' id='word_1_303' title='bbox 1236 1585 1346 1619; x_wconf 85' lang='lat' dir='ltr'>etiam</span> <span class='ocrx_word' id='word_1_304' title='bbox 1361 1584 1515 1630; x_wconf 85' lang='lat' dir='ltr'>August.</span> <span class='ocrx_word' id='word_1_305' title='bbox 1527 1584 1639 1631; x_wconf 87' lang='lat' dir='ltr'>(ibid.)</span> 
     </span>
     <span class='ocr_line' id='line_1_42' title="bbox 76 1637 1639 1689; baseline -0.001 -15"><span class='ocrx_word' id='word_1_306' title='bbox 76 1638 181 1689; x_wconf 89' lang='lat' dir='ltr'>ponit</span> <span class='ocrx_word' id='word_1_307' title='bbox 199 1637 273 1674; x_wconf 91' lang='lat' dir='ltr'>duo</span> <span class='ocrx_word' id='word_1_308' title='bbox 293 1646 485 1687; x_wconf 89' lang='lat' dir='ltr'>praecepta</span> <span class='ocrx_word' id='word_1_309' title='bbox 502 1638 546 1674; x_wconf 90' lang='lat' dir='ltr'>de</span> <span class='ocrx_word' id='word_1_310' title='bbox 565 1649 641 1674; x_wconf 90' lang='lat' dir='ltr'>non</span> <span class='ocrx_word' id='word_1_311' title='bbox 655 1638 948 1686; x_wconf 89' lang='lat' dir='ltr'>concupiscendo</span> <span class='ocrx_word' id='word_1_312' title='bbox 963 1650 1041 1674; x_wconf 90' lang='lat' dir='ltr'>rem</span> <span class='ocrx_word' id='word_1_313' title='bbox 1056 1638 1225 1680; x_wconf 88' lang='lat' dir='ltr'>alienam,</span> <span class='ocrx_word' id='word_1_314' title='bbox 1239 1646 1276 1672; x_wconf 86' lang='lat' dir='ltr'>et</span> <span class='ocrx_word' id='word_1_315' title='bbox 1289 1649 1440 1673; x_wconf 86' lang='lat' dir='ltr'>uxorem</span> <span class='ocrx_word' id='word_1_316' title='bbox 1462 1637 1639 1673; x_wconf 84' lang='lat' dir='ltr'>alienam:</span> 
     </span>
     <span class='ocr_line' id='line_1_43' title="bbox 77 1691 1643 1740; baseline -0.001 -12"><span class='ocrx_word' id='word_1_317' title='bbox 77 1699 115 1734; x_wconf 78' lang='lat' dir='ltr'>et</span> <span class='ocrx_word' id='word_1_318' title='bbox 133 1691 185 1728; x_wconf 82' lang='lat' dir='ltr'>sic</span> <span class='ocrx_word' id='word_1_319' title='bbox 204 1692 309 1740; x_wconf 88' lang='lat' dir='ltr'>ponit</span> <span class='ocrx_word' id='word_1_320' title='bbox 327 1692 395 1728; x_wconf 86' lang='lat' dir='ltr'>tria</span> <span class='ocrx_word' id='word_1_321' title='bbox 415 1700 606 1740; x_wconf 80' lang='lat' dir='ltr'>praecepta</span> <span class='ocrx_word' id='word_1_322' title='bbox 626 1692 663 1727; x_wconf 91' lang='lat' dir='ltr'>in</span> <span class='ocrx_word' id='word_1_323' title='bbox 684 1692 811 1728; x_wconf 89' lang='lat' dir='ltr'>ordine</span> <span class='ocrx_word' id='word_1_324' title='bbox 829 1692 874 1727; x_wconf 88' lang='lat' dir='ltr'>ad</span> <span class='ocrx_word' id='word_1_325' title='bbox 895 1692 1030 1735; x_wconf 89' lang='lat' dir='ltr'>Deum,</span> <span class='ocrx_word' id='word_1_326' title='bbox 1051 1700 1087 1727; x_wconf 93' lang='lat' dir='ltr'>et</span> <span class='ocrx_word' id='word_1_327' title='bbox 1103 1700 1243 1739; x_wconf 86' lang='lat' dir='ltr'>septem</span> <span class='ocrx_word' id='word_1_328' title='bbox 1257 1691 1294 1726; x_wconf 85' lang='lat' dir='ltr'>in</span> <span class='ocrx_word' id='word_1_329' title='bbox 1316 1692 1442 1727; x_wconf 91' lang='lat' dir='ltr'>ordine</span> <span class='ocrx_word' id='word_1_330' title='bbox 1465 1691 1508 1726; x_wconf 85' lang='lat' dir='ltr'>ad</span> <span class='ocrx_word' id='word_1_331' title='bbox 1527 1692 1643 1738; x_wconf 77' lang='lat' dir='ltr'>proxi-</span> 
     </span>
     <span class='ocr_line' id='line_1_44' title="bbox 21 1746 586 1788; baseline -0.004 -4"><span class='ocrx_word' id='word_1_332' title='bbox 21 1759 25 1780; x_wconf 67' lang='lat' dir='ltr'>s</span> <span class='ocrx_word' id='word_1_333' title='bbox 75 1756 200 1784; x_wconf 80' lang='lat' dir='ltr'>mum:</span> <span class='ocrx_word' id='word_1_334' title='bbox 220 1746 349 1788; x_wconf 76' lang='lat' dir='ltr'>ethoc</span> <span class='ocrx_word' id='word_1_335' title='bbox 370 1746 500 1783; x_wconf 88' lang='lat' dir='ltr'>melius</span> <span class='ocrx_word' id='word_1_336' title='bbox 521 1755 586 1782; x_wconf 89' lang='lat' dir='ltr'>est.</span> 
     </span>
     <span class='ocr_line' id='line_1_45' title="bbox 24 1800 1641 1848; baseline -0.002 -10"><span class='ocrx_word' id='word_1_337' title='bbox 24 1800 25 1803; x_wconf 69' lang='grc'>’</span> <span class='ocrx_word' id='word_1_338' title='bbox 82 1840 85 1841; x_wconf 17' lang='lat'><em>⁷</em></span> <span class='ocrx_word' id='word_1_339' title='bbox 147 1800 210 1837; x_wconf 82' lang='lat' dir='ltr'>An</span> <span class='ocrx_word' id='word_1_340' title='bbox 228 1810 380 1837; x_wconf 68' lang='lat' dir='ltr'>numu</span> <span class='ocrx_word' id='word_1_341' title='bbox 399 1811 488 1848; x_wconf 88' lang='lat' dir='ltr'>ergo</span> <span class='ocrx_word' id='word_1_342' title='bbox 509 1800 716 1843; x_wconf 88' lang='lat' dir='ltr'>dicendum,</span> <span class='ocrx_word' id='word_1_343' title='bbox 734 1801 831 1848; x_wconf 93' lang='lat' dir='ltr'>quod</span> <span class='ocrx_word' id='word_1_344' title='bbox 852 1800 956 1836; x_wconf 86' lang='lat' dir='ltr'>latria</span> <span class='ocrx_word' id='word_1_345' title='bbox 977 1812 1051 1836; x_wconf 91' lang='lat' dir='ltr'>non</span> <span class='ocrx_word' id='word_1_346' title='bbox 1073 1809 1127 1836; x_wconf 91' lang='lat' dir='ltr'>est</span> <span class='ocrx_word' id='word_1_347' title='bbox 1144 1801 1214 1836; x_wconf 89' lang='lat' dir='ltr'>nisi</span> <span class='ocrx_word' id='word_1_348' title='bbox 1230 1800 1410 1847; x_wconf 85' lang='lat' dir='ltr'>quaedam</span> <span class='ocrx_word' id='word_1_349' title='bbox 1429 1800 1641 1847; x_wconf 84' lang='lat' dir='ltr'>protestatio</span> 
     </span>
     <span class='ocr_line' id='line_1_46' title="bbox 72 1852 1641 1901; baseline -0.001 -11"><span class='ocrx_word' id='word_1_350' title='bbox 72 1852 181 1898; x_wconf 73' lang='lat' dir='ltr'>fidei;</span> <span class='ocrx_word' id='word_1_351' title='bbox 201 1853 297 1890; x_wconf 89' lang='lat' dir='ltr'>unde</span> <span class='ocrx_word' id='word_1_352' title='bbox 317 1865 392 1890; x_wconf 87' lang='lat' dir='ltr'>non</span> <span class='ocrx_word' id='word_1_353' title='bbox 412 1861 496 1890; x_wconf 88' lang='lat' dir='ltr'>sunt</span> <span class='ocrx_word' id='word_1_354' title='bbox 520 1853 590 1889; x_wconf 89' lang='lat' dir='ltr'>alia</span> <span class='ocrx_word' id='word_1_355' title='bbox 616 1862 808 1901; x_wconf 91' lang='lat' dir='ltr'>praecepta</span> <span class='ocrx_word' id='word_1_356' title='bbox 829 1854 948 1889; x_wconf 89' lang='lat' dir='ltr'>danda</span> <span class='ocrx_word' id='word_1_357' title='bbox 973 1854 1018 1889; x_wconf 93' lang='lat' dir='ltr'>de</span> <span class='ocrx_word' id='word_1_358' title='bbox 1045 1854 1160 1896; x_wconf 87' lang='lat' dir='ltr'>latria,</span> <span class='ocrx_word' id='word_1_359' title='bbox 1187 1863 1223 1889; x_wconf 89' lang='lat' dir='ltr'>et</span> <span class='ocrx_word' id='word_1_360' title='bbox 1243 1854 1314 1889; x_wconf 83' lang='lat' dir='ltr'>alia</span> <span class='ocrx_word' id='word_1_361' title='bbox 1341 1854 1385 1889; x_wconf 89' lang='lat' dir='ltr'>de</span> <span class='ocrx_word' id='word_1_362' title='bbox 1406 1853 1494 1889; x_wconf 85' lang='lat' dir='ltr'>fide:</span> <span class='ocrx_word' id='word_1_363' title='bbox 1521 1854 1641 1901; x_wconf 91' lang='lat' dir='ltr'>potius</span> 
     </span>
     <span class='ocr_line' id='line_1_47' title="bbox 64 1907 1639 1956; baseline -0.001 -12"><span class='ocrx_word' id='word_1_364' title='bbox 64 1918 66 1922; x_wconf 93' lang='grc'><strong><em>·</em></strong></span> <span class='ocrx_word' id='word_1_365' title='bbox 124 1918 200 1944; x_wconf 76' lang='lat' dir='ltr'>nen</span> <span class='ocrx_word' id='word_1_366' title='bbox 219 1912 304 1944; x_wconf 76' lang='lat' dir='ltr'>sunt</span> <span class='ocrx_word' id='word_1_367' title='bbox 323 1907 444 1955; x_wconf 78' lang='lat' dir='ltr'>aliqua</span> <span class='ocrx_word' id='word_1_368' title='bbox 457 1915 648 1956; x_wconf 87' lang='lat' dir='ltr'>praecepta</span> <span class='ocrx_word' id='word_1_369' title='bbox 662 1907 781 1942; x_wconf 87' lang='lat' dir='ltr'>danda</span> <span class='ocrx_word' id='word_1_370' title='bbox 799 1907 843 1942; x_wconf 92' lang='lat' dir='ltr'>de</span> <span class='ocrx_word' id='word_1_371' title='bbox 857 1907 973 1950; x_wconf 88' lang='lat' dir='ltr'>latria,</span> <span class='ocrx_word' id='word_1_372' title='bbox 995 1919 1105 1954; x_wconf 83' lang='lat' dir='ltr'>quarn</span> <span class='ocrx_word' id='word_1_373' title='bbox 1126 1908 1170 1942; x_wconf 94' lang='lat' dir='ltr'>de</span> <span class='ocrx_word' id='word_1_374' title='bbox 1192 1907 1278 1943; x_wconf 83' lang='lat' dir='ltr'>fide:</span> <span class='ocrx_word' id='word_1_375' title='bbox 1301 1908 1385 1954; x_wconf 87' lang='lat' dir='ltr'>quia</span> <span class='ocrx_word' id='word_1_376' title='bbox 1407 1916 1639 1955; x_wconf 87' lang='lat' dir='ltr'>praeceptum</span> 
     </span>
     <span class='ocr_line' id='line_1_48' title="bbox 74 1947 1644 2010; baseline -0.001 -13"><span class='ocrx_word' id='word_1_377' title='bbox 74 1947 161 1998; x_wconf 69' lang='lat' dir='ltr'>fidei</span> <span class='ocrx_word' id='word_1_378' title='bbox 177 1960 478 2010; x_wconf 82' lang='lat' dir='ltr'>praesupponitur</span> <span class='ocrx_word' id='word_1_379' title='bbox 491 1961 534 1995; x_wconf 91' lang='lat' dir='ltr'>ad</span> <span class='ocrx_word' id='word_1_380' title='bbox 550 1969 742 2008; x_wconf 85' lang='lat' dir='ltr'>praecepta</span> <span class='ocrx_word' id='word_1_381' title='bbox 760 1960 939 2008; x_wconf 84' lang='lat' dir='ltr'>decalogi,</span> <span class='ocrx_word' id='word_1_382' title='bbox 953 1961 1045 1996; x_wconf 89' lang='lat' dir='ltr'>sicut</span> <span class='ocrx_word' id='word_1_383' title='bbox 1059 1969 1292 2008; x_wconf 85' lang='lat' dir='ltr'>praeceptum</span> <span class='ocrx_word' id='word_1_384' title='bbox 1311 1960 1532 1996; x_wconf 88' lang='lat' dir='ltr'>dilectionis:</span> <span class='ocrx_word' id='word_1_385' title='bbox 1551 1960 1644 1996; x_wconf 90' lang='lat' dir='ltr'>sicut</span> 
     </span>
     <span class='ocr_line' id='line_1_49' title="bbox 68 2013 1644 2069; baseline -0.001 -19"><span class='ocrx_word' id='word_1_386' title='bbox 68 2013 177 2069; x_wconf 54' lang='lat' dir='ltr'>enim</span> <span class='ocrx_word' id='word_1_387' title='bbox 197 2014 314 2062; x_wconf 85' lang='lat' dir='ltr'>prima</span> <span class='ocrx_word' id='word_1_388' title='bbox 332 2023 525 2062; x_wconf 83' lang='lat' dir='ltr'>praecepta</span> <span class='ocrx_word' id='word_1_389' title='bbox 545 2014 758 2049; x_wconf 86' lang='lat' dir='ltr'>communia</span> <span class='ocrx_word' id='word_1_390' title='bbox 779 2013 870 2061; x_wconf 91' lang='lat' dir='ltr'>legis</span> <span class='ocrx_word' id='word_1_391' title='bbox 894 2022 1044 2050; x_wconf 88' lang='lat' dir='ltr'>naturae</span> <span class='ocrx_word' id='word_1_392' title='bbox 1066 2022 1149 2049; x_wconf 89' lang='lat' dir='ltr'>sunt</span> <span class='ocrx_word' id='word_1_393' title='bbox 1169 2026 1232 2061; x_wconf 85' lang='lat' dir='ltr'>per</span> <span class='ocrx_word' id='word_1_394' title='bbox 1252 2025 1290 2049; x_wconf 89' lang='lat' dir='ltr'>se</span> <span class='ocrx_word' id='word_1_395' title='bbox 1315 2022 1402 2050; x_wconf 88' lang='lat' dir='ltr'>nota</span> <span class='ocrx_word' id='word_1_396' title='bbox 1424 2014 1571 2049; x_wconf 87' lang='lat' dir='ltr'>habenti</span> <span class='ocrx_word' id='word_1_397' title='bbox 1592 2025 1644 2049; x_wconf 89' lang='lat' dir='ltr'>ra-</span> 
     </span>
     <span class='ocr_line' id='line_1_50' title="bbox 72 2067 1643 2115; baseline -0.001 -11"><span class='ocrx_word' id='word_1_398' title='bbox 72 2084 94 2099; x_wconf 80' lang='lat'>··=</span> <span class='ocrx_word' id='word_1_399' title='bbox 114 2078 217 2104; x_wconf 65' lang='lat' dir='ltr'>wem</span> <span class='ocrx_word' id='word_1_400' title='bbox 235 2067 451 2110; x_wconf 76' lang='lat' dir='ltr'>naturalem,</span> <span class='ocrx_word' id='word_1_401' title='bbox 472 2076 508 2103; x_wconf 91' lang='lat' dir='ltr'>et</span> <span class='ocrx_word' id='word_1_402' title='bbox 527 2067 822 2115; x_wconf 83' lang='lat' dir='ltr'>promulgatione</span> <span class='ocrx_word' id='word_1_403' title='bbox 835 2079 910 2103; x_wconf 90' lang='lat' dir='ltr'>non</span> <span class='ocrx_word' id='word_1_404' title='bbox 928 2068 1108 2115; x_wconf 88' lang='lat' dir='ltr'>indigent:</span> <span class='ocrx_word' id='word_1_405' title='bbox 1127 2068 1176 2103; x_wconf 85' lang='lat' dir='ltr'>ita</span> <span class='ocrx_word' id='word_1_406' title='bbox 1195 2068 1305 2103; x_wconf 84' lang='lat' dir='ltr'>etiam</span> <span class='ocrx_word' id='word_1_407' title='bbox 1323 2077 1358 2103; x_wconf 89' lang='lat' dir='ltr'>et</span> <span class='ocrx_word' id='word_1_408' title='bbox 1375 2068 1447 2103; x_wconf 83' lang='lat' dir='ltr'>hoc</span> <span class='ocrx_word' id='word_1_409' title='bbox 1470 2068 1567 2115; x_wconf 87' lang='lat' dir='ltr'>quod</span> <span class='ocrx_word' id='word_1_410' title='bbox 1589 2077 1643 2103; x_wconf 91' lang='lat' dir='ltr'>est</span> 
     </span>
     <span class='ocr_line' id='line_1_51' title="bbox 89 2120 1644 2169; baseline 0 -11"><span class='ocrx_word' id='word_1_411' title='bbox 89 2140 100 2147; x_wconf 86' lang='lat'><em>·</em></span> <span class='ocrx_word' id='word_1_412' title='bbox 126 2132 224 2158; x_wconf 57' lang='lat' dir='ltr'>nere</span> <span class='ocrx_word' id='word_1_413' title='bbox 242 2121 282 2157; x_wconf 83' lang='lat' dir='ltr'>in</span> <span class='ocrx_word' id='word_1_414' title='bbox 300 2120 436 2165; x_wconf 88' lang='lat' dir='ltr'>Deum,</span> <span class='ocrx_word' id='word_1_415' title='bbox 461 2129 517 2157; x_wconf 87' lang='lat' dir='ltr'>est</span> <span class='ocrx_word' id='word_1_416' title='bbox 540 2121 711 2169; x_wconf 88' lang='lat' dir='ltr'>primum,</span> <span class='ocrx_word' id='word_1_417' title='bbox 733 2130 769 2157; x_wconf 91' lang='lat' dir='ltr'>et</span> <span class='ocrx_word' id='word_1_418' title='bbox 793 2133 857 2169; x_wconf 90' lang='lat' dir='ltr'>per</span> <span class='ocrx_word' id='word_1_419' title='bbox 882 2132 920 2157; x_wconf 87' lang='lat' dir='ltr'>sc</span> <span class='ocrx_word' id='word_1_420' title='bbox 945 2129 1076 2157; x_wconf 89' lang='lat' dir='ltr'>notum</span> <span class='ocrx_word' id='word_1_421' title='bbox 1102 2122 1147 2163; x_wconf 87' lang='lat' dir='ltr'>ei,</span> <span class='ocrx_word' id='word_1_422' title='bbox 1169 2123 1229 2168; x_wconf 90' lang='lat' dir='ltr'>qui</span> <span class='ocrx_word' id='word_1_423' title='bbox 1256 2121 1366 2157; x_wconf 86' lang='lat' dir='ltr'>habet</span> <span class='ocrx_word' id='word_1_424' title='bbox 1393 2121 1520 2158; x_wconf 85' lang='lat' dir='ltr'>fidem:</span> <span class='ocrx_word' id='word_1_425' title='bbox 1543 2123 1644 2158; x_wconf 75' lang='lat' dir='ltr'>Acce-</span> 
     </span>
     <span class='ocr_line' id='line_1_52' title="bbox 161 2173 1641 2223; baseline -0.001 -11"><span class='ocrx_word' id='word_1_426' title='bbox 161 2197 170 2202; x_wconf 35' lang='lat'>*</span> <span class='ocrx_word' id='word_1_427' title='bbox 221 2176 311 2212; x_wconf 74' lang='lat' dir='ltr'>enim</span> <span class='ocrx_word' id='word_1_428' title='bbox 329 2173 374 2211; x_wconf 81' lang='lat' dir='ltr'>ad</span> <span class='ocrx_word' id='word_1_429' title='bbox 389 2175 502 2211; x_wconf 77' lang='lat' dir='ltr'>Deum</span> <span class='ocrx_word' id='word_1_430' title='bbox 522 2180 650 2223; x_wconf 74' lang='lat' dir='ltr'>oportet</span> <span class='ocrx_word' id='word_1_431' title='bbox 674 2174 814 2217; x_wconf 67' lang='lat' dir='ltr'>credere,</span> <span class='ocrx_word' id='word_1_432' title='bbox 836 2176 915 2222; x_wconf 78' lang='lat' dir='ltr'>quia</span> <span class='ocrx_word' id='word_1_433' title='bbox 935 2181 990 2218; x_wconf 72' lang='lat' dir='ltr'>cst,</span> <span class='ocrx_word' id='word_1_434' title='bbox 1013 2183 1051 2210; x_wconf 91' lang='lat' dir='ltr'>ut</span> <span class='ocrx_word' id='word_1_435' title='bbox 1071 2175 1202 2211; x_wconf 89' lang='lat' dir='ltr'>dicitur</span> <span class='ocrx_word' id='word_1_436' title='bbox 1224 2175 1268 2210; x_wconf 89' lang='lat' dir='ltr'>ad</span> <span class='ocrx_word' id='word_1_437' title='bbox 1288 2175 1379 2210; x_wconf 87' lang='lat' dir='ltr'>Heb.</span> <span class='ocrx_word' id='word_1_438' title='bbox 1406 2186 1479 2218; x_wconf 87' lang='lat'>11.;</span> <span class='ocrx_word' id='word_1_439' title='bbox 1501 2183 1536 2210; x_wconf 91' lang='lat' dir='ltr'>et</span> <span class='ocrx_word' id='word_1_440' title='bbox 1557 2175 1641 2211; x_wconf 86' lang='lat' dir='ltr'>ideo</span> 
     </span>
     <span class='ocr_line' id='line_1_53' title="bbox 113 2227 1136 2276; baseline -0.002 -11"><span class='ocrx_word' id='word_1_441' title='bbox 113 2245 120 2257; x_wconf 81' lang='lat'><strong>·</strong></span> <span class='ocrx_word' id='word_1_442' title='bbox 138 2247 144 2259; x_wconf 87' lang='lat'><strong>·</strong></span> <span class='ocrx_word' id='word_1_443' title='bbox 174 2228 312 2276; x_wconf 84' lang='lat' dir='ltr'>indiget</span> <span class='ocrx_word' id='word_1_444' title='bbox 330 2227 402 2264; x_wconf 83' lang='lat' dir='ltr'>alia</span> <span class='ocrx_word' id='word_1_445' title='bbox 421 2228 729 2276; x_wconf 86' lang='lat' dir='ltr'>promulgatione,</span> <span class='ocrx_word' id='word_1_446' title='bbox 750 2229 819 2264; x_wconf 89' lang='lat' dir='ltr'>nisi</span> <span class='ocrx_word' id='word_1_447' title='bbox 839 2228 1020 2264; x_wconf 83' lang='lat' dir='ltr'>infusione</span> <span class='ocrx_word' id='word_1_448' title='bbox 1042 2229 1136 2265; x_wconf 84' lang='lat' dir='ltr'>fidei.</span> 
     </span>
     <span class='ocr_line' id='line_1_54' title="bbox 150 2281 1645 2330; baseline -0.001 -12"><span class='ocrx_word' id='word_1_449' title='bbox 150 2281 213 2319; x_wconf 82' lang='lat' dir='ltr'>An</span> <span class='ocrx_word' id='word_1_450' title='bbox 233 2292 442 2318; x_wconf 66' lang='lat' dir='ltr'>szcmmuu</span> <span class='ocrx_word' id='word_1_451' title='bbox 461 2281 669 2325; x_wconf 87' lang='lat' dir='ltr'>dicendum,</span> <span class='ocrx_word' id='word_1_452' title='bbox 691 2282 788 2329; x_wconf 89' lang='lat' dir='ltr'>quod</span> <span class='ocrx_word' id='word_1_453' title='bbox 810 2290 1000 2329; x_wconf 87' lang='lat' dir='ltr'>praecepta</span> <span class='ocrx_word' id='word_1_454' title='bbox 1023 2281 1239 2318; x_wconf 87' lang='lat' dir='ltr'>affirmativa</span> <span class='ocrx_word' id='word_1_455' title='bbox 1260 2282 1528 2330; x_wconf 89' lang='lat' dir='ltr'>distinguuntur</span> <span class='ocrx_word' id='word_1_456' title='bbox 1549 2294 1568 2317; x_wconf 90' lang='lat' dir='ltr'>a</span> <span class='ocrx_word' id='word_1_457' title='bbox 1586 2294 1645 2317; x_wconf 91' lang='lat' dir='ltr'>ne-</span> 
     </span>
     <span class='ocr_line' id='line_1_55' title="bbox 86 2334 1644 2384; baseline -0.001 -12"><span class='ocrx_word' id='word_1_458' title='bbox 86 2338 104 2359; x_wconf 64' lang='lat'>&#39;=</span> <span class='ocrx_word' id='word_1_459' title='bbox 119 2374 122 2375; x_wconf 16' lang='lat'><em>⁷</em></span> <span class='ocrx_word' id='word_1_460' title='bbox 137 2334 222 2380; x_wconf 64' lang='lat' dir='ltr'>fvis,</span> <span class='ocrx_word' id='word_1_461' title='bbox 233 2334 382 2384; x_wconf 80' lang='lat' dir='ltr'>quando</span> <span class='ocrx_word' id='word_1_462' title='bbox 395 2346 510 2371; x_wconf 90' lang='lat' dir='ltr'>unum</span> <span class='ocrx_word' id='word_1_463' title='bbox 525 2347 599 2371; x_wconf 91' lang='lat' dir='ltr'>non</span> <span class='ocrx_word' id='word_1_464' title='bbox 614 2335 937 2383; x_wconf 88' lang='lat' dir='ltr'>comprehenditur</span> <span class='ocrx_word' id='word_1_465' title='bbox 951 2336 986 2370; x_wconf 90' lang='lat' dir='ltr'>in</span> <span class='ocrx_word' id='word_1_466' title='bbox 1002 2335 1094 2371; x_wconf 87' lang='lat' dir='ltr'>alio:</span> <span class='ocrx_word' id='word_1_467' title='bbox 1109 2338 1201 2372; x_wconf 90' lang='lat' dir='ltr'>sicut</span> <span class='ocrx_word' id='word_1_468' title='bbox 1214 2336 1250 2371; x_wconf 90' lang='lat' dir='ltr'>in</span> <span class='ocrx_word' id='word_1_469' title='bbox 1263 2336 1507 2371; x_wconf 86' lang='lat' dir='ltr'>honoratione</span> <span class='ocrx_word' id='word_1_470' title='bbox 1521 2347 1644 2383; x_wconf 88' lang='lat' dir='ltr'>paren-</span> 
     </span>
     <span class='ocr_line' id='line_1_56' title="bbox 130 2387 1644 2436; baseline -0.001 -10"><span class='ocrx_word' id='word_1_471' title='bbox 130 2407 148 2419; x_wconf 88' lang='lat'>=·</span> <span class='ocrx_word' id='word_1_472' title='bbox 178 2399 254 2426; x_wconf 89' lang='lat' dir='ltr'>non</span> <span class='ocrx_word' id='word_1_473' title='bbox 273 2387 479 2432; x_wconf 81' lang='lat' dir='ltr'>includitur,</span> <span class='ocrx_word' id='word_1_474' title='bbox 500 2388 598 2436; x_wconf 90' lang='lat' dir='ltr'>quod</span> <span class='ocrx_word' id='word_1_475' title='bbox 619 2388 740 2425; x_wconf 88' lang='lat' dir='ltr'>nullus</span> <span class='ocrx_word' id='word_1_476' title='bbox 761 2389 876 2424; x_wconf 90' lang='lat' dir='ltr'>homo</span> <span class='ocrx_word' id='word_1_477' title='bbox 898 2389 1096 2432; x_wconf 85' lang='lat' dir='ltr'>occidatur,</span> <span class='ocrx_word' id='word_1_478' title='bbox 1119 2402 1185 2425; x_wconf 91' lang='lat' dir='ltr'>nec</span> <span class='ocrx_word' id='word_1_479' title='bbox 1201 2401 1221 2425; x_wconf 90' lang='lat' dir='ltr'>e</span> <span class='ocrx_word' id='word_1_480' title='bbox 1236 2401 1434 2425; x_wconf 85' lang='lat' dir='ltr'>converso:</span> <span class='ocrx_word' id='word_1_481' title='bbox 1450 2398 1485 2425; x_wconf 89' lang='lat' dir='ltr'>et</span> <span class='ocrx_word' id='word_1_482' title='bbox 1499 2398 1644 2436; x_wconf 89' lang='lat' dir='ltr'>propter</span> 
     </span>
     <span class='ocr_line' id='line_1_57' title="bbox 116 2442 1646 2491; baseline -0.001 -12"><span class='ocrx_word' id='word_1_483' title='bbox 116 2460 122 2471; x_wconf 34' lang='grc' dir='ltr'>ἢ</span> <span class='ocrx_word' id='word_1_484' title='bbox 165 2442 298 2479; x_wconf 83' lang='lat' dir='ltr'>dantur</span> <span class='ocrx_word' id='word_1_485' title='bbox 310 2442 453 2479; x_wconf 80' lang='lat' dir='ltr'>diversa</span> <span class='ocrx_word' id='word_1_486' title='bbox 467 2451 661 2491; x_wconf 84' lang='lat' dir='ltr'>praecepta</span> <span class='ocrx_word' id='word_1_487' title='bbox 676 2453 783 2489; x_wconf 86' lang='lat' dir='ltr'>super</span> <span class='ocrx_word' id='word_1_488' title='bbox 796 2442 885 2478; x_wconf 88' lang='lat' dir='ltr'>hoc:</span> <span class='ocrx_word' id='word_1_489' title='bbox 901 2443 963 2478; x_wconf 91' lang='lat' dir='ltr'>sed</span> <span class='ocrx_word' id='word_1_490' title='bbox 977 2444 1123 2490; x_wconf 89' lang='lat' dir='ltr'>quando</span> <span class='ocrx_word' id='word_1_491' title='bbox 1138 2443 1393 2478; x_wconf 80' lang='lat' dir='ltr'>affirmativum</span> <span class='ocrx_word' id='word_1_492' title='bbox 1409 2443 1646 2490; x_wconf 87' lang='lat' dir='ltr'>comprehen-</span> 
     </span>
     <span class='ocr_line' id='line_1_58' title="bbox 127 2495 1643 2544; baseline -0.001 -11"><span class='ocrx_word' id='word_1_493' title='bbox 127 2511 146 2524; x_wconf 39' lang='grc' dir='ltr'>«ἱ</span> <span class='ocrx_word' id='word_1_494' title='bbox 193 2495 260 2533; x_wconf 78' lang='lat' dir='ltr'>sub</span> <span class='ocrx_word' id='word_1_495' title='bbox 280 2496 464 2544; x_wconf 76' lang='lat' dir='ltr'>negativo,</span> <span class='ocrx_word' id='word_1_496' title='bbox 484 2496 542 2532; x_wconf 83' lang='lat' dir='ltr'>vel</span> <span class='ocrx_word' id='word_1_497' title='bbox 565 2508 585 2532; x_wconf 92' lang='lat' dir='ltr'>e</span> <span class='ocrx_word' id='word_1_498' title='bbox 603 2507 795 2539; x_wconf 83' lang='lat' dir='ltr'>converso,</span> <span class='ocrx_word' id='word_1_499' title='bbox 816 2508 890 2532; x_wconf 88' lang='lat' dir='ltr'>non</span> <span class='ocrx_word' id='word_1_500' title='bbox 911 2496 1041 2532; x_wconf 82' lang='lat' dir='ltr'>dantur</span> <span class='ocrx_word' id='word_1_501' title='bbox 1062 2509 1168 2544; x_wconf 86' lang='lat' dir='ltr'>super</span> <span class='ocrx_word' id='word_1_502' title='bbox 1189 2497 1261 2533; x_wconf 90' lang='lat' dir='ltr'>hoc</span> <span class='ocrx_word' id='word_1_503' title='bbox 1279 2497 1420 2532; x_wconf 85' lang='lat' dir='ltr'>diversa</span> <span class='ocrx_word' id='word_1_504' title='bbox 1441 2505 1643 2544; x_wconf 85' lang='lat' dir='ltr'>praecepta:</span> 
     </span>
     <span class='ocr_line' id='line_1_59' title="bbox 191 2548 1644 2598; baseline 0 -12"><span class='ocrx_word' id='word_1_505' title='bbox 191 2560 268 2586; x_wconf 86' lang='lat' dir='ltr'>non</span> <span class='ocrx_word' id='word_1_506' title='bbox 287 2548 392 2586; x_wconf 76' lang='lat' dir='ltr'>datur</span> <span class='ocrx_word' id='word_1_507' title='bbox 413 2548 510 2585; x_wconf 87' lang='lat' dir='ltr'>aliud</span> <span class='ocrx_word' id='word_1_508' title='bbox 531 2558 765 2598; x_wconf 86' lang='lat' dir='ltr'>praeceptum</span> <span class='ocrx_word' id='word_1_509' title='bbox 787 2550 831 2585; x_wconf 88' lang='lat' dir='ltr'>de</span> <span class='ocrx_word' id='word_1_510' title='bbox 849 2550 920 2585; x_wconf 88' lang='lat' dir='ltr'>hoc</span> <span class='ocrx_word' id='word_1_511' title='bbox 943 2551 1041 2597; x_wconf 92' lang='lat' dir='ltr'>quod</span> <span class='ocrx_word' id='word_1_512' title='bbox 1062 2559 1134 2586; x_wconf 91' lang='lat' dir='ltr'>est:</span> <span class='ocrx_word' id='word_1_513' title='bbox 1157 2551 1234 2586; x_wconf 79' lang='lat' dir='ltr'>Non</span> <span class='ocrx_word' id='word_1_514' title='bbox 1253 2551 1386 2597; x_wconf 78' lang='lat' dir='ltr'>furtum</span> <span class='ocrx_word' id='word_1_515' title='bbox 1398 2551 1517 2596; x_wconf 69' lang='lat' dir='ltr'>jacies,</span> <span class='ocrx_word' id='word_1_516' title='bbox 1540 2558 1576 2586; x_wconf 84' lang='lat' dir='ltr'>et</span> <span class='ocrx_word' id='word_1_517' title='bbox 1600 2551 1644 2586; x_wconf 91' lang='lat' dir='ltr'>de</span> 
     </span>
     <span class='ocr_line' id='line_1_60' title="bbox 96 2602 1643 2651; baseline 0 -12"><span class='ocrx_word' id='word_1_518' title='bbox 96 2641 99 2643; x_wconf 75' lang='grc'>,</span> <span class='ocrx_word' id='word_1_519' title='bbox 116 2620 123 2632; x_wconf 91' lang='lat'><strong>·</strong></span> <span class='ocrx_word' id='word_1_520' title='bbox 170 2602 268 2651; x_wconf 86' lang='lat' dir='ltr'>quod</span> <span class='ocrx_word' id='word_1_521' title='bbox 282 2611 354 2640; x_wconf 78' lang='lat' dir='ltr'>est:</span> <span class='ocrx_word' id='word_1_522' title='bbox 368 2614 563 2640; x_wconf 75' lang='lat' dir='ltr'>conservare</span> <span class='ocrx_word' id='word_1_523' title='bbox 584 2616 651 2639; x_wconf 74' lang='lat' dir='ltr'>rem</span> <span class='ocrx_word' id='word_1_524' title='bbox 667 2603 822 2645; x_wconf 77' lang='lat' dir='ltr'>alienam,</span> <span class='ocrx_word' id='word_1_525' title='bbox 843 2604 897 2639; x_wconf 80' lang='lat' dir='ltr'>vd</span> <span class='ocrx_word' id='word_1_526' title='bbox 919 2606 1084 2640; x_wconf 70' lang='lat' dir='ltr'>restituere</span> <span class='ocrx_word' id='word_1_527' title='bbox 1101 2617 1173 2640; x_wconf 81' lang='lat' dir='ltr'>cam</span> <span class='ocrx_word' id='word_1_528' title='bbox 1186 2618 1196 2639; x_wconf 94' lang='grc'>.·</span> <span class='ocrx_word' id='word_1_529' title='bbox 1212 2613 1247 2639; x_wconf 81' lang='lat' dir='ltr'>et</span> <span class='ocrx_word' id='word_1_530' title='bbox 1269 2605 1397 2639; x_wconf 75' lang='lat' dir='ltr'>eadem</span> <span class='ocrx_word' id='word_1_531' title='bbox 1416 2604 1555 2639; x_wconf 83' lang='lat' dir='ltr'>ratione</span> <span class='ocrx_word' id='word_1_532' title='bbox 1570 2615 1643 2639; x_wconf 88' lang='lat' dir='ltr'>non</span> 
     </span>
     <span class='ocr_line' id='line_1_61' title="bbox 34 2656 1645 2713; baseline 0 -20"><span class='ocrx_word' id='word_1_533' title='bbox 34 2682 38 2713; x_wconf 42' lang='grc' dir='ltr'>ς</span> <span class='ocrx_word' id='word_1_534' title='bbox 182 2656 325 2693; x_wconf 76' lang='lat' dir='ltr'>diversa</span> <span class='ocrx_word' id='word_1_535' title='bbox 344 2665 537 2705; x_wconf 82' lang='lat' dir='ltr'>praecepta</span> <span class='ocrx_word' id='word_1_536' title='bbox 557 2656 602 2693; x_wconf 88' lang='lat' dir='ltr'>de</span> <span class='ocrx_word' id='word_1_537' title='bbox 624 2656 807 2692; x_wconf 87' lang='lat' dir='ltr'>credendo</span> <span class='ocrx_word' id='word_1_538' title='bbox 829 2657 865 2693; x_wconf 89' lang='lat' dir='ltr'>in</span> <span class='ocrx_word' id='word_1_539' title='bbox 886 2657 1020 2700; x_wconf 86' lang='lat' dir='ltr'>Deum,</span> <span class='ocrx_word' id='word_1_540' title='bbox 1041 2666 1077 2694; x_wconf 88' lang='lat' dir='ltr'>et</span> <span class='ocrx_word' id='word_1_541' title='bbox 1098 2658 1142 2693; x_wconf 90' lang='lat' dir='ltr'>de</span> <span class='ocrx_word' id='word_1_542' title='bbox 1165 2658 1235 2693; x_wconf 92' lang='lat' dir='ltr'>hoc</span> <span class='ocrx_word' id='word_1_543' title='bbox 1264 2657 1362 2704; x_wconf 83' lang='lat' dir='ltr'>quod</span> <span class='ocrx_word' id='word_1_544' title='bbox 1384 2668 1457 2693; x_wconf 89' lang='lat' dir='ltr'>non</span> <span class='ocrx_word' id='word_1_545' title='bbox 1479 2657 1645 2693; x_wconf 86' lang='lat' dir='ltr'>credatur</span> 
     </span>
     <span class='ocr_line' id='line_1_62' title="bbox 111 2708 414 2750; baseline -0.013 0"><span class='ocrx_word' id='word_1_546' title='bbox 111 2748 117 2750; x_wconf 67' lang='grc'><strong>,</strong></span> <span class='ocrx_word' id='word_1_547' title='bbox 138 2708 280 2747; x_wconf 71' lang='lat' dir='ltr'>alienos</span> <span class='ocrx_word' id='word_1_548' title='bbox 299 2709 414 2747; x_wconf 80' lang='lat' dir='ltr'>Deos.</span> 
     </span>
     <span class='ocr_line' id='line_1_63' title="bbox 120 2763 1645 2813; baseline -0.001 -11"><span class='ocrx_word' id='word_1_549' title='bbox 120 2790 123 2793; x_wconf 56' lang='lat'><strong>&gt;</strong></span> <span class='ocrx_word' id='word_1_550' title='bbox 150 2763 214 2802; x_wconf 76' lang='lat' dir='ltr'>An</span> <span class='ocrx_word' id='word_1_551' title='bbox 234 2773 407 2802; x_wconf 71' lang='grc' dir='ltr'>τειτῐυκ</span> <span class='ocrx_word' id='word_1_552' title='bbox 427 2763 635 2807; x_wconf 86' lang='lat' dir='ltr'>dicendum,</span> <span class='ocrx_word' id='word_1_553' title='bbox 648 2763 746 2811; x_wconf 91' lang='lat' dir='ltr'>quod</span> <span class='ocrx_word' id='word_1_554' title='bbox 761 2765 881 2801; x_wconf 89' lang='lat' dir='ltr'>omnis</span> <span class='ocrx_word' id='word_1_555' title='bbox 902 2765 1198 2813; x_wconf 85' lang='lat' dir='ltr'>concupiscentia</span> <span class='ocrx_word' id='word_1_556' title='bbox 1213 2765 1383 2801; x_wconf 87' lang='lat' dir='ltr'>convenit</span> <span class='ocrx_word' id='word_1_557' title='bbox 1404 2765 1439 2800; x_wconf 89' lang='lat' dir='ltr'>in</span> <span class='ocrx_word' id='word_1_558' title='bbox 1460 2777 1529 2801; x_wconf 85' lang='lat' dir='ltr'>una</span> <span class='ocrx_word' id='word_1_559' title='bbox 1543 2775 1645 2801; x_wconf 89' lang='lat' dir='ltr'>com·</span> 
     </span>
     <span class='ocr_line' id='line_1_64' title="bbox 111 2817 1645 2867; baseline 0 -13"><span class='ocrx_word' id='word_1_560' title='bbox 111 2819 121 2823; x_wconf 66' lang='grc'><em>”</em></span> <span class='ocrx_word' id='word_1_561' title='bbox 158 2843 160 2845; x_wconf 35' lang='lat' dir='ltr'>v</span> <span class='ocrx_word' id='word_1_562' title='bbox 202 2817 365 2862; x_wconf 49' lang='lat' dir='ltr'>rationu</span> <span class='ocrx_word' id='word_1_563' title='bbox 384 2825 421 2854; x_wconf 81' lang='lat' dir='ltr'>et</span> <span class='ocrx_word' id='word_1_564' title='bbox 437 2817 521 2859; x_wconf 75' lang='lat' dir='ltr'>ideo</span> <span class='ocrx_word' id='word_1_565' title='bbox 536 2817 665 2865; x_wconf 81' lang='lat' dir='ltr'>Apost.</span> <span class='ocrx_word' id='word_1_566' title='bbox 681 2817 909 2865; x_wconf 83' lang='lat' dir='ltr'>singulariter</span> <span class='ocrx_word' id='word_1_567' title='bbox 930 2819 974 2855; x_wconf 91' lang='lat' dir='ltr'>de</span> <span class='ocrx_word' id='word_1_568' title='bbox 989 2819 1162 2854; x_wconf 87' lang='lat' dir='ltr'>mandato</span> <span class='ocrx_word' id='word_1_569' title='bbox 1180 2819 1461 2866; x_wconf 82' lang='lat' dir='ltr'>concupiscendi</span> <span class='ocrx_word' id='word_1_570' title='bbox 1476 2818 1645 2867; x_wconf 82' lang='lat' dir='ltr'>loquitur3</span> 
     </span>
     <span class='ocr_line' id='line_1_65' title="bbox 185 2859 1644 2920; baseline 0 -12"><span class='ocrx_word' id='word_1_571' title='bbox 185 2877 310 2917; x_wconf 60' lang='lat' dir='ltr'>tntum</span> <span class='ocrx_word' id='word_1_572' title='bbox 329 2870 367 2907; x_wconf 86' lang='lat' dir='ltr'>in</span> <span class='ocrx_word' id='word_1_573' title='bbox 386 2859 537 2919; x_wconf 77' lang='lat' dir='ltr'>speciali</span> <span class='ocrx_word' id='word_1_574' title='bbox 561 2871 724 2907; x_wconf 84' lang='lat' dir='ltr'>diversae</span> <span class='ocrx_word' id='word_1_575' title='bbox 746 2879 830 2908; x_wconf 84' lang='lat' dir='ltr'>sunt</span> <span class='ocrx_word' id='word_1_576' title='bbox 849 2872 1008 2909; x_wconf 78' lang='lat' dir='ltr'>rationes</span> <span class='ocrx_word' id='word_1_577' title='bbox 1020 2873 1326 2920; x_wconf 64' lang='lat' dir='ltr'>&gt;concupiscendi3</span> <span class='ocrx_word' id='word_1_578' title='bbox 1345 2872 1427 2908; x_wconf 88' lang='lat' dir='ltr'>ideo</span> <span class='ocrx_word' id='word_1_579' title='bbox 1449 2873 1545 2920; x_wconf 82' lang='lat' dir='ltr'>Aug.</span> <span class='ocrx_word' id='word_1_580' title='bbox 1566 2873 1644 2917; x_wconf 82' lang='lat' dir='ltr'>(loc.</span> 
     </span>
     <span class='ocr_line' id='line_1_66' title="bbox 171 2920 1645 2973; baseline 0 -12"><span class='ocrx_word' id='word_1_581' title='bbox 171 2924 247 2972; x_wconf 66' lang='lat' dir='ltr'>dl.)</span> <span class='ocrx_word' id='word_1_582' title='bbox 265 2920 456 2972; x_wconf 71' lang='lat' dir='ltr'>distinguit</span> <span class='ocrx_word' id='word_1_583' title='bbox 474 2924 617 2962; x_wconf 79' lang='lat' dir='ltr'>diversa</span> <span class='ocrx_word' id='word_1_584' title='bbox 636 2933 828 2973; x_wconf 81' lang='lat' dir='ltr'>praecepta</span> <span class='ocrx_word' id='word_1_585' title='bbox 849 2925 892 2962; x_wconf 91' lang='lat' dir='ltr'>de</span> <span class='ocrx_word' id='word_1_586' title='bbox 913 2936 988 2963; x_wconf 89' lang='lat' dir='ltr'>non</span> <span class='ocrx_word' id='word_1_587' title='bbox 1014 2926 1325 2973; x_wconf 81' lang='lat' dir='ltr'>concupiscendo:</span> <span class='ocrx_word' id='word_1_588' title='bbox 1352 2925 1522 2963; x_wconf 79' lang='lat' dir='ltr'>differunt</span> <span class='ocrx_word' id='word_1_589' title='bbox 1547 2926 1645 2962; x_wconf 86' lang='lat' dir='ltr'>enim</span> 
     </span>
    </p>
   </div>
  </div>
 </body>
</html>
