1907 3182
260 171 338 210 162
476 208 478 210 ,
685 180 904 216 QUAESTIO
939 179 1026 209 XIX.
1060 179 1304 210 ARTICULUS
1337 179 1398 209 ΙΙΙ.

253 263 407 309 pertinet
426 263 469 297 ad
488 262 726 305 voluntatem,
745 274 855 309 quam
875 262 918 296 ad
937 262 1128 303 rationem,
1144 269 1182 295 ut
1197 273 1239 296 ex
1257 261 1469 306 supradictis
1488 269 1585 308 patet
1598 263 1644 308 (q.
1659 263 1690 297 8.
1705 266 1771 296 art.
1785 273 1814 298 1.

253 321 281 351 ct
299 329 328 362 q.
348 329 379 363 9.
403 322 465 351 art.
488 317 555 361 1.);
580 328 666 362 ergo
689 317 827 350 bonum
848 315 1044 349 voluntatis
1066 326 1141 349 non
1163 315 1340 361 dependet
1362 326 1381 348 a
1399 315 1548 349 ratione.

325 380 356 404 2.
379 370 615 405 PRAETEREA.
639 369 773 403 Philos.
795 369 880 403 dicit
901 369 936 402 in
959 368 990 402 6.
1013 368 1128 403 Ethic.
1149 369 1241 415 (cap.
1260 369 1318 412 2.),
1335 368 1430 414 quod
1449 369 1589 403 bonitas
1611 367 1814 402 intellectus

252 424 399 470 practici
421 432 473 458 est
494 435 621 457 verum
644 422 831 456 conforme
854 423 1027 468 appetitui
1047 430 1166 456 recto:
1191 422 1368 468 appetitus
1391 431 1513 457 autem
1541 431 1658 457 rectus
1682 430 1735 457 est
1755 433 1816 456 vo-

252 477 370 511 luntas
391 477 504 519 bona3
528 488 613 522 ergo
643 477 785 510 bonitas
806 476 955 510 rationis
977 476 1155 522 practicae
1178 477 1295 521 magis
1323 476 1500 522 dependet
1526 488 1545 510 a
1571 476 1733 510 bonitate
1755 486 1816 509 vo-

253 530 410 572 luntatis,
433 542 541 576 quam
565 542 582 564 e
607 541 796 563 converso.

328 596 355 630 3.
378 585 614 618 PRAETEREA.
645 584 798 617 Movens
820 594 894 617 non
918 583 1095 629 dependet
1122 583 1163 616 ab
1187 594 1242 624 θο,
1270 582 1366 626 quod
1397 591 1574 625 movetur,
1593 583 1655 618 sed
1685 594 1704 618 e
1733 593 1818 617 con-

253 650 377 674 verso:
400 638 566 672 voluntas
594 646 715 671 autem
737 645 860 671 mox-et
881 637 1072 678 rationem,
1101 645 1134 670 et
1161 637 1248 670 alias
1269 636 1375 678 vires,
1404 645 1441 671 ut
1467 648 1572 683 supra
1599 637 1736 671 dictum
1763 643 1816 670 est

254 693 300 738 (q.
324 705 355 738 9.
378 697 440 726 art.
463 693 521 737 I.);
547 703 633 737 ergo
656 691 797 724 bonitas
819 690 1015 724 voluntatis
1036 701 1110 723 non
1133 690 1311 735 dependet
1333 701 1352 723 a
1373 690 1522 725 ratione.

326 746 399 780 SED
423 755 577 779 CONTRA
602 752 664 786 est⁷
688 744 783 790 quod
803 743 914 777 Hilar.
936 744 1020 777 dicit
1038 743 1074 777 in
1098 754 1148 778 10.
1168 744 1212 777 de
1232 742 1362 777 Trinit.
1385 744 1438 788 (in
1449 745 1562 790 princ.
1582 743 1668 788 lib),
1688 743 1816 777 immo-

254 800 376 834 derata
395 806 448 832 est
467 799 585 832 omnis
605 805 852 843 susceptarum
866 796 1096 831 voluntatum
1118 797 1327 843 pertinacia,
1342 797 1402 830 ubi
1416 808 1490 831 non
1504 797 1635 831 rationi
1649 796 1816 831 voluntas

254 853 456 898 subjicitur:
479 852 541 886 sed
564 851 705 885 bonitas
726 851 921 885 voluntatis
942 851 1104 885 consistit
1125 851 1161 884 in
1183 851 1266 892 hoc,
1287 850 1383 896 quod
1401 862 1476 884 non
1493 851 1538 885 sit
1555 850 1816 892 immoderata3

254 918 341 952 ergo
362 906 504 940 bonitas
526 905 722 939 voluntatis
745 905 922 951 dependet
944 916 986 938 ex
1008 905 1092 947 hoc,
1115 904 1212 950 quod
1234 904 1280 938 sit
1301 904 1462 950 subjecta
1483 904 1626 938 rationi.

324 960 552 994 RESPONDEO
575 958 780 1000 dicendum,
799 958 908 1004 quod,
927 958 1019 992 sicut
1037 958 1173 992 dictum
1193 965 1246 992 est
1264 958 1346 1003 (art.
1365 970 1392 992 1.
1412 963 1442 992 et
1459 970 1490 992 2.
1510 958 1579 1004 huj.
1599 958 1656 1003 q.),
1675 956 1817 991 bonitas

254 1012 448 1048 voluntatis
462 1012 605 1058 proprie
622 1023 664 1046 ex
679 1012 821 1056 objecto
837 1012 1033 1057 dependet3
1053 1011 1237 1057 objectum
1253 1019 1375 1045 autem
1389 1011 1586 1046 voluntatis
1604 1010 1818 1057 proponitur

255 1067 287 1101 ei
308 1078 370 1112 per
391 1067 590 1100 rationem:
611 1077 697 1099 nam
720 1066 857 1099 bonum
879 1064 1105 1099 intellectum
1127 1073 1180 1098 est
1201 1065 1385 1110 objectum
1402 1064 1600 1099 voluntatis
1618 1064 1820 1110 proportio-

254 1128 377 1154 natum
401 1120 450 1153 ei:
473 1120 611 1153 bonum
633 1126 754 1153 autem
775 1118 955 1159 sensibile,
977 1118 1035 1152 vel
1056 1118 1313 1163 imaginarium
1331 1129 1406 1152 non
1429 1126 1482 1152 est
1502 1118 1818 1164 proportionatum

254 1173 443 1215 voluntati,
465 1172 527 1207 sed
550 1172 723 1219 appetitui
745 1172 936 1206 sensitivo:
957 1171 1040 1217 quia
1058 1171 1227 1205 voluntas
1245 1179 1365 1217 potest
1382 1172 1528 1206 tendere
1542 1171 1579 1205 in
1593 1172 1732 1206 bonum
1745 1171 1821 1204 uni-

257 1227 408 1269 versale,
432 1226 528 1273 quod
550 1226 641 1260 ratio
666 1225 919 1272 apprehendit:
943 1225 1120 1271 appetitus
1147 1232 1268 1259 autem
1295 1225 1486 1259 sensitivus
1513 1236 1588 1259 non
1613 1225 1728 1259 tendit
1752 1224 1821 1258 nisi

255 1281 291 1315 in
313 1281 450 1314 bonum
472 1279 697 1326 particulare,
720 1279 817 1325 quod
840 1279 1075 1325 apprehendit
1095 1278 1148 1312 vis
1168 1279 1357 1321 sensitiva;
1380 1287 1415 1312 et
1435 1278 1517 1313 ideo
1536 1278 1678 1313 bonitas
1695 1277 1820 1312 volun-

255 1334 336 1369 tatis
359 1333 538 1380 dependet
559 1345 579 1367 a
600 1333 739 1367 ratione
762 1343 805 1366 eo
829 1332 952 1374 modo,
975 1343 1046 1377 quo
1070 1331 1249 1377 dependet
1270 1332 1312 1366 ab
1337 1332 1491 1377 objecto.

328 1387 387 1422 AD
410 1397 559 1422 PRIMUM
581 1397 668 1432 ergo
691 1385 897 1427 dicendum,
920 1386 1016 1431 quod
1040 1385 1176 1419 bonum
1198 1385 1262 1419 sub
1290 1385 1428 1419 ratione
1449 1386 1547 1428 boni,
1568 1385 1661 1420 idest
1682 1385 1815 1432 appeti-

260 1441 351 1483 bilis,
378 1452 440 1487 per
466 1441 562 1486 prius
589 1440 742 1486 pertinet
768 1439 811 1473 ad
837 1439 1075 1481 voluntatem,
1102 1450 1211 1485 quarn
1239 1438 1282 1472 ad
1310 1439 1506 1473 rationem:
1530 1439 1592 1474 sed
1613 1447 1736 1473 tamen
1758 1450 1820 1485 per

257 1496 353 1542 prius
377 1494 529 1541 pertinet
551 1494 593 1527 ad
616 1494 795 1528 rationem
817 1493 880 1527 sub
904 1493 1043 1527 ratione
1065 1492 1152 1534 veri,
1168 1504 1277 1538 quam
1297 1493 1339 1526 ad
1357 1492 1584 1528 voluntatem
1598 1493 1661 1527 sub
1680 1493 1819 1526 ratione

259 1548 479 1595 appetibilis:
503 1547 585 1594 quia
608 1547 785 1593 appetitus
811 1546 1007 1580 voluntatis
1033 1557 1108 1580 non
1134 1554 1254 1592 potest
1281 1557 1360 1581 esse
1387 1546 1430 1581 de
1451 1546 1561 1589 bono,
1583 1546 1654 1581 nisi
1673 1546 1770 1593 prius
1799 1557 1832 1580 a·

257 1603 395 1637 ratione
418 1601 717 1648 apprehendatur.

328 1657 387 1690 AD
408 1666 615 1690 SECUNDUM
634 1654 840 1696 dicendum,
863 1653 959 1700 quod
981 1653 1117 1687 Philos.
1137 1653 1186 1687 ibi
1203 1653 1362 1700 loquitur
1384 1653 1427 1687 de
1445 1652 1630 1688 intellectu
1647 1653 1820 1700 practico,

260 1709 460 1744 secundum
472 1708 569 1754 quod
584 1716 637 1742 est
656 1707 914 1749 consiliativus‚
931 1715 964 1741 et
982 1707 1253 1741 ratiocinativus
1269 1718 1408 1749 eorum,
1427 1718 1518 1753 quae
1537 1715 1619 1741 sunt
1633 1707 1677 1741 ad
1691 1706 1818 1741 finem:

257 1764 307 1798 sic
331 1765 427 1797 enim
446 1763 628 1809 perficitur
646 1773 709 1808 per
726 1761 972 1807 prudentiam:
989 1762 1024 1795 in
1038 1761 1093 1795 his
1112 1769 1233 1795 autem
1248 1772 1338 1807 quae
1353 1769 1436 1795 sunt
1450 1761 1494 1795 ad
1508 1761 1630 1804 finem,
1644 1761 1820 1796 rectitudo

258 1817 405 1851 rationis
428 1816 591 1850 consistit
612 1816 648 1849 in
670 1815 923 1850 conformitate
947 1815 990 1848 ad
1013 1815 1212 1861 appetitum
1231 1814 1311 1849 finis
1330 1815 1456 1850 debiti:
1475 1815 1537 1850 sed
1555 1823 1678 1850 tamen
1697 1823 1732 1850 et
1744 1815 1821 1862 ipse

260 1871 437 1917 appetitus
459 1870 539 1904 finis
561 1869 670 1903 debiti
696 1869 953 1915 praesupponit
975 1876 1111 1903 rectam
1134 1869 1462 1915 apprehensionem
1485 1869 1528 1903 de
1550 1868 1632 1911 fine,
1651 1881 1742 1916 quae
1769 1877 1822 1903 est

260 1936 322 1971 per
344 1932 535 1958 rationem.

329 1978 388 2011 An
418 1988 588 2012 TERTtUM
616 1976 820 2018 dicendum,
848 1976 945 2022 quod
971 1975 1139 2010 voluntas
1167 1976 1441 2022 quodammodo
1470 1984 1595 2011 movet
1620 1977 1818 2011 rationem:

260 2039 293 2065 et
315 2031 405 2064 ratio
422 2030 492 2064 alio
509 2031 619 2064 modo
637 2038 759 2064 movet
773 2029 1011 2072 voluntatem,
1028 2041 1069 2064 ex
1084 2038 1184 2076 parte
1198 2030 1337 2064 scilicet
1351 2030 1495 2077 objecti,
1514 2038 1552 2065 ut
1565 2042 1670 2077 supra
1685 2030 1821 2065 dictum

260 2092 313 2119 est
335 2084 380 2130 (q.
401 2097 432 2130 9.
455 2089 518 2120 art.
543 2086 598 2130 1.).

821 2226 1164 2271 ARTICULUS
1195 2227 1269 2270 IV.
1759 2239 1823 2274 118

326 2335 479 2366 UTRUM
506 2335 692 2365 BONITAS
720 2335 1002 2365 VOLUNTATIS
1031 2335 1292 2366 DEPENDEAT
1320 2335 1375 2364 EX
1404 2334 1515 2365 LEGE
1542 2334 1756 2366 AETERNA.

791 2423 890 2469 (Insr.
914 2435 943 2470 q.
966 2435 1015 2458 21.
1039 2428 1101 2458 art.
1125 2436 1151 2458 Ι.
1175 2425 1293 2470 corp).

333 2512 392 2546 An
421 2522 608 2551 QUARTUM
632 2512 680 2545 sic
704 2512 920 2558 proceditur.
942 2512 1106 2554 Videtur,
1128 2513 1224 2559 quod
1251 2513 1393 2547 bonitas
1419 2512 1615 2547 voluntatis
1641 2512 1824 2547 humanae

261 2577 334 2600 non
359 2566 559 2612 dependeat
582 2577 600 2599 a
623 2565 702 2610 lege
726 2574 894 2608 aeterna3
918 2567 1020 2600 unius
1044 2566 1140 2600 enim
1163 2578 1233 2600 una
1256 2575 1308 2601 est
1330 2566 1466 2612 regula,
1489 2574 1523 2601 et
1550 2578 1733 2601 mensura:
1762 2567 1824 2601 sed

261 2619 384 2665 regula
406 2620 587 2653 humanae
614 2619 822 2661 voluntatis,
845 2632 886 2654 ex
914 2631 983 2665 qua
1011 2621 1086 2665 ejus
1114 2620 1255 2654 bonitas
1283 2620 1472 2667 dependet,
1504 2628 1557 2655 est
1585 2620 1676 2655 ratio
1707 2629 1824 2662 recta3

262 2685 348 2719 ergo
372 2685 444 2707 non
465 2673 643 2719 dependet
664 2673 805 2706 bonitas
828 2673 1024 2707 voluntatis
1049 2685 1066 2706 a
1090 2673 1168 2719 lege
1192 2682 1348 2708 aeterna.

335 2737 364 2760 2.
378 2728 612 2762 PRAETEREA.
630 2727 797 2760 Mensura
811 2735 863 2761 est
875 2727 1107 2771 homos-renea
1121 2737 1339 2769 mensurato,
1351 2736 1387 2762 ut
1403 2728 1530 2762 dicitur
1544 2728 1579 2762 in
1599 2738 1649 2763 10.
1665 2728 1824 2774 Metaph.

263 2780 340 2824 (tex.
368 2783 436 2825 4.):
461 2781 521 2815 sed
544 2780 599 2814 lex
622 2788 767 2815 aeterna
791 2792 863 2814 non
888 2790 939 2814 est
963 2781 1195 2822 homoqenea
1223 2782 1400 2816 voluntati
1427 2782 1629 2823 humanae3
1653 2793 1740 2827 ergo
1768 2782 1824 2816 lex

263 2843 405 2869 aeterna
426 2846 498 2869 non
522 2843 638 2881 potest
660 2846 736 2869 esse
760 2847 927 2869 mensura
951 2835 1146 2869 voluntatis
1174 2836 1368 2878 humanae,
1390 2843 1428 2870 ut
1451 2835 1492 2869 ab
1516 2847 1558 2870 ea
1580 2835 1723 2870 bonitas
1746 2836 1821 2880 ejus

266 2889 475 2934 dependeat.
