1907 3198
515 178 734 216 Quaesrio
767 179 838 210 cu.
873 179 1118 211 Amemus
1151 180 1192 210 v.
1557 169 1638 223 765

81 262 119 299 in
138 262 272 299 Psalm.
298 271 393 309 132:
413 261 506 298 Sicut
530 266 729 308 unguentum
757 263 791 296 in
818 262 933 308 capita.
960 261 1046 308 qaod
1071 261 1231 298 descendit
1256 263 1291 296 in
1319 262 1472 304 barbam,
1499 262 1639 296 barbam

81 317 213 353 Aaron.
240 315 388 351 Levitae
409 326 497 351 vero
518 326 592 350 non
614 315 794 350 habebant
812 314 920 349 aliam
947 315 1274 357 consecrationem,
1303 315 1370 350 nisi
1397 314 1494 361 quod
1520 313 1646 349 offere-

81 369 210 405 bantur
229 368 394 404 Domino
408 379 428 403 a
442 367 525 404 filiis
539 367 650 404 Israel
671 379 734 415 per
755 379 884 403 manus
902 367 1101 411 Pontificis‚
1122 369 1183 416 qui
1204 369 1331 404 orabat
1349 379 1415 415 pro
1437 368 1507 403 eis:
1531 367 1646 402 mino-

81 433 163 459 rum
183 433 272 458 vero
293 421 534 458 sacerdotum
556 421 656 457 solae
678 432 808 456 manus
829 422 1146 465 consecrabantur,
1168 434 1260 470 quae
1281 430 1384 458 erant
1410 421 1645 469 applicandae

81 475 127 512 ad
145 475 340 511 sacrificia:
367 483 403 511 et
427 475 471 510 dc
498 475 673 521 sanguine
694 474 860 509 animalis
887 475 1109 511 immolatitii
1136 478 1321 522 lingebatur
1346 481 1529 511 extremum
1556 476 1647 509 auri-

81 528 174 566 culae
197 528 329 565 dextrae
358 530 519 576 ipsorum,
540 534 570 564 et
593 529 726 576 poIIIces
749 528 851 575 pedis,
883 534 940 563 aul
970 542 1087 565 manus
1107 530 1239 565 dextrae
1253 543 1265 571 ,·
1297 538 1335 564 ut
1364 529 1502 564 scilicet
1528 536 1647 563 essent

81 581 294 618 obedientes
306 581 378 628 legi
400 582 469 618 Dei
491 582 526 617 in
549 581 732 616 oblatione
748 581 1023 624 sacrificiorum,
1038 583 1135 630 quod
1150 583 1373 627 significatur
1391 583 1426 617 in
1447 582 1645 617 intentione

81 637 175 672 auris
189 635 343 672 dextrae:
362 644 398 671 et
411 635 508 683 quod
524 643 643 671 essent
663 634 822 677 solliciti,
843 644 878 670 et
900 637 1056 683 prompti
1079 637 1114 671 in
1137 637 1350 672 executione
1371 635 1646 677 sacrificiorum,

81 689 179 738 quod
199 688 421 737 significatur
441 689 478 724 in
498 689 713 724 intinctione
730 688 832 736 pedis,
853 694 882 725 εἰ
902 702 1019 725 manus
1036 690 1168 726 derlrae
1179 703 1191 732 ‚·
1225 690 1507 738 aspergebantur
1536 689 1645 724 etiam

81 742 162 792 ipsi,
174 750 211 780 et
222 742 439 779 vestimenta
452 754 581 778 eorum
594 742 770 789 sanguine
785 742 953 778 animalis
967 743 1160 786 immolati,
1175 744 1211 779 in
1227 745 1446 779 memoriam
1461 742 1646 789 sanguinis

82 797 180 846 agni,
199 809 264 846 per
291 808 401 845 quem
428 796 574 832 fuerunt
598 796 738 832 liberati
765 807 807 832 ex
829 797 1020 844 Aegypto:
1047 797 1291 833 offerebantur
1317 805 1439 833 autem
1461 796 1496 832 in
1518 807 1645 831 eorum

83 850 358 888 consecratione
371 849 582 897 hujusmodi
596 849 790 885 sacrificia:
805 850 930 886 vitulus
939 857 1003 897 pro
1012 857 1158 898 peccato,
1179 851 1214 886 in
1231 851 1449 886 memoriam
1467 849 1648 886 remissio-

82 904 139 942 nis
158 903 299 952 peccati
311 904 437 940 Aaron
453 903 549 940 circa
563 902 822 938 conflationem
838 904 959 939 vituli:
981 906 1067 940 arias
1085 907 1119 940 in
1134 905 1349 947 olocaustum,
1373 904 1408 939 in
1428 903 1646 939 memoriam

82 957 276 995 oblationis
297 957 480 1000 Abrahae,
501 958 603 1003 cujus
624 957 868 992 obedientiam
890 957 1056 994 Pontifex
1079 959 1210 994 imitari
1233 959 1403 994 debebat:
1426 959 1514 993 aries
1534 957 1645 992 etiam

83 1013 348 1055 consecrationis,
359 1012 507 1060 quierat
516 1011 617 1059 quasi
628 1012 731 1048 hostia
740 1012 897 1059 pacifica,
907 1012 941 1047 in
954 1013 1172 1048 memoriam
1187 1013 1411 1049 liberationis
1421 1013 1465 1048 de
1476 1013 1647 1059 Aegypto

82 1077 146 1115 per
158 1066 374 1114 sanguinem
391 1065 495 1112 agni:
516 1066 697 1102 canistrum
713 1073 835 1101 autem
844 1072 986 1112 panum,
1002 1067 1037 1102 in
1053 1067 1271 1102 memoriam
1286 1078 1442 1102 mannae
1457 1066 1647 1113 praestitae

83 1119 232 1168 populo.
246 1119 451 1156 Pertinebat
465 1126 585 1154 autem
601 1118 644 1154 ad
660 1118 941 1166 applicationem
958 1120 1158 1163 ministerii,
1169 1121 1267 1168 quod
1281 1120 1535 1168 imponebatur
1543 1130 1650 1166 super

83 1184 212 1210 manus
233 1183 362 1209 eorum
382 1172 481 1220 adeps
501 1174 625 1215 arietis,
647 1180 683 1208 et
704 1178 791 1209 torta
813 1175 913 1220 panis
939 1175 1048 1217 unius,
1070 1183 1106 1210 et
1127 1186 1242 1210 armus
1268 1174 1401 1215 dexter,-
1425 1182 1463 1209 ut
1485 1173 1650 1209 ostende-

83 1235 193 1270 retur,
213 1225 311 1274 quod
325 1226 548 1273 accipiebant
562 1234 777 1273 potestatem
793 1226 1002 1273 hujusmodi
1016 1227 1190 1263 offerendi
1204 1228 1385 1263 Domino:
1402 1227 1549 1262 Levitae
1562 1238 1650 1262 vero

83 1279 356 1328 applicabantur
375 1279 420 1315 ad
441 1279 680 1315 ministerium
695 1291 758 1326 per
771 1280 855 1323 hoc,
871 1281 967 1327 quod
982 1281 1312 1317 intromittebantur
1327 1283 1361 1317 in
1375 1280 1649 1317 tabernaculum

83 1333 252 1376 foederis,
271 1332 375 1381 quasi
395 1332 440 1368 ad
462 1333 739 1368 ministrandum
762 1333 856 1368 circa
878 1345 964 1369 vasa
987 1334 1202 1370 Sanctuarii.

153 1385 331 1435 figuralis
350 1397 438 1422 vero
459 1386 592 1422 horum
613 1387 704 1422 ratio
727 1394 813 1429 erat,
834 1387 917 1434 quia
939 1387 1002 1430 illi,
1023 1389 1085 1435 qui
1113 1397 1196 1424 sunt
1229 1389 1466 1424 consecrandi
1487 1389 1532 1424 ad
1553 1388 1652 1436 spiri-

83 1439 182 1478 tuale
202 1439 441 1476 ministerium
463 1439 612 1482 Christi,
637 1440 767 1475 debent
789 1441 907 1487 primo
924 1442 1107 1489 purificari
1122 1449 1186 1490 per
1205 1454 1328 1489 aquam
1349 1442 1530 1489 baptismi,
1552 1450 1587 1477 et
1604 1441 1652 1476 la-

84 1503 292 1542 crymarum
312 1493 349 1528 in
369 1492 440 1529 fide
461 1493 640 1540 passionis
661 1493 819 1536 Christi;
841 1494 938 1541 quod
960 1503 1014 1530 est
1034 1495 1268 1542 expiativum,
1291 1504 1325 1531 et
1347 1496 1576 1543 purgativum
1599 1507 1652 1531 sa-

83 1545 280 1584 crificium:
299 1554 338 1582 et
356 1546 488 1582 debent
508 1546 623 1582 radere:
641 1558 750 1582 omnes
763 1547 851 1594 pilos
868 1549 991 1590 carnis,
1007 1549 1099 1584 idest
1112 1560 1241 1585 omnes
1255 1561 1383 1596 pravas
1397 1550 1649 1595 cogitationes:

84 1600 216 1637 debent
234 1600 344 1636 etiam
376 1600 498 1636 ornari
529 1600 729 1644 virtutibus,
752 1609 789 1636 et
809 1602 1016 1637 consecrari
1037 1602 1121 1638 oleo
1144 1603 1298 1650 Spiritus
1321 1603 1457 1647 Sancti,
1479 1612 1514 1638 et
1535 1615 1650 1650 asper-

83 1654 186 1691 sione
206 1653 392 1701 sanguinis
413 1653 570 1698 Christi;
591 1662 628 1690 et
647 1654 697 1690 sic
720 1654 851 1690 debent
873 1667 951 1690 esse
972 1656 1100 1691 intenti
1129 1657 1173 1692 ad
1209 1657 1418 1704 exequenda
1451 1657 1650 1704 spiritualia

84 1707 296 1744 ministeria.
574 1731 578 1735 -

153 1761 217 1798 AD
237 1771 414 1798 Decntuu
434 1761 642 1805 dicendum,
663 1761 773 1809 quod,
787 1762 879 1797 sicut
892 1763 965 1809 jam
980 1763 1117 1799 dictum
1133 1772 1186 1800 est
1199 1765 1249 1809 (in
1263 1764 1357 1800 solut.
1368 1772 1479 1812 praec.
1494 1770 1524 1801 e!
1536 1770 1603 1801 art.
1617 1777 1651 1810 4.

83 1814 154 1863 huj.
175 1815 237 1862 q),
257 1814 413 1850 intentio
433 1813 524 1862 legis
546 1823 622 1850 erat
634 1815 813 1851 -inducere
836 1816 879 1851 ad
902 1817 1142 1852 reverentiam
1163 1818 1274 1853 divini
1296 1818 1432 1854 cultus:
1454 1827 1490 1854 et
1506 1819 1577 1854 hoc
1596 1819 1654 1854 du-

79 1868 239 1917 pliciter.-
259 1880 326 1905 uno
352 1867 448 1904 modo
480 1867 706 1904 excludendo
729 1880 748 1903 a
771 1869 867 1904 cultu
902 1870 1025 1906 divino
1058 1882 1168 1907 omne
1198 1872 1245 1914 id,
1268 1873 1364 1919 quod
1400 1881 1540 1920 poterat
1573 1884 1651 1908 esse

84 1921 377 1970 contemptibile:
398 1921 466 1958 allo
491 1921 588 1957 modo
609 1923 830 1969 opponendo
852 1923 896 1958 ad
919 1923 1057 1959 cultum
1079 1925 1241 1960 divinum
1276 1937 1386 1962 omne
1420 1926 1520 1970 illud,
1553 1927 1651 1974 quod

82 1975 271 2012 videbatur
295 1975 340 2011 ad
361 1974 679 2011 honorificentiam
701 1976 901 2022 pertinere:
920 1986 956 2012 et
972 1978 1000 2012 si
1019 1978 1089 2013 hoc
1109 1979 1256 2025 quidem
1275 1980 1533 2015 observabatur
1551 1981 1587 2016 in
1603 1989 1653 2016 ta-

82 2028 292 2073 bemaculo,
312 2037 350 2066 et
369 2029 464 2065 vasis
485 2030 574 2076 ejus,
595 2038 631 2065 et
652 2029 868 2066 animalibus
889 2031 1136 2075 immolandis,
1159 2033 1275 2068 multo
1297 2035 1414 2080 inagis
1435 2035 1506 2070 hoc
1535 2036 1654 2071 obser-

83 2083 245 2120 vandum
265 2091 342 2120 erat
361 2083 397 2119 in
418 2083 506 2131 ipsis
526 2083 718 2127 ministris;
739 2092 773 2120 et
796 2084 877 2120 ideo
900 2085 943 2120 ad
966 2087 1230 2122 removendum
1264 2096 1516 2135 contemptum
1551 2089 1653 2123 mini-

84 2145 254 2181 snorum,
274 2145 508 2186 praeceptum
521 2136 587 2172 suit
601 2146 639 2172 ut
652 2149 725 2172 non
740 2137 916 2174 haberent
930 2139 1126 2182 maculam,
1141 2140 1198 2176 vel
1212 2140 1394 2176 desectum
1409 2142 1651 2189 corporalem:

84 2191 170 2240 quia
194 2190 403 2238 hujusmodi
436 2190 605 2226 homines
637 2190 756 2226 solent
782 2192 875 2239 apud
903 2191 994 2229 alios
1020 2193 1056 2228 in
1083 2202 1295 2242 contemptu
1329 2195 1462 2231 haberi.
1500 2196 1653 2244 Propter

85 2245 184 2293 quod
204 2245 314 2282 etiam
334 2244 537 2280 institutum
564 2243 639 2285 suit,
666 2253 704 2280 ut
729 2256 802 2280 non
829 2246 980 2293 sparsim
1007 2258 1049 2282 ex
1076 2247 1238 2294 quolibet
1264 2260 1396 2295 genere
1423 2250 1466 2284 ad
1494 2250 1562 2285 Dei
1590 2250 1653 2284 mi-

84 2297 274 2335 nisterium
294 2298 574 2346 applicarentur,
596 2298 658 2333 scd
679 2310 722 2333 ex
744 2307 840 2334 certa
863 2302 1030 2347 prosapia
1052 2301 1252 2337 secundum
1283 2303 1426 2347 generis
1456 2304 1653 2339 successio-

84 2362 183 2395 nem,
204 2359 242 2388 ut
262 2362 306 2388 ex
326 2351 398 2387 hoc
420 2350 604 2393 clariores,
626 2360 660 2386 ct
681 2352 878 2388 nobiliores
911 2353 1146 2391 haberentur:
1169 2355 1212 2390 ad
1236 2356 1305 2391 hoc
1342 2366 1461 2392 autem
1497 2358 1593 2403 quod
1616 2358 1651 2392 in

84 2406 285 2444 reverentia
305 2404 535 2447 haberentur,
557 2405 793 2441 adhibebatur
814 2406 866 2442 eis
887 2407 1053 2454 specialis
1075 2417 1223 2444 ornatus
1245 2410 1412 2452 vestium,
1434 2419 1467 2445 et
1487 2410 1652 2457 specialis

85 2458 333 2496 consecratio:
354 2466 390 2494 et
410 2458 501 2494 haec
522 2467 576 2494 est
589 2459 624 2493 in
640 2459 828 2494 communi
843 2471 951 2496 causa
965 2470 1113 2497 ornatus
1129 2463 1301 2498 vestium:
1319 2463 1353 2498 in
1369 2464 1515 2511 speciali
1531 2473 1650 2500 autem

84 2511 276 2549 sciendum
300 2519 367 2555 est,
391 2512 488 2559 quod
516 2511 681 2547 Pontifex
709 2512 864 2549 habebat
889 2520 958 2550 octo
985 2524 1214 2551 ornamenta:
1239 2517 1356 2563 primo
1378 2518 1475 2552 enim
1499 2518 1653 2553 habebat

84 2569 205 2603 vesum
230 2565 371 2602 limant:
401 2565 562 2601 secundo
593 2565 746 2601 habebat
775 2568 921 2603 [unicam
950 2569 1211 2615 hyacintln'nam,
1240 2571 1274 2604 in
1301 2572 1402 2616 cujus
1428 2573 1654 2607 extremitate

86 2629 211 2657 versus
235 2618 345 2667 pedes
371 2618 599 2666 ponebantur
625 2630 688 2665 per
715 2619 905 2656 circuitum
926 2623 1149 2658 tintinnabula
1170 2624 1345 2670 quaedam,
1365 2633 1399 2660 et
1422 2626 1510 2660 mala
1528 2627 1653 2672 punica

78 2671 177 2720 sacta
200 2683 241 2708 ex
265 2671 454 2719 hyacimho,
482 2678 511 2707 et
534 2678 703 2720 purpura,
730 2685 886 2721 coccoque
913 2676 960 2711 bi,-
985 2678 1107 2712 tincto:
1134 2678 1240 2712 tertio
1263 2677 1417 2713 habebat
1448 2680 1655 2726 supa-rhium·-

86 2724 171 2767 nlo.
195 2724 294 2773 quod
314 2725 458 2772 tegebat
478 2725 663 2767 humeros,
684 2735 720 2762 et
741 2728 958 2764 anteriorem
978 2739 1116 2776 partem
1137 2743 1248 2777 usque
1268 2732 1310 2766 ad
1330 2732 1537 2777 cingulum3
1555 2733 1651 2780 quod

87 2786 165 2816 erat
184 2790 223 2816 ex
242 2789 340 2821 auro,
361 2783 391 2814 et
411 2778 599 2826 hyacintho,
620 2784 650 2815 ct
666 2787 832 2827 purpura,
865 2794 1022 2830 coccoque
1056 2785 1102 2819 bis
1137 2786 1249 2827 tincto,
1271 2791 1299 2820 cl
1321 2786 1407 2831 bysso
1443 2792 1587 2822 retorta:
1618 2795 1653 2822 ct

87 2842 196 2881 snper
218 2831 392 2871 humeros
413 2831 568 2868 habebat
588 2832 668 2869 duos
688 2835 876 2881 onychinos,
899 2836 934 2871 in
957 2837 1086 2883 quibus
1107 2846 1209 2872 erant
1231 2837 1370 2885 sculpta
1393 2840 1542 2874 nomina
1565 2839 1655 2875 filio·

88 2895 170 2923 rum
191 2885 321 2929 lsraeh
353 2894 520 2934 quartum
554 2895 629 2922 erat
651 2888 824 2931 raea'onala,
847 2900 890 2925 ex
917 2890 1044 2926 eadem
1081 2891 1230 2927 materia
1266 2890 1414 2932 sactum,
1447 2893 1543 2939 quod
1578 2902 1654 2929 erat
