1923 3198
0 460 11 669 -v-rvv—-v-

529 255 752 292 QUAESTIO
786 255 830 285 11.
865 254 1111 286 ARTICULUS
1143 255 1233 286 vm.
1616 258 1669 301 39

97 344 226 384 potest,
247 337 448 372 secundum
470 337 568 385 quod
589 337 720 372 dicitur
737 338 772 372 in
795 338 852 373 Ps.
879 348 972 374 102.:
997 339 1069 384 Qui
1090 338 1189 386 replet
1210 339 1352 374 inbonis
1369 338 1576 382 desiderium,
1601 348 1668 375 etc.

96 390 138 426 In
158 390 240 440 solo
261 391 372 437 igitur
391 391 473 426 Deo
492 391 678 426 beatitudo
700 391 862 426 hominis
883 392 1058 427 consistit.

167 444 229 480 AD
255 454 404 480 PRIMUM
423 456 510 492 ergo
533 445 740 487 dicendum,
763 445 859 492 quod
878 446 1041 491 superius
1063 446 1224 480 hominis
1252 446 1395 493 attingit
1421 446 1568 493 quidem
1595 446 1671 481 infi-

96 508 200 533 mum
225 498 414 544 angelicae
439 507 589 533 naturae
616 510 680 545 per
705 499 904 545 quamdam
931 499 1227 542 similitudinem;
1253 511 1327 534 non
1354 508 1478 535 tamen
1504 501 1552 535 ibi
1579 501 1671 535 sistit

94 550 190 587 sicut
207 551 245 586 in
266 551 396 586 ultimo
418 551 500 595 fine,
522 552 585 587 sed
608 553 771 598 procedit
793 564 906 599 usque
929 552 972 586 ad
995 553 1113 599 ipsum
1141 553 1384 588 universalem
1406 553 1545 588 fontem
1571 554 1670 596 boni,

95 603 158 652 qui
183 611 238 640 est
262 605 465 640 universale
491 606 675 651 objectum
702 606 932 641 beatitudinis
959 606 1126 641 omnium
1153 607 1357 650 beatorum,
1380 615 1569 655 tamquam
1596 607 1672 642 infi-

94 657 225 701 nitum,
245 666 282 694 et
300 658 503 706 perfectum
523 659 662 694 bonum
682 659 847 694 existens.

165 711 228 748 An
247 723 457 748 SECUNDUM
479 713 686 756 dicendum,
704 713 803 760 quod
824 713 854 748 si
871 721 991 748 totum
1009 713 1156 760 aliquod
1179 725 1253 748 non
1269 714 1313 749 sit
1328 714 1476 749 ultimus
1499 714 1591 757 finis,
1607 715 1669 750 sed

95 765 282 802 ordinetur
302 767 347 802 ad
368 767 479 802 finem
500 766 723 809 ulteriorem,
744 766 894 802 ultimus
915 767 996 802 finis
1018 768 1127 815 partis
1148 779 1223 802 non
1243 776 1296 803 est
1316 768 1436 815 ipsum
1454 776 1584 810 toturn,
1606 768 1669 803 scd

94 818 230 867 aliquid
252 819 365 855 aliud:
388 821 602 856 universitas
620 829 743 856 autem
765 829 1024 863 creaturarum,
1047 821 1091 856 ad
1110 833 1220 868 quam
1243 830 1478 868 comparatur
1495 822 1610 857 homo
1631 830 1669 857 ut

93 885 177 922 pars
197 873 243 910 ad
262 882 394 918 totum,
416 886 490 910 non
512 883 566 910 est
587 875 734 910 ultimus
748 875 846 918 finis3
860 875 923 910 sed
937 876 1124 910 ordinatur
1138 876 1173 910 in
1188 876 1309 910 Deum
1328 876 1420 911 sicut
1441 876 1477 910 in
1499 876 1667 911 ultimum

94 927 227 964 finem:
249 928 345 964 unde
365 929 505 964 bonum
526 929 684 964 universi
705 940 780 964 non
802 937 856 964 est
875 929 1024 964 ultimus
1045 929 1126 964 finis
1144 929 1317 972 hominis,
1339 929 1400 964 sed
1422 930 1498 977 ipse
1519 930 1631 964 Deus.

164 982 228 1018 AD
241 992 415 1018 TERTIUM
429 983 637 1026 dicendum,
652 983 750 1030 quod
764 983 902 1018 bonum
917 991 1080 1018 creatum
1095 994 1170 1018 non
1185 991 1238 1018 est
1252 983 1384 1026 minus,
1396 995 1505 1030 quam
1516 983 1668 1025 bonum,

94 1036 197 1083 cujus
222 1043 277 1072 est
296 1037 413 1072 homo
442 1048 567 1084 capax,
589 1045 628 1072 ut
649 1037 699 1072 rei
729 1037 958 1080 intrinsecae,
985 1046 1020 1072 et
1040 1037 1280 1072 inhaerentis:
1312 1046 1366 1073 est
1385 1045 1508 1072 tamen
1535 1037 1667 1080 minus,

95 1100 208 1137 quam
227 1089 378 1134 bonurn,
400 1091 503 1137 cujus
524 1098 578 1126 est
599 1102 724 1138 capax,
747 1099 786 1126 ut
806 1091 951 1137 objecti,
966 1091 1063 1138 quod
1079 1099 1132 1126 est
1152 1090 1352 1126 infinitum:
1375 1092 1513 1126 bonum
1532 1099 1666 1134 autem,

93 1143 192 1191 quod
212 1143 449 1192 participatur
469 1144 513 1179 ab
535 1144 680 1191 angelo,
703 1153 738 1180 et
756 1156 776 1178 a
797 1152 876 1180 toto
899 1145 1080 1187 universo,
1108 1153 1162 1180 est
1181 1145 1320 1180 bonum
1347 1145 1502 1188 finitum,
1523 1154 1559 1181 et
1585 1156 1669 1181 con-

92 1204 264 1234 tractum.

636 1467 994 1531 QUAESTIO
1035 1468 1112 1516 111.

246 1592 368 1636 QUID
399 1593 474 1626 SIT
496 1593 786 1632 BEATITUDO,
816 1593 867 1625 IN
895 1592 1018 1625 OCI'O
1045 1593 1309 1626 ARTICULOS
1335 1593 1511 1625 DIVISA.

161 1734 305 1772 Deinde
315 1734 624 1771 considerandum
633 1743 698 1778 est,
711 1735 797 1783 quid
812 1735 857 1771 sit
869 1735 1068 1778 beatitudo,
1083 1743 1119 1770 et
1131 1746 1224 1782 quae
1235 1735 1464 1783 requirantur
1478 1736 1523 1771 ad
1535 1736 1665 1784 ipsam.

578 1825 682 1862 Circa
696 1827 849 1873 primum
871 1831 1080 1873 quaeruntur
1100 1831 1182 1861 octo.

161 1897 299 1933 Primo.
321 1896 455 1933 Utrum
471 1897 658 1933 beatitudo
681 1898 727 1933 sit
747 1897 883 1945 aliquid
905 1898 1119 1933 increatum.

162 1950 346 1987 Secundo.
368 1950 409 1987 Si
429 1959 483 1987 est
503 1951 639 1999 aliquid
661 1960 836 1994 creatum,
858 1961 978 1987 utrum
1002 1952 1047 1987 sit
1068 1952 1243 2000 operatio.

163 2003 303 2041 Tertio.
325 2005 459 2041 Utrum
480 2005 526 2041 sit
546 2006 710 2053 operatio
728 2006 922 2041 sensitivae
938 2006 1060 2052 partis,
1083 2017 1127 2040 an
1149 2005 1392 2041 intellectivae
1414 2015 1568 2042 tantum.

163 2057 320 2101 Quarto.
342 2059 383 2094 Si
403 2067 458 2095 est
477 2059 642 2107 operatio
663 2059 907 2095 intellectivae
926 2060 1047 2107 partis,
1067 2068 1188 2095 utrum
1207 2060 1251 2095 sit
1269 2061 1433 2107 operatio
1448 2061 1664 2104 intellectus,

92 2124 138 2149 an
156 2112 366 2148 voluntatis.

163 2166 316 2210 Quinto.
339 2166 379 2203 Si
400 2175 454 2203 est
471 2168 637 2215 operatio
659 2167 873 2216 speculativi
894 2167 1111 2211 intellectus,
1134 2177 1195 2203 aut
1216 2169 1376 2215 practici.

163 2221 286 2257 Sexto.
309 2221 350 2256 Si
370 2229 424 2257 est
445 2222 611 2269 operatio
633 2221 838 2257 intellectus
860 2221 1085 2268 speculativi,
1108 2231 1228 2257 utrum
1251 2223 1426 2258 consistat
1447 2223 1482 2258 in
1505 2223 1666 2271 specula-

90 2274 190 2311 tione
209 2275 444 2311 scientiarum
465 2275 782 2323 speculativarum.

163 2328 341 2377 Septimo.
359 2328 492 2365 Utrum
510 2330 686 2365 consistat
706 2329 741 2364 in
757 2329 1007 2377 speculatione
1026 2330 1308 2366 substantiarum
1324 2340 1584 2378 separatarum,
1599 2332 1664 2366 sci-

90 2381 176 2420 llcet
196 2382 423 2431 angelorum.

164 2437 323 2474 Octavo.
342 2437 475 2474 Utrum
496 2437 534 2473 in
554 2436 634 2473 sola
655 2436 904 2485 speculatione
926 2438 1008 2481 Dei,
1030 2450 1100 2486 qua
1123 2450 1188 2485 per
1210 2439 1405 2474 essentiam
1427 2439 1578 2475 videtur.

660 2580 1008 2626 ARTICULUS
1044 2581 1077 2625 Ι.
1622 2604 1662 2640 17

348 2687 504 2720 UTRUM
531 2689 789 2720 BEATITUDO
818 2690 886 2720 SIT
914 2690 1099 2727 ALIQUID
1127 2691 1396 2722 lNCREATUM.

296 2774 398 2823 (Insr.
425 2787 456 2822 q.
490 2775 547 2812 26.
577 2781 641 2833 ast.
665 2789 694 2824 3.
722 2782 752 2812 et
782 2789 815 2822 4.
844 2778 931 2812 Disl.
962 2790 1019 2823 49.
1053 2790 1083 2824 q.
1116 2791 1142 2813 1.
1178 2783 1241 2813 art.
1274 2790 1304 2814 2.
1336 2790 1365 2824 q.
1399 2779 1454 2823 1.).

163 2863 226 2902 AD
246 2875 397 2901 Ριωιυκ
417 2865 469 2900 sic
491 2865 708 2912 proceditur.
727 2865 892 2909 Videtur,
913 2867 1011 2914 quod
1030 2867 1215 2902 beatitudo
1231 2868 1274 2902 sit
1289 2867 1424 2914 aliquid
1439 2867 1660 2904 increatum:

90 2916 182 2965 &pit
199 2918 298 2954 enim
320 2918 423 2956 Boet.
444 2919 482 2954 in
507 2930 536 2966 3.
558 2918 602 2954 de
624 2919 778 2955 Consol.
799 2921 915 2968 (prosa
931 2933 983 2957 ro.
1005 2923 1066 2956 cir.
1090 2921 1211 2967 med.):
1240 2922 1314 2957 Esse
1332 2922 1443 2956 Deum
1465 2922 1567 2969 ipsam
1591 2923 1662 2957 baa-

67 2991 69 2995 Α
91 2970 266 3010 ansatum
284 2984 406 3009 necesse
424 2978 468 3009 est
486 2973 648 3020 confiteri.
