1875 3198
209 178 293 232 582
618 191 839 225 QUAESTIO
872 190 1018 220 LXXXI.
1051 190 1296 220 ARTICULUS
1329 191 1356 219 Ι.

673 449 1028 509 QUAESTIO
1069 448 1306 496 LXXXI.

470 584 531 614 DE
571 584 724 615 CAUSA
761 584 957 615 PECCATI
995 584 1056 614 EX
1094 584 1245 615 PARTE
1282 583 1500 623 HOMINIS,

590 655 641 685 IN
668 654 885 695 QUINQUE
912 654 1173 686 ARTICULOS
1206 655 1380 686 DIVISA.

277 801 418 835 Deinde
442 800 747 835 considerandum
770 808 824 835 est
838 800 880 835 de
896 811 1004 835 causa
1018 800 1158 846 peccati
1173 811 1214 835 ex
1228 808 1328 847 parte
1343 800 1514 836 hominis.
1530 800 1627 835 Cum
1645 809 1767 836 autem

205 855 320 888 homo
343 854 388 888 sit
409 865 517 888 causa
538 854 678 900 peccati
700 854 802 888 alteri
822 854 965 888 homini
986 854 1139 888 exterius
1166 855 1407 901 suggerendo,
1429 855 1522 889 sicut
1543 862 1577 889 et
1591 855 1766 899 diabolus,

205 908 313 942 habet
334 908 529 954 quemdam
551 907 749 953 specialem
779 909 930 942 modum
961 908 1133 942 causandi
1161 917 1352 954 peccatum
1379 910 1415 942 in
1434 907 1587 942 alterum
1613 920 1676 955 per
1701 909 1768 943 ori-

206 962 348 1008 ginem3
370 962 464 996 unde
487 962 530 996 de
552 970 704 1008 peccato
735 961 903 1007 originali
931 962 1125 996 dicendum
1152 969 1214 996 est.
1238 962 1281 996 Et
1303 962 1398 996 circa
1419 962 1491 996 hoc
1518 964 1584 997 tria
1606 962 1768 997 conside-

207 1016 319 1049 randa
341 1023 554 1050 occurrunt:
573 1017 689 1063 primo
712 1015 756 1050 de
778 1017 853 1061 ejus
874 1015 1116 1050 traductione:
1142 1015 1278 1050 secundo
1305 1015 1349 1050 de
1375 1016 1452 1062 ejus
1474 1015 1644 1051 essentia:
1673 1017 1767 1051 tertio

205 1069 248 1104 de
270 1070 345 1116 ejus
367 1069 540 1115 subJectO.

620 1159 664 1193 Et
685 1159 776 1193 circa
797 1159 950 1205 primum
971 1163 1175 1204 quaeruntur
1196 1159 1349 1205 quinque.

277 1230 414 1264 Primo.
438 1229 570 1264 Utrum
592 1230 750 1276 primurn
771 1237 963 1276 peccatum
984 1229 1144 1264 hominis
1166 1229 1346 1265 derivetur
1366 1241 1429 1277 per
1450 1229 1631 1277 originem
1651 1230 1688 1265 in
1705 1242 1766 1277 po-

205 1292 330 1318 steros.

281 1338 462 1372 Secundo.
486 1337 619 1372 Utrum
651 1337 776 1371 omnia
802 1337 872 1371 alia
901 1345 1051 1384 peccata
1080 1337 1187 1383 primi
1207 1337 1375 1384 parentis,
1396 1337 1456 1372 vel
1483 1337 1592 1373 etiam
1613 1337 1768 1373 aliorum

210 1399 400 1438 parentum
418 1403 481 1438 per
503 1391 683 1437 originem
704 1391 741 1424 in
762 1399 928 1437 posteros
950 1391 1165 1425 deriventur.

278 1444 416 1479 Tertio.
449 1445 580 1479 Utrum
610 1452 801 1491 peccatum
831 1444 1006 1491 originale
1033 1444 1211 1479 derivetur
1240 1444 1284 1479 ad
1313 1455 1453 1488 omnes,
1482 1444 1543 1491 qui
1579 1456 1621 1479 ex
1646 1445 1768 1480 Adam

204 1510 268 1546 per
285 1499 342 1533 via
364 1498 511 1533 seminis
533 1506 759 1544 generantur.

279 1552 431 1593 Quarto.
455 1552 587 1586 Utrum
603 1552 823 1586 derivaretur
837 1551 879 1585 ad
892 1551 986 1593 illos,
1001 1552 1061 1597 qui
1076 1550 1294 1586 miraculose
1310 1562 1352 1586 ex
1367 1551 1487 1598 aliqua
1501 1559 1600 1598 parte
1615 1551 1767 1586 humani

209 1606 371 1652 corporis
392 1605 644 1640 formarentur.

280 1659 430 1700 Quinto.
462 1659 605 1701 Utrum,
633 1659 663 1693 si
689 1658 849 1693 foemina
878 1665 1074 1705 peccasset,
1102 1657 1182 1692 viro
1212 1669 1288 1692 non
1313 1667 1498 1705 peccante,
1522 1658 1769 1694 traduceretur

207 1713 385 1759 originale
407 1720 608 1760 peccatum.

778 1842 1123 1888 ARTICULUS
1153 1842 1186 1886 1.
1696 1866 1762 1903 43,

315 1952 468 1991 UTRUM
496 1951 665 1982 PRIMUM
692 1951 929 1981 PECCATUM
956 1951 1073 1981 PRIMI
1099 1951 1307 1981 PARENTIS
1340 1952 1418 1981 PER
1447 1951 1661 1982 ORIGINEM

675 2017 974 2047 TRADUCATUR
1001 2017 1045 2046 IN
1068 2016 1305 2046 POSTEROS.

464 2104 573 2149 (Part.
597 2116 625 2151 3.
648 2116 678 2150 q.
701 2116 751 2150 19.
774 2108 837 2138 art.
859 2115 892 2148 4.
911 2103 953 2138 ad
971 2116 997 2138 1.
1017 2108 1044 2138 ct
1070 2115 1100 2138 2.
1120 2104 1208 2138 Dist.
1228 2115 1272 2150 33.
1295 2114 1325 2149 q.
1346 2115 1374 2139 Ι.
1397 2108 1462 2139 art.
1483 2115 1511 2139 1.

327 2164 355 2194 a!
377 2159 433 2193 lili.
455 2170 487 2203 4.
514 2159 627 2194 Conlr.
649 2170 678 2204 g.
703 2164 773 2204 sap.
792 2170 844 2204 jo.
863 2170 911 2204 51.
933 2162 962 2192 et
978 2169 1029 2203 52.
1051 2163 1080 2192 et
1101 2157 1185 2192 Mal.
1207 2169 1237 2203 q.
1264 2169 1297 2202 4.
1316 2162 1379 2192 art.
1401 2170 1429 2193 r.
1455 2162 1484 2193 et
1497 2163 1603 2205 opusc.
1621 2170 1649 2205 3.

545 2218 617 2258 cap.
640 2223 713 2247 201.
735 2223 812 2246 202.
835 2223 906 2258 203.
929 2216 957 2246 ct
977 2222 1055 2256 204.
1078 2216 1106 2246 et
1127 2212 1221 2247 Rom.
1240 2222 1268 2257 5.
1291 2210 1347 2245 lec.
1366 2211 1424 2257 3.).

278 2302 338 2336 AD
359 2312 508 2336 PRlMUM
535 2301 585 2335 sic
613 2301 829 2347 proceditur.
862 2300 1023 2342 Videtur,
1054 2300 1150 2346 quod
1180 2300 1338 2347 primum
1364 2307 1555 2346 peccatum
1581 2300 1685 2348 primi
1712 2312 1770 2348 pa-

208 2357 316 2390 rentis
346 2367 419 2389 non
450 2355 657 2389 traducatur
691 2356 734 2388 ad
765 2354 855 2388 alios
876 2366 938 2400 per
972 2354 1173 2399 originem:
1205 2353 1334 2388 dicitur
1363 2354 1461 2388 enim
1488 2353 1667 2388 Ezechiel.
1698 2354 1767 2389 18.:

207 2410 314 2444 Filius
343 2421 408 2443 non
433 2410 587 2455 portabit
615 2409 822 2454 iniquitatum
846 2409 975 2455 patris:
1005 2415 1163 2454 portaret
1189 2415 1322 2449 autem,
1345 2407 1374 2441 si
1401 2407 1443 2441 ab
1474 2418 1518 2442 eo
1540 2408 1767 2454 iniquitatem

207 2464 384 2506 traheret3
407 2473 494 2508 ergo
521 2461 640 2496 nullus
667 2462 775 2496 trahit
797 2462 838 2495 ab
863 2461 984 2508 aliquo
1012 2469 1201 2508 parentum
1226 2471 1290 2508 per
1311 2460 1490 2507 originem
1518 2460 1664 2508 aliquod
1690 2472 1770 2508 pec·

208 2525 340 2551 CatUssl.

280 2581 311 2604 2.
335 2570 570 2604 PRAETEREA.
594 2569 774 2603 Accidens
797 2580 870 2602 non
892 2568 1089 2602 traducitur
1111 2580 1173 2614 per
1194 2569 1392 2615 originem:
1415 2568 1484 2603 nisi
1504 2568 1669 2602 traducto
1691 2568 1769 2603 sub—

209 2626 327 2670 ject03
350 2635 393 2658 eo
418 2623 514 2669 quod
538 2623 704 2657 accidens
723 2634 795 2656 non
818 2623 942 2656 transit
965 2623 1007 2656 de
1022 2622 1184 2667 subjecto
1200 2622 1234 2656 in
1249 2622 1470 2668 subjectum:
1492 2621 1553 2656 sed
1576 2622 1696 2656 anima
1719 2633 1769 2656 ra·

207 2678 364 2719 nonalis,
387 2689 478 2723 quac
509 2686 561 2711 cst
590 2677 791 2721 subjectum
823 2676 961 2722 culpae,
991 2687 1064 2710 non
1091 2676 1286 2710 traducitur
1312 2688 1374 2722 per
1397 2675 1587 2722 originem,
1609 2683 1647 2710 ut
1672 2676 1707 2710 in
1739 2687 1766 2710 1.

210 2740 395 2766 ostensum
419 2740 471 2765 est
494 2731 538 2777 (q.
566 2732 634 2766 HS.
657 2736 722 2765 art.
746 2731 813 2775 2.);
838 2741 925 2775 crgo
949 2741 1065 2776 neque
1088 2730 1205 2776 aliqua
1229 2730 1332 2776 culpa
1355 2741 1416 2776 per
1437 2729 1614 2775 originem
1630 2729 1767 2764 traduci

209 2794 336 2832 potest.

285 2851 312 2885 3.
337 2839 572 2873 PuAlz'rizmm.
598 2838 721 2872 Omne
744 2837 842 2879 illud,
858 2836 1164 2883 quodtraducitur
1179 2848 1240 2883 per
1261 2836 1439 2882 originem
1458 2835 1670 2878 humanam,
1689 2847 1769 2870 cau-

211 2901 307 2928 satur
329 2904 369 2926 cx
390 2892 544 2926 semiue:
567 2891 628 2926 scd
651 2903 774 2926 semen
797 2902 870 2925 non
894 2898 1009 2935 potest
1028 2901 1175 2924 causare
1199 2898 1407 2936 peccatum;
1426 2900 1470 2924 eo
1487 2889 1582 2936 quod
1602 2898 1700 2924 caret
1718 2899 1768 2923 ra-

1869 158 1873 203 i

1871 224 1873 262 i

1869 271 1873 296 ι’
