1907 3198
523 142 745 180 QUABSTIO
776 143 896 176 XCIX.
929 143 1175 176 ARTICULUS
1206 144 1265 175 Vl.
1576 148 1658 191 711

99 226 138 262 in
160 224 223 262 lib.
243 223 300 271 83.
324 223 414 267 QQ,
432 225 480 272 (q.
494 224 548 272 36.
569 226 650 261 circ.
662 226 805 273 princ),
824 227 921 274 quod
942 238 1107 262 venenum
1126 226 1299 263 charitatis
1316 231 1359 263 est
1378 227 1555 276 cupiciitas,·
1572 239 1661 276 ergo

96 277 371 327 ptumism‘ones,
394 285 430 314 et
455 279 761 315 comminationes
786 280 1006 327 temporales
1032 280 1199 316 videntur
1227 280 1439 316 contrariari
1466 282 1659 317 intentioni

97 330 341 380 leg'slatorin
361 331 459 379 quod
480 330 602 379 legem
615 332 882 380 reprobabilem
904 333 1000 376 facit,
1013 342 1053 369 ut
1066 342 1163 381 patet
1183 345 1247 381 per
1267 333 1404 370 Philos.
1419 334 1455 369 in
1470 344 1502 370 2.
1517 335 1664 371 Politic.

95 384 241 434 (inplic.
261 390 335 433 cap.
357 386 418 432 7.).

168 447 201 473 2.
221 436 461 474 Ριυιετεκεᾼ.
484 437 557 473 Lex
579 438 699 473 divina
726 447 779 474 est
805 439 1050 483 excellentior,
1071 451 1182 487 quam
1208 439 1264 475 lex
1290 441 1470 477 humana:
1493 442 1658 478 videmus

96 497 219 528 autem
236 490 273 526 in
291 490 463 533 scientiis,
484 491 581 538 quod
600 500 736 538 quanto
755 491 873 539 aliqua
896 502 948 528 est
970 493 1086 535 altior,
1105 502 1205 528 tanto
1222 505 1284 541 per
1299 494 1425 529 altiora
1445 495 1564 530 media
1583 507 1661 543 pro·

95 543 213 588 cedit;
233 554 322 591 ergo
344 555 428 579 cum
450 543 506 579 lex
528 544 687 579 humana
714 546 886 592 procedat
907 547 950 581 ad
974 547 1218 582 inducendum
1241 547 1409 583 homines
1436 560 1499 595 per
1519 557 1659 596 tempo·

95 596 190 634 tales
209 597 527 640 comminationes,
541 606 575 632 et
590 598 862 645 promissiones,
885 599 939 634 lex
959 600 1078 634 divina
1097 612 1170 635 non
1186 601 1307 636 debuit
1320 613 1362 636 ex
1381 601 1436 636 his
1452 603 1660 649 procedere,

95 651 160 687 sed
180 661 246 699 per
265 649 385 698 aliqua
406 651 556 697 majora.

170 715 200 752 3.
222 703 458 740 PRAETEREA.
480 704 519 739 Id
541 715 615 739 non
634 713 752 752 potest
772 716 852 741 esse
872 707 1075 752 praemium
1094 707 1262 753 justitiae,
1280 707 1338 742 vel
1357 719 1497 755 poenae
1518 708 1658 756 culpae,

95 757 193 807 quod
214 756 412 806 aequaliter
432 757 552 792 evenit
572 766 607 793 et
627 758 744 801 bonis,
766 768 801 794 et
822 759 950 795 malis:
978 760 1052 803 sed,
1079 761 1171 795 sicut
1197 761 1326 796 dicitur
1352 761 1470 797 Eccle.
1496 773 1549 809 9.:
1581 763 1662 797 Uni·

93 821 190 848 versa
209 822 310 859 aeque
328 811 486 847 eveniunt
500 812 603 858 justo,
629 816 659 847 et
683 813 802 860 impio,
825 813 920 855 bono,
942 819 973 849 ct
999 814 1099 857 malo,
1122 814 1257 857 mundo,
1283 820 1312 850 et
1339 815 1522 858 immundo,
1546 816 1659 850 immo-

94 864 182 901 kari
198 865 369 906 victimas,-
394 868 425 900 εἰ
446 865 613 913 sacrificia
634 867 868 908 contemnent&
891 878 978 913 ergo
1006 867 1220 914 temporalia
1246 868 1354 910 bona,
1381 867 1438 903 vel
1465 868 1561 903 mala
1582 879 1656 904 non

95 917 356 955 convenienter
375 925 558 966 ponuntur
582 925 621 953 ut
641 929 794 966 poenae,
815 919 873 954 vel
894 921 1054 967 praemia
1075 921 1332 956 mandatorum
1354 921 1444 968 legis
1466 922 1621 957 divinae.

165 970 243 1008 SED
268 981 425 1008 coum
446 979 512 1014 est,
532 972 630 1019 quod
651 972 782 1008 dicitur
807 973 874 1008 Isa.
902 984 950 1008 1.:
972 974 1008 1010 δι’
1027 974 1211 1017 volueritis,
1234 980 1264 1010 et
1284 975 1456 1010 audieritis
1481 988 1543 1019 me,
1572 977 1658 1011 bona

95 1029 205 1062 tam
222 1023 408 1068 comedente
433 1024 521 1072 quod
542 1026 571 1061 si
591 1025 772 1070 nolueritis,
793 1031 824 1062 et
844 1039 895 1062 me
921 1026 965 1062 ad
989 1027 1203 1063 iracundiam
1226 1030 1505 1076 provocaveritis,
1530 1029 1659 1076 gladius

94 1077 270 1116 laveram
285 1089 356 1115 vos.

163 1131 395 1169 Rmounzo
408 1131 616 1175 dicendum,
629 1132 728 1180 quod
746 1133 838 1168 sicut
858 1133 894 1168 in
917 1133 1076 1170 scientiis
1097 1135 1327 1182 speculativis
1353 1135 1571 1171 inducuntur
1596 1136 1661 1172 ho-

97 1185 215 1222 mines
235 1185 280 1221 ad
301 1185 572 1222 assentiendum
594 1185 888 1222 conclusionibus
911 1199 975 1235 per
1003 1188 1122 1223 media
1143 1188 1385 1236 syllogistica:
1413 1189 1462 1224 ita
1488 1191 1599 1224 etiam
1619 1190 1656 1224 in

98 1237 317 1288 quibuslibet
340 1238 481 1287 legibus
505 1239 675 1275 homiues
703 1239 922 1276 inducuntur
942 1241 986 1276 ad
1013 1241 1260 1277 observantias
1291 1251 1567 1290 praeceptorum
1594 1255 1657 1290 per

97 1303 249 1341 poenas,
280 1300 317 1329 et
347 1292 529 1340 praemia:
561 1293 728 1329 videmus
760 1302 882 1329 autem
909 1295 945 1329 in
971 1295 1131 1330 scientiis
1148 1295 1390 1342 speculativis,
1415 1297 1513 1343 quod
1539 1297 1660 1332 media

93 1354 346 1394 proponuntur
364 1345 522 1382 auditori
541 1346 740 1382 secundum
768 1348 845 1393 ejus
872 1348 1144 1391 conditionem,
1135 1361 1143 1368 ·
1165 1349 1260 1384 unde
1285 1349 1378 1384 sicut
1399 1358 1543 1397 oportet
1563 1350 1657 1386 ordi-

92 1407 178 1436 nate
200 1399 240 1436 in
263 1399 424 1436 scientiis
448 1400 658 1448 procedere,
686 1409 726 1436 ut
754 1411 797 1436 ex
825 1401 1035 1437 notionibus
1060 1402 1250 1450 disciplina
1282 1403 1453 1451 incipiat:
1471 1404 1520 1439 ita
1546 1404 1656 1439 etiam

90 1460 247 1501 oportet,
266 1454 328 1501 qui
347 1452 425 1489 vult
443 1453 616 1488 inducere
640 1453 833 1490 hominem
860 1455 903 1489 ad
930 1455 1198 1491 observantiam
1227 1464 1517 1504 praeceptorum,
1546 1466 1585 1493 ut
1613 1469 1656 1493 ex

90 1505 163 1543 illis
182 1517 270 1542 cnm
288 1517 440 1542 movere
456 1506 615 1554 incipiat,
637 1518 730 1554 quae
750 1516 834 1543 sunt
854 1508 891 1543 in
905 1509 981 1555 ejus
1002 1508 1154 1545 effectu:
1174 1509 1269 1545 sicut
1289 1510 1390 1557 pueri
1410 1519 1656 1558 provocantur

90 1559 136 1596 ad
161 1558 296 1608 aliquid
327 1558 535 1595 faciendum
563 1560 742 1608 aliquibus
771 1561 968 1608 puerilibus
996 1563 1233 1598 munusculis.
1266 1563 1417 1598 Dictum
1445 1572 1499 1599 est
1532 1572 1654 1599 autem

88 1624 196 1662 supra
216 1613 267 1662 (q.
293 1614 350 1662 98.
375 1618 440 1649 art.
466 1626 493 1650 r.
511 1625 543 1650 2.
565 1619 595 1650 et
610 1615 672 1661 3.),
698 1615 795 1662 quod
821 1614 878 1650 lex
903 1624 1006 1651 vetus
1031 1616 1247 1664 disponebat
1271 1617 1315 1652 ad
1338 1617 1539 1660 Christum,
1560 1618 1654 1653 sicut

88 1666 343 1715 imperfectum
364 1667 409 1702 ad
429 1666 650 1715 perfectum3
670 1668 765 1703 unde
786 1668 937 1704 dabatur
956 1669 1094 1717 populo
1116 1670 1234 1705 adhuc
1261 1670 1474 1718 imperfecto
1496 1671 1532 1706 in
1555 1683 1654 1707 com-

88 1720 317 1769 parationem
339 1720 383 1756 ad
403 1719 678 1769 perfectionem,
692 1732 785 1769 quae
805 1730 881 1757 erat
896 1721 1014 1758 sutura
1036 1735 1099 1770 per
1120 1723 1322 1767 Christum,
1339 1732 1375 1760 et
1395 1724 1478 1759 ideo
1497 1725 1653 1772 populus

89 1772 151 1810 ille
172 1782 406 1822 comparatur
425 1786 539 1822 puero
560 1775 624 1810 sub
646 1775 863 1823 paedagogo
885 1777 1061 1819 existenti,
1079 1784 1118 1812 ut
1138 1785 1236 1825 patet
1257 1777 1377 1813 Galat„
1409 1789 1457 1824 3.:
1479 1778 1653 1825 perfectio

88 1835 211 1864 autem
235 1827 397 1864 hominis
426 1836 491 1871 est,
512 1836 551 1863 ut
571 1829 789 1876 contemptis
809 1830 1082 1877 temporalibus,
1108 1831 1350 1878 spiritualibus
1380 1831 1582 1867 inhaereat:
1615 1840 1655 1867 ut

86 1888 186 1930 patet
205 1892 271 1930 per
289 1880 378 1917 illud
398 1881 497 1929 quod
522 1881 651 1929 Apost.
677 1882 764 1918 dicit
789 1882 945 1930 Philipp.
975 1895 1024 1930 3.:
1052 1885 1148 1930 Quae
1168 1885 1298 1932 quidem
1324 1890 1413 1921 retro
1438 1890 1512 1921 sunt
1537 1886 1656 1921 oblivi·

86 1946 187 1979 scetus,
207 1933 253 1971 ad
271 1946 309 1970 ea
329 1946 413 1982 quae
427 1936 549 1983 priora
568 1940 655 1978 sunl,
676 1948 728 1971 mc
746 1936 894 1978 extendo,
910 1938 1105 1984 quicumque:
1124 1950 1200 1985 ergo
1215 1939 1352 1986 perfecti
1370 1950 1492 1982 sumus,
1508 1939 1568 1974 hoc
1588 1951 1655 1974 sen-

90 1988 233 2031 tiam5
253 1987 550 2036 imperfectorum
576 1997 698 2024 autem
724 1997 789 2032 est,
817 1990 915 2037 quod
943 1991 1161 2038 temporalia
1186 1991 1282 2026 bona
1304 1992 1519 2034 desiderent,
1540 1993 1577 2027 in
1599 2003 1653 2027 or-

87 2040 172 2078 dine
194 2049 319 2078 tamen
339 2042 386 2078 ad
405 2042 545 2078 Deum:
571 2053 826 2089 perversorum
854 2051 975 2078 autem
996 2052 1061 2087 est,
1083 2044 1180 2092 quod
1202 2045 1238 2080 in
1260 2045 1520 2092 temporalibus
1545 2045 1651 2080 bonis

86 2094 199 2132 finem
219 2095 463 2139 constituant3
483 2096 579 2132 unde
596 2095 669 2143 legi
682 2096 795 2131 veteri
810 2097 1060 2139 conveniebat,
1082 2106 1121 2133 ut
1142 2109 1205 2145 per
1224 2098 1452 2146 temporalia,
1466 2110 1558 2146 quae
1577 2106 1654 2134 erat

43 2148 45 2154 '
88 2148 125 2185 in
145 2147 277 2185 affectu
297 2148 490 2185 hominum
512 2149 820 2197 imperfectorum,
842 2151 1102 2186 manuduceret
1122 2151 1292 2187 homines
1315 2153 1358 2187 ad
1380 2152 1512 2188 Deum.

158 2202 221 2240 AD
240 2212 391 2239 ritum!
411 2213 500 2250 ergo
520 2202 728 2245 dicendum,
741 2203 837 2250 quod
858 2203 1032 2251 cupiditas,
1055 2215 1126 2252 qua
1148 2205 1263 2240 homo
1285 2206 1470 2241 constituit
1491 2205 1601 2240 finem
1616 2206 1651 2240 in

85 2255 349 2304 temporalibus
367 2256 484 2300 bonis,
505 2261 550 2292 est
562 2256 733 2292 charitatis
745 2269 920 2298 vencnum,-
943 2258 1005 2293 sed
1028 2259 1240 2294 consecutio
1263 2259 1520 2306 temporalium
1541 2259 1655 2294 bono-

85 2319 180 2352 rum,
205 2319 299 2358 quae
322 2309 441 2345 homo
465 2309 644 2345 desiderat
670 2311 705 2345 in
731 2310 858 2346 ordine
885 2311 929 2345 ad
957 2311 1090 2354 Deum,
1116 2320 1169 2347 est
1189 2312 1368 2359 quaedam
1394 2313 1452 2347 via
1478 2312 1653 2348 inducens

85 2360 320 2411 imperfectos
333 2362 378 2399 ad
394 2362 465 2398 Dei
479 2374 657 2406 amorem,
678 2363 879 2399 secundum
895 2363 982 2400 illud
1001 2364 1137 2400 Psalmi
1151 2366 1225 2409 48.;
1241 2365 1462 2413 Confitebitur
1483 2367 1556 2409 tibi,
1575 2378 1650 2402 cum

87 2414 281 2462 metueris
305 2415 368 2452 illi.

157 2469 221 2507 An
239 2479 449 2507 mmmmm
468 2469 676 2531 dicendum,
694 2470 792 2517 quod
813 2470 870 2506 lex
891 2471 1053 2508 humana
1070 2471 1208 2507 inducit
1224 2472 1394 2507 homines
1413 2484 1454 2508 ex
1473 2481 1653 2533 tempora·

84 2519 179 2558 lilms
192 2523 374 2571 praemiis,
387 2522 445 2559 vel
459 2523 587 2571 poenis
603 2535 665 2571 per
682 2523 851 2560 homines
866 2525 1096 2567 inducendis3
1113 2525 1168 2560 lex
1184 2537 1272 2560 vero
1286 2526 1406 2560 divina
1425 2537 1466 2560 cx
1482 2526 1652 2572 praemiis

59 2580 68 2603 ·'
85 2573 147 2612 vel
165 2576 294 2624 poenis
313 2576 523 2612 exhibendis
544 2588 608 2624 per
628 2577 773 2612 Deum:
795 2585 830 2612 et
852 2578 886 2613 in
908 2578 980 2613 hoc
1003 2578 1167 2625 procedit
1188 2590 1251 2625 per
1273 2579 1391 2614 media
1414 2578 1555 2614 altiora.

154 2628 219 2666 An
243 2638 418 2667 mrum
441 2629 649 2672 dicendum,
675 2630 786 2678 quod,
813 2630 906 2667 sicut
930 2639 1028 2679 patet
1053 2631 1223 2667 historias
1250 2631 1282 2664 V
1286 2632 1393 2667 eteris
1424 2631 1651 2668 Testamenti

60 2675 300 2726 ’revolvam
324 2683 532 2719 communis
557 2691 669 2719 status
702 2683 827 2731 populi
857 2695 1000 2732 semper
1029 2685 1093 2720 sub
1129 2685 1208 2731 lege
1238 2685 1273 2720 in
1304 2686 1541 2732 prosperitate
1574 2685 1651 2729 suit,

85 2735 259 2785 quamdiu
271 2735 394 2784 legem
406 2736 667 2780 observabant;
689 2745 724 2773 et
744 2737 866 2773 statim
884 2738 1108 2773 declinantes
1126 2749 1146 2773 a
1161 2740 1361 2786 praeceptis
1383 2739 1474 2785 legis
1495 2739 1651 2782 divinae,

84 2787 278 2827 hmultas
301 2789 535 2830 advenientes
559 2790 786 2826 incidebant:
817 2791 879 2827 sed
909 2791 1050 2839 aliquae
1072 2803 1248 2839 personae
1280 2792 1513 2839 particulares
1540 2793 1650 2828 etiam

85 2842 260 2891 iustitiam
285 2842 377 2892 legis
401 2843 634 2880 observantes
655 2844 691 2879 in
712 2844 850 2892 aliquas
878 2845 1109 2884 adversitates
1131 2845 1349 2887 incidebant,
1381 2845 1437 2881 vel
1465 2846 1550 2893 quia
1576 2847 1649 2891 jam
