1907 3198
7 916 14 932 1

517 193 741 231 QUAESTIO
774 193 863 224 XXI.
896 193 1149 225 ARTICULUS
1183 194 1244 225 ΙΙΙ.
1591 184 1668 240 183

161 287 193 312 2.
215 277 454 312 PRAETEREA.
477 276 609 312 Nullus
632 285 792 312 meretur
821 288 992 324 poenam,
1014 276 1073 312 vel
1102 276 1307 324 praemium
1330 289 1372 312 ex
1407 277 1480 312 hoc
1504 278 1601 325 quod
1623 279 1672 313 di-

89 331 220 379 sponit,
243 339 281 366 ut
302 330 390 373 vult,
413 331 456 366 de
479 342 523 366 eo
547 332 648 377 cujus
670 339 724 366 est
750 330 939 366 dominus:
963 331 1056 366 sicut
1076 331 1106 366 si
1128 332 1244 366 homo
1272 331 1432 366 destruat
1452 344 1531 367 rem
1554 344 1671 376 suam,

88 396 163 421 non
183 385 340 432 punitur,
361 385 453 420 sicut
474 385 503 420 si
525 385 725 420 destrueret
746 397 825 420 rem
845 385 1007 420 alterius:
1032 386 1094 420 sed
1117 386 1232 420 homo
1255 393 1309 420 est
1331 386 1503 421 dominus
1522 398 1673 421 suorum

89 448 256 483 actuum3
278 450 366 486 ergo
389 451 431 474 ex
445 439 517 474 hoc
532 440 629 486 quod
643 439 748 482 bene,
761 439 820 474 vel
842 439 938 474 male
961 439 1120 486 disponit
1142 440 1186 474 de
1209 450 1275 474 suo
1299 447 1393 482 actu,
1415 452 1490 475 non
1513 450 1673 476 meretur

87 505 259 541 poenam,
281 494 338 528 vel
360 494 577 541 praemium.

163 559 192 595 3.
214 548 453 583 PRAETEREA.
473 547 525 582 Ex
546 548 617 583 hoc
635 547 731 594 quod
751 547 879 594 aliquis
898 547 965 582 sib-1
987 547 1053 594 ipsi
1077 549 1231 594 acquirit
1248 549 1400 590 bonum,
1417 560 1490 583 non
1515 557 1674 584 meretur

87 610 127 638 ut
143 603 178 638 ei
197 602 289 637 bene
311 601 372 637 fiat
393 602 436 636 ab
460 602 550 637 alio:
575 609 609 637 et
623 601 753 636 eadem
771 601 863 636 ratio
886 609 939 636 est
961 601 1004 636 de
1028 602 1156 636 malis:
1180 603 1243 638 sed
1267 604 1343 650 ipse
1367 611 1466 637 actus
1482 603 1600 638 bonus
1621 613 1675 639 est

87 656 274 705 quoddam
294 657 446 699 bonum,
468 665 502 691 et
522 655 696 704 perfectio
712 656 871 701 agentis3
894 664 994 690 actus
1017 664 1140 691 autem
1161 657 1388 692 inordinatus
1411 666 1465 692 cst
1486 658 1673 704 quoddam

87 709 227 746 malum
248 710 379 758 ipsius3
400 722 475 745 non
498 721 585 757 ergo
609 721 651 745 ex
668 710 740 745 hoc
760 710 857 757 quod
876 710 992 744 homo
1014 710 1100 745 facit
1122 711 1262 746 malum
1281 720 1417 754 actum,
1439 712 1497 747 vel
1517 713 1671 755 bonum,

88 773 260 808 meretur,
280 764 342 800 vel
362 764 580 799 demeretur.

163 818 239 855 SED
262 829 419 855 CONTRA
442 827 506 861 est,
529 818 627 866 quod
650 818 780 853 dicitur
801 818 868 853 Isa.
895 830 943 865 3.:
967 819 1080 854 Dicite
1096 821 1199 866 justo,
1219 821 1378 866 quoniam
1402 821 1491 864 bane,
1515 823 1672 868 quoniam

78 873 235 921 fructum
263 873 538 908 adinventionum
563 884 702 908 suarum
729 872 883 908 comedet.
919 872 983 908 Vae
1006 874 1106 920 impio
1132 875 1165 908 in
1197 875 1343 909 malum:
1366 876 1556 910 ratribuitio
1583 877 1671 911 enim

88 939 252 963 manuum
272 929 341 975 ejus
352 928 414 974 fiet
433 928 473 962 ei.

159 981 392 1018 RESPONDEO
415 981 624 1023 dicendum,
646 981 744 1028 quod
768 982 937 1025 meritum,
959 989 993 1016 et
1010 981 1205 1017 demeritum
1228 982 1395 1018 dicuntur
1418 983 1453 1017 in
1477 984 1602 1019 ordine
1627 985 1670 1019 ad

87 1035 376 1079 retributionem,
397 1046 490 1083 quae
512 1035 552 1070 fit
573 1035 775 1070 secundum
794 1036 990 1082 justitiam:
1013 1037 1200 1071 retributio
1217 1045 1339 1072 autem
1354 1038 1556 1073 secundum
1575 1039 1674 1085 justi-

86 1091 177 1126 tiam
198 1089 238 1126 fit
259 1089 368 1125 alicui
389 1101 433 1126 ex
454 1101 512 1132 eo,
534 1090 632 1137 quod
654 1090 728 1136 agit
754 1090 790 1124 in
812 1089 1031 1137 profectum,
1053 1090 1112 1125 vel
1137 1100 1404 1126 nocumentum
1427 1092 1584 1127 alterius.
1609 1093 1672 1128 Est

89 1153 211 1180 autem
233 1144 552 1187 considerandum,
568 1144 665 1192 quod
687 1144 934 1191 unusquisque
950 1145 985 1178 in
1008 1145 1129 1192 aliqua
1144 1146 1318 1181 societate
1333 1147 1460 1182 vivens
1479 1156 1533 1182 est
1548 1147 1671 1195 aliquo

88 1200 202 1236 modo
223 1212 318 1248 pars,
349 1208 384 1235 et
410 1199 618 1234 membrum
639 1199 749 1234 totius
772 1199 975 1242 societatis3
1005 1200 1227 1248 quicumque
1251 1212 1340 1247 ergo
1371 1202 1446 1248 agit
1473 1201 1608 1249 aliquid
1635 1202 1672 1236 in

86 1255 238 1298 bonurn,
259 1254 319 1290 vel
339 1253 479 1289 malum
501 1253 653 1299 alicujus
687 1255 722 1288 in
744 1253 919 1288 societate
954 1254 1150 1297 existentis,
1183 1255 1254 1289 hoc
1283 1255 1461 1291 redundat
1494 1257 1531 1290 in
1553 1264 1671 1292 totam

87 1310 322 1345 societatem:
345 1310 438 1344 sicut
458 1309 520 1356 qui
548 1307 660 1343 laedit
680 1319 844 1350 manum,
866 1319 930 1355 per
957 1319 1186 1355 consequens
1213 1309 1324 1344 laedit
1348 1310 1560 1346 hominem:
1590 1323 1675 1346 cum

86 1375 175 1412 ergo
197 1363 326 1411 aliquis
349 1363 422 1411 agit
443 1363 480 1398 in
500 1363 652 1405 bonum,
666 1361 725 1397 vel
746 1361 888 1396 malum
910 1361 1056 1397 alterius
1079 1363 1271 1410 singularis
1291 1375 1480 1411 personae,
1505 1365 1601 1400 cadit
1622 1365 1671 1400 ibi

87 1419 263 1467 dupliciter
283 1417 376 1453 ratio
410 1417 541 1460 meriti,
575 1416 634 1452 vel
660 1416 847 1452 demeriti:
875 1428 940 1451 uno
967 1417 1075 1459 modo,
1099 1418 1303 1452 secundum
1336 1419 1434 1466 quod
1468 1420 1618 1454 debetur
1639 1420 1673 1455 ei

87 1472 275 1509 retributio
298 1484 318 1508 a
336 1471 511 1519 singulari
531 1482 700 1519 persona,
719 1482 830 1518 quam
847 1472 958 1517 juvat,
980 1471 1040 1506 vel
1059 1471 1228 1507 offendit:
1248 1473 1315 1507 alio
1338 1473 1447 1516 modo,
1468 1474 1672 1508 secundum

87 1527 186 1575 quod
207 1526 357 1562 debetur
371 1527 404 1562 ei
418 1526 605 1562 retributio
620 1537 640 1560 a
657 1534 737 1561 toto
753 1525 924 1572 collegio.
943 1525 1104 1567 Quando
1126 1538 1214 1562 vero
1230 1527 1360 1574 aliquis
1383 1528 1527 1562 ordinat
1551 1537 1672 1563 actum

87 1593 196 1618 suum
209 1581 345 1617 directe
359 1581 397 1616 in
414 1581 566 1624 bonum,
580 1579 640 1616 vel
654 1580 795 1615 malum
817 1581 928 1615 totius
951 1580 1097 1627 collegi,
1113 1581 1263 1617 debetur
1285 1582 1318 1617 ei
1336 1583 1537 1626 retributio,
1557 1585 1671 1630 primo

87 1636 248 1685 quidem,
270 1644 306 1671 et
325 1634 576 1684 principaliter
597 1647 617 1670 a
637 1643 716 1670 toto
740 1634 911 1681 collegio,
929 1635 1126 1670 secundario
1148 1647 1237 1671 vero
1263 1636 1305 1670 ab
1329 1637 1500 1671 omnibus
1523 1637 1672 1684 collegii

86 1691 258 1740 partibus.
281 1689 379 1725 Cum
393 1701 482 1725 vero
505 1689 634 1736 aliquis
656 1689 741 1736 agit,
763 1689 862 1736 quod
884 1689 920 1723 in
934 1689 1073 1724 bonum
1092 1692 1294 1737 proprium,
1309 1690 1368 1726 vel
1383 1690 1524 1726 malum
1538 1692 1667 1738 vergit,

88 1745 200 1781 etiam
213 1744 364 1780 debetur
374 1744 406 1779 ei
417 1744 618 1786 retributio,
633 1744 850 1791 inquantum
861 1744 970 1778 etiam
980 1743 1052 1779 hoc
1061 1745 1178 1791 vergit
1195 1745 1231 1779 in
1248 1756 1458 1788 commune,
1471 1746 1674 1780 secundum

88 1799 187 1848 quod
207 1799 285 1846 ipse
306 1807 360 1834 est
372 1810 455 1846 pars
477 1797 641 1846 collegii3
667 1797 753 1832 licet
773 1809 849 1833 non
871 1798 1044 1833 debeatur
1064 1799 1125 1844 [al.
1140 1800 1215 1834 licet
1232 1799 1404 1846 debeatur]
1418 1800 1451 1835 ei
1470 1800 1672 1843 retributio,

86 1854 304 1902 inquantum
318 1861 372 1888 est
387 1853 539 1896 bonurn,
554 1851 614 1887 vel
629 1851 770 1887 malum
788 1851 981 1899 singularis
1001 1864 1189 1899 personae,
1206 1865 1299 1901 quae
1315 1863 1369 1889 est
1388 1855 1517 1889 eadem
1537 1855 1673 1901 agenti,

87 1908 158 1944 nisi
177 1907 270 1943 forte
292 1919 312 1942 a
333 1907 466 1955 seipso,
487 1906 690 1942 secundum
712 1907 911 1954 quamdam
931 1906 1220 1951 similitudinem,
1243 1917 1352 1955 prout
1374 1917 1428 1943 est
1449 1909 1585 1954 justitia
1611 1909 1676 1944 ho-

88 1962 197 1998 minis
219 1961 264 1997 ad
285 1961 456 2009 seipsum.
480 1961 541 1996 Sic
563 1961 673 2008 igitur
690 1969 800 2008 patet,
819 1961 917 2007 quod
931 1965 1022 1996 actus
1037 1962 1150 2004 bonus,
1170 1963 1223 1997 vel
1241 1963 1346 1998 malus
1363 1963 1474 1997 habet
1492 1963 1671 1998 rationem

87 2015 290 2059 laudabilis,
307 2015 367 2052 vel
381 2015 582 2064 culpabilis,
597 2015 799 2051 secundum
818 2015 916 2062 quod
932 2024 985 2050 est
998 2016 1035 2050 in
1050 2025 1229 2063 potestate
1250 2016 1469 2052 voluntatis:
1490 2018 1673 2052 rationem

88 2083 176 2107 vero
205 2071 443 2114 rectitudinis,
474 2078 509 2106 et
529 2070 682 2118 peccati,
712 2070 914 2105 secundum
945 2071 1113 2105 ordinem
1144 2071 1188 2105 ad
1219 2071 1348 2106 finem:
1373 2072 1554 2106 rationem
1584 2084 1672 2107 vero

89 2125 220 2169 meriti,
242 2133 278 2161 et
302 2124 482 2168 demeriti,
503 2124 706 2160 secundum
727 2124 1003 2159 retributionem
1025 2125 1182 2171 justitiae
1205 2126 1250 2160 ad
1273 2125 1439 2161 alterum.

161 2180 223 2216 AD
236 2191 387 2216 PR1MUM
402 2190 490 2227 ergo
505 2178 712 2222 dicendum,
730 2178 828 2225 quod
844 2178 1063 2226 quandoque
1079 2188 1180 2214 actus
1200 2179 1364 2216 hominis
1379 2181 1478 2223 boni,
1494 2180 1552 2216 vel
1572 2181 1672 2224 mali,

88 2234 176 2270 licet
194 2245 270 2270 non
288 2234 501 2270 ordinentur
515 2233 559 2268 ad
574 2233 723 2275 bonum,
738 2232 797 2267 vel
811 2232 951 2267 malum
966 2233 1112 2268 alterius
1127 2234 1320 2281 singularis
1341 2246 1533 2282 personae,
1548 2244 1671 2271 tamen

90 2288 304 2325 ordinantur
324 2288 368 2323 ad
389 2288 542 2331 bonum,
563 2287 622 2323 vel
644 2287 687 2322 ad
710 2286 850 2321 malum
873 2286 1032 2330 alterius,
1055 2288 1152 2335 quod
1175 2296 1228 2323 est
1249 2289 1327 2336 ipsa
1351 2290 1609 2325 communitas.

161 2343 222 2379 AD
244 2353 454 2379 SECUNDUM
475 2342 683 2384 dicendum,
694 2341 792 2389 quod
810 2341 939 2384 homo,
954 2342 1015 2388 qui
1036 2342 1146 2377 habet
1159 2342 1365 2379 dominium
1387 2345 1441 2379 sui
1464 2353 1577 2388 actus,
1595 2345 1672 2392 ipse

90 2397 213 2442 etiam,
233 2399 450 2446 inquantum
471 2404 526 2432 est
547 2396 705 2439 alterius,
724 2395 864 2431 scilicet
885 2397 1173 2440 communitatis,
1196 2399 1298 2445 cujus
1320 2407 1374 2434 est
1395 2411 1488 2446 pars,
1511 2409 1671 2435 meretur

90 2450 237 2500 aliquid,
257 2451 318 2487 vel
337 2451 562 2495 demeretur3
584 2451 800 2498 inquantum
824 2459 924 2485 actus
946 2463 1031 2486 suos
1049 2452 1153 2494 bene,
1175 2452 1233 2487 vel
1256 2452 1352 2488 male
1375 2453 1554 2500 disponit;
1578 2454 1671 2489 sicut

91 2505 202 2542 etiam
227 2506 258 2542 si
278 2505 349 2542 alia
374 2517 451 2549 sua,
473 2506 517 2540 de
540 2505 668 2553 quibus
696 2505 952 2540 communitati
979 2506 1114 2541 servire
1141 2507 1258 2550 debet,
1281 2507 1385 2551 bene,
1412 2508 1471 2543 vel
1499 2509 1595 2543 male
1623 2509 1672 2543 di-

90 2568 247 2608 spensat.

162 2615 224 2651 AD
242 2625 416 2651 TERTIUM
435 2614 643 2657 dicendum,
665 2613 763 2661 quod
780 2614 853 2649 hoc
875 2614 995 2662 ipsum
1017 2616 1169 2658 bonum,
1184 2615 1406 2658 velmalum,
1422 2617 1518 2663 quod
1543 2616 1672 2664 aliquis

91 2667 160 2704 sibi
178 2668 266 2704 facit
297 2680 360 2717 per
390 2681 498 2706 suum
532 2677 667 2712 actum,
696 2668 874 2704 redundat
903 2669 939 2704 in
962 2670 1280 2714 communitatem,
1309 2679 1347 2706 ut
1368 2671 1506 2706 dictum
1536 2683 1589 2707 est
1619 2672 1672 2718 (in

93 2729 184 2771 corp.
208 2724 302 2770 art.).
