1875 3198
228 206 315 249 744
661 205 883 241 QUAESTIO
920 206 992 236 CH.
1027 205 1271 236 ARTICULUS
1305 206 1364 235 ΙΙΙ.

228 286 402 322 dendum:
419 286 513 321 unde
528 298 569 321 ea
583 298 657 320 non
674 286 873 321 offerebant
886 287 922 320 in
939 286 1157 320 sacrificium
1172 286 1237 320 diis
1257 287 1346 328 suis;
1362 286 1456 321 unde
1471 287 1601 321 dicitur
1613 287 1726 322 Exod.
1742 288 1792 323 8.:

228 341 503 375 Abominationes
524 341 766 386 Aegyptiorum
787 340 1034 374 immolabimus
1053 341 1201 374 Domino
1223 340 1296 374 Deo
1318 345 1448 375 nostro:
1471 351 1558 375 oves
1581 341 1679 375 enim
1701 340 1795 375 cole-

226 394 323 436 bant,
351 394 473 428 hircos
495 394 773 427 venerabantur:
791 393 873 439 quia
888 393 923 426 in
939 404 1066 427 eorum
1080 393 1195 437 figura
1210 393 1407 427 daemones
1427 394 1659 439 apparebant:
1678 394 1794 428 bobus

228 447 337 481 etiam
366 447 557 481 utebantur
579 446 622 480 ad
645 446 916 492 agriculturam,
939 458 1048 492 quam
1076 446 1168 480 inter
1193 457 1248 480 res
1277 457 1397 480 sacras
1426 446 1618 481 habebant.
1647 447 1793 483 Secundo

226 501 298 535 hoc
321 501 541 534 conveniens
564 508 640 534 erat
666 500 709 533 ad
731 500 954 544 praedictam
977 499 1245 533 ordinationem
1275 500 1406 534 mentis
1434 499 1470 533 in
1491 500 1631 534 Deum:
1660 509 1694 535 et
1721 501 1794 535 hoc

227 553 427 600 dupliciter.
450 553 575 587 Primo
599 553 756 598 quidem,
779 553 862 598 quia
884 553 1094 598 hujusmodi
1116 552 1287 586 animalia
1313 553 1471 587 maxime
1493 561 1586 595 sunt,
1607 565 1671 600 per
1704 565 1795 600 quae

226 615 444 642 sustentatur
477 607 637 640 humana
670 606 754 648 vita,
778 614 812 640 et
839 617 923 640 cum
950 606 1020 640 hoc
1054 606 1294 640 mundissima
1326 614 1419 648 sunt,
1446 614 1481 640 et
1513 607 1795 642 mundissimum

225 661 359 695 habent
381 660 659 694 nutrimentum:
675 659 745 693 alia
766 671 852 693 vero
876 659 1046 693 animalia
1068 659 1126 693 vel
1148 667 1231 693 sunt
1245 659 1444 705 sylvestria,
1463 668 1498 694 et
1509 672 1585 694 non
1602 669 1685 695 sunt
1699 673 1797 695 com-

226 714 382 748 muniter
404 713 597 747 hominum
620 713 699 747 usui
722 713 909 759 deputata3
931 712 990 747 vel
1016 713 1044 747 si
1066 721 1148 747 sunt
1175 713 1386 755 domestica,
1408 713 1640 748 immundum
1661 715 1796 749 habent

226 768 498 808 nutrimentum,
522 775 559 800 ut
580 778 723 812 porcus,
751 775 785 800 et
807 766 960 812 gallina:
984 766 1104 800 solum
1140 774 1261 800 autem
1282 766 1329 808 id,
1357 767 1453 813 quod
1476 775 1529 801 est
1549 780 1690 814 purum,
1712 769 1794 802 Deo

226 829 279 855 est
300 821 587 855 attribuendum:
615 820 825 865 hujusmodi
857 828 977 854 autem
1006 831 1088 854 aves
1119 820 1322 866 specialiter
1351 819 1604 863 offerebantur,
1627 822 1710 868 quia
1735 822 1796 856 ha-

227 875 352 908 bentur
366 874 402 907 in
419 874 524 919 copia
546 874 581 907 in
600 881 693 907 terra
708 874 979 919 promissionis:
1002 873 1174 915 secundo,
1197 874 1280 919 quia
1294 885 1356 919 per
1369 874 1663 909 immolationem
1677 875 1797 921 hujus-

226 928 327 962 modi
349 927 561 961 animalium
583 927 717 973 puritas
740 927 870 961 mentis
893 927 1117 973 designatur:
1141 927 1236 972 quia,
1258 935 1296 961 ut
1313 927 1442 961 dicitur
1461 928 1498 962 in
1514 928 1617 963 Glos.
1633 929 1746 963 Levit.
1767 940 1793 963 1.

226 981 294 1025 (scu
316 983 350 1015 in
368 986 495 1027 proffim.
518 981 560 1015 ad
580 982 686 1016 Lavit.
709 993 821 1015 versas
832 981 930 1026 fin.):
953 980 1106 1014 vitulum
1129 979 1326 1024 offerimus,
1346 992 1429 1015 cum
1452 981 1569 1016 carnis
1590 982 1795 1028 superbiam

224 1035 421 1068 vincimus:
452 1046 598 1079 agnum,
623 1046 705 1068 cum
728 1033 954 1068 irrationales
981 1041 1102 1068 motus
1125 1034 1358 1079 corrigimus:
1388 1034 1562 1077 hoedum,
1586 1046 1669 1069 cum
1695 1035 1796 1070 lasci-

223 1089 321 1122 viam
335 1100 565 1134 superamus:
590 1087 810 1128 columbam,
826 1099 909 1121 cum
925 1087 1107 1133 simplices
1127 1099 1270 1121 sumus:
1290 1095 1476 1131 turturem,
1494 1099 1576 1122 cum
1593 1089 1794 1123 castitatem

224 1153 425 1176 servamus:
450 1153 559 1187 panes
583 1153 743 1187 azymos,
766 1153 849 1175 cum
872 1141 907 1174 in
931 1142 1067 1187 azymis
1089 1141 1316 1187 synceritatis
1339 1140 1543 1187 epulamur:
1566 1142 1603 1175 in
1625 1141 1795 1176 columba

226 1207 312 1230 vero
336 1195 568 1229 manifestum
592 1204 644 1229 est
670 1195 767 1240 quod
789 1194 1012 1240 significatur
1035 1194 1191 1235 castitas,
1216 1202 1250 1228 et
1271 1194 1484 1241 simplicitas
1513 1195 1655 1230 mentis.
1685 1196 1794 1230 Tertio

224 1260 310 1283 vero
334 1249 554 1283 conveniens
576 1248 642 1282 fuit
662 1249 753 1282 haec
783 1248 953 1281 animalia
976 1247 1096 1282 offerri
1117 1248 1154 1281 in
1175 1247 1329 1294 figuram
1353 1248 1507 1282 Christi:
1531 1249 1614 1295 quia
1629 1248 1795 1284 Christus

227 1303 275 1347 (ut
290 1305 322 1336 in
338 1302 447 1336 midam
467 1302 556 1337 Glos.
580 1302 732 1346 dicitur),
756 1302 792 1335 in
813 1301 927 1335 vitulo
947 1300 1107 1343 offertus,
1129 1310 1276 1347 propter
1296 1302 1467 1336 virtutem
1482 1302 1618 1344 crucis3
1635 1302 1672 1336 in
1687 1313 1796 1348 agno,

225 1364 371 1403 propter
392 1356 658 1397 innocentiam3
681 1356 717 1389 in
740 1355 862 1397 ariete,
884 1363 1030 1401 propter
1056 1355 1316 1401 principatum3
1337 1355 1374 1389 in
1401 1355 1515 1398 hirco,
1538 1364 1684 1402 propter
1702 1356 1797 1389 simi-

224 1410 414 1444 litudinem
429 1409 546 1443 carnis
561 1410 718 1455 peccati3
734 1409 770 1442 in
785 1416 933 1451 turture,
949 1417 983 1442 et
998 1408 1167 1442 columba
1183 1409 1335 1442 duarum
1356 1419 1567 1443 naturarum
1587 1409 1795 1454 conjunctio

226 1464 511 1498 monstrabatur:
535 1462 593 1497 vel
615 1464 649 1496 in
676 1470 812 1496 turture
840 1463 996 1503 castitas,
1018 1462 1054 1495 in
1078 1461 1247 1496 columba
1275 1462 1430 1497 charitas
1449 1463 1735 1509 significabatur:
1759 1463 1794 1497 in

225 1517 428 1563 similagine
452 1517 610 1562 aspersio
634 1516 857 1550 credentium
885 1528 947 1562 per
970 1527 1102 1561 aquam
1124 1516 1292 1562 baptismi
1314 1515 1544 1561 figurabatur.

297 1572 357 1606 AD
381 1582 551 1606 TERTIUM
567 1571 771 1612 dicendum,
787 1571 883 1616 quod
906 1570 1034 1616 pisces,
1049 1569 1110 1615 qui
1131 1569 1168 1603 in
1190 1581 1283 1615 aqua
1304 1570 1440 1611 vivunt,
1459 1570 1577 1616 magis
1591 1578 1673 1605 sunt
1688 1570 1796 1604 alieni

225 1627 267 1660 ab
290 1626 451 1668 homine,
474 1637 584 1671 quam
607 1633 747 1658 caetera
776 1623 958 1665 animalia,
990 1634 1081 1669 quae
1102 1623 1228 1657 vivunt
1248 1623 1284 1657 in
1307 1626 1400 1665 aere,
1427 1624 1519 1657 sicut
1540 1631 1575 1657 et
1599 1624 1733 1659 homo:
1762 1633 1796 1659 et

225 1680 355 1714 iterum
377 1679 493 1725 pisces
516 1690 557 1712 ex
573 1690 665 1724 aqua
680 1678 829 1712 extracti
843 1678 963 1711 statim
980 1676 1202 1719 moriuntur3
1225 1676 1318 1710 unde
1332 1687 1407 1711 non
1421 1684 1590 1723 poterant
1606 1677 1642 1711 in
1656 1677 1795 1724 templo

225 1732 357 1775 offerri,
380 1733 472 1767 sicut
499 1732 568 1766 alia
591 1731 772 1766 animalia.

295 1788 354 1822 AD
374 1797 562 1826 QUARTUM
585 1786 790 1827 dicendum,
813 1785 910 1831 quod
932 1785 967 1818 in
990 1784 1183 1819 turturibus
1202 1783 1373 1819 meliores
1395 1792 1477 1819 sunt
1497 1785 1666 1830 majores,
1682 1797 1792 1832 quam

223 1839 327 1887 pulli;
349 1840 385 1873 in
408 1839 587 1873 columbis
610 1847 731 1873 autem
754 1850 772 1872 e
792 1849 990 1879 converso;
1014 1846 1048 1872 et
1066 1837 1163 1879 ideo,
1187 1845 1226 1871 ut
1246 1837 1361 1872 Rabbi
1383 1837 1530 1883 Moyses
1557 1837 1643 1872 dicit
1669 1838 1746 1882 (lib.
1767 1850 1794 1884 3.

222 1896 307 1929 Dux
321 1899 446 1929 errant.
462 1900 533 1940 cap.
555 1904 609 1939 47.
635 1894 720 1927 inter
738 1894 849 1939 princ.
873 1897 900 1927 et
923 1892 1033 1936 marl),
1057 1891 1263 1926 vmzndantur
1284 1891 1397 1936 offerri.
1418 1896 1571 1933 turtures,
1593 1897 1624 1927 et
1638 1892 1726 1939 pulli
1747 1904 1796 1927 co-

223 1949 432 1988 lumlmrmm
456 1948 540 1994 quia
562 1958 672 1981 omne
695 1946 791 1993 quod
815 1954 866 1980 est
889 1946 1081 1992 optimum,
1103 1945 1184 1979 Deo
1208 1953 1260 1979 est
1281 1945 1561 1979 attribuendum.

295 2002 355 2036 AD
378 2012 559 2040 QUINTUM
574 2001 780 2041 dicendum,
797 2000 893 2046 quod
914 1999 1084 2033 animalia
1098 1999 1134 2033 in
1150 1998 1368 2034 sacrificium
1383 1998 1503 2033 oblata
1520 1999 1795 2041 occidebantur3

226 2055 309 2101 quia
330 2055 479 2089 veniunt
500 2055 536 2088 in
559 2066 663 2088 usum
686 2054 846 2087 hominis
869 2053 1002 2095 occisa,
1025 2053 1225 2087 secundum
1248 2052 1344 2098 quod
1365 2063 1384 2086 a
1405 2052 1486 2087 Deo
1506 2052 1635 2086 dantur
1652 2053 1796 2087 homini

224 2109 267 2143 ad
292 2120 414 2150 esum3
438 2117 471 2142 et
492 2109 573 2142 ideo
597 2108 706 2141 etiam
728 2107 803 2153 igni
825 2107 1099 2147 cremabantur;
1118 2106 1201 2152 quia
1220 2118 1283 2152 per
1300 2106 1423 2152 ignem
1439 2106 1591 2140 decocta
1609 2105 1698 2140 fiunt
1712 2114 1795 2153 apta

225 2163 388 2197 humano
405 2163 496 2197 esui:
513 2161 677 2196 similiter
693 2161 802 2195 etiam
817 2173 879 2207 per
894 2161 1118 2194 occisionem
1134 2159 1347 2193 animalium
1362 2159 1584 2205 significatur
1598 2159 1794 2194 destructio

225 2225 470 2264 peccatorum,
494 2225 528 2251 et
550 2216 646 2262 quod
668 2216 838 2250 homines
862 2223 963 2249 erant
989 2215 1089 2259 digni
1111 2214 1295 2248 occisione
1319 2225 1383 2259 pro
1405 2214 1563 2260 peccatis
1590 2215 1675 2257 suis,
1698 2225 1738 2248 ac
1765 2214 1795 2248 si

228 2271 288 2305 illa
316 2270 487 2305 animalia
514 2270 598 2304 loco
627 2281 753 2303 eorum
782 2269 1044 2309 occiderentur,
1073 2268 1116 2302 ad
1143 2267 1418 2313 significandam
1445 2267 1690 2312 expiationem
1717 2279 1797 2314 pec-

224 2333 406 2359 catorum:
431 2336 492 2371 per
514 2324 740 2358 occisionem
762 2323 871 2356 etiam
894 2321 1103 2367 hujusmodi
1126 2320 1339 2355 animalium
1361 2320 1631 2366 significabatur
1657 2321 1794 2355 occisio

226 2379 374 2413 Christi.

296 2433 355 2466 An
378 2442 531 2466 SEXTUM
554 2430 761 2471 dicendum,
789 2430 884 2476 quod
908 2428 1074 2475 specialis
1097 2428 1228 2462 modus
1251 2427 1443 2462 occidendi
1465 2427 1637 2462 animalia
1664 2428 1795 2462 immo-

225 2485 297 2520 lata
316 2485 620 2519 determinabatur
642 2484 677 2517 in
697 2483 776 2529 lege
801 2483 843 2517 ad
867 2483 1131 2516 excludendum
1153 2481 1242 2516 alios
1265 2481 1408 2523 modos,
1431 2481 1558 2527 quibus
1579 2481 1794 2517 idololatrae

226 2539 395 2573 animalia
418 2537 524 2572 idolis
546 2536 804 2572 immolabant:
828 2536 884 2571 vel
901 2537 1022 2578 etiam,
1038 2544 1076 2570 ut
1094 2536 1208 2569 Rabbi
1225 2535 1371 2581 Moyses
1386 2535 1472 2569 dicit
1486 2535 1564 2579 (loc.
1579 2537 1635 2571 cit.
1651 2542 1722 2582 cap.
1736 2548 1794 2582 49.

225 2598 298 2628 ante
314 2592 425 2637 med),
443 2592 498 2626 lex
513 2591 622 2637 elegit
636 2602 748 2635 genus
765 2590 971 2632 occisionis,
987 2601 1058 2635 quo
1075 2588 1246 2623 animalia
1263 2589 1381 2623 minus
1397 2588 1648 2635 affligebantur
1661 2589 1794 2631 occisa,

225 2658 287 2693 per
309 2646 405 2693 quod
429 2646 537 2680 etiam
561 2644 818 2679 excludebatur
841 2652 874 2677 et
901 2642 1203 2677 immisericordia
1231 2641 1474 2684 offerentium,
1501 2650 1536 2677 et
1561 2642 1794 2678 deterioratio

226 2700 438 2734 animalium
462 2699 680 2733 occisorum.

296 2754 355 2788 An
378 2763 569 2787 SEPTIMUM
593 2751 800 2792 dicendum,
823 2751 919 2796 quod
942 2750 1024 2796 quia
1045 2749 1216 2784 animalia
1236 2748 1422 2784 maculosa
1441 2749 1560 2784 solent
1573 2749 1697 2784 haberi
1711 2760 1796 2784 con-

225 2808 375 2854 temptui
399 2808 508 2842 etiam
528 2806 621 2852 apud
641 2806 822 2847 homines,
842 2805 923 2838 ideo
943 2804 1163 2849 prohibitum
1187 2811 1240 2838 cst
1253 2815 1298 2838 ne
1313 2803 1394 2837 Deo
1410 2803 1445 2836 in
1460 2802 1679 2837 sacrificium
1693 2802 1796 2837 offer-

226 2870 364 2903 rentur3
387 2869 531 2907 propter
545 2859 766 2906 quodetiam
782 2858 1003 2905 prohibitum
1019 2866 1093 2891 erat
1117 2857 1234 2901 (Dant.
1249 2856 1315 2903 23.)
1337 2867 1381 2890 ne
1405 2856 1580 2891 mercedem
1601 2857 1792 2903 prostibuli,

226 2921 282 2949 1111!
298 2916 444 2961 pretium
463 2916 552 2949 canis
577 2913 636 2958 [al.
660 2913 784 2958 carnis]
805 2912 838 2946 in
862 2911 1012 2945 domum
1038 2911 1105 2944 Dei
1129 2909 1318 2946 offerrent:
1338 2918 1372 2944 et
1387 2909 1513 2945 eadem
1529 2909 1639 2945 etiam
1654 2909 1794 2945 ratione

1859 2327 1875 2419 ‘s

1855 2426 1875 2494 i

1861 2678 1865 2695 1

1872 2589 1875 2683 l

1870 2709 1875 2767 l
