1907 3198
477 188 700 225 QUAESTIO
735 187 856 218 XLIII.
891 187 1139 218 ARTICULUS
1173 187 1216 216 11.
1558 188 1639 231 313

134 285 163 320 3.
178 272 418 307 PRAETEREA.
440 271 640 306 Decertare
664 283 706 306 ex
728 270 940 306 fortitudine
962 270 1142 316 provenit,
1164 281 1240 304 non
1263 280 1305 303 ex
1328 268 1487 303 defectu:
1508 269 1570 303 sed
1591 269 1648 304 de-

59 335 237 362 certantes
258 326 389 360 timent
411 337 486 368 eos,
510 326 570 372 qui
592 338 658 372 pro
682 326 821 360 eisdem
845 324 908 371 [al.
932 337 1006 360 cnm
1029 323 1163 370 eisdam]
1188 324 1385 366 decertant,
1406 331 1444 358 ut
1462 323 1592 358 dicitur
1611 323 1647 357 in

12 399 17 404 ·
58 392 90 417 2.
112 381 219 416 Rhet.
241 380 379 426 (ilvid.),·
404 391 492 426 ergo
515 379 678 415 defectus
701 391 775 414 non
799 388 852 414 est
875 391 983 413 causa
1007 378 1161 413 timoris.

130 435 206 470 SED
225 445 393 470 CONTRA.
418 434 700 469 Contrariorum
724 434 927 469 contrariae
947 441 1029 468 sunt
1049 443 1198 467 causae:
1223 432 1285 467 sed
1301 432 1460 474 divitiae,
1477 440 1511 466 et
1526 432 1647 475 robur,

0 536 1 539 Ἴ
57 497 92 525 et
113 488 308 524 multitudo
332 489 551 531 amicorum,
574 497 609 523 et
631 498 792 535 potestas
815 488 1012 524 excludunt
1033 488 1219 530 timorem,
1235 495 1274 522 ut
1295 487 1426 521 dicitur
1440 487 1476 522 in
1493 497 1524 522 2.
1539 487 1646 522 Rhet.

56 543 153 591 (ibid.
173 555 194 578 a
220 543 344 589 med.),·
369 554 457 590 ergo
477 554 519 577 ex
543 542 686 578 defectu
709 544 845 578 horum
866 543 978 578 timor
1001 551 1182 577 causatur.

126 597 359 633 REspoNn-fio
387 597 596 640 dicendum,
627 597 737 645 quod,
770 598 863 632 sicut
884 608 991 644 supra
1015 597 1153 631 dictum
1178 604 1231 631 est
1254 595 1337 640 (art.
1356 595 1501 643 praec),
1530 594 1648 642 duplex

54 662 164 687 causa
184 651 327 687 timoris
351 651 469 698 accipi
491 659 630 698 potest:
654 664 724 687 una
740 652 888 699 quidem
911 663 975 698 per
996 650 1152 685 modum
1175 650 1374 685 materialis
1397 649 1647 696 dispositionis

55 717 97 742 ex
118 713 220 754 parte
241 707 331 752 ejus,
352 706 415 753 qui
435 706 556 740 timet:
580 707 650 741 alia
672 718 736 754 per
758 707 914 741 modum
933 717 1065 740 causae
1086 704 1276 740 efficientis
1296 716 1340 740 ex
1358 713 1458 751 parte
1478 705 1566 750 ejus,
1586 704 1648 750 qui

53 760 212 796 timetur.
237 759 431 802 Quantum
452 760 563 807 igitur
585 760 629 794 ad
652 761 825 808 primum,
849 759 1011 795 defectus
1039 771 1103 807 per
1125 771 1162 794 se
1187 758 1374 806 loquendo
1397 767 1451 793 est
1473 770 1583 793 causa
1604 759 1648 793 ti-

55 814 183 849 moris:
207 825 251 849 ex
273 813 395 861 aliquo
420 814 519 849 enim
541 814 686 849 defectu
708 814 850 849 virtutis
875 814 1067 861 contingit,
1091 813 1189 861 quod
1211 825 1287 848 non
1309 814 1424 860 possit
1451 812 1580 859 aliquis
1603 812 1646 846 de

53 867 151 903 facili
172 867 348 915 repellere
369 868 568 903 imminens
592 868 749 903 malum:
776 868 838 903 sed
860 877 985 903 tamen
1009 868 1053 902 ad
1077 867 1303 902 causandum
1326 867 1503 902 timorem
1532 866 1648 913 requi-

53 922 142 958 ritur
163 922 326 958 defectus
349 934 434 958 curn
458 922 578 970 aliqua
600 934 792 958 mensura:
825 922 946 957 minor
969 922 1065 957 enirn
1090 930 1144 957 est
1173 921 1348 965 defectus,
1379 922 1440 968 qui
1463 929 1588 956 causat
1609 921 1649 955 ti-

53 988 198 1012 morem
227 976 340 1012 futuri
361 977 461 1020 mali,
487 989 598 1024 quam
622 977 784 1012 defectus
809 988 1038 1024 consequens
1060 976 1202 1011 malum
1224 988 1407 1023 praesens,
1431 976 1474 1010 de
1499 987 1571 1023 quo
1595 984 1648 1010 est

51 1031 211 1067 tristitia:
235 1040 271 1067 et
292 1032 412 1067 adhuc
436 1040 531 1067 esset
549 1032 668 1079 major
687 1031 861 1075 defectus,
881 1032 910 1066 si
929 1031 1091 1066 totaliter
1110 1043 1237 1066 sensus
1256 1030 1345 1065 mali
1365 1030 1574 1073 auferretur,
1589 1030 1648 1065 vel

52 1097 159 1122 amor
178 1087 278 1130 boni,
300 1087 402 1134 cujus
425 1087 653 1121 contrarium
675 1087 835 1121 timetur.
868 1086 1059 1128 Quantum
1089 1098 1177 1121 vero
1202 1086 1245 1120 ad
1274 1086 1494 1129 secundum,
1520 1086 1646 1128 virtus,

52 1149 88 1176 et
108 1141 219 1176 robur
239 1152 304 1189 per
325 1152 363 1177 se
384 1140 572 1188 loquendo
595 1149 650 1176 est
672 1153 782 1176 causa
800 1141 962 1176 timoris:
984 1152 1026 1175 ex
1048 1141 1120 1175 hoc
1144 1141 1243 1175 enim
1262 1140 1361 1187 quod
1381 1140 1528 1187 aliquid,
1548 1140 1647 1187 quod

52 1195 336 1244 apprehenditur
357 1204 396 1231 ut
415 1196 604 1238 nocivum,
628 1203 681 1230 est
699 1196 916 1238 virtuosum,
937 1195 1119 1242 contingit
1136 1195 1234 1242 quod
1254 1196 1330 1241 ejus
1351 1194 1501 1229 effectus
1520 1194 1647 1241 repelli

52 1262 128 1286 non
147 1258 287 1298 potest:
310 1252 471 1298 contingit
490 1256 599 1286 tamen
613 1257 677 1298 per
691 1249 853 1293 accidens,
873 1250 960 1297 quod
978 1250 1100 1296 aliquis
1118 1249 1258 1296 defectus
1275 1262 1314 1284 ex
1332 1251 1393 1284 ista
1413 1254 1512 1296 parte
1534 1254 1649 1284 causat

51 1306 228 1347 timorem;
251 1305 469 1352 inquantum
491 1316 534 1339 ex
556 1303 680 1351 aliquo
700 1303 844 1338 defectu
865 1304 1056 1351 contingit,
1076 1303 1174 1350 quod
1195 1303 1324 1350 aliquis
1342 1303 1430 1338 velit
1447 1315 1649 1338 nocumen-

51 1367 131 1394 tum
159 1359 315 1394 inferre:
346 1367 433 1407 puta
462 1366 611 1406 propter
637 1358 872 1405 injustitiam3
899 1357 958 1393 vel
985 1358 1069 1405 quia
1098 1366 1181 1392 ante
1208 1357 1327 1392 laesus
1354 1357 1444 1401 fuit3
1477 1357 1536 1392 vel
1563 1358 1647 1405 quia

51 1413 158 1450 timet
177 1413 284 1449 laedi.

36 1469 38 1474 ’
125 1468 187 1504 AD
207 1478 360 1504 PRIMUM
388 1479 476 1515 ergo
499 1466 710 1510 dicendum,
732 1467 830 1514 quod
858 1467 951 1502 ratio
978 1465 1040 1501 illa
1062 1466 1229 1514 procedit
1247 1466 1291 1501 de
1307 1477 1418 1501 causa
1436 1466 1579 1501 timoris
1603 1478 1647 1501 ex

53 1529 154 1571 parte
176 1533 309 1558 causae
332 1521 534 1557 efficientis.

123 1577 185 1613 AD
207 1588 418 1613 SECUNDUM
440 1576 649 1620 dicendum,
668 1576 767 1624 quod
781 1575 846 1619 illi,
863 1576 925 1623 qui
945 1577 1021 1623 jam
1040 1575 1302 1624 decapitantur‚
1319 1584 1403 1611 sunt
1416 1576 1453 1610 in
1476 1575 1646 1623 passione

51 1631 252 1680 praesentis
273 1631 385 1675 mali;
408 1639 443 1666 et
464 1631 547 1666 ideo
570 1630 631 1666 ille
654 1629 816 1666 defectus
836 1630 978 1665 excedit
999 1641 1211 1665 mensuram
1233 1630 1389 1665 timoris.

47 1720 49 1726 ,
123 1686 185 1722 AD
201 1696 376 1722 TERTIUM
398 1685 606 1728 dicendum,
635 1685 733 1732 quod
757 1685 986 1720 decertantes
1007 1684 1151 1727 timent,
1166 1696 1241 1719 non
1255 1693 1405 1732 propter
1430 1684 1647 1732 potentiam,

48 1751 123 1788 qua
156 1740 341 1775 decertare
374 1747 537 1787 possunt,
571 1739 634 1774 sed
668 1747 817 1786 propter
847 1738 1032 1774 defectum
1058 1740 1265 1786 potentiae:
1290 1750 1331 1774 ex
1359 1750 1431 1786 quo
1456 1739 1646 1786 contingit,

49 1795 151 1843 ,quod
172 1806 210 1830 se
231 1801 462 1843 separaturos
488 1805 565 1829 non
592 1793 790 1829 confidunt.

540 2109 902 2172 QUAESTIO
944 2108 1127 2156 XLIV.

113 2246 178 2282 DE
203 2246 491 2279 EFFECTIBUS
519 2246 731 2286 TIMORIS,
763 2247 814 2278 IN
842 2246 1074 2286 QUATUOR
1102 2245 1368 2277 ARTICULUS
1396 2246 1574 2278 DIVISA.

123 2389 266 2426 Deinde
289 2390 597 2426 considerandum
621 2397 674 2424 est
696 2389 740 2424 de
767 2389 954 2424 effectibus
981 2389 1135 2424 timoris.

523 2481 567 2516 El
588 2481 680 2515 circa
707 2480 768 2516 hoc
791 2485 1001 2526 quaeruntur
1022 2485 1176 2526 quatuor.

126 2551 263 2589 Primo.
285 2553 420 2588 Utrum
441 2554 552 2588 timor
573 2552 684 2587 faciat
710 2553 1014 2588 contractionem.

127 2606 310 2642 Secundo.
333 2607 468 2643 Utrum
495 2607 605 2642 faciat
627 2607 890 2642 consiliativos.

127 2659 267 2696 Tertio.
290 2661 425 2697 Utrum
443 2661 554 2696 faciat
574 2669 787 2696 tremorem.

129 2714 284 2756 Quarto.
307 2716 442 2751 Utrum
464 2716 641 2763 impediat
663 2716 928 2762 operationem.
