1907 3198
537 182 759 218 QUAESTIO
792 182 895 212 XXV.
929 181 1179 212 ARTICULUS
1214 181 1243 213 Ι.
1604 182 1686 213 201

92 275 170 302 tant
191 274 347 308 motum,
378 265 429 301 sic
457 265 650 301 manifeste
684 265 875 312 passiones
906 263 1203 310 concupiscibilis
1231 271 1315 298 sunt
1341 263 1501 310 priores;
1524 275 1569 298 eo
1593 264 1693 310 quod

93 320 281 368 passiones
302 319 494 355 irascibilis
513 319 651 354 addunt
665 331 772 366 supra
793 319 984 366 passiones
1004 317 1321 364 concupiscibilis:
1339 318 1432 352 sicut
1447 326 1482 352 et
1503 318 1692 364 objectum

92 373 282 409 irascibilis
305 373 405 408 addit
421 385 530 419 supra
545 373 732 419 objectum
755 371 1050 419 concupiscibilis
1070 371 1302 414 arduitatem,
1325 371 1401 406 sive
1417 370 1691 406 difficultatem:

91 439 173 475 spes
195 429 295 463 enim
317 439 426 475 supra
448 427 670 462 desiderium
706 427 805 461 addit
828 426 1029 472 quemdam
1052 433 1241 468 conatum,
1282 433 1317 460 et
1355 425 1557 472 quamdam
1579 425 1695 460 eleva-

91 482 232 517 tionem
255 482 369 516 animi
397 481 440 516 ad
464 481 768 528 consequendum
798 481 939 515 bonum
975 480 1151 515 arduum:
1181 487 1216 514 et
1249 479 1417 515 similiter
1449 480 1563 515 timor
1596 480 1695 514 addit

90 547 198 583 supra
218 535 357 583 fugam,
379 547 444 570 seu
468 536 797 578 abominationem,
814 535 1014 582 quamdam
1035 535 1315 581 depressionem
1331 535 1445 569 animi
1463 542 1612 581 propter
1631 534 1694 569 dif-

89 589 291 625 ficultatem
321 589 421 625 mali.
445 589 507 624 Sic
529 601 617 636 ergo
645 589 834 636 passiones
861 588 1052 623 irascibilis
1090 588 1234 623 mediae
1271 597 1354 623 sunt
1380 588 1474 623 inter
1501 588 1693 635 passiones

91 643 398 691 concupiscibilis,
433 655 527 690 quae
561 644 761 690 important
783 651 930 678 motum
951 643 987 677 in
1009 643 1162 684 bonum,
1200 642 1260 677 vel
1289 643 1327 677 in
1362 642 1515 685 malum,
1539 651 1574 677 et
1599 643 1693 678 inter

90 698 278 746 passiones
300 697 608 745 concupiscibilis,
632 710 724 744 quae
748 699 948 744 important
972 697 1134 744 quietern
1156 697 1193 731 in
1223 697 1336 740 bono,
1363 696 1424 732 vel
1446 698 1482 731 in
1510 696 1634 740 malo;
1658 705 1693 732 et

89 753 141 787 sic
162 760 272 799 patet,
295 752 394 799 quod
420 752 610 798 passiones
637 751 827 787 irascibilis
851 759 886 786 et
907 751 1128 798 principium
1150 751 1289 786 habent
1310 763 1330 786 a
1353 751 1585 798 passionibus
1609 762 1694 786 con-

86 806 307 854 cupiscibilis
335 814 370 841 et
391 806 428 840 in
450 806 681 853 passionibus
704 805 1005 852 concupiscibilis
1028 805 1290 840 terminantur.

159 860 222 896 AD
254 871 407 896 PRIMUM
434 871 523 907 ergo
546 860 756 902 dicendum,
784 860 883 907 quod
917 859 980 894 illa
1013 860 1106 894 ratio
1134 861 1363 907 procederet,
1401 859 1431 895 si
1466 859 1510 894 de
1548 859 1691 895 ratione

89 915 224 962 obiecti
245 913 541 962 concupiscibilis
564 922 659 949 esset
681 913 818 961 aliquid
846 914 1059 961 oppositum
1081 914 1220 956 arduo;
1244 913 1338 948 sicut
1363 913 1407 948 de
1430 914 1574 948 ratione
1596 913 1693 960 obje-

89 969 139 1004 cti
162 967 354 1004 irascibilis
389 976 453 1011 est,
492 968 591 1015 quod
618 968 663 1003 sit
691 969 868 1003 arduum:
904 969 967 1003 sed
995 968 1079 1015 quia
1102 968 1290 1014 objectum
1315 967 1614 1015 concupiscibilis
1638 976 1693 1002 est

88 1023 229 1058 bonum
251 1022 429 1065 absolute,
451 1023 549 1070 prius
571 1022 784 1057 naturaliter
806 1030 871 1065 est,
895 1034 1004 1069 quam
1029 1022 1217 1068 objectum
1247 1021 1454 1065 irascibilis,
1477 1022 1572 1057 sicut
1594 1033 1694 1056 com-

89 1089 201 1112 mune
216 1077 378 1124 proprio.

159 1132 221 1167 AD
257 1142 468 1167 sl-:CUNDUM
504 1131 712 1174 dicendum,
747 1131 846 1178 quod
882 1143 1076 1166 removens
1112 1131 1310 1178 prohibens
1339 1142 1414 1165 non
1449 1138 1502 1165 est
1536 1141 1691 1165 movens

93 1197 158 1234 per
179 1197 230 1228 se,
262 1185 326 1221 sed
360 1197 426 1233 per
456 1186 648 1228 accidens,
670 1197 767 1220 nunc
791 1194 915 1220 autem
937 1185 1124 1232 loquimur
1159 1185 1202 1220 de
1238 1185 1366 1219 ordine
1390 1185 1607 1232 passionum
1629 1195 1693 1232 per

90 1252 153 1284 se3
188 1248 224 1276 et
249 1248 440 1288 praeterea
467 1240 658 1275 irascibilis
688 1248 856 1275 removet
877 1240 1076 1286 prohibens
1115 1240 1276 1286 quietem
1320 1238 1622 1286 concupiscibilis
1653 1239 1691 1273 in

89 1306 157 1330 suo
191 1295 350 1341 objecto.
371 1294 480 1330 Unde
502 1305 545 1329 ex
575 1294 648 1329 hoc
668 1305 745 1329 non
767 1294 940 1341 sequitur,
963 1294 1033 1329 nisi
1048 1294 1147 1340 quod
1169 1294 1359 1340 passiones
1380 1293 1578 1328 irascibilis
1594 1304 1694 1340 prae-

89 1348 224 1384 cedunt
242 1348 434 1396 passiones
456 1348 753 1395 concupiscibilis
778 1348 822 1382 ad
845 1348 1008 1395 quietern
1023 1349 1258 1395 pertinentes.

159 1404 217 1438 De
239 1403 369 1450 quibus
391 1403 504 1438 etiam
525 1413 667 1439 TERTIA
686 1413 806 1438 RAT1o
828 1402 1006 1450 procedit.

671 1546 1023 1592 ARTICULUS
1060 1547 1116 1591 ΙΙ.
1618 1567 1682 1603 147

252 1659 407 1689 UTRUM
433 1657 558 1688 AMoR
586 1658 653 1687 SIT
682 1658 815 1688 PRIMA
844 1657 1099 1687 PAssmNUM
1129 1656 1526 1687 coucufflscnums.

90 1747 200 1793 (Part.
218 1760 246 1784 Ι.
268 1759 299 1794 q.
321 1759 376 1784 20.
400 1752 465 1782 art.
488 1759 514 1783 Ι.
539 1753 630 1794 corp.
643 1752 710 1794 et3.
726 1747 818 1782 Dist.
841 1758 894 1793 27.
918 1759 948 1793 q.
971 1759 998 1782 I.
1021 1752 1087 1782 art.
1104 1759 1132 1793 3.
1155 1752 1185 1782 et
1203 1747 1259 1781 lib.
1283 1757 1316 1791 4.
1342 1746 1461 1781 Contr.
1486 1758 1517 1793 g.
1541 1754 1613 1794 cap.
1637 1761 1688 1796 19,

219 1807 250 1838 et
277 1802 364 1837 Veri.
387 1814 417 1848 q.
440 1801 496 1837 26.
520 1806 584 1836 art.
611 1813 644 1846 4.
668 1807 759 1849 corp.
783 1806 813 1836 et
837 1801 914 1836 Gal.
930 1813 958 1847 5.
979 1801 1048 1836 lect.
1073 1801 1105 1836 6.
1129 1806 1157 1836 et
1179 1813 1206 1836 r.
1223 1801 1304 1835 Met,
1327 1800 1398 1836 lect.
1417 1812 1446 1847 5.
1464 1802 1555 1847 fin).

159 1891 221 1926 AD
243 1901 454 1926 SECUNDUM
480 1892 531 1926 sic
558 1891 779 1938 proceditur.
803 1890 969 1933 Videtur,
997 1890 1094 1937 quod
1118 1901 1226 1924 amor
1248 1901 1324 1924 non
1349 1890 1394 1925 sit
1415 1891 1534 1937 prima
1555 1893 1692 1938 passio-

86 1956 176 1980 num
198 1945 510 1993 concupiscibilis:
527 1945 581 1980 vis
604 1945 704 1980 enim
719 1944 1016 1991 concupiscibilis
1039 1957 1058 1979 a
1082 1944 1384 1991 concupiscentia
1419 1945 1689 1990 denominatur,

88 2011 181 2047 quae
200 2008 254 2035 est
279 1999 411 2035 eadem
438 2000 560 2047 passio
589 2011 674 2034 cum
698 1999 902 2034 desiderio:
931 1999 994 2033 sed
1022 1998 1276 2033 denominatio
1304 1998 1344 2033 fit
1363 2010 1382 2033 a
1412 2000 1560 2046 potiori,
1583 2009 1622 2035 ut
1643 2001 1692 2036 di-

88 2054 181 2089 citur
197 2054 235 2088 in
257 2064 288 2089 2.
311 2054 356 2088 de
377 2054 515 2089 Anima
539 2053 619 2098 (tex.
641 2053 738 2101 49.);
764 2064 852 2100 ergo
877 2052 1178 2099 concupiscentia
1202 2061 1257 2087 est
1281 2053 1404 2100 potior
1429 2065 1567 2089 amore.

161 2118 192 2143 2.
214 2108 454 2144 PRAETEREA.
479 2109 597 2143 Arnor
617 2109 797 2142 unionem
820 2107 1020 2154 quamdam
1040 2107 1236 2153 importat:
1269 2115 1326 2142 est
1347 2107 1446 2141 enim
1469 2110 1520 2143 vis
1542 2110 1688 2152 uniti-va,

87 2170 122 2198 et
134 2164 339 2205 concretiva,
362 2170 401 2197 ut
421 2162 532 2197 Dion.
556 2162 644 2197 dicit
662 2162 698 2196 in
713 2172 745 2205 4.
759 2173 837 2208 cap.
854 2161 897 2195 de
917 2161 1000 2195 Div.
1024 2161 1135 2195 Nom.
1160 2161 1267 2208 (part.
1284 2173 1315 2196 2.
1332 2161 1403 2197 lect.
1429 2163 1494 2208 9.);
1519 2163 1582 2197 sed
1606 2175 1690 2198 con-

88 2216 323 2264 cupiscentia,
344 2216 404 2251 vel
425 2216 645 2252 desiderium
670 2225 724 2251 est
753 2223 876 2250 motus
905 2216 949 2249 ad
973 2215 1150 2249 unionem
1179 2215 1231 2249 rei
1261 2216 1496 2262 concupitae,
1519 2217 1578 2251 vel
1600 2217 1690 2253 desi-

89 2270 254 2314 deratae3
282 2282 370 2318 ergo
395 2271 693 2318 concupiscentia
717 2278 771 2305 est
792 2270 891 2316 prior
913 2281 1052 2304 amore.

162 2338 191 2373 3.
217 2326 457 2361 PRAETEREA.
489 2325 614 2360 Causa
648 2333 702 2360 est
736 2325 836 2372 prior
871 2323 1022 2367 effectu3
1055 2324 1117 2359 sed
1148 2324 1342 2359 delectatio
1382 2334 1436 2360 est
1463 2326 1687 2373 quandoque

89 2391 198 2415 causa
221 2381 372 2415 amoris:
402 2379 551 2427 quidam
590 2379 689 2414 enirn
718 2387 869 2426 propter
896 2378 1181 2413 delectationem
1211 2387 1346 2421 amant,
1370 2388 1408 2414 ut
1430 2380 1562 2414 dicitur
1590 2381 1626 2414 in
1655 2380 1686 2415 8.

87 2433 168 2469 Eth.
185 2433 275 2482 (cap.
298 2439 371 2470 2.et
384 2434 446 2481 3.);
470 2445 558 2480 ergo
583 2433 777 2468 delectatio
793 2441 846 2468 est
864 2433 963 2480 prior
983 2444 1129 2475 amore3
1145 2444 1220 2468 non
1244 2444 1332 2480 ergo
1350 2434 1469 2481 prima
1494 2436 1588 2469 inter
1610 2447 1689 2482 pas-

87 2488 208 2524 siones
231 2488 528 2536 concupiscibilis
551 2496 605 2523 est
629 2499 745 2522 amor.

162 2542 238 2578 SED
265 2552 424 2578 CONTRA
443 2550 508 2585 est,
531 2541 629 2588 quod
652 2541 749 2587 Aug.
772 2541 860 2576 dicit
885 2542 922 2575 in
951 2552 1002 2585 14.
1026 2542 1070 2576 de
1094 2542 1175 2577 Civ.
1200 2542 1272 2577 Dei
1295 2543 1387 2590 (cap.
1405 2554 1434 2590 7.
1458 2548 1485 2578 et
1507 2544 1571 2589 ‹).)‚
1589 2543 1687 2590 quod

90 2608 198 2632 omnes
213 2598 382 2645 passiones
407 2609 447 2632 ex
473 2608 589 2632 amore
615 2601 826 2631 causantur:
855 2608 953 2631 amor
979 2598 1067 2632 enim
1094 2597 1227 2632 inhians
1253 2597 1384 2640 halvere,
1424 2597 1511 2644 quod
1537 2603 1686 2641 amatur,

90 2650 252 2698 cupiditas
272 2656 337 2686 est:
356 2650 390 2686 id
411 2655 520 2686 autem
544 2651 676 2693 habens,
699 2662 799 2697 eoque
813 2651 949 2697 fruens,
981 2651 1109 2686 laetitia
1139 2657 1202 2692 est;
1245 2663 1350 2685 amor
1377 2662 1465 2698 ergo
1495 2660 1549 2686 est
1570 2651 1688 2698 prima

91 2705 302 2752 passionum
330 2704 637 2752 concupiscibilis.

162 2758 394 2795 RESPONDEO
417 2758 734 2806 dicendum,qu0d
760 2759 903 2805 objecta
926 2759 1223 2806 concupiscibilis
1239 2769 1322 2794 sunt
1341 2761 1476 2802 bonum,
1492 2768 1527 2794 et
1537 2760 1685 2795 malum:

90 2813 304 2848 naturaliter
326 2821 449 2848 autem
478 2822 532 2848 est
553 2814 651 2860 prius
678 2813 820 2848 bonum
845 2813 956 2856 malo,
973 2825 1017 2848 eo
1040 2815 1138 2860 quod
1161 2813 1301 2848 malum
1325 2822 1378 2848 est
1400 2814 1557 2860 privatio
1580 2814 1686 2857 boni3

91 2866 187 2902 unde
221 2876 257 2902 et
290 2879 420 2903 omnes
454 2867 659 2914 passiones,
687 2879 843 2914 quarum
872 2867 1058 2913 objectum
1097 2876 1150 2903 est
1191 2869 1325 2910 l‘onnm,
1358 2868 1570 2903 naturaliter
1603 2877 1688 2903 sunt

92 2920 229 2968 priores
252 2922 494 2969 passionibus,
521 2933 677 2969 quarum
700 2922 888 2968 objectum
912 2931 964 2956 est
988 2922 1134 2957 malam:
1170 2934 1410 2969 unaquaeque
1445 2922 1585 2958 scilicet
1623 2934 1686 2958 sua
