1875 3198
226 179 308 221 802
665 187 884 224 QUAESTIO
918 187 986 217 CV.
1020 184 1266 217 ARTICULUS
1299 184 1356 213 IV.

222 273 332 307 Num.
360 283 406 317 5.;
434 272 484 306 sic
506 272 615 318 igitur
641 269 938 305 inconvenienter
966 268 1133 302 videntur
1162 277 1240 302 esse
1266 265 1397 301 tradita
1426 265 1464 300 in
1491 264 1572 312 lege
1599 272 1792 312 praecepta

222 325 408 372 judicialia
429 326 524 360 circa
545 336 719 372 personas
741 323 970 358 domesticas.

295 379 370 414 SED
393 390 548 414 CONTRA
570 387 634 420 est,
657 377 754 424 quod
776 376 904 410 dicitur
923 376 960 409 in
975 373 1069 409 Psal.
1097 374 1165 410 18.:
1183 372 1321 418 Judicia
1334 373 1479 408 Domini
1495 384 1591 416 vera,
1606 372 1793 419 justificata

223 434 259 468 in
279 435 458 480 semetipsa.

293 487 523 521 RESPONDEO
551 484 756 525 dicendum,
785 481 894 528 quod,
925 481 1139 515 communio
1167 480 1451 514 domesticarum
1477 490 1718 526 personarum
1749 478 1793 513 ad

222 540 392 582 invicem,
414 548 453 574 ut
473 538 566 573 Phil.
589 538 674 572 dicit
694 537 731 570 in
758 547 784 570 1.
808 535 913 569 Polit.
937 535 1027 581 (cap.
1050 547 1076 569 1.
1099 546 1120 569 a
1140 534 1254 579 med),
1273 541 1327 568 est
1347 533 1548 567 secundum
1563 532 1794 580 quotidianos

223 601 334 635 actus,
357 593 418 639 qui
439 593 650 627 ordinantur
672 590 715 624 ad
737 589 992 624 necessitatem
1012 588 1118 623 vitae.
1138 587 1220 621 Vita
1241 595 1362 621 autern
1379 586 1542 621 hominis
1561 594 1794 621 conservatur

223 647 417 694 dupliciter:
441 658 505 680 uno
526 645 619 679 mocio
642 651 819 690 quantum
847 642 890 675 ad
916 641 1155 683 individuum,
1172 649 1285 687 prout
1310 639 1448 675 scilicet
1472 640 1588 675 homo
1613 640 1712 675 idem
1733 651 1795 674 nu-

224 712 326 734 mero
348 700 453 734 vivit:
477 706 512 733 et
533 698 576 732 ad
597 697 708 731 talem
727 696 822 730 vitae
845 695 1163 730 conservationem
1194 693 1416 741 opitulantur
1444 693 1588 728 homini
1616 694 1795 727 exteriora

224 754 332 795 bona,
355 764 396 786 ex
418 752 545 798 quibus
572 751 688 785 homo
714 749 823 783 habet
849 749 998 791 victum,
1021 756 1057 782 et
1076 748 1258 790 vestitum,
1281 755 1316 782 et
1337 746 1407 781 alia
1433 746 1644 793 hujusmodi
1669 757 1795 780 neces-

225 807 317 842 saria
338 806 444 848 vitae,
466 806 503 838 in
525 805 651 851 quibus
675 802 967 837 administrandis
988 802 1127 848 indiget
1146 802 1261 836 homo
1284 801 1412 835 servis:
1441 801 1508 836 alio
1529 799 1625 835 modo
1648 811 1794 834 conser—

224 868 328 894 vatur
348 860 422 893 vita
443 858 603 892 hominis
625 856 826 891 secundum
852 856 1014 902 speciem
1042 867 1106 902 per
1135 855 1421 901 generationem,
1450 854 1494 888 ad
1522 865 1632 901 quam
1658 853 1796 899 indiget

224 915 339 948 homo
361 924 484 954 uxore,
506 920 545 946 ut
567 923 609 946 ex
632 923 674 945 ea
695 917 845 956 generet
872 909 1005 952 filium;
1026 909 1079 943 sic
1101 909 1210 955 igitur
1236 909 1274 942 in
1302 908 1504 943 domestica
1532 907 1796 942 communione

225 975 307 1002 sunt
328 972 391 1002 tres
414 965 714 1007 combinationes,
735 963 895 998 scilicet:
918 963 1047 998 domini
1065 963 1107 997 ad
1123 974 1268 1005 servum,
1290 963 1361 997 viri
1381 961 1424 996 ad
1443 973 1595 1004 uxorem,
1617 962 1726 1009 patris
1753 960 1796 996 ad

215 1022 343 1068 filium:
366 1028 400 1054 et
421 1028 596 1066 quantum
619 1018 663 1052 ad
685 1017 810 1052 onmia
832 1017 898 1051 ista
925 1016 981 1051 lex
1001 1024 1104 1051 vetus
1131 1016 1387 1051 convenientia
1412 1023 1606 1062 praecepta
1631 1014 1789 1050 tradidit.

224 1076 321 1110 Nam
348 1083 523 1121 quantum
551 1074 595 1107 ad
620 1084 744 1107 servos
766 1071 929 1114 instituit,
956 1079 994 1106 ut
1019 1070 1185 1105 modeste
1211 1078 1471 1112 tractarentur3
1493 1077 1529 1104 et
1548 1076 1724 1116 quantum
1751 1067 1796 1102 ad

224 1129 378 1170 labores,
399 1140 445 1162 ne
467 1127 606 1162 scilicet
631 1125 882 1160 immoderatis
908 1124 1091 1159 laboribus
1119 1124 1382 1170 affligerentur:
1405 1122 1501 1157 unde
1521 1122 1630 1157 Deut.
1661 1133 1690 1168 5.
1716 1122 1791 1156 Do-

225 1183 344 1217 minus
367 1181 563 1224 mandavit,
584 1186 621 1216 ut
642 1182 677 1215 in
698 1180 748 1214 die
767 1181 898 1214 sabbati
918 1180 1129 1225 requiesceret
1147 1190 1274 1221 servus,
1297 1183 1328 1213 et
1347 1178 1473 1212 aneilla
1493 1181 1564 1220 tua,
1584 1178 1671 1212 sicut
1687 1181 1715 1211 et
1737 1181 1794 1211 tu.-

223 1237 360 1272 Iterum
387 1243 563 1282 quantum
585 1234 628 1268 ad
650 1245 788 1280 poenas
814 1232 1047 1279 infligendas:
1069 1232 1244 1278 imposuit
1265 1231 1363 1266 enim
1385 1229 1652 1266 mutilatoribus
1679 1240 1799 1264 servo-

225 1302 316 1331 rum,
339 1298 377 1324 ut
398 1289 619 1323 dimitterent
640 1299 703 1322 eos
724 1287 870 1328 liberos,
885 1286 980 1321 sicut
999 1286 1153 1320 habetur
1173 1284 1288 1320 Exod.
1310 1295 1379 1328 21.,
1401 1292 1437 1319 et
1456 1283 1575 1319 simile
1597 1283 1708 1318 etiam
1729 1291 1797 1318 sta-

225 1344 293 1378 tuit
313 1344 349 1377 in
373 1342 515 1384 ancilla,
534 1353 643 1388 quarn
663 1343 699 1376 in
717 1352 870 1375 uxorem
893 1339 1021 1386 aliquis
1036 1339 1192 1373 duxerit:
1216 1339 1339 1373 statuit
1353 1338 1464 1373 etiam
1478 1336 1682 1384 specialiter
1701 1336 1797 1371 circa

227 1408 350 1432 servos
373 1397 434 1443 qui
461 1404 562 1430 erant
583 1406 625 1429 ex
646 1394 795 1441 populo,
818 1399 852 1428 ut
876 1395 1010 1440 septimo
1037 1405 1123 1428 anno
1151 1393 1247 1427 liberi
1273 1392 1501 1439 egrederentur
1526 1403 1601 1426 cum
1627 1391 1789 1433 omnibus,

226 1462 309 1498 quae
322 1454 595 1497 apportaverant,
617 1450 716 1484 etiam
736 1449 945 1490 vestimentis,
965 1455 1003 1482 ut
1020 1447 1174 1481 habetur
1190 1446 1304 1480 Exod.
1324 1456 1399 1481 21.:
1415 1445 1608 1480 mandatur
1622 1444 1733 1480 etiam
1747 1444 1797 1478 in-

227 1516 333 1550 super
354 1505 500 1538 Deuter.
528 1513 579 1548 15.
602 1511 639 1537 ut
662 1502 710 1536 eis
735 1502 836 1536 detur
856 1501 1041 1535 viaticum.
1065 1500 1174 1535 Circa
1196 1511 1326 1534 uxores
1347 1510 1436 1534 vero
1457 1498 1623 1534 statuitur
1643 1498 1681 1532 in
1701 1497 1796 1544 lege,

228 1566 403 1604 quantum
427 1557 469 1591 ad
491 1567 620 1590 uxores
647 1555 840 1597 ducendas,
862 1560 898 1590 ut
919 1554 1058 1589 scilicet
1082 1554 1206 1589 ducant
1230 1565 1347 1588 uxores
1371 1564 1449 1588 suae
1475 1554 1589 1594 tribus}
1620 1552 1714 1587 sicut
1738 1551 1798 1586 ha-

227 1612 330 1646 betur
350 1611 460 1645 Num.
486 1610 559 1652 ult„
576 1618 611 1644 et
631 1610 702 1644 hoc
724 1610 818 1651 ideo,
840 1622 879 1644 ne
899 1615 999 1644 sortes
1026 1610 1174 1644 tribuum
1200 1608 1463 1655 confundantur:
1491 1615 1526 1642 et
1547 1607 1645 1654 quod
1668 1606 1797 1653 aliquis

226 1667 262 1699 in
283 1676 420 1700 uxorem
442 1664 539 1698 ducat
560 1675 696 1698 uxorem
713 1664 830 1706 fratris
851 1662 997 1709 defuncti
1009 1663 1076 1697 sine
1097 1662 1220 1704 liberis,
1236 1669 1275 1696 ut
1287 1662 1440 1696 habetur
1457 1661 1567 1696 Deut.
1589 1670 1659 1706 25„
1674 1668 1710 1695 et
1723 1660 1796 1695 hoc

227 1718 323 1760 ideo,
346 1726 382 1752 ut
404 1717 464 1752 ille
488 1717 548 1763 qui
574 1728 649 1751 non
675 1717 791 1762 potuit
816 1716 950 1751 habere
973 1726 1204 1750 successores
1230 1715 1434 1750 secundum
1461 1714 1579 1749 carnis
1603 1713 1794 1760 originem,

228 1772 357 1806 saltem
383 1771 515 1805 habeat
541 1783 603 1817 per
629 1770 827 1816 quamdam
854 1770 1100 1816 adoptionem,
1123 1777 1158 1804 et
1178 1769 1228 1803 sic
1250 1780 1325 1803 non
1345 1767 1506 1803 totaliter
1531 1767 1711 1802 memoria
1737 1767 1794 1802 de-

227 1825 341 1860 functi
359 1825 530 1859 deleatur.
551 1824 741 1858 Prohibuit
768 1824 877 1858 etiam
900 1823 1075 1870 quasdam
1103 1834 1288 1869 personas,
1314 1833 1359 1857 ne
1386 1824 1423 1857 in
1453 1821 1668 1868 conjugium
1693 1820 1799 1855 duce—

230 1887 363 1921 rentur,
391 1878 529 1913 scilicet
547 1879 742 1923 alienigenas
764 1885 909 1924 propter
939 1876 1140 1923 periculum
1174 1875 1406 1918 seductionis,
1428 1883 1463 1910 et
1486 1876 1698 1922 propinquas
1721 1885 1801 1921 pro-

228 1941 305 1979 pter
339 1932 579 1966 reverentiam
601 1931 816 1973 naturalem,
849 1942 940 1977 quae
965 1931 1015 1965 cis
1038 1930 1197 1965 debetur.
1229 1929 1362 1964 Statuit
1379 1929 1489 1964 etiam
1503 1928 1656 1975 qualiter
1669 1939 1799 1962 uxores

228 1988 302 2032 jam
322 1987 450 2020 ductae
472 1985 618 2020 tractari
640 1985 822 2027 deberent,
844 1993 882 2019 ut
903 1984 1042 2018 scilicet
1062 1996 1127 2018 non
1149 1984 1264 2018 leviter
1288 1984 1550 2030 infamarentur:
1578 1981 1672 2016 unde
1697 1993 1798 2016 man·

229 2040 332 2074 datur
358 2039 484 2086 punire
506 2038 578 2081 ille,
601 2038 661 2084 qui
682 2037 774 2072 falso
798 2038 935 2072 crimen
958 2037 1114 2084 imponit
1138 2039 1253 2080 uxori,
1276 2045 1314 2071 ut
1333 2037 1486 2071 habetur
1506 2036 1654 2071 Denter.
1670 2045 1747 2071 22.:
1763 2044 1799 2070 et

230 2093 327 2139 quod
349 2094 449 2128 etium
472 2098 610 2138 propter
634 2093 749 2126 uxoris
775 2091 887 2126 odium
906 2092 994 2135 filius
1019 2091 1252 2126 detrimentum
1278 2103 1344 2126 non
1366 2095 1552 2138 pateretur,
1579 2097 1618 2125 ut
1643 2089 1796 2131 habetur

229 2146 376 2180 Deuter.
399 2156 454 2180 21.
483 2145 527 2179 Et
548 2145 657 2180 etiam
673 2145 770 2191 quod
779 2150 918 2192 propter
932 2145 1044 2180 odium
1062 2157 1202 2180 uxorem
1216 2156 1283 2179 non
1300 2145 1466 2191 affligeret,
1483 2143 1536 2179 sed
1544 2145 1657 2191 potius
1672 2145 1798 2191 scripto

232 2200 340 2234 libello
375 2211 444 2234 eam
473 2199 660 2240 dimitteret,
688 2206 727 2233 ut
751 2207 848 2245 patet
881 2199 989 2233 Deut.
1018 2209 1092 2242 24:
1121 2207 1156 2233 et
1182 2207 1220 2233 ut
1249 2199 1358 2233 etiam
1385 2199 1503 2244 major
1531 2197 1678 2232 dilectio
1705 2197 1799 2232 inter

230 2254 402 2299 conjuges
419 2264 438 2287 a
456 2252 633 2299 principio
661 2253 906 2295 contrahatur,
928 2253 1155 2299 praecipitur,
1178 2253 1275 2298 quod
1296 2264 1372 2287 cum
1392 2252 1512 2298 aliquis
1533 2257 1639 2298 nuper
1656 2262 1797 2286 uxorem

232 2308 406 2354 acceperit,
433 2306 516 2341 nihil
542 2307 572 2340 ei
599 2306 752 2352 publicae
786 2307 981 2342 necessitatis
1013 2307 1222 2352 injungatur,
1257 2311 1292 2341 ut
1325 2306 1424 2341 libere
1446 2306 1550 2353 possit
1579 2305 1698 2340 laetari
1723 2316 1798 2340 cum

230 2372 332 2395 uxore
347 2371 416 2394 succ.

301 2413 409 2448 Circa
424 2413 516 2447 filios
529 2420 649 2447 autem
663 2413 825 2455 instituit,
842 2421 879 2447 ut
894 2421 1011 2459 patres
1027 2413 1077 2447 eis
1093 2412 1322 2459 disciplinam
1345 2412 1567 2454 adhiberent,
1586 2410 1798 2447 instruendo

231 2478 293 2502 eos
315 2468 350 2501 in
373 2467 461 2509 side3
484 2467 578 2501 unde
600 2467 729 2501 dicitur
750 2466 863 2501 Exod.
892 2477 960 2502 12.:
985 2467 1071 2503 Cum
1089 2467 1234 2502 diret-int
1250 2468 1344 2502 vobis
1361 2467 1426 2513 filii
1442 2468 1556 2507 vestm}
1576 2470 1714 2513 quaeest
1736 2466 1795 2500 ista

228 2522 369 2567 religio?
390 2521 501 2556 dicetis
521 2522 584 2555 eis:
608 2521 749 2555 Victima
769 2523 924 2555 transitus
943 2522 1086 2556 Domini
1107 2526 1164 2561 σείς
1187 2529 1222 2555 et
1243 2520 1340 2567 quod
1359 2521 1470 2555 etiam
1484 2520 1710 2555 instituerent
1730 2529 1796 2554 eos

229 2574 266 2608 in
289 2575 468 2617 moribus;
491 2574 584 2608 unde
607 2574 736 2608 dicitur
757 2575 863 2608 Deut.
888 2585 941 2608 21.
965 2575 1061 2621 quod
1084 2582 1202 2620 patres
1218 2575 1337 2609 dicere
1359 2574 1508 2609 debent:
1532 2574 1663 2608 Alonita
1685 2577 1797 2608 nostra

232 2628 347 2663 ιιιιιΙὶι-ιτ
366 2629 554 2670 contemnit,
578 2629 861 2662 connssntionihus
882 2634 993 2670 tutat,
1016 2634 1045 2663 ct
1066 2628 1232 2670 luxuriae,
1255 2633 1351 2674 atque
1372 2628 1547 2662 conviviis.

304 2682 361 2715 Λι)
384 2692 532 2716 fumuit
549 2692 635 2726 crgo
659 2681 866 2721 dicendum,
886 2682 981 2727 quod
1005 2681 1087 2727 quia
1111 2681 1171 2715 filii
1195 2681 1303 2715 Isra'cl
1319 2689 1420 2715 erant
1442 2680 1640 2715 aDomino
1662 2679 1706 2714 de
1729 2691 1800 2714 ser·

230 2735 342 2769 vitute
365 2735 517 2776 liberati,
540 2743 573 2769 et
596 2746 658 2779 per
679 2734 749 2769 hoc
768 2735 910 2768 divinat·
929 2735 1089 2768 servituti
1114 2735 1256 2776 addicti,
1278 2734 1395 2769 noluit
1407 2734 1602 2776 Dominus,
1623 2733 1710 2768 utin
1726 2745 1801 2779 per-

231 2797 379 2835 petuum
403 2788 495 2822 servi
517 2795 654 2822 essent:
679 2788 772 2822 unde
788 2788 916 2821 dicitur
933 2788 1046 2822 licvit.
1068 2798 1141 2832 25.:
1164 2788 1405 2835 Sipaupertute
1421 2788 1605 2834 compulsus
1617 2786 1800 2822 vendiderit

231 2854 260 2876 se
283 2843 342 2876 tibi
357 2843 469 2887 frater
492 2847 577 2883 tuus,
602 2853 666 2875 non
687 2854 759 2876 cnm
783 2842 944 2887 opprimes
965 2843 1120 2876 servitute
1131 2842 1356 2887 stimulorum,
1377 2841 1429 2876 sed
1449 2842 1544 2887 quasi
1564 2841 1796 2882 mercenarius,

232 2900 259 2930 ct
281 2895 412 2930 colonus
433 2896 518 2930 erit:
547 2896 610 2930 mei
636 2896 722 2930 enim
746 2899 820 2930 suut
845 2895 946 2937 servi,
973 2899 1000 2929 ct
1027 2906 1081 2939 ego
1108 2894 1206 2929 eduxi
1231 2907 1281 2930 eos
1305 2894 1342 2930 de
1368 2900 1460 2930 terra
1483 2895 1645 2941 Aegypti:
1673 2898 1707 2929 ut
1731 2905 1797 2928 non
