1923 3198
533 186 756 223 QUAESTIO
790 185 851 216 111.
879 185 1126 216 ARTICULUS
1160 185 1216 215 IV.
1293 210 1298 215 .
1602 187 1655 228 45

85 271 198 306 finem
218 269 338 317 primo
360 268 572 316 attingimus
593 279 657 315 per
678 267 862 303 actionem
884 266 1108 303 intellectus:
1135 267 1228 302 sicut
1254 274 1290 302 et
1315 266 1426 302 finem
1452 266 1660 302 sensibilem

86 324 205 373 primo
227 323 438 370 attingimus
459 334 522 370 per
544 322 728 357 actionem
749 332 887 356 sensus.

157 378 218 413 AD
240 387 421 417 QU1NTUM
443 376 650 418 dicendum,
673 376 770 422 quod
793 375 865 417 ille,
887 375 947 421 qui
968 375 1078 409 habet
1099 374 1224 409 omnia
1242 386 1334 422 quae
1352 373 1440 416 vult,
1459 385 1501 408 ex
1514 374 1586 408 hoc
1609 382 1663 409 est

85 431 222 474 beatus,
244 431 341 478 quod
364 431 473 465 habet
486 441 529 465 ea
550 441 642 477 quae
656 429 750 464 vult:
766 429 863 476 quod
878 429 1025 475 quidem
1041 437 1094 463 est
1108 440 1170 475 per
1193 428 1301 470 aliud,
1323 440 1433 475 quam
1455 440 1518 474 per
1540 436 1662 462 actum

85 484 302 520 voluntatis:
320 485 382 519 sed
401 484 492 518 nihil
511 483 607 518 male
625 482 718 518 velle
738 483 930 529 requiritur
949 482 992 517 ad
1007 482 1282 524 beatitudinem,
1301 483 1392 517 sicut
1411 481 1590 528 quaedam
1607 482 1664 516 de-

85 539 159 574 bita
180 538 371 586 dispositio
394 538 438 572 ad
460 538 587 585 ipsam.
609 536 790 571 Voluntas
813 545 934 571 autem
957 536 1053 570 bona
1075 537 1222 583 ponitur
1242 536 1278 570 in
1297 547 1450 570 numero
1468 535 1662 577 bonorum,

85 603 178 640 quae
199 592 346 628 beatum
367 591 515 633 faciunt,
537 599 645 638 prout
666 599 720 625 est
740 590 928 625 inclinatio
957 590 1137 636 quaedam
1165 590 1200 624 in
1227 590 1324 637 ipsa;
1347 590 1440 625 sicut
1462 598 1584 624 motus
1607 600 1660 624 rc-

85 646 228 683 ducitur
249 646 293 682 ad
315 658 430 693 genus
452 646 508 681 sui
529 645 686 688 termini,
709 653 747 680 ut
769 644 934 679 alteratio
958 644 1002 678 ad
1024 644 1248 691 qualitatem.

653 775 1000 821 ARTICULUS
1034 775 1088 819 V.
1613 796 1651 821 21

153 886 308 919 UTRUM
334 886 590 918 BEATITUDO
617 886 685 917 SIT
711 885 932 917 OPERATIO
959 885 1264 917 INTELLECTUS
1293 885 1599 925 SPECULATIVI,

719 953 776 983 AN
808 952 1028 983 PRACTICI.

334 1007 450 1087 ,(Ρανί.
473 1053 500 1077 r.
522 1052 553 1088 q.
577 1052 632 1077 20.
654 1046 718 1076 art.
740 1041 772 1077 8.
795 1045 823 1076 el
843 1051 876 1086 4.
900 1041 987 1077 Dist.
1011 1052 1069 1087 49.
1091 1053 1121 1088 q.
1143 1053 1171 1077 ι.
1193 1046 1258 1076 art.
1280 1053 1308 1077 r.
1330 1053 1360 1088 q.
1380 1053 1408 1088 3.

474 1099 503 1131 et
524 1101 632 1142 opusc.
654 1106 686 1130 2.
709 1101 780 1142 cap.
804 1095 881 1140 164.
905 1100 934 1130 et
954 1107 981 1131 r.
1004 1095 1080 1130 ΕΗ).
1102 1095 1172 1130 lect.
1194 1096 1276 1142 ια).

156 1183 218 1220 AD
239 1194 422 1224 QUINTUM
442 1183 493 1219 sic
516 1183 734 1230 proceditur.
757 1183 920 1227 Videtur,
943 1185 1040 1231 quod
1069 1185 1255 1220 beatitudo
1289 1185 1465 1220 consistat
1485 1185 1520 1219 in
1543 1194 1668 1231 opera-

84 1237 185 1274 tione
205 1237 410 1273 intellectus
430 1237 598 1284 practici:
621 1236 701 1272 finis
723 1237 821 1272 enim
843 1237 992 1273 ultimus
1014 1238 1206 1284 cujuslibet
1227 1247 1413 1274 creaturae
1436 1238 1603 1274 consistit
1629 1238 1664 1272 in

86 1291 347 1328 assimilatione
369 1291 414 1326 ad
435 1291 574 1326 Deum:
597 1291 658 1326 sed
681 1291 796 1326 homo
819 1292 937 1339 magis
971 1292 1190 1327 assimilatur
1222 1293 1305 1328 Deo
1340 1305 1404 1340 per
1437 1293 1663 1328 intellectum

86 1346 299 1395 practicum,
321 1346 382 1393 qui
404 1354 458 1381 est
478 1357 588 1380 causa
609 1357 730 1380 rerum
752 1345 1030 1389 intellectarum,
1053 1358 1162 1393 quam
1182 1358 1245 1393 per
1262 1347 1487 1382 intellectum
1506 1347 1667 1394 specula-

83 1400 214 1443 tivum,
235 1401 337 1446 cujus
357 1399 509 1435 scientia
530 1399 707 1446 accipitur
733 1411 752 1434 a
774 1400 899 1443 rebus;
922 1411 1009 1447 ergo
1031 1400 1217 1435 beatitudo
1239 1400 1401 1436 hominis
1435 1402 1553 1447 magis
1582 1412 1666 1436 con-

86 1454 179 1490 sistit
197 1454 235 1489 in
255 1454 468 1501 operatione
490 1453 694 1488 intellectus
716 1454 877 1500 practici,
899 1465 1010 1500 quam
1031 1454 1256 1501 speculativi.

157 1518 191 1544 2.
217 1508 455 1544 PRAETEREA.
478 1508 670 1543 Beatitudo
692 1517 745 1543 est
766 1507 967 1555 perfectum
988 1508 1127 1543 bonum
1150 1509 1328 1544 hominis:
1363 1509 1425 1544 sed
1458 1509 1665 1545 intellectus

86 1562 268 1611 practicus
288 1562 406 1610 magis
427 1562 615 1597 ordinatur
636 1562 680 1596 ad
702 1562 853 1605 bonum,
883 1574 994 1609 quam
1026 1562 1284 1609 speculativus‚
1317 1564 1378 1610 qui
1412 1564 1599 1598 ordinatur
1621 1563 1664 1598 ad

85 1627 232 1653 verum:
253 1616 350 1652 unde
364 1624 399 1652 et
411 1616 614 1651 secundum
628 1615 890 1663 perfectionem
905 1617 1055 1663 practici
1073 1616 1280 1652 intellectus
1298 1617 1455 1652 dicimur
1471 1618 1571 1660 boni,
1589 1629 1665 1653 non

87 1678 210 1706 autem
229 1670 432 1706 secundum
454 1669 718 1717 perfectionem
740 1670 953 1717 speculativi
974 1670 1197 1714 intellectus3
1216 1671 1278 1705 sed
1297 1671 1499 1706 secundum
1518 1682 1598 1706 eam
1618 1671 1667 1705 di-

87 1724 204 1760 cimur
224 1724 392 1767 scientes,
413 1723 472 1759 vel
493 1723 754 1771 intelligentes;
776 1735 864 1771 ergo
886 1724 1072 1760 beatitudo
1094 1725 1256 1760 hominis
1291 1726 1409 1772 magis
1443 1725 1609 1761 consistit
1629 1725 1665 1760 in

88 1786 171 1814 actu
192 1777 397 1814 intellectus
419 1778 570 1826 practici
591 1789 701 1824 quam
723 1778 946 1825 speculativi.

162 1844 191 1880 3.
213 1832 451 1868 PRAETEREA.
475 1832 666 1867 Beatitudo
690 1840 744 1867 est
765 1832 950 1879 quoddam
972 1833 1111 1868 bonum
1134 1833 1246 1880 ipsius
1264 1832 1442 1868 hominis:
1462 1832 1525 1868 sed
1543 1844 1668 1880 specu-

86 1885 218 1922 lativus
237 1885 443 1922 intellectus
464 1894 664 1934 occupatur
686 1886 803 1933 magis
825 1887 921 1921 circa
943 1898 998 1931 ea,
1020 1899 1112 1934 quae
1134 1895 1218 1922 sunt
1238 1895 1337 1922 extra
1358 1887 1567 1922 hominem:
1590 1898 1668 1933 pra-

87 1940 202 1976 cticus
223 1948 347 1975 autem
367 1939 574 1976 intellectus
595 1948 797 1987 occupatur
819 1940 915 1974 circa
938 1952 992 1984 ea,
1011 1952 1104 1988 quae
1119 1949 1202 1976 sunt
1215 1941 1326 1987 ipsius
1341 1941 1514 1983 hominis,
1529 1940 1667 1975 scilicet

88 1994 185 2030 circa
206 1994 448 2042 operationes,
471 2001 506 2029 et
526 1994 714 2040 passiones
735 1995 831 2040 ejus3
854 2006 941 2041 ergo
964 1994 1149 2030 beatitudo
1171 1994 1333 2029 hominis
1355 1995 1472 2041 magis
1503 1995 1668 2030 consistit

88 2048 126 2084 in
146 2047 359 2096 operatione
380 2047 585 2083 intellectus
606 2048 768 2095 practici,
790 2060 901 2095 quam
923 2048 1129 2084 intellectus
1153 2048 1378 2096 speculativi.

161 2102 237 2138 SED
257 2111 415 2138 CONTRA
437 2110 501 2145 est,
523 2102 620 2149 quod
651 2102 845 2149 Augustin.
876 2102 963 2137 dicit
984 2103 1019 2136 in
1047 2114 1074 2137 1.
1097 2102 1141 2137 dc
1165 2102 1267 2137 Trin.
1292 2103 1383 2150 (sap.
1408 2114 1459 2138 10.
1482 2103 1516 2137 in
1533 2102 1665 2149 princ.)

89 2156 187 2204 quod
208 2155 470 2203 contemplatio
493 2156 714 2204 promittitur
735 2157 840 2191 nobis
862 2157 1049 2191 actionum
1071 2157 1240 2192 omnium
1261 2155 1354 2199 finis,
1384 2164 1491 2203 atque
1520 2164 1666 2191 aeterna

89 2209 264 2258 perfectio
290 2210 520 2257 gaudiorum.

162 2263 393 2300 Responmso
415 2264 623 2307 dicendum,
645 2263 743 2311 quod
764 2264 950 2299 beatitudo
972 2264 1090 2311 magis
1112 2264 1277 2299 consistit
1300 2264 1335 2298 in
1358 2263 1571 2310 operatione
1593 2275 1669 2311 spe-

91 2316 240 2354 culativi
258 2317 476 2360 intellectus,
497 2328 607 2364 quam
630 2318 790 2365 practici,
809 2318 906 2365 quod
926 2326 1023 2364 patet
1036 2319 1210 2354 extribus.
1225 2318 1341 2353 Primo
1359 2317 1507 2364 quidem
1523 2330 1564 2352 ex
1583 2318 1667 2361 hoc,

91 2371 190 2420 quod
210 2371 240 2407 si
259 2371 445 2407 beatitudo
467 2371 628 2407 hominis
650 2380 704 2407 est
725 2372 902 2419 operatio,
925 2380 1070 2418 oportet
1090 2372 1187 2419 quod
1210 2372 1255 2407 sit
1268 2372 1407 2418 optima
1423 2372 1586 2418 operatio
1605 2372 1670 2406 lio-

93 2425 214 2461 minis.
237 2425 391 2473 Optima
413 2419 536 2461 autem
557 2426 722 2473 operatio
755 2426 917 2461 hominis
939 2434 1004 2469 est,
1026 2438 1118 2473 quae
1140 2434 1192 2461 est
1215 2426 1376 2472 optimae
1411 2426 1595 2473 potentiae
1618 2438 1669 2461 rc-

91 2487 217 2528 spectu
238 2479 366 2527 optimi
386 2480 540 2526 objecti:
563 2480 702 2527 optima
723 2488 846 2515 autem
867 2480 1029 2527 potentia
1051 2488 1104 2515 est
1125 2479 1340 2522 intellectus,
1363 2481 1463 2525 cujus
1484 2479 1668 2525 objectum

91 2533 273 2582 optimum
293 2541 348 2569 est
366 2533 506 2568 bonum
527 2533 710 2576 divinum3
732 2535 829 2580 quod
852 2534 999 2580 quidem
1021 2545 1094 2568 non
1119 2542 1171 2568 cst
1193 2533 1379 2579 objectum
1402 2533 1551 2580 practici
1570 2532 1671 2567 intel-

92 2586 219 2630 lectus,
240 2587 303 2622 sed
325 2587 556 2635 speculativi:
579 2587 674 2622 unde
696 2587 732 2622 in
753 2587 816 2622 tali
839 2588 1064 2634 operatione,
1082 2588 1221 2622 scilicet
1239 2587 1274 2621 in
1293 2587 1604 2633 contemplatione
1622 2587 1672 2621 di-

92 2640 274 2684 vinorum,
296 2641 455 2676 maxime
476 2641 641 2676 consistit
661 2641 858 2676 beatitudo.
881 2641 925 2676 Et
946 2642 1030 2688 quia
1057 2641 1302 2688 unusquisque
1337 2641 1478 2675 videtur
1511 2651 1589 2675 esse
1623 2640 1670 2682 id,

93 2695 193 2742 quod
213 2703 269 2731 est
288 2695 468 2742 optimum
490 2695 527 2729 in
547 2706 604 2737 eo,
631 2703 671 2730 ut
691 2695 821 2730 dicitur
842 2695 877 2729 in
903 2706 936 2743 9.
959 2695 1076 2730 Etliic.
1100 2695 1189 2742 (cap.
1212 2706 1244 2739 4.
1267 2700 1295 2730 ct
1315 2696 1364 2738 S.)
1388 2702 1423 2729 et
1449 2705 1500 2729 10.
1525 2695 1616 2740 (cap.
1639 2705 1669 2740 7.

94 2748 246 2796 odfin),
266 2747 350 2784 ideo
379 2747 462 2783 talis
494 2749 660 2795 operatio
693 2757 747 2784 est
779 2749 938 2783 maxime
972 2749 1116 2796 propria
1150 2749 1304 2790 homini,
1339 2757 1374 2783 ct
1400 2748 1558 2782 maxime
1580 2747 1673 2782 dele-

95 2801 246 2838 ctabilis.
267 2801 414 2838 Secundo
436 2810 583 2849 apparet
603 2802 700 2837 idem
719 2814 761 2837 ex
780 2803 864 2845 hoc,
882 2802 980 2849 quod
1012 2802 1274 2849 contemplatio
1303 2802 1462 2836 maxime
1489 2802 1672 2848 quaeritur

96 2863 243 2904 propter
261 2855 442 2903 seipsam:
465 2863 566 2891 actus
588 2864 711 2892 autem
733 2855 938 2892 intellectus
960 2856 1110 2904 practici
1131 2867 1206 2891 non
1234 2856 1416 2902 quaeritur
1444 2863 1589 2902 propter
1621 2867 1673 2890 sc·

95 2909 228 2958 ipsum,
248 2909 312 2946 sed
331 2917 480 2958 propter
500 2910 700 2946 actionem:
724 2910 823 2958 ipsae
845 2918 966 2946 autem
990 2909 1153 2946 actiones
1187 2910 1400 2945 ordinantur
1434 2909 1477 2944 ad
1512 2908 1670 2956 aliquem
