1907 3198
491 177 717 214 QUAESTIO
750 176 901 206 xxxw.
933 175 1183 207 ART1cutus
1216 176 1261 205 11.
1588 174 1613 205 2
1619 176 1673 218 59

85 261 268 304 honestum,
283 261 377 304 utile,
392 268 428 295 et
441 260 650 296 delectabile:
669 259 733 294 sed
746 260 946 295 honestum
961 270 1072 293 omne
1088 266 1142 293 est
1158 258 1313 301 bonum,
1332 267 1368 293 et
1381 257 1549 293 similiter
1564 269 1675 294 omne

85 314 194 359 utile;
212 325 303 362 ergo
325 323 362 350 et
382 314 504 349 omnis
526 313 722 349 delectatio
744 322 800 348 est
818 313 927 348 bona.

158 378 190 404 2.
213 368 452 404 PRAETEREA.
475 367 570 402 Illud
591 367 794 402 secundum
815 378 854 402 se
877 375 931 402 est
951 367 1104 408 bonum,
1126 365 1224 412 quod
1239 377 1315 400 non
1330 366 1515 412 quaeritur
1528 374 1676 412 propter

86 421 197 466 aliud,
219 430 259 457 ut
278 422 410 456 dicitur
430 421 468 456 in
487 432 515 456 1.
531 421 648 456 Ethic.
666 421 755 468 (cap.
771 421 804 456 6.
819 426 850 456 et
864 421 910 467 7.)
922 433 932 455 .·
949 420 1012 455 sed
1027 419 1222 454 delectatio
1237 430 1312 454 non
1327 419 1514 466 quaeritur
1527 428 1676 466 propter

86 475 204 512 aliud:
226 475 425 511 ridiculum
445 475 546 510 enim
566 475 710 510 videtur
731 475 774 509 ab
798 474 921 521 aliquo
943 485 1132 521 quaerere,
1154 485 1265 520 quare
1284 473 1363 507 vult
1380 473 1570 516 delectari;
1586 484 1675 520 ergo

84 529 280 565 delectatio
302 537 358 564 est
378 540 443 576 per
463 540 502 564 se
523 529 640 563 bona:
668 529 731 564 sed
750 528 849 575 quod
871 539 937 575 per
960 540 999 563 se
1022 528 1253 574 praedicatur
1274 527 1318 562 de
1341 527 1478 574 aliquo,
1493 527 1678 563 universa-

81 583 166 620 liter
185 583 417 631 praedicatur
437 582 483 618 de
505 593 571 625 eo;
593 593 682 629 ergo
704 583 827 617 omnis
849 581 1045 616 delectatio
1068 590 1123 616 est
1142 581 1251 616 bona.

160 637 453 685 3.·PRAETEREA.
473 636 526 679 Id,
549 637 648 683 quod
671 636 713 670 ab
737 636 908 671 omnibus
930 635 1167 678 desideratur,
1189 635 1332 670 videtur
1354 646 1432 670 esse
1459 646 1524 683 per
1549 646 1588 670 se
1613 635 1675 670 bo-

82 702 194 727 num:
216 701 305 726 nam
326 691 449 726 bonum
470 695 528 734 est,
550 689 638 737 quod
659 691 774 724 omnia
795 695 969 737 appetunt,
987 698 1026 724 ut
1039 689 1170 724 dicitur
1183 689 1219 723 in
1239 700 1266 724 1.
1282 689 1445 724 Ethicor.
1461 686 1482 734 (
1484 691 1519 724 in
1526 690 1673 736 princ).-

83 745 147 781 sed
168 755 299 780 omnes
321 752 497 792 appetunt
518 743 679 791 aliquam
710 743 1006 787 delectationem,
1037 743 1148 778 etiarn
1175 743 1290 790 pueri,
1321 753 1358 778 et
1383 743 1538 786 bestiae3
1564 743 1675 790 igitur

84 798 282 835 delectatio
303 806 359 834 est
378 797 583 834 secundum
604 808 642 833 se
660 798 822 840 bonum;
844 798 966 833 omnis
988 809 1078 844 ergo
1101 797 1297 832 delectatio
1320 806 1374 832 est
1393 798 1502 833 bona.

154 852 232 889 SED
253 862 412 888 CONTRA
434 860 499 894 est,
517 851 617 898 quod
639 851 771 886 dicitur
788 851 962 887 Proverb.
978 861 1028 886 2.:
1049 852 1122 897 Qui
1135 852 1314 894 laetantur,
1330 863 1405 887 cum
1420 852 1672 898 malefecerint,

81 912 113 943 et
131 907 283 942 exultant
302 907 338 941 in
363 907 459 942 rebus
471 907 634 954 pessimis.

153 960 388 996 RESPONDEO
406 959 618 1002 dicendum,
639 959 738 1006 quod
760 960 855 994 sicut
876 959 988 1006 aliqui
1011 959 1225 995 Stoicorum
1243 968 1456 1007 posuerunt,
1471 970 1602 994 omnes
1616 959 1675 995 de-

78 1014 297 1050 lectationes
318 1025 397 1049 esse
419 1012 555 1056 malas3
577 1013 628 1048 ita
654 1013 825 1060 Epicurei
850 1022 1064 1061 posuerunt,
1091 1013 1376 1049 delectationem
1402 1014 1607 1049 secundum
1632 1025 1673 1049 se

81 1079 162 1105 esse
181 1068 334 1111 bonam,
355 1075 393 1103 et
411 1079 477 1115 per
498 1078 728 1114 consequens
750 1067 1013 1102 delectationes
1036 1079 1167 1103 omnes
1190 1079 1269 1103 esse
1290 1068 1419 1103 bonas.
1444 1067 1521 1109 Qui
1543 1079 1586 1102 ex
1598 1068 1671 1103 hoc

80 1121 226 1170 decepti
245 1133 326 1158 esse
345 1121 526 1165 videntur,
546 1121 647 1168 quod
668 1132 745 1156 non
767 1121 1041 1168 distinguebant
1061 1122 1155 1156 inter
1175 1122 1225 1165 id,
1247 1122 1346 1168 quod
1364 1130 1418 1157 est
1436 1122 1575 1156 bonum
1590 1122 1674 1156 sim-

23 1204 25 1208 .
79 1175 235 1224 pliciter,
258 1184 295 1211 et
313 1175 408 1210 inter
428 1174 477 1216 id,
498 1175 598 1222 quod
617 1183 672 1210 est
691 1175 831 1210 bonum
854 1175 975 1222 quoad
997 1176 1107 1209 hunc.
1128 1175 1353 1222 Simpliciter
1367 1175 1516 1222 quidem
1531 1175 1671 1210 bonurn

79 1237 147 1273 est,
167 1229 268 1277 quod
283 1228 488 1264 secundum
508 1239 547 1264 se
567 1228 707 1263 bonum
731 1237 802 1272 est3
825 1229 1007 1276 contingit
1024 1237 1159 1271 autem,
1182 1229 1281 1275 quod
1302 1241 1378 1264 non
1397 1238 1451 1264 est
1469 1229 1671 1264 secundum

76 1295 119 1320 se
137 1283 293 1327 bonum,
313 1293 393 1319 esse
413 1283 500 1318 huic
519 1283 672 1326 bonum,
690 1283 869 1330 dupliciter
876 1295 889 1324 ;
911 1295 979 1318 uno
1000 1283 1111 1327 modo,
1133 1283 1219 1330 quia
1241 1291 1295 1318 est
1316 1283 1350 1317 ei
1371 1283 1595 1319 conveniens
1622 1295 1674 1318 se-

79 1337 244 1373 cundum
264 1337 560 1384 dispositionem,
580 1337 618 1371 in
639 1348 711 1384 qua
731 1348 829 1371 nunc
852 1344 917 1379 est,
939 1348 1032 1384 quae
1053 1345 1180 1372 tamen
1200 1348 1277 1371 non
1299 1345 1354 1372 est
1370 1337 1563 1373 naturalis:
1579 1337 1673 1372 sicut

79 1391 227 1440 leproso
247 1391 390 1426 bonum
411 1399 467 1426 est
482 1391 704 1438 quandoque
727 1390 925 1426 comedere
948 1390 1070 1437 aliqua
1083 1399 1276 1433 venenata,
1291 1403 1387 1438 quae
1402 1402 1478 1426 non
1493 1400 1577 1426 sunt
1589 1393 1672 1426 sim·

80 1445 224 1494 pliciter
245 1445 504 1481 convenientia
525 1445 776 1492 complexioni
796 1445 1000 1480 humanae:
1022 1445 1090 1480 alio
1108 1445 1223 1488 modo,
1246 1446 1331 1492 quia
1352 1445 1387 1480 id
1410 1446 1509 1492 quod
1527 1457 1603 1480 non
1619 1454 1673 1481 est

79 1500 319 1542 conveniens,
341 1499 555 1535 aestimatur
575 1507 614 1534 ut
633 1499 868 1534 conveniens.
891 1498 936 1534 Et
957 1499 1042 1546 quia
1064 1498 1260 1534 delectatio
1283 1507 1337 1534 est
1362 1500 1464 1546 quies
1491 1500 1671 1546 appetitus

77 1553 118 1589 in
136 1553 250 1597 bono,
271 1553 304 1589 si
319 1553 366 1588 sit
385 1553 527 1588 bonum
548 1552 765 1600 simpliciter
785 1552 887 1595 illud,
909 1553 947 1586 in
969 1564 1043 1600 quo
1066 1553 1220 1600 quiescit
1240 1554 1432 1600 appetitus,
1455 1554 1523 1588 erit
1536 1553 1672 1600 simpli-

80 1607 171 1643 citer
191 1606 403 1650 delectatio,
423 1615 461 1642 et
480 1606 696 1654 simpliciter
715 1607 832 1642 bona:
855 1607 885 1641 si
906 1615 1029 1641 autem
1051 1618 1127 1642 non
1149 1607 1195 1642 sit
1211 1607 1352 1642 bonum
1367 1607 1592 1654 sim-pliciter,
1607 1608 1669 1643 sed

80 1661 203 1708 quoad
223 1661 335 1704 hunc,
355 1669 443 1696 tunc
464 1672 534 1696 nec
556 1660 752 1696 delectatio
772 1669 826 1696 est
846 1660 1074 1708 simpliciter,
1097 1661 1160 1696 sed
1178 1661 1285 1705 huic;
1303 1673 1371 1697 nec
1387 1661 1602 1709 simpliciter
1616 1671 1671 1697 est

78 1715 189 1759 bona,
210 1715 273 1751 sed
293 1715 394 1751 bona
413 1715 618 1751 secundum
639 1715 738 1762 quid,
759 1714 819 1750 vel
840 1726 1018 1762 apparens
1038 1716 1148 1750 bona.

154 1770 217 1805 AD
242 1779 396 1806 PRIMUM
417 1780 507 1816 ergo
529 1769 740 1811 dicendum,
761 1769 861 1816 quod
891 1769 1074 1812 honestum,
1100 1777 1136 1804 et
1163 1769 1243 1805 utile
1272 1770 1442 1805 dicuntur
1465 1770 1668 1805 secundum

79 1823 284 1867 rationem;
305 1831 343 1858 et
361 1822 446 1858 ideo
467 1823 560 1858 nihil
582 1831 637 1858 est
656 1823 868 1866 honestum,
889 1822 949 1858 vel
970 1823 1070 1866 utile,
1093 1823 1191 1870 quod
1205 1835 1282 1858 non
1301 1824 1345 1859 sit
1362 1824 1521 1859 bonurn:
1536 1824 1671 1860 delecta-

77 1877 142 1914 bile
161 1885 288 1912 autem
309 1877 441 1912 dicitur
458 1876 661 1912 secundum
685 1877 898 1924 appetitum,
921 1877 983 1923 qui
1004 1877 1225 1924 quandoque
1247 1878 1283 1911 in
1306 1877 1395 1912 illud
1416 1878 1543 1920 tendit,
1570 1878 1668 1925 quod

25 1957 29 1967 .
75 1942 153 1967 non
175 1939 231 1967 est
251 1930 478 1966 conveniens
500 1930 654 1974 rationi;
675 1939 712 1966 et
732 1931 816 1965 ideo
837 1942 914 1965 non
941 1942 1052 1965 omne
1080 1930 1295 1966 delectabile
1324 1940 1378 1967 est
1402 1932 1543 1967 bonum
1568 1932 1671 1967 boni-

30 2014 41 2021 „
75 1992 150 2021 tate
171 1983 318 2028 morali,
339 1995 434 2032 quae
455 1984 654 2020 attenditur
671 1984 876 2019 secundum
898 1985 1093 2019 rationem.

150 2039 213 2075 AD
231 2049 443 2075 SECUNDUM
457 2037 668 2081 dicendum,
683 2038 782 2085 quod
796 2038 879 2073 ideo
895 2038 1091 2073 delectatio
1105 2050 1181 2073 non
1196 2039 1381 2086 quaeritur
1394 2048 1543 2087 propter
1558 2039 1666 2083 aliud,

76 2093 162 2140 quia
183 2100 238 2128 est
257 2092 361 2140 quies
382 2091 419 2127 in
440 2092 532 2128 fine:
555 2091 668 2126 finem
683 2100 804 2127 autem
821 2092 1000 2138 contingit
1014 2104 1092 2128 esse
1108 2093 1259 2136 bonum,
1274 2101 1309 2128 et
1323 2093 1484 2129 malum:
1499 2094 1667 2141 quamvis

74 2157 281 2194 numquam
298 2146 345 2182 sit
364 2145 458 2190 finis,
479 2146 550 2182 nisi
570 2146 775 2182 secundum
796 2147 894 2194 quod
913 2155 967 2181 est
985 2147 1125 2181 bonum
1147 2148 1268 2194 quoad
1288 2148 1404 2182 hunc:
1424 2148 1473 2183 ita
1488 2148 1599 2184 etiam
1615 2156 1668 2183 est

37 2218 52 2243 ,-
74 2199 122 2236 de
141 2199 399 2236 delectatione.

148 2254 210 2290 AD
238 2264 414 2290 TERT1UM
435 2254 645 2297 dicendum,
672 2254 771 2301 quod
793 2254 866 2289 hoc
889 2255 1003 2290 modo
1026 2255 1151 2290 omnia
1173 2264 1348 2303 appetunt
1367 2256 1665 2300 delectationem,

75 2307 172 2344 sicut
192 2316 228 2343 et
247 2308 408 2352 bonum;
430 2319 516 2343 curn
537 2307 733 2343 delectatio
756 2308 801 2343 sit
826 2309 929 2355 quies
957 2309 1135 2356 appetitus
1162 2309 1200 2343 in
1225 2310 1344 2345 bono:
1373 2311 1435 2345 sed
1462 2311 1556 2346 sicut
1582 2322 1667 2346 con-

74 2361 194 2409 tingit,
214 2373 293 2398 non
312 2372 426 2398 omne
445 2362 587 2397 bonum
608 2362 706 2409 quod
729 2362 921 2409 appetitur,
943 2374 1022 2398 esse
1044 2374 1108 2410 per
1130 2374 1181 2406 se,
1203 2371 1239 2398 et
1251 2375 1336 2398 vere
1353 2364 1511 2400 bonum:
1526 2365 1575 2400 ita
1589 2376 1664 2400 non

55 2415 199 2457 :omnis
219 2415 416 2452 delectatio
438 2423 493 2451 est
511 2427 577 2463 per
597 2426 648 2458 se,
669 2423 704 2450 et
724 2427 809 2450 vere
830 2416 940 2451 bona.

621 2556 972 2602 ARTICULUS
1002 2558 1083 2602 ΠΙ.
1599 2571 1663 2620 196

360 2664 517 2696 UTRUM
542 2664 712 2702 ALIQUA
737 2666 1027 2697 DELECTATIO
1057 2667 1124 2697 SIT
1153 2667 1374 2698 OPTIMUM.

7 2725 11 2733 Ι
65 2775 69 2778 -
104 2775 106 2779 ⁷
132 2750 186 2798 (4.
206 2751 299 2788 Dist.
319 2763 378 2799 49.
397 2763 429 2799 q.
447 2763 476 2799 3.
499 2757 566 2788 art.
587 2762 622 2798 4.
643 2757 672 2788 ct
692 2752 749 2802 lib..
772 2765 802 2800 3.
827 2752 945 2789 contr.
967 2761 1040 2801 cap.
1062 2754 1119 2790 26.
1141 2754 1185 2789 ad
1203 2767 1231 2801 3.
1253 2760 1285 2790 et
1297 2767 1349 2791 Ῑο.
1365 2755 1440 2790 Eth.
1456 2755 1526 2790 lect.
1547 2756 1612 2801 4.).

148 2839 212 2876 An
233 2850 408 2888 Tzitjrmn
429 2841 481 2877 sic
503 2841 722 2889 proceditur.
744 2841 910 2886 Videtur,
928 2843 1027 2890 quod
1048 2843 1149 2878 nulla
1171 2844 1367 2880 delectatio
1386 2845 1432 2879 sit
1457 2845 1660 2892 optimum:

55 2892 179 2929 nulla
198 2894 300 2930 enim
320 2895 510 2942 generatio
537 2903 591 2930 est
617 2895 816 2943 optimum:
848 2908 934 2931 narn
963 2898 1152 2944 generatio
1167 2909 1242 2933 non
1258 2907 1378 2945 potest
1404 2910 1482 2934 esse
1510 2899 1659 2935 ultimus
