1907 3198
489 177 713 214 Quasssrto
747 176 867 207 xxm.
901 175 1150 207 Aartcutus
1183 176 1225 205 v.
1566 174 1651 218 239

70 260 241 296 tristitias.
263 259 308 295 Et
328 271 412 294 cum
434 259 555 307 plures
577 260 773 296 hominum
794 270 869 294 non
892 258 1033 306 possint
1051 258 1229 304 attingere
1248 257 1292 292 ad
1311 256 1574 292 delectationes
1588 256 1657 303 spi-

70 314 229 357 rituales,
250 325 343 361 quae
366 322 448 349 sunt
469 315 637 362 propriae
658 315 920 356 virtuosorum,
943 324 1171 360 consequens
1194 320 1258 354 est,
1281 311 1379 359 quod
1402 311 1587 346 declinent
1609 310 1653 345 ad

70 368 292 416 corporales.

141 424 202 458 AD
223 433 433 459 SECUNDUM
455 423 663 465 dicendum,
687 422 785 470 quod
806 422 1062 457 transmutatio
1087 421 1251 468 corporis
1271 421 1389 468 magis
1412 419 1593 466 contingit
1611 430 1654 453 ex

69 475 370 513 delectationibus
392 476 655 524 corporalibus,
678 477 894 524 inquantum
917 485 1000 511 sunt
1021 476 1208 522 passiones
1232 476 1410 522 appetitus
1433 474 1604 510 sensitivi.

140 532 202 567 AD
224 541 397 566 TERTIUM
424 531 633 573 dicendum,
660 531 758 577 quod
789 530 1051 566 delectationes
1082 529 1292 576 corporales
1327 538 1410 564 sunt
1443 529 1646 564 secundum

69 593 211 633 partem
231 586 456 627 sensitivam,
479 597 571 632 quae
591 585 776 631 regulatur
797 585 955 620 ratione:
980 593 1015 619 et
1032 584 1115 619 ideo
1135 585 1299 630 indigent
1319 583 1528 630 temperari,
1547 591 1583 618 et
1601 594 1653 618 re-

69 639 226 676 fraenari
245 651 310 686 per
329 639 532 675 rationem:
554 639 617 674 sed
640 639 904 674 delectationes
926 638 1130 685 spirituales
1154 647 1237 673 sunt
1255 638 1458 673 secundum
1477 646 1654 679 mentem,

69 705 163 742 quae
184 702 239 730 est
258 694 336 742 ipsa
357 693 504 740 regula3
527 693 622 728 unde
644 702 729 729 sunt
751 693 954 728 secundum
976 693 1112 739 seipsas
1134 693 1289 735 sobriae,
1312 701 1348 727 et
1369 693 1593 728 moderatae.

633 823 982 869 ARTICULUS
1017 824 1095 867 VI.
1590 846 1654 882 179

70 933 226 964 UTRUM
252 933 626 964 DELECTATIONES
654 934 830 964 TACTUS
859 933 958 963 SINT
996 933 1185 975 MAJORES
1220 932 1656 973 DELECTATIONIBUS,

418 999 538 1036 QUAE
566 1000 680 1031 SUNT
709 1000 952 1030 SECUNDUM
979 999 1108 1029 ALIOS
1137 999 1310 1030 SENSUS.

183 1088 264 1134 (2-2.
287 1100 318 1136 q.
340 1100 385 1135 15.
407 1093 474 1124 art.
493 1101 522 1136 3.
545 1095 637 1136 corp.
660 1093 688 1124 et
706 1101 736 1135 q.
758 1100 828 1134 141.
844 1094 908 1123 art.
931 1100 964 1134 4.
987 1095 1077 1136 corp.
1100 1093 1128 1123 et
1149 1088 1191 1123 ad
1208 1100 1237 1135 3.
1260 1094 1289 1124 et
1310 1093 1374 1123 art.
1399 1100 1427 1135 7.
1451 1095 1541 1135 corp.

294 1146 323 1178 et
335 1153 370 1187 4.
383 1142 472 1177 Dist.
487 1154 544 1189 49.
559 1154 589 1189 q.
602 1154 630 1189 3.
646 1147 712 1178 art.
723 1155 752 1189 5.
771 1148 800 1178 et
814 1143 899 1177 Mal.
915 1154 945 1189 q.
960 1154 1011 1187 14.
1026 1147 1092 1177 art.
1106 1154 1140 1187 4.
1157 1149 1246 1189 corp.
1265 1148 1296 1177 et
1311 1142 1353 1176 ad
1371 1144 1430 1188 1.).

141 1231 203 1268 AD
225 1242 380 1268 SEXTUM
414 1232 465 1268 sic
495 1232 716 1280 proceditur.
742 1231 907 1275 Videtur,
941 1233 1040 1279 quod
1068 1232 1344 1276 delectationes,
1371 1244 1464 1280 quae
1492 1240 1575 1267 sunt
1601 1243 1653 1267 se-

70 1286 233 1321 cundum
252 1294 404 1330 tactum,
422 1297 498 1322 non
519 1287 591 1322 sint
612 1288 772 1333 maj0res
794 1286 1110 1331 delectationibus,
1129 1299 1222 1334 quae
1242 1296 1325 1322 sunt
1339 1287 1543 1322 secundum
1563 1286 1654 1322 alios

69 1351 213 1376 sensus:
234 1339 298 1375 illa
319 1341 419 1375 enim
438 1340 633 1376 delectatio
651 1341 794 1376 videtur
809 1352 887 1376 esse
903 1342 1076 1384 maxima,
1091 1353 1163 1388 qua
1178 1341 1337 1384 exclusa,
1353 1341 1528 1388 gaudium
1543 1353 1655 1376 omne

71 1402 199 1430 cessat:
209 1395 273 1430 sed
282 1394 365 1430 talis
379 1403 434 1431 est
443 1394 651 1438 delectatio,
663 1406 756 1442 quae
767 1403 822 1430 est
834 1396 1039 1431 secundum
1047 1396 1178 1431 visum:
1195 1395 1325 1431 dicitur
1340 1396 1438 1431 enim
1455 1395 1597 1430 Tobiae
1613 1406 1653 1441 5.:

71 1448 180 1495 Quale
197 1449 360 1496 gaudium
384 1451 449 1485 erit
468 1450 564 1492 mihi,
587 1451 646 1496 qui
672 1451 707 1484 in
733 1451 875 1486 tenebris
895 1450 997 1493 sedeo,
1021 1455 1048 1485 et
1076 1450 1186 1485 lumen
1207 1451 1289 1485 coeli
1314 1462 1381 1485 non
1407 1449 1530 1485 video?
1556 1449 1653 1496 Ergo

69 1502 276 1547 delectatio,
298 1515 392 1551 quae
414 1512 468 1540 est
489 1516 551 1551 per
569 1504 702 1547 visum,
725 1512 780 1539 est
801 1504 962 1539 maxima
983 1504 1077 1539 inter
1099 1504 1289 1540 sensibiles
1312 1504 1585 1539 delectationes.

142 1567 175 1593 2.
197 1557 436 1594 PRAETEREA.
461 1558 669 1605 Unicuique
691 1558 730 1593 fit
753 1558 969 1594 delectabile
991 1558 1092 1601 illud,
1115 1559 1213 1606 quod
1228 1567 1338 1602 amat,
1357 1567 1396 1594 ut
1409 1558 1550 1593 Philos.
1570 1558 1657 1594 dicit

69 1610 107 1647 in
133 1622 162 1646 1.
183 1611 336 1647 Rhetor.
359 1612 448 1661 (cap.
469 1614 556 1660 11.):
578 1612 643 1648 sed
663 1612 758 1648 inter
779 1624 909 1648 omnes
927 1624 1054 1648 sensus
1072 1613 1233 1648 maxime
1251 1612 1412 1660 diligitur
1429 1613 1548 1657 visus;
1567 1624 1656 1660 ergo

70 1665 280 1710 delectatio,
302 1678 395 1714 quae
417 1674 471 1702 est
491 1666 696 1702 secundum
716 1667 850 1711 visum,
873 1675 927 1702 est
948 1667 1121 1702 maxima.

145 1731 175 1768 3.
196 1720 437 1757 PRAETEREA.
463 1721 691 1769 Principium
719 1721 903 1757 amicitiae
931 1721 1160 1758 delectabilis
1187 1722 1348 1757 maxime
1375 1730 1430 1758 est
1455 1721 1565 1758 visio:
1593 1722 1656 1756 sed

70 1785 180 1810 causa
200 1774 283 1810 talis
305 1774 489 1811 amicitiae
511 1783 565 1811 est
585 1774 803 1819 delectati03
826 1787 914 1823 ergo
936 1776 1141 1811 secundum
1166 1776 1288 1811 visum
1313 1776 1456 1812 videtur
1479 1787 1556 1812 esse
1583 1788 1658 1811 ma-

11 1866 14 1867 .
68 1828 167 1865 xime
189 1828 396 1865 delectatio.

143 1882 219 1919 Si-:n
241 1894 399 1920 CONTRA
413 1892 478 1928 est,
493 1884 592 1931 quod
605 1883 744 1920 Philos.
759 1884 848 1920 dicit
864 1885 901 1920 in
923 1897 952 1932 3.
967 1884 1130 1920 Ethicor.
1147 1885 1234 1933 (cap.
1249 1886 1334 1932 ια),
1354 1885 1453 1933 quod
1473 1885 1655 1920 maximae

69 1936 330 1974 delectationes
351 1946 436 1974 sunt
456 1938 661 1974 secundum
681 1946 834 1974 tactum.

143 1991 376 2029 Responnzo
399 1993 608 2036 dicendum,
629 1993 740 2040 quod,
763 1994 856 2028 sicut
876 1994 951 2040 jam
973 1993 1112 2028 dictum
1134 2002 1187 2029 est
1205 1995 1286 2039 (art.
1305 2006 1333 2030 1.
1355 1994 1425 2041 huj.
1444 1995 1507 2041 q.)‚
1529 2005 1658 2028 unum·

21 2088 27 2094 .
69 2046 253 2094 quodque,
273 2047 491 2094 inquantum
518 2055 671 2090 amatur,
694 2046 847 2083 efficitur
873 2047 1101 2083 delectabile.
1130 2048 1268 2083 Sensus
1295 2056 1430 2091 autem,
1458 2056 1497 2083 ut
1523 2048 1654 2083 dicitur

70 2100 108 2136 in
133 2111 162 2136 1.
184 2101 271 2137 Met.
293 2103 346 2147 (in
361 2102 506 2149 princ),
529 2110 678 2149 propter
698 2101 762 2137 duo
781 2102 992 2149 diliguntur,
1012 2102 1152 2137 scilicet
1167 2111 1313 2150 propter
1332 2103 1599 2150 cognitionem,
1620 2110 1655 2137 et

71 2163 221 2203 propter
241 2155 454 2192 utilitatem:
476 2155 572 2191 unde
595 2164 631 2190 et
657 2164 811 2203 utroque
839 2157 952 2191 modo
981 2156 1162 2203 contingit
1188 2168 1266 2192 esse
1294 2156 1579 2192 delectationem
1606 2168 1657 2192 se-

71 2209 234 2245 cundum
249 2221 417 2246 sensum:
438 2211 500 2246 sed
519 2211 603 2258 quia
623 2211 895 2258 apprehendere
910 2211 1027 2259 ipsam
1043 2212 1296 2258 cognitionem
1311 2220 1501 2259 tamquam
1515 2213 1655 2247 bonum

69 2263 268 2311 quoddam,
294 2265 483 2312 proprium
510 2273 564 2300 est
589 2265 771 2308 hominis;
797 2266 880 2301 ideo
903 2266 1042 2313 primae
1065 2266 1326 2301 delectationes
1349 2278 1535 2309 sensuum,
1559 2278 1652 2314 quae

70 2317 211 2354 scilicet
230 2327 314 2354 sunt
339 2319 543 2354 secundum
570 2319 835 2366 cognitionem,
863 2329 946 2355 sunt
972 2321 1116 2368 proprie
1142 2321 1358 2356 hominum:
1388 2320 1652 2356 delectationes

71 2380 195 2408 autem
208 2383 394 2416 sensuum,
408 2373 625 2420 inquantum
640 2372 839 2420 diliguntur
856 2382 1004 2422 propter
1022 2374 1227 2418 utilitatem,
1243 2383 1326 2410 sunt
1342 2387 1559 2410 communes
1580 2386 1656 2410 om-

70 2425 175 2462 nibus
196 2426 425 2462 animalibus.
449 2427 488 2462 Si
505 2427 615 2475 igitur
633 2427 830 2475 loquamur
848 2429 891 2464 de
911 2427 1154 2464 delectatione
1174 2441 1312 2472 sensus,
1335 2441 1428 2476 quae
1444 2439 1498 2465 est
1513 2430 1654 2464 ratione

71 2480 304 2528 cognitionis,
333 2480 569 2516 manifestum
596 2490 660 2525 est,
687 2482 786 2529 quod
813 2483 1016 2518 secundum
1051 2484 1172 2518 visum
1210 2492 1264 2519 est
1299 2485 1418 2530 major
1448 2483 1655 2526 delectatio,

71 2545 182 2582 quam
202 2535 405 2570 secundum
427 2535 587 2583 aliquem
607 2535 718 2571 alium
742 2548 901 2572 sensum.
926 2537 964 2573 Si
988 2546 1111 2573 autem
1129 2538 1326 2586 loquamur
1345 2538 1388 2573 de
1411 2538 1654 2573 delectatione

43 2625 46 2627 ,
70 2598 210 2632 sensus,
223 2601 316 2637 quae
331 2598 385 2625 est
398 2590 539 2625 ratione
553 2590 729 2633 utilitatis,
745 2591 795 2626 sic
811 2591 972 2626 maxima
989 2591 1184 2628 delectatio
1200 2601 1255 2628 est
1272 2593 1475 2627 secundum
1495 2601 1633 2627 tactum
1647 2604 1653 2626 :

70 2641 205 2679 utilitas
225 2645 325 2679 enim
346 2643 575 2679 sensibilium
602 2645 798 2680 attenditur
824 2646 1026 2681 secundum
1056 2647 1224 2683 ordinem
1253 2646 1297 2681 ad
1330 2647 1651 2682 conservationem

70 2704 221 2733 naturae
242 2697 421 2733 animalis.
440 2698 499 2733 Ad
516 2699 613 2734 hanc
629 2708 752 2735 autem
771 2699 966 2735 utilitatem
984 2701 1240 2748 proprinquius
1260 2713 1298 2736 se
1313 2701 1450 2736 habent
1469 2700 1653 2736 sensibilia

71 2756 209 2786 tactus:
231 2760 287 2787 est
306 2753 406 2788 enim
427 2760 546 2788 tactus
568 2754 841 2801 cognoscitivus
863 2766 1004 2798 eorum,
1024 2767 1066 2790 ex
1088 2756 1218 2802 quibus
1241 2756 1406 2791 consistit
1422 2755 1569 2799 animal,
1589 2755 1656 2790 sci·

71 2802 158 2840 licet
177 2804 296 2850 calidi,
318 2814 355 2842 et
373 2805 507 2854 frigidi,
529 2815 565 2842 et
581 2807 736 2851 humidi,
755 2817 790 2844 et
807 2809 906 2852 sicci,
929 2818 964 2844 et
985 2809 1218 2856 hujusmodi3
1242 2810 1336 2845 unde
1359 2810 1562 2845 secundum
1581 2810 1654 2845 hoc

73 2857 346 2903 delectationes,
367 2871 461 2908 quae
482 2870 566 2896 sunt
586 2862 790 2898 secundum
811 2871 962 2906 tactum,
985 2872 1068 2899 sunt
1094 2865 1265 2911 majores,
1292 2864 1395 2911 quasi
1422 2863 1485 2899 fini
1512 2864 1656 2912 propin-

71 2911 232 2959 quiores.
253 2912 299 2950 Et
318 2922 467 2962 propter
486 2915 560 2951 hoc
582 2915 694 2952 etiam
716 2917 890 2953 animalia
912 2917 995 2961 alia,
1014 2929 1107 2965 quae
1126 2929 1201 2953 non
1220 2917 1356 2954 habent
1370 2917 1653 2954 delectationem
