1907 3182
266 166 350 220 396
695 177 915 212 QUAESTIO
951 177 1050 206 Lvn.
1084 176 1327 206 ARTICULUS
1361 177 1417 206 1v.

263 269 397 292 manens
421 258 456 291 in
482 259 548 304 ipso
575 262 709 303 agenta:
737 258 829 292 sicut
854 257 986 299 videre,
1007 256 1113 299 velle,
1141 264 1174 291 et
1202 256 1430 302 hujusmodi3
1453 256 1503 291 sic
1525 256 1634 302 igitur
1655 267 1693 291 se
1713 256 1823 291 habet

264 311 451 356 prudentia
479 311 521 344 ad
540 311 749 356 hujusmodi
771 320 870 344 actus
892 311 1084 352 humanos,
1107 311 1167 356 qui
1188 319 1270 344 sunt
1291 321 1375 344 usus
1397 309 1651 355 potentiarum,
1673 318 1708 344 et
1727 310 1824 344 habi-

264 372 376 406 tuum,
403 365 495 398 sicut
520 375 557 398 se
583 364 692 398 habet
718 375 773 398 ars
796 364 839 397 ad
861 364 1054 398 exteriores
1080 363 1272 398 factiones:
1301 364 1383 409 quia
1410 372 1560 409 utraque
1587 371 1641 398 est
1665 362 1823 409 perfecta

263 417 354 451 ratio
376 425 541 463 respectu
562 417 720 458 illorum,
749 417 791 450 ad
820 428 910 462 quae
941 425 1181 462 comparatur.
1216 416 1394 450 Perfectio
1421 425 1555 458 autem,
1583 424 1618 450 et
1644 416 1820 450 rectitudo

264 471 412 505 rationis
426 471 462 504 in
483 470 711 516 speculativis
727 471 906 516 dependet
921 482 963 504 ex
981 470 1175 516 principiis,
1191 482 1233 503 ex
1248 470 1374 516 quibus
1397 470 1488 504 ratio
1503 468 1695 516 syllogizat
1708 482 1717 512 ;
1732 469 1823 504 sicut

264 524 401 558 dictum
416 532 468 558 est
487 525 566 568 (art.
582 536 611 558 2.
632 524 699 569 huj.
716 535 744 569 q.
767 523 810 557 ιιι]
830 524 893 568 2.),
917 524 1013 568 quod
1035 523 1184 557 scientia
1207 523 1384 569 dependet
1406 524 1448 557 ab
1471 523 1666 565 intellectu,
1689 523 1749 568 qui
1771 531 1821 557 est

263 577 405 612 habitus
428 578 699 623 principiorum,
727 585 760 610 et
782 577 1040 622 praesupponit
1069 577 1198 622 ipsum.
1226 576 1266 610 In
1291 577 1460 611 humanis
1488 585 1609 611 autem
1631 577 1767 610 actibus
1786 587 1822 610 se

263 630 398 665 habent
422 631 522 672 fines,
545 631 636 665 sicut
661 630 835 676 principia
857 630 893 663 in
915 629 1155 676 speculativis,
1177 637 1216 663 ut
1243 630 1371 664 dicitur
1392 630 1427 664 'm
1450 640 1481 675 7.
1509 629 1667 664 Ethicor.
1692 629 1777 675 (cap.
1791 630 1822 664 8.

265 696 284 718 a
299 684 411 728 med),
435 693 469 718 et
483 685 564 718 ideo
581 684 623 717 ad
646 684 886 729 prudentiam,
909 694 1000 728 quae
1022 691 1076 717 est
1096 688 1184 717 recta
1204 685 1291 717 ratio
1313 683 1501 728 agibilt'um,
1524 683 1714 729 requiritur
1727 682 1822 729 quod

264 738 378 771 homo
396 738 439 771 sit
456 738 547 771 bene
569 737 762 783 dispositus
778 737 870 770 circa
887 736 993 770 fines:
1014 737 1110 782 quod
1126 736 1272 782 quidem
1294 745 1347 771 est
1367 748 1430 782 per
1451 736 1649 783 appetitum
1669 745 1821 770 rectum:

265 799 299 825 et
313 791 394 825 ideo
407 791 449 824 ad
464 791 692 837 prudentiam
713 790 903 836 requiritur
925 789 1073 824 moralis
1091 790 1214 831 virtus,
1236 801 1299 835 per
1321 801 1429 836 quam
1451 789 1490 823 fit
1503 789 1680 836 appetitus
1695 797 1823 824 rectus.

265 844 409 878 Bonum
442 852 563 878 autem
598 843 839 878 artificialium
865 855 941 877 non
968 851 1020 878 est
1044 844 1180 877 bonum
1209 843 1386 889 appetitus
1411 843 1574 884 humani,
1600 843 1662 877 sed
1687 842 1823 876 bonum

264 898 425 944 ipsorum
441 909 593 944 operum
610 897 869 932 artificialium:
887 906 922 931 et
935 897 1016 931 ideo
1033 909 1089 931 ars
1103 909 1177 931 non
1191 899 1449 944 praesupponit
1463 897 1662 944 appetitum
1672 905 1822 931 rectum:

266 960 300 985 et
320 951 402 985 inde
425 960 488 993 est,
507 951 602 997 quod
622 951 737 997 magis
757 951 923 985 laudatur
950 950 1084 993 artifex,
1100 951 1160 997 qui
1181 951 1308 985 volens
1331 959 1467 996 peccat,
1489 962 1598 997 quam
1619 951 1680 997 qui
1699 959 1826 997 peccat

264 1004 412 1038 nolens:
433 1006 548 1050 magis
569 1013 689 1038 autem
704 1013 828 1038 contra
847 1004 1074 1050 prudentiam
1090 1013 1152 1046 est,
1168 1005 1264 1050 quod
1280 1004 1406 1050 aliquis
1421 1013 1549 1051 peccat
1560 1003 1699 1046 volens,
1716 1015 1824 1050 quam

265 1057 410 1100 nolens3
432 1058 515 1104 quia
533 1058 709 1092 rectitudo
728 1057 924 1092 voluntatis
945 1066 998 1092 est
1016 1058 1058 1091 de
1074 1058 1212 1092 ratione
1234 1058 1456 1104 prudentiae,
1477 1069 1552 1092 non
1574 1066 1696 1092 autem
1717 1058 1761 1092 de
1775 1069 1827 1091 ra-

264 1111 363 1145 tione
378 1112 472 1145 artis.
497 1111 555 1145 Sic
570 1112 677 1157 igitur
696 1120 802 1158 patet,
822 1112 918 1157 quod
938 1112 1124 1157 prudentia
1147 1120 1199 1146 est
1216 1112 1327 1146 virtus
1348 1112 1516 1146 distincta
1537 1112 1579 1145 ab
1599 1119 1684 1146 arte.

336 1165 395 1199 AD
416 1176 565 1200 PRIMUM
588 1176 674 1211 ergo
695 1165 899 1207 dicendum,
919 1165 1015 1211 quod
1034 1165 1173 1199 diversa
1192 1176 1324 1211 genera
1343 1165 1584 1200 artificialium
1603 1165 1727 1200 omnia
1741 1173 1824 1200 sunt

265 1226 362 1252 extra
380 1219 589 1252 hominem:
613 1227 648 1253 et
668 1219 749 1252 ideo
772 1230 846 1252 non
869 1218 1127 1253 diversificatur
1147 1219 1238 1253 ratio
1265 1219 1423 1253 virtutis:
1458 1220 1519 1253 sed
1553 1219 1741 1266 prudentia
1775 1227 1828 1253 est

264 1280 360 1306 recta
382 1272 472 1305 ratio
500 1272 662 1318 ipsorum
686 1280 831 1306 actuum
858 1272 1124 1314 humanorum;
1147 1273 1240 1306 unde
1263 1272 1522 1307 diversificatur
1551 1273 1642 1307 ratio
1674 1272 1826 1314 virtutis,

265 1333 303 1359 ut
323 1325 459 1359 dictum
483 1334 535 1359 est
558 1325 608 1369 (in
629 1332 720 1372 corp.
744 1326 838 1370 art).

335 1379 395 1413 AD
418 1389 623 1413 SECUNDUM
643 1378 848 1420 dicendum,
867 1379 964 1425 quod
983 1379 1169 1425 prudentia
1188 1379 1304 1425 magis
1323 1379 1493 1414 convenit
1511 1391 1595 1414 cum
1613 1387 1699 1421 arte,
1718 1390 1827 1425 quam

265 1432 406 1466 habitus
429 1432 651 1478 speculativi,
673 1440 847 1478 quantum
871 1433 914 1466 ad
936 1433 1149 1478 subjectum,
1169 1441 1203 1467 et
1221 1433 1429 1467 materiam:
1449 1441 1641 1479 utrumque
1659 1433 1757 1467 enim
1775 1440 1828 1466 est

265 1486 301 1519 in
323 1485 505 1531 opinativa
527 1494 625 1531 parte
648 1486 801 1527 animae,
825 1494 858 1520 et
880 1486 975 1520 circa
994 1486 1207 1532 contingens
1228 1486 1329 1521 aliter
1343 1498 1379 1521 se
1395 1487 1545 1521 habere:
1564 1487 1625 1521 sed
1641 1497 1696 1521 ars
1711 1486 1828 1532 magis

266 1539 435 1573 convenit
457 1551 540 1572 cum
563 1539 741 1574 habitibus
763 1539 993 1585 speculativis
1015 1540 1051 1573 in
1072 1540 1211 1574 ratione
1233 1540 1383 1582 virtutis,
1406 1552 1516 1587 quam
1531 1552 1615 1575 cum
1628 1540 1827 1587 prudentia,

265 1602 304 1626 ut
325 1604 366 1626 ex
389 1593 490 1626 dictis
514 1601 610 1639 patet
633 1592 711 1636 (art.
729 1594 873 1639 praest).

336 1647 396 1680 AD
419 1657 589 1681 TERTwM
611 1647 816 1688 dicendum,
839 1646 935 1692 quod
958 1647 1145 1693 prudentia
1167 1655 1220 1682 est
1236 1647 1327 1681 bene
1346 1647 1571 1682 consiliativa
1589 1647 1633 1682 de
1651 1647 1718 1689 his,
1737 1658 1828 1694 quae

264 1699 443 1746 pertinent
464 1699 507 1733 ad
528 1708 643 1734 totam
666 1700 778 1734 vitam
800 1700 972 1742 hominis,
995 1708 1029 1734 et
1050 1701 1093 1734 ad
1116 1700 1283 1735 ultimum
1305 1700 1415 1735 finem
1433 1701 1527 1736 vitae
1546 1701 1746 1735 humanae:
1766 1700 1828 1735 sed

264 1754 300 1786 in
323 1753 456 1787 artibus
478 1753 654 1799 aliquibus
677 1762 729 1788 est
751 1753 945 1788 consilium
967 1754 1010 1788 de
1032 1754 1099 1796 his,
1129 1765 1220 1800 quae
1254 1755 1432 1800 pertinent
1465 1754 1509 1789 ad
1542 1754 1630 1789 fines
1664 1756 1830 1801 proprios

265 1806 410 1840 illarum
425 1807 573 1850 artium3
589 1807 682 1841 unde
699 1806 819 1853 aliqui,
834 1807 1048 1853 inquantum
1064 1815 1145 1842 sunt
1159 1808 1249 1842 bene
1269 1807 1486 1842 consiliativi
1504 1808 1541 1842 in
1559 1808 1663 1842 rebus
1680 1807 1830 1849 bellicis,

265 1859 322 1894 vel
344 1860 508 1902 nauticis,
531 1860 698 1894 dicuntur
720 1861 911 1906 prudentes
943 1861 1063 1903 duces,
1097 1860 1154 1895 vel
1187 1862 1457 1907 gubernatores,
1490 1872 1564 1895 non
1599 1869 1720 1896 autem
1753 1872 1830 1907 pru-

267 1913 390 1948 dentes
412 1913 634 1959 simpliciter,
657 1914 719 1948 sed
741 1914 793 1948 illi
815 1913 946 1956 solum,
962 1914 1022 1960 qui
1036 1914 1126 1948 bene
1141 1913 1379 1949 consiliantur
1393 1915 1435 1950 de
1450 1915 1518 1958 his,
1533 1926 1625 1962 quae
1641 1913 1831 1949 conferunt

268 1967 311 2001 ad
332 1975 447 2002 totam
474 1967 597 2002 vitam.

834 2111 1179 2156 ARTICULUS
1206 2112 1258 2154 V.
1765 2132 1826 2167 305

436 2221 588 2250 UTRUM
621 2220 872 2251 PRUDENTIA
905 2221 972 2250 SIT
1005 2220 1161 2250 VIRTUS
1194 2219 1457 2250 NECESSARIA
1489 2219 1663 2250 HOMINI-

566 2307 644 2352 (2-2.
668 2321 697 2354 q.
717 2321 762 2354 51-
786 2313 848 2342 arl.
873 2321 898 2343 Ι.
921 2308 964 2342 ad
981 2321 1008 2354 3.
1031 2313 1059 2343 ct
1086 2308 1170 2343 Veri.
1193 2320 1222 2354 q.
1246 2320 1272 2343 1.
1295 2313 1360 2342 art.
1383 2307 1415 2343 6.
1439 2308 1557 2354 corp).

339 2398 398 2432 AD
421 2408 600 2437 Qum’rusr
623 2397 673 2431 sic
696 2398 912 2443 proceditur.
935 2397 1097 2439 Videtur,
1120 2397 1215 2443 quod
1239 2396 1425 2443 prudentia
1446 2407 1522 2431 non
1555 2396 1599 2431 sit
1631 2395 1742 2431 virtus
1774 2406 1833 2431 ne-

269 2451 422 2486 cessaria
445 2451 488 2485 ad
511 2451 600 2485 bene
622 2451 836 2485 vivendum:
860 2452 951 2485 sicut
980 2451 1076 2484 enim
1098 2462 1134 2484 sc
1154 2451 1262 2485 habet
1277 2461 1331 2484 ars
1347 2450 1390 2484 ad
1406 2449 1589 2491 factibilia,
1604 2461 1760 2496 quorum
1779 2456 1832 2484 est

269 2506 359 2539 ratio
383 2513 497 2546 recta3
520 2505 566 2539 ita
589 2516 625 2538 se
648 2505 756 2538 habet
783 2504 969 2550 prudentia
993 2505 1035 2538 ad
1059 2504 1214 2550 agibilia,
1238 2504 1436 2538 secundum
1459 2515 1550 2550 quae
1573 2503 1644 2538 vita
1672 2502 1832 2537 hominis

269 2559 533 2593 consideratur:
557 2566 610 2592 cst
631 2558 726 2591 enim
750 2569 876 2591 corum
906 2566 1001 2592 recta
1037 2558 1127 2592 ratio
1162 2557 1361 2604 prudentia,
1395 2565 1432 2591 ut
1459 2557 1587 2591 dicitur
1619 2556 1655 2590 in
1689 2554 1720 2590 6.
1751 2555 1831 2590 Eth.
1883 2577 1886 2579 Δ

270 2612 357 2658 (cap.
376 2612 438 2657 5.).·
461 2612 521 2645 sed
545 2622 599 2645 ars
621 2622 693 2644 non
717 2619 769 2644 cst
791 2612 991 2645 necessaria
1014 2611 1049 2644 in
1071 2611 1174 2645 rebus
1207 2610 1434 2651 factibilibus,
1467 2610 1536 2644 nisi
1567 2610 1611 2644 ad
1644 2610 1714 2644 hoc
1736 2607 1831 2656 quod
1860 2631 1865 2635 .

270 2665 365 2707 siant,
388 2677 460 2699 non
481 2672 601 2698 autem
622 2673 811 2710 postquam
832 2673 913 2698 sunt
933 2664 1064 2705 sactac;
1085 2676 1170 2710 ergo
1191 2675 1256 2698 nec
1277 2664 1464 2710 prudentia
1482 2671 1536 2698 est
1552 2662 1754 2698 necessaria
1771 2662 1834 2697 ho·

269 2719 357 2752 mini
380 2719 422 2752 ad
443 2719 532 2753 benc
552 2718 757 2759 vivendum,
778 2727 969 2764 postquam
989 2726 1041 2752 cst
1059 2718 1250 2759 virtuosus,
1268 2717 1330 2752 sed
1348 2716 1439 2752 forte
1458 2717 1578 2752 solum
1596 2725 1770 2763 quantum
1788 2714 1832 2750 ad

270 2773 340 2806 hoc
365 2781 401 2806 ut
422 2773 602 2806 virtuosus
625 2771 694 2806 fiat.

342 2836 372 2859 2.
396 2825 631 2860 Pam-neum.
656 2825 848 2860 Prudentia
872 2833 935 2866 est,
959 2837 1020 2871 per
1041 2837 1150 2871 quam
1174 2833 1268 2860 recte
1299 2824 1546 2866 consiliamur,
1574 2832 1612 2859 ut
1639 2823 1768 2858 dicitur
1795 2822 1832 2858 in

269 2878 301 2913 6.
326 2879 404 2914 Eth.
429 2879 511 2923 (loc.
529 2879 616 2924 cit.):
633 2879 693 2914 sed
710 2879 824 2913 homo
840 2887 958 2925 potest
973 2890 1014 2913 ex
1030 2879 1126 2913 bono
1143 2878 1298 2913 consilio
1313 2889 1432 2924 agere,
1446 2889 1520 2913 non
1535 2877 1656 2913 solum
1675 2876 1833 2924 proprie,

1823 3112 1870 3182 λ
