1875 3198
213 189 299 243 804
643 199 864 234 QUAESTIO
899 199 967 228 CV.
1002 198 1246 228 ARTICULUS
1279 198 1335 227 Iv.

211 283 269 316 cui
290 282 399 316 etiam
421 292 464 315 ex
490 281 708 327 cognatione
729 280 801 314 hoc
828 279 947 315 facere
968 281 1103 325 justum
1130 287 1223 315 erat:
1245 290 1288 313 ex
1309 290 1381 325 quo
1409 287 1517 326 patet,
1545 279 1642 326 quod
1667 279 1774 314 frater

211 336 248 369 in
270 335 481 381 accipiendo
504 345 654 368 uxorem
676 333 794 367 fratris
816 333 881 376 sui,
904 344 1058 379 persona
1078 332 1196 367 fratris
1218 332 1274 367 sui
1295 331 1455 366 defuncti
1475 332 1702 379 fungebatur.

284 389 344 423 AD
373 399 562 423 OCTAVUM
589 387 795 428 dicendum,
823 386 919 432 quod
946 386 1002 420 lex
1029 386 1192 432 permisit
1217 385 1408 432 repudium
1433 386 1566 428 uxoris,
1591 397 1666 420 non
1693 387 1776 432 quia

212 442 424 488 simpliciter
449 443 584 487 justum
613 448 716 482 esset,
743 440 805 473 sed
826 444 964 485 propter
990 439 1151 473 duritiam
1177 439 1394 483 judaeorum,
1421 446 1461 472 ut
1484 439 1666 473 Dominus
1691 438 1778 473 dicit

213 496 314 530 Matt.
338 507 409 542 19.:
434 495 495 529 sed
523 495 565 528 de
587 494 658 528 hoc
687 501 830 539 oportet
856 492 997 538 plenius
1022 492 1180 534 tractari,
1209 504 1292 526 cum
1319 492 1362 526 de
1388 492 1624 527 matrimonio
1652 500 1778 539 agetur

220 549 304 593 (vid.
325 549 491 595 Supplem.
516 560 544 593 q.
567 547 649 593 67).

286 602 346 636 AD
368 612 509 636 NONUM
531 600 737 642 dicendum,
760 599 857 646 quod
880 610 1010 634 uxores
1031 599 1141 633 fidem
1163 599 1387 633 matrimonii
1407 598 1577 645 frangunt
1597 611 1662 646 per
1684 598 1780 633 adul-

214 656 356 698 terium,
390 664 424 690 et
453 655 496 689 de
522 653 621 688 facili
646 661 791 700 propter
818 650 1110 694 delectationem,
1141 660 1176 686 et
1201 652 1364 695 latenter,
1395 653 1479 698 quia
1505 653 1616 687 oculus
1637 653 1780 687 adulteri

215 711 365 744 observat
386 709 571 753 caliginem,
595 715 633 741 ut
655 707 784 741 dicitur
800 707 867 752 Job
890 717 964 749 24:
987 718 1061 740 non
1085 713 1206 740 autem
1229 714 1282 740 est
1299 705 1426 740 similis
1448 707 1539 740 ratio
1563 706 1606 740 de
1631 705 1707 740 filio
1735 706 1779 740 ad

215 771 366 808 patrem,
396 761 454 795 vel
483 772 588 795 servo
621 760 663 794 ad
691 760 900 794 dominum:
930 760 1013 806 quia
1039 759 1120 793 talis
1147 759 1339 794 infidelitas
1364 771 1439 794 non
1461 759 1624 806 procedit
1650 771 1692 794 ex
1717 758 1781 793 tali

217 815 509 861 concupiscentia
531 813 792 855 delectationis,
815 814 877 848 sed
898 815 1014 859 magis
1030 824 1071 847 ex
1086 812 1235 854 malitia,
1255 824 1347 859 quae
1365 824 1439 847 non
1454 820 1574 858 potest
1590 813 1639 848 ita
1656 812 1779 854 latere,

217 869 309 903 sicut
329 867 520 902 infidelitas
542 867 703 902 mulieris
725 866 920 901 adulterae.

745 1205 1101 1266 QUAESTIO
1144 1205 1272 1253 CVI.

219 1343 282 1373 DE
308 1341 432 1374 LEGE
452 1342 771 1381 EVANGELICA,
791 1341 919 1382 QUAE
940 1342 1135 1374 DICITUR
1158 1341 1250 1373 LEX
1268 1342 1402 1374 NOVA
1427 1341 1688 1374 SECUNDUM
1713 1341 1781 1381 SE,

602 1414 654 1444 IN
680 1413 909 1453 QUATUOR
935 1412 1198 1445 ARTICULOS
1225 1413 1399 1445 DIVISA.

317 1558 594 1604 Consequenter
615 1557 920 1592 considerandum
951 1567 1003 1593 est
1030 1559 1072 1593 de
1100 1558 1198 1605 Lege
1224 1558 1424 1605 Evangelii,
1451 1570 1544 1605 quae
1571 1558 1701 1593 dicitur
1727 1558 1785 1593 lex

220 1623 336 1646 nova:
361 1620 395 1646 et
411 1614 525 1659 primo
548 1612 591 1646 de
612 1612 689 1657 ipsa
711 1613 909 1646 secundum
933 1623 988 1646 se:
1010 1612 1146 1647 secundo
1170 1613 1212 1646 de
1234 1612 1309 1659 ipsa
1331 1624 1394 1658 per
1412 1613 1726 1659 comparationem
1742 1612 1785 1647 ad

223 1665 344 1712 legem
365 1673 545 1700 veterem:
570 1667 666 1701 tertio
691 1666 733 1699 de
755 1665 823 1707 his,
846 1677 937 1712 quae
960 1667 995 1700 in
1017 1665 1097 1711 lege
1118 1677 1215 1700 nova
1237 1666 1477 1700 continentur.

668 1753 770 1789 Circa
786 1756 939 1801 primum
967 1760 1174 1801 quaeruntur
1191 1760 1344 1801 quatuor.

294 1827 430 1862 Primo.
456 1826 585 1867 Qualis
608 1827 669 1861 sit:
694 1835 813 1861 utrum
836 1826 975 1861 scilicet
995 1827 1039 1861 sit
1061 1827 1204 1873 scripta,
1226 1825 1283 1861 vel
1305 1826 1428 1861 indita.

295 1880 478 1914 Secundo.
501 1881 557 1914 De
579 1881 709 1914 virtute
732 1882 827 1926 ejus:
851 1889 975 1921 utrum·
992 1879 1172 1926 justificet.

297 1933 435 1968 Tertio.
459 1934 514 1968 De
536 1934 713 1980 principio
736 1935 830 1980 ejus:
855 1941 975 1968 utrum
997 1933 1158 1968 debuerit
1176 1933 1252 1968 dari
1275 1945 1294 1968 a
1314 1933 1491 1980 principio
1514 1933 1649 1968 mundi.

297 1987 450 2028 Quarto.
473 1988 528 2022 De
550 1988 704 2022 termino
729 1989 823 2033 ejus:
846 1995 966 2022 utrum
988 1987 1126 2022 scilicet
1147 1987 1192 2021 sit
1213 1987 1382 2022 duratura
1399 1998 1513 2034 usque
1532 1987 1575 2022 ad
1594 1987 1716 2030 finem,
1743 1998 1787 2021 an

225 2041 351 2075 debeat
373 2042 405 2075 ei
428 2040 496 2074 alia
518 2040 573 2075 lex
596 2041 801 2075 succedere.

805 2183 1151 2229 ARTICULUS
1185 2184 1216 2227 I.
1726 2195 1791 2241 564

594 2291 747 2321 UTRUM
773 2292 855 2321 [ΗΧ
883 2292 1003 2322 NOVA
1031 2293 1098 2322 sm*
1128 2292 1210 2321 LEX
1238 2292 1434 2322 sca1PTA.

358 2379 461 2424 (Insr.
484 2383 547 2412 nrt.
571 2390 600 2412 2.
616 2383 644 2412 et
662 2390 689 2424 3.
713 2384 740 2413 cl
761 2392 790 2424 q.
814 2391 884 2425 107.
909 2385 971 2414 ιινί.
994 2393 1021 2415 1.
1045 2380 1087 2414 ad
1108 2392 1138 2414 2.
1155 2385 1220 2426 ctj.
1239 2385 1269 2415 ct
1289 2392 1319 2426 q.
1342 2380 1416 2415 108.
1439 2385 1504 2415 art.
1523 2391 1550 2415 1.
1573 2379 1616 2414 ml
1636 2392 1663 2415 1.

749 2438 776 2467 ct
800 2434 923 2477 Qnodl.
945 2446 976 2478 4.
1000 2439 1062 2468 ιιι-Ι.
1083 2446 1125 2479 13.
1148 2435 1269 2480 corp).

299 2522 358 2556 An
386 2532 534 2556 PRIMUM
562 2521 611 2555 sic
639 2522 854 2567 proceditur.
883 2522 1045 2564 wdetun
1073 2523 1169 2568 quod
1195 2522 1251 2556 lex
1278 2533 1374 2556 nova
1402 2522 1446 2556 sit
1472 2521 1527 2556 lex
1555 2521 1708 2567 scripta:
1736 2521 1791 2556 lex

229 2576 325 2610 enim
347 2587 442 2609 nova
465 2583 517 2609 cst
539 2575 655 2620 ipsum
679 2575 935 2620 liv-angelium:
956 2576 1016 2609 sed
1040 2575 1279 2621 Evangelium
1305 2583 1357 2610 est
1371 2575 1589 2622 descriptum
1599 2574 1702 2620 Joan.
1719 2585 1790 2610 20.:

229 2630 321 2664 Ilaec·
348 2634 454 2663 1111!an
477 2630 596 2675 scripta
615 2634 700 2671 semi,
726 2634 760 2663 ut
785 2629 943 2664 crcdatfs:
970 2641 1056 2673 crgo
1079 2629 1134 2664 lex
1157 2641 1253 2663 nova
1277 2637 1329 2664 cst
1350 2628 1406 2664 lex
1428 2629 1570 2675 scripta.

302 2693 331 2716 2.
360 2683 595 2717 P1³.i}÷·1·1÷1z1-.;x.
621 2683 691 2716 Lex
715 2682 824 2716 indita
848 2690 899 2715 cst
922 2682 974 2715 lex
1000 2692 1160 2720 naturae,
1182 2683 1382 2717 secundum
1411 2682 1497 2717 illud
1519 2682 1627 2717 Rom.
1652 2691 1701 2716 2.:
1725 2682 1794 2717 Na-

231 2737 382 2771 tau-alitur
403 2750 437 2770 ικι
458 2749 538 2782 ‹Jtmc
561 2736 639 2779 lig-is
658 2741 732 2770 sun!
747 2736 893 2781 fariam,
915 2737 970 2781 (μή
989 2737 1104 2770 lma-212
1123 2743 1203 2783 opus
1217 2737 1293 2781 Iegis
1309 2738 1467 2783 scriptum
1489 2737 1521 2770 ιή
1537 2736 1689 2771 cordibus
1705 2736 1792 2770 5111'5:

231 2790 258 2824 si
282 2790 388 2833 igitur
410 2790 464 2823 lex
489 2789 673 2834 Evangelii
698 2797 788 2823 essct
810 2789 864 2822 lex
889 2789 1011 2825 indita.
1034 2801 1105 2823 uon
1129 2789 1285 2824 differret
1308 2801 1327 2824 a
1349 2789 1429 2836 lege
1451 2798 1611 2824 naturae.

308 2855 334 2887 3.
358 2844 591 2877 pitin-rumim.
618 2843 688 2876 Lex
713 2843 898 2887 lix-angelii
927 2843 1067 2888 propria
1097 2852 1148 2877 cst
1176 2855 1314 2884 eorum,
1341 2843 1402 2890 qui
1424 2851 1505 2878 sunt
1526 2843 1561 2877 in
1588 2850 1680 2878 statu
1707 2842 1793 2877 novi

231 2898 452 2931 testamenti:
477 2897 537 2930 scd
561 2896 614 2930 lex
639 2896 748 2930 indita
772 2896 977 2930 communis
1000 2906 1062 2937 cst,
1086 2906 1118 2930 ct
1142 2897 1192 2931 cis
1212 2896 1271 2942 qui
1291 2897 1425 2931 suntin
1446 2907 1544 2932 novo
1562 2904 1792 2938 testamento,
