<?xml version="1.0" encoding="UTF-8"?>
<!DOCTYPE html PUBLIC "-//W3C//DTD XHTML 1.0 Transitional//EN"
    "http://www.w3.org/TR/xhtml1/DTD/xhtml1-transitional.dtd">
<html xmlns="http://www.w3.org/1999/xhtml" xml:lang="en" lang="en">
 <head>
  <title>
</title>
<meta http-equiv="Content-Type" content="text/html;charset=utf-8" />
  <meta name='ocr-system' content='tesseract 3.04.00' />
  <meta name='ocr-capabilities' content='ocr_page ocr_carea ocr_par ocr_line ocrx_word'/>
</head>
<body>
  <div class='ocr_page' id='page_1' title='image "./divithomaeaquina02thomuoft_0420.png"; bbox 0 0 1907 3182; ppageno 0'>
   <div class='ocr_carea' id='block_1_1' title="bbox 227 178 1351 232">
    <p class='ocr_par' dir='ltr' id='par_1_1' title="bbox 227 178 1351 232">
     <span class='ocr_line' id='line_1_1' title="bbox 227 178 1351 232; baseline -0.005 -14"><span class='ocrx_word' id='word_1_1' title='bbox 227 178 315 232; x_wconf 81' lang='lat'>416</span> <span class='ocrx_word' id='word_1_2' title='bbox 657 187 877 222; x_wconf 81' lang='lat' dir='ltr'>QUAEST10</span> <span class='ocrx_word' id='word_1_3' title='bbox 912 186 981 214; x_wconf 74' lang='lat' dir='ltr'>Lx.</span> <span class='ocrx_word' id='word_1_4' title='bbox 1014 184 1258 214; x_wconf 86' lang='lat' dir='ltr'>ARTICULUS</span> <span class='ocrx_word' id='word_1_5' title='bbox 1291 184 1351 213; x_wconf 92' lang='lat'>111.</span> 
     </span>
    </p>
   </div>
   <div class='ocr_carea' id='block_1_2' title="bbox 221 264 1794 1434">
    <p class='ocr_par' dir='ltr' id='par_1_2' title="bbox 224 264 1790 474">
     <span class='ocr_line' id='line_1_2' title="bbox 226 264 1790 315; baseline -0.003 -12"><span class='ocrx_word' id='word_1_6' title='bbox 226 281 269 304; x_wconf 82' lang='lat' dir='ltr'>ex</span> <span class='ocrx_word' id='word_1_7' title='bbox 286 269 479 315; x_wconf 88' lang='lat' dir='ltr'>promisso,</span> <span class='ocrx_word' id='word_1_8' title='bbox 501 268 559 302; x_wconf 86' lang='lat' dir='ltr'>vel</span> <span class='ocrx_word' id='word_1_9' title='bbox 581 279 622 301; x_wconf 80' lang='lat' dir='ltr'>ex</span> <span class='ocrx_word' id='word_1_10' title='bbox 651 267 827 301; x_wconf 83' lang='lat' dir='ltr'>beneficio</span> <span class='ocrx_word' id='word_1_11' title='bbox 855 274 1044 311; x_wconf 86' lang='lat' dir='ltr'>suscepto;</span> <span class='ocrx_word' id='word_1_12' title='bbox 1071 273 1105 299; x_wconf 91' lang='lat' dir='ltr'>et</span> <span class='ocrx_word' id='word_1_13' title='bbox 1132 265 1331 299; x_wconf 84' lang='lat' dir='ltr'>secundum</span> <span class='ocrx_word' id='word_1_14' title='bbox 1358 265 1422 299; x_wconf 87' lang='lat' dir='ltr'>has</span> <span class='ocrx_word' id='word_1_15' title='bbox 1449 265 1607 299; x_wconf 88' lang='lat' dir='ltr'>diversas</span> <span class='ocrx_word' id='word_1_16' title='bbox 1632 264 1790 314; x_wconf 75' lang='lat' dir='ltr'>rationes</span> 
     </span>
     <span class='ocr_line' id='line_1_3' title="bbox 225 318 1790 364; baseline -0.003 -8"><span class='ocrx_word' id='word_1_17' title='bbox 225 323 333 356; x_wconf 90' lang='lat' dir='ltr'>debiti</span> <span class='ocrx_word' id='word_1_18' title='bbox 355 329 544 356; x_wconf 88' lang='lat' dir='ltr'>sumuntur</span> <span class='ocrx_word' id='word_1_19' title='bbox 562 321 723 355; x_wconf 82' lang='lat' dir='ltr'>diversae</span> <span class='ocrx_word' id='word_1_20' title='bbox 737 321 904 361; x_wconf 75' lang='lat' dir='ltr'>virtutes,</span> <span class='ocrx_word' id='word_1_21' title='bbox 920 326 1004 364; x_wconf 87' lang='lat' dir='ltr'>puta</span> <span class='ocrx_word' id='word_1_22' title='bbox 1017 330 1023 352; x_wconf 90' lang='lat'><strong>:</strong></span> <span class='ocrx_word' id='word_1_23' title='bbox 1038 318 1166 364; x_wconf 87' lang='lat' dir='ltr'>religio</span> <span class='ocrx_word' id='word_1_24' title='bbox 1182 326 1245 359; x_wconf 92' lang='lat' dir='ltr'>est,</span> <span class='ocrx_word' id='word_1_25' title='bbox 1260 330 1321 364; x_wconf 89' lang='lat' dir='ltr'>per</span> <span class='ocrx_word' id='word_1_26' title='bbox 1335 330 1444 364; x_wconf 87' lang='lat' dir='ltr'>quarn</span> <span class='ocrx_word' id='word_1_27' title='bbox 1459 318 1618 352; x_wconf 85' lang='lat' dir='ltr'>redditur</span> <span class='ocrx_word' id='word_1_28' title='bbox 1631 318 1790 352; x_wconf 89' lang='lat' dir='ltr'>debiturn</span> 
     </span>
     <span class='ocr_line' id='line_1_4' title="bbox 224 370 1790 421; baseline -0.002 -12"><span class='ocrx_word' id='word_1_29' title='bbox 224 375 324 409; x_wconf 88' lang='lat' dir='ltr'>Deo:</span> <span class='ocrx_word' id='word_1_30' title='bbox 340 375 453 421; x_wconf 86' lang='lat' dir='ltr'>pietas</span> <span class='ocrx_word' id='word_1_31' title='bbox 468 383 531 415; x_wconf 90' lang='lat' dir='ltr'>est,</span> <span class='ocrx_word' id='word_1_32' title='bbox 553 386 616 420; x_wconf 92' lang='lat' dir='ltr'>per</span> <span class='ocrx_word' id='word_1_33' title='bbox 631 385 738 419; x_wconf 84' lang='lat' dir='ltr'>quam</span> <span class='ocrx_word' id='word_1_34' title='bbox 754 373 913 406; x_wconf 85' lang='lat' dir='ltr'>redditur</span> <span class='ocrx_word' id='word_1_35' title='bbox 934 371 1094 405; x_wconf 90' lang='lat' dir='ltr'>debitum</span> <span class='ocrx_word' id='word_1_36' title='bbox 1112 371 1317 417; x_wconf 83' lang='lat' dir='ltr'>parentibus</span> <span class='ocrx_word' id='word_1_37' title='bbox 1342 371 1399 405; x_wconf 82' lang='lat' dir='ltr'>vel</span> <span class='ocrx_word' id='word_1_38' title='bbox 1413 371 1549 417; x_wconf 84' lang='lat' dir='ltr'>patriae</span> <span class='ocrx_word' id='word_1_39' title='bbox 1560 383 1569 413; x_wconf 91' lang='lat'>;</span> <span class='ocrx_word' id='word_1_40' title='bbox 1591 370 1704 417; x_wconf 87' lang='lat' dir='ltr'>gratia</span> <span class='ocrx_word' id='word_1_41' title='bbox 1726 378 1790 413; x_wconf 90' lang='lat' dir='ltr'>est,</span> 
     </span>
     <span class='ocr_line' id='line_1_5' title="bbox 224 424 1428 474; baseline -0.004 -12"><span class='ocrx_word' id='word_1_42' title='bbox 224 440 288 474; x_wconf 90' lang='lat' dir='ltr'>per</span> <span class='ocrx_word' id='word_1_43' title='bbox 309 440 418 474; x_wconf 87' lang='lat' dir='ltr'>quam</span> <span class='ocrx_word' id='word_1_44' title='bbox 446 428 604 461; x_wconf 78' lang='lat' dir='ltr'>redditur</span> <span class='ocrx_word' id='word_1_45' title='bbox 626 427 785 460; x_wconf 88' lang='lat' dir='ltr'>debiturn</span> <span class='ocrx_word' id='word_1_46' title='bbox 806 424 1119 466; x_wconf 79' lang='lat' dir='ltr'>benefactoribus3</span> <span class='ocrx_word' id='word_1_47' title='bbox 1147 431 1181 457; x_wconf 92' lang='lat' dir='ltr'>et</span> <span class='ocrx_word' id='word_1_48' title='bbox 1202 424 1252 458; x_wconf 89' lang='lat' dir='ltr'>sic</span> <span class='ocrx_word' id='word_1_49' title='bbox 1275 424 1318 458; x_wconf 90' lang='lat' dir='ltr'>de</span> <span class='ocrx_word' id='word_1_50' title='bbox 1338 424 1428 458; x_wconf 85' lang='lat' dir='ltr'>aliis.</span> 
     </span>
    </p>

    <p class='ocr_par' dir='ltr' id='par_1_3' title="bbox 221 477 1789 687">
     <span class='ocr_line' id='line_1_6' title="bbox 294 477 1789 525; baseline -0.003 -9"><span class='ocrx_word' id='word_1_51' title='bbox 294 482 354 515; x_wconf 79' lang='lat' dir='ltr'>AD</span> <span class='ocrx_word' id='word_1_52' title='bbox 375 491 524 515; x_wconf 79' lang='lat' dir='ltr'>PRIMUM</span> <span class='ocrx_word' id='word_1_53' title='bbox 547 491 633 525; x_wconf 84' lang='lat' dir='ltr'>ergo</span> <span class='ocrx_word' id='word_1_54' title='bbox 656 479 860 520; x_wconf 85' lang='lat' dir='ltr'>dicendum,</span> <span class='ocrx_word' id='word_1_55' title='bbox 890 477 987 523; x_wconf 93' lang='lat' dir='ltr'>quod</span> <span class='ocrx_word' id='word_1_56' title='bbox 1012 477 1146 523; x_wconf 88' lang='lat' dir='ltr'>justitia</span> <span class='ocrx_word' id='word_1_57' title='bbox 1172 477 1314 523; x_wconf 82' lang='lat' dir='ltr'>proprie</span> <span class='ocrx_word' id='word_1_58' title='bbox 1337 478 1432 511; x_wconf 89' lang='lat' dir='ltr'>dicta</span> <span class='ocrx_word' id='word_1_59' title='bbox 1454 485 1507 512; x_wconf 90' lang='lat' dir='ltr'>est</span> <span class='ocrx_word' id='word_1_60' title='bbox 1527 488 1599 511; x_wconf 90' lang='lat' dir='ltr'>una</span> <span class='ocrx_word' id='word_1_61' title='bbox 1620 477 1789 523; x_wconf 89' lang='lat' dir='ltr'>specialis</span> 
     </span>
     <span class='ocr_line' id='line_1_7' title="bbox 222 529 1784 580; baseline -0.004 -11"><span class='ocrx_word' id='word_1_62' title='bbox 222 535 344 577; x_wconf 78' lang='lat' dir='ltr'>virtus,</span> <span class='ocrx_word' id='word_1_63' title='bbox 367 546 457 580; x_wconf 89' lang='lat' dir='ltr'>quae</span> <span class='ocrx_word' id='word_1_64' title='bbox 481 534 629 567; x_wconf 86' lang='lat' dir='ltr'>attendit</span> <span class='ocrx_word' id='word_1_65' title='bbox 651 532 847 578; x_wconf 80' lang='lat' dir='ltr'>perfectam</span> <span class='ocrx_word' id='word_1_66' title='bbox 869 532 1047 564; x_wconf 90' lang='lat' dir='ltr'>rationem</span> <span class='ocrx_word' id='word_1_67' title='bbox 1070 530 1189 571; x_wconf 91' lang='lat' dir='ltr'>debiti,</span> <span class='ocrx_word' id='word_1_68' title='bbox 1209 531 1305 576; x_wconf 85' lang='lat' dir='ltr'>quod</span> <span class='ocrx_word' id='word_1_69' title='bbox 1333 531 1532 564; x_wconf 85' lang='lat' dir='ltr'>secundum</span> <span class='ocrx_word' id='word_1_70' title='bbox 1556 529 1784 577; x_wconf 86' lang='lat' dir='ltr'>aequivalen-</span> 
     </span>
     <span class='ocr_line' id='line_1_8' title="bbox 223 582 1789 633; baseline -0.004 -11"><span class='ocrx_word' id='word_1_71' title='bbox 223 589 311 622; x_wconf 90' lang='lat' dir='ltr'>tiam</span> <span class='ocrx_word' id='word_1_72' title='bbox 345 595 464 633; x_wconf 89' lang='lat' dir='ltr'>potest</span> <span class='ocrx_word' id='word_1_73' title='bbox 496 586 654 620; x_wconf 85' lang='lat' dir='ltr'>re&#39;stitui:</span> <span class='ocrx_word' id='word_1_74' title='bbox 678 585 808 618; x_wconf 86' lang='lat' dir='ltr'>dicitur</span> <span class='ocrx_word' id='word_1_75' title='bbox 840 592 964 618; x_wconf 88' lang='lat' dir='ltr'>tamen</span> <span class='ocrx_word' id='word_1_76' title='bbox 991 591 1026 618; x_wconf 85' lang='lat' dir='ltr'>et</span> <span class='ocrx_word' id='word_1_77' title='bbox 1059 582 1231 629; x_wconf 86' lang='lat' dir='ltr'>ampliato</span> <span class='ocrx_word' id='word_1_78' title='bbox 1253 583 1403 617; x_wconf 89' lang='lat' dir='ltr'>nomine</span> <span class='ocrx_word' id='word_1_79' title='bbox 1432 585 1566 629; x_wconf 77' lang='lat' dir='ltr'>justitia</span> <span class='ocrx_word' id='word_1_80' title='bbox 1587 583 1789 618; x_wconf 90' lang='lat' dir='ltr'>secundum</span> 
     </span>
     <span class='ocr_line' id='line_1_9' title="bbox 221 637 1623 687; baseline -0.002 -12"><span class='ocrx_word' id='word_1_81' title='bbox 221 651 490 687; x_wconf 81' lang='lat' dir='ltr'>quamcumque</span> <span class='ocrx_word' id='word_1_82' title='bbox 512 640 620 673; x_wconf 86' lang='lat' dir='ltr'>debiti</span> <span class='ocrx_word' id='word_1_83' title='bbox 638 638 898 672; x_wconf 79' lang='lat' dir='ltr'>redditionem:</span> <span class='ocrx_word' id='word_1_84' title='bbox 921 645 956 671; x_wconf 90' lang='lat' dir='ltr'>et</span> <span class='ocrx_word' id='word_1_85' title='bbox 976 637 1026 671; x_wconf 90' lang='lat' dir='ltr'>sic</span> <span class='ocrx_word' id='word_1_86' title='bbox 1048 648 1123 670; x_wconf 92' lang='lat' dir='ltr'>non</span> <span class='ocrx_word' id='word_1_87' title='bbox 1145 645 1198 671; x_wconf 89' lang='lat' dir='ltr'>est</span> <span class='ocrx_word' id='word_1_88' title='bbox 1219 648 1290 670; x_wconf 91' lang='lat' dir='ltr'>una</span> <span class='ocrx_word' id='word_1_89' title='bbox 1311 637 1478 683; x_wconf 86' lang='lat' dir='ltr'>specialis</span> <span class='ocrx_word' id='word_1_90' title='bbox 1499 639 1623 672; x_wconf 86' lang='lat' dir='ltr'>virtus.</span> 
     </span>
    </p>

    <p class='ocr_par' dir='ltr' id='par_1_4' title="bbox 222 690 1794 1221">
     <span class='ocr_line' id='line_1_10' title="bbox 293 690 1790 736; baseline -0.003 -8"><span class='ocrx_word' id='word_1_91' title='bbox 293 695 353 728; x_wconf 87' lang='lat' dir='ltr'>AD</span> <span class='ocrx_word' id='word_1_92' title='bbox 376 703 582 728; x_wconf 72' lang='lat' dir='ltr'>SECUNDUM</span> <span class='ocrx_word' id='word_1_93' title='bbox 604 692 809 732; x_wconf 89' lang='lat' dir='ltr'>dicendum,</span> <span class='ocrx_word' id='word_1_94' title='bbox 837 691 932 736; x_wconf 89' lang='lat' dir='ltr'>quod</span> <span class='ocrx_word' id='word_1_95' title='bbox 959 690 1105 736; x_wconf 88' lang='lat' dir='ltr'>justitia,</span> <span class='ocrx_word' id='word_1_96' title='bbox 1133 701 1223 735; x_wconf 80' lang='lat' dir='ltr'>quae</span> <span class='ocrx_word' id='word_1_97' title='bbox 1245 690 1396 724; x_wconf 83' lang='lat' dir='ltr'>intendit</span> <span class='ocrx_word' id='word_1_98' title='bbox 1422 691 1560 725; x_wconf 89' lang='lat' dir='ltr'>bonum</span> <span class='ocrx_word' id='word_1_99' title='bbox 1579 702 1790 732; x_wconf 89' lang='lat' dir='ltr'>commune,</span> 
     </span>
     <span class='ocr_line' id='line_1_11' title="bbox 223 744 1792 792; baseline -0.003 -9"><span class='ocrx_word' id='word_1_100' title='bbox 223 758 277 783; x_wconf 89' lang='lat' dir='ltr'>est</span> <span class='ocrx_word' id='word_1_101' title='bbox 296 749 363 782; x_wconf 86' lang='lat' dir='ltr'>alia</span> <span class='ocrx_word' id='word_1_102' title='bbox 385 749 495 782; x_wconf 74' lang='lat' dir='ltr'>virtus</span> <span class='ocrx_word' id='word_1_103' title='bbox 519 759 537 780; x_wconf 84' lang='lat' dir='ltr'>a</span> <span class='ocrx_word' id='word_1_104' title='bbox 559 747 703 792; x_wconf 87' lang='lat' dir='ltr'>justitia,</span> <span class='ocrx_word' id='word_1_105' title='bbox 726 757 817 792; x_wconf 91' lang='lat' dir='ltr'>quae</span> <span class='ocrx_word' id='word_1_106' title='bbox 841 746 1025 779; x_wconf 85' lang='lat' dir='ltr'>ordinatur</span> <span class='ocrx_word' id='word_1_107' title='bbox 1041 745 1084 778; x_wconf 89' lang='lat' dir='ltr'>ad</span> <span class='ocrx_word' id='word_1_108' title='bbox 1105 745 1244 778; x_wconf 89' lang='lat' dir='ltr'>bonurn</span> <span class='ocrx_word' id='word_1_109' title='bbox 1259 746 1439 791; x_wconf 86' lang='lat' dir='ltr'>privatum</span> <span class='ocrx_word' id='word_1_110' title='bbox 1455 744 1622 791; x_wconf 88' lang='lat' dir='ltr'>alicujus;</span> <span class='ocrx_word' id='word_1_111' title='bbox 1641 745 1734 779; x_wconf 90' lang='lat' dir='ltr'>unde</span> <span class='ocrx_word' id='word_1_112' title='bbox 1756 753 1792 778; x_wconf 88' lang='lat' dir='ltr'>et</span> 
     </span>
     <span class='ocr_line' id='line_1_12' title="bbox 222 798 1789 848; baseline -0.003 -12"><span class='ocrx_word' id='word_1_113' title='bbox 222 803 276 848; x_wconf 77' lang='lat' dir='ltr'>jus</span> <span class='ocrx_word' id='word_1_114' title='bbox 297 813 493 836; x_wconf 90' lang='lat' dir='ltr'>commune</span> <span class='ocrx_word' id='word_1_115' title='bbox 517 800 744 846; x_wconf 83' lang='lat' dir='ltr'>distinguitur</span> <span class='ocrx_word' id='word_1_116' title='bbox 767 811 786 832; x_wconf 89' lang='lat' dir='ltr'>a</span> <span class='ocrx_word' id='word_1_117' title='bbox 808 800 883 844; x_wconf 86' lang='lat' dir='ltr'>jure</span> <span class='ocrx_word' id='word_1_118' title='bbox 906 799 1057 845; x_wconf 88' lang='lat' dir='ltr'>privato.</span> <span class='ocrx_word' id='word_1_119' title='bbox 1085 798 1129 832; x_wconf 89' lang='lat' dir='ltr'>Et</span> <span class='ocrx_word' id='word_1_120' title='bbox 1151 798 1294 832; x_wconf 88' lang='lat' dir='ltr'>Tullius</span> <span class='ocrx_word' id='word_1_121' title='bbox 1322 799 1424 844; x_wconf 88' lang='lat' dir='ltr'>ponit</span> <span class='ocrx_word' id='word_1_122' title='bbox 1451 798 1524 843; x_wconf 82' lang='lat' dir='ltr'>(lib.</span> <span class='ocrx_word' id='word_1_123' title='bbox 1546 810 1577 833; x_wconf 88' lang='lat'>2.</span> <span class='ocrx_word' id='word_1_124' title='bbox 1603 798 1640 833; x_wconf 77' lang='lat' dir='ltr'>de</span> <span class='ocrx_word' id='word_1_125' title='bbox 1660 799 1789 833; x_wconf 73' lang='lat' dir='ltr'>Inveni.</span> 
     </span>
     <span class='ocr_line' id='line_1_13' title="bbox 223 851 1791 900; baseline -0.003 -11"><span class='ocrx_word' id='word_1_126' title='bbox 223 855 383 900; x_wconf 73' lang='lat' dir='ltr'>aliquant.</span> <span class='ocrx_word' id='word_1_127' title='bbox 407 859 480 889; x_wconf 67' lang='lat' dir='ltr'>anta</span> <span class='ocrx_word' id='word_1_128' title='bbox 496 855 575 900; x_wconf 83' lang='lat' dir='ltr'>fin.)</span> <span class='ocrx_word' id='word_1_129' title='bbox 600 864 709 887; x_wconf 86' lang='lat' dir='ltr'>unam</span> <span class='ocrx_word' id='word_1_130' title='bbox 730 852 926 898; x_wconf 86' lang='lat' dir='ltr'>specialem</span> <span class='ocrx_word' id='word_1_131' title='bbox 947 852 1117 886; x_wconf 88' lang='lat' dir='ltr'>virtutem</span> <span class='ocrx_word' id='word_1_132' title='bbox 1132 853 1296 898; x_wconf 69' lang='lat' dir='ltr'>pietatmz,</span> <span class='ocrx_word' id='word_1_133' title='bbox 1310 863 1402 897; x_wconf 90' lang='lat' dir='ltr'>quae</span> <span class='ocrx_word' id='word_1_134' title='bbox 1425 851 1567 886; x_wconf 85' lang='lat' dir='ltr'>ordinat</span> <span class='ocrx_word' id='word_1_135' title='bbox 1588 851 1632 885; x_wconf 90' lang='lat' dir='ltr'>ad</span> <span class='ocrx_word' id='word_1_136' title='bbox 1651 851 1791 885; x_wconf 93' lang='lat' dir='ltr'>bonum</span> 
     </span>
     <span class='ocr_line' id='line_1_14' title="bbox 223 903 1791 954; baseline -0.003 -12"><span class='ocrx_word' id='word_1_137' title='bbox 223 909 381 954; x_wconf 78' lang='lat' dir='ltr'>patriae:</span> <span class='ocrx_word' id='word_1_138' title='bbox 404 908 466 942; x_wconf 91' lang='lat' dir='ltr'>sed</span> <span class='ocrx_word' id='word_1_139' title='bbox 488 907 622 952; x_wconf 84' lang='lat' dir='ltr'>justitia</span> <span class='ocrx_word' id='word_1_140' title='bbox 645 906 814 940; x_wconf 85' lang='lat' dir='ltr'>ordinans</span> <span class='ocrx_word' id='word_1_141' title='bbox 847 905 1038 939; x_wconf 83' lang='lat' dir='ltr'>hominem</span> <span class='ocrx_word' id='word_1_142' title='bbox 1073 905 1117 938; x_wconf 87' lang='lat' dir='ltr'>ad</span> <span class='ocrx_word' id='word_1_143' title='bbox 1146 905 1284 938; x_wconf 90' lang='lat' dir='ltr'>bonum</span> <span class='ocrx_word' id='word_1_144' title='bbox 1307 916 1505 939; x_wconf 89' lang='lat' dir='ltr'>commune</span> <span class='ocrx_word' id='word_1_145' title='bbox 1532 912 1586 939; x_wconf 90' lang='lat' dir='ltr'>est</span> <span class='ocrx_word' id='word_1_146' title='bbox 1611 903 1791 950; x_wconf 83' lang='lat' dir='ltr'>generalis</span> 
     </span>
     <span class='ocr_line' id='line_1_15' title="bbox 224 957 1794 1008; baseline -0.003 -12"><span class='ocrx_word' id='word_1_147' title='bbox 224 974 286 1008; x_wconf 89' lang='lat' dir='ltr'>per</span> <span class='ocrx_word' id='word_1_148' title='bbox 308 961 518 1007; x_wconf 73' lang='lat' dir='ltr'>imperium,</span> <span class='ocrx_word' id='word_1_149' title='bbox 541 961 624 1006; x_wconf 88' lang='lat' dir='ltr'>quia</span> <span class='ocrx_word' id='word_1_150' title='bbox 652 971 780 993; x_wconf 86' lang='lat' dir='ltr'>omnes</span> <span class='ocrx_word' id='word_1_151' title='bbox 808 967 908 993; x_wconf 89' lang='lat' dir='ltr'>actus</span> <span class='ocrx_word' id='word_1_152' title='bbox 942 959 1115 992; x_wconf 82' lang='lat' dir='ltr'>virtutum</span> <span class='ocrx_word' id='word_1_153' title='bbox 1150 958 1293 992; x_wconf 89' lang='lat' dir='ltr'>ordinat</span> <span class='ocrx_word' id='word_1_154' title='bbox 1319 958 1362 991; x_wconf 91' lang='lat' dir='ltr'>ad</span> <span class='ocrx_word' id='word_1_155' title='bbox 1385 957 1496 992; x_wconf 88' lang='lat' dir='ltr'>finem</span> <span class='ocrx_word' id='word_1_156' title='bbox 1515 969 1632 1000; x_wconf 89' lang='lat' dir='ltr'>suurn,</span> <span class='ocrx_word' id='word_1_157' title='bbox 1654 957 1794 992; x_wconf 88' lang='lat' dir='ltr'>scilicet</span> 
     </span>
     <span class='ocr_line' id='line_1_16' title="bbox 223 1011 1788 1057; baseline -0.003 -9"><span class='ocrx_word' id='word_1_158' title='bbox 223 1015 267 1049; x_wconf 88' lang='lat' dir='ltr'>ad</span> <span class='ocrx_word' id='word_1_159' title='bbox 285 1015 423 1048; x_wconf 87' lang='lat' dir='ltr'>bonum</span> <span class='ocrx_word' id='word_1_160' title='bbox 447 1025 643 1047; x_wconf 88' lang='lat' dir='ltr'>commune</span> <span class='ocrx_word' id='word_1_161' title='bbox 659 1026 665 1047; x_wconf 93' lang='lat'>:</span> <span class='ocrx_word' id='word_1_162' title='bbox 681 1013 792 1046; x_wconf 83' lang='lat' dir='ltr'>virtus</span> <span class='ocrx_word' id='word_1_163' title='bbox 820 1019 953 1053; x_wconf 82' lang='lat' dir='ltr'>autem,</span> <span class='ocrx_word' id='word_1_164' title='bbox 976 1011 1177 1046; x_wconf 87' lang='lat' dir='ltr'>secundum</span> <span class='ocrx_word' id='word_1_165' title='bbox 1196 1011 1293 1057; x_wconf 87' lang='lat' dir='ltr'>quod</span> <span class='ocrx_word' id='word_1_166' title='bbox 1310 1022 1328 1044; x_wconf 87' lang='lat' dir='ltr'>a</span> <span class='ocrx_word' id='word_1_167' title='bbox 1346 1011 1410 1045; x_wconf 90' lang='lat' dir='ltr'>tali</span> <span class='ocrx_word' id='word_1_168' title='bbox 1429 1011 1564 1057; x_wconf 88' lang='lat' dir='ltr'>justitia</span> <span class='ocrx_word' id='word_1_169' title='bbox 1578 1011 1788 1057; x_wconf 89' lang='lat' dir='ltr'>imperatur,</span> 
     </span>
     <span class='ocr_line' id='line_1_17' title="bbox 225 1063 1792 1112; baseline -0.003 -10"><span class='ocrx_word' id='word_1_170' title='bbox 225 1070 334 1102; x_wconf 88' lang='lat' dir='ltr'>etiam</span> <span class='ocrx_word' id='word_1_171' title='bbox 352 1069 499 1112; x_wconf 63' lang='lat' dir='ltr'>justitiae</span> <span class='ocrx_word' id='word_1_172' title='bbox 520 1078 657 1100; x_wconf 88' lang='lat' dir='ltr'>nomen</span> <span class='ocrx_word' id='word_1_173' title='bbox 681 1066 831 1112; x_wconf 82' lang='lat' dir='ltr'>accipit3</span> <span class='ocrx_word' id='word_1_174' title='bbox 855 1074 889 1100; x_wconf 92' lang='lat' dir='ltr'>et</span> <span class='ocrx_word' id='word_1_175' title='bbox 918 1065 967 1099; x_wconf 88' lang='lat' dir='ltr'>sic</span> <span class='ocrx_word' id='word_1_176' title='bbox 1002 1065 1113 1098; x_wconf 85' lang='lat' dir='ltr'>virtus</span> <span class='ocrx_word' id='word_1_177' title='bbox 1145 1075 1165 1098; x_wconf 87' lang='lat' dir='ltr'>a</span> <span class='ocrx_word' id='word_1_178' title='bbox 1190 1064 1324 1109; x_wconf 85' lang='lat' dir='ltr'>justitia</span> <span class='ocrx_word' id='word_1_179' title='bbox 1345 1063 1455 1110; x_wconf 86' lang='lat' dir='ltr'>legali</span> <span class='ocrx_word' id='word_1_180' title='bbox 1476 1075 1550 1098; x_wconf 92' lang='lat' dir='ltr'>non</span> <span class='ocrx_word' id='word_1_181' title='bbox 1573 1063 1702 1106; x_wconf 88' lang='lat' dir='ltr'>differt,</span> <span class='ocrx_word' id='word_1_182' title='bbox 1723 1063 1792 1098; x_wconf 87' lang='lat' dir='ltr'>nisi</span> 
     </span>
     <span class='ocr_line' id='line_1_18' title="bbox 224 1117 1791 1164; baseline -0.003 -9"><span class='ocrx_word' id='word_1_183' title='bbox 224 1122 380 1155; x_wconf 87' lang='lat' dir='ltr'>ratione:</span> <span class='ocrx_word' id='word_1_184' title='bbox 404 1121 497 1154; x_wconf 86' lang='lat' dir='ltr'>sicut</span> <span class='ocrx_word' id='word_1_185' title='bbox 518 1119 595 1154; x_wconf 88' lang='lat' dir='ltr'>sola</span> <span class='ocrx_word' id='word_1_186' title='bbox 611 1119 750 1153; x_wconf 87' lang='lat' dir='ltr'>ratione</span> <span class='ocrx_word' id='word_1_187' title='bbox 769 1118 886 1152; x_wconf 88' lang='lat' dir='ltr'>differt</span> <span class='ocrx_word' id='word_1_188' title='bbox 900 1119 1011 1152; x_wconf 84' lang='lat' dir='ltr'>virtus</span> <span class='ocrx_word' id='word_1_189' title='bbox 1034 1128 1187 1164; x_wconf 89' lang='lat' dir='ltr'>operans</span> <span class='ocrx_word' id='word_1_190' title='bbox 1209 1117 1411 1152; x_wconf 89' lang='lat' dir='ltr'>secundum</span> <span class='ocrx_word' id='word_1_191' title='bbox 1433 1117 1602 1164; x_wconf 81' lang='lat' dir='ltr'>seipsam,</span> <span class='ocrx_word' id='word_1_192' title='bbox 1624 1125 1659 1152; x_wconf 90' lang='lat' dir='ltr'>et</span> <span class='ocrx_word' id='word_1_193' title='bbox 1679 1118 1791 1152; x_wconf 87' lang='lat' dir='ltr'>virtus</span> 
     </span>
     <span class='ocr_line' id='line_1_19' title="bbox 223 1172 836 1221; baseline -0.005 -13"><span class='ocrx_word' id='word_1_194' title='bbox 223 1186 376 1221; x_wconf 87' lang='lat' dir='ltr'>operans</span> <span class='ocrx_word' id='word_1_195' title='bbox 399 1174 441 1207; x_wconf 89' lang='lat' dir='ltr'>ad</span> <span class='ocrx_word' id='word_1_196' title='bbox 464 1174 656 1219; x_wconf 89' lang='lat' dir='ltr'>imperium</span> <span class='ocrx_word' id='word_1_197' title='bbox 679 1172 836 1206; x_wconf 82' lang='lat' dir='ltr'>alterius.</span> 
     </span>
    </p>

    <p class='ocr_par' dir='ltr' id='par_1_5' title="bbox 222 1223 1793 1434">
     <span class='ocr_line' id='line_1_20' title="bbox 294 1223 1793 1271; baseline -0.003 -9"><span class='ocrx_word' id='word_1_198' title='bbox 294 1229 353 1262; x_wconf 86' lang='lat' dir='ltr'>AD</span> <span class='ocrx_word' id='word_1_199' title='bbox 372 1237 540 1262; x_wconf 74' lang='lat' dir='ltr'>TERTmM</span> <span class='ocrx_word' id='word_1_200' title='bbox 562 1226 768 1267; x_wconf 90' lang='lat' dir='ltr'>dicendum,</span> <span class='ocrx_word' id='word_1_201' title='bbox 787 1225 896 1271; x_wconf 87' lang='lat' dir='ltr'>quod,</span> <span class='ocrx_word' id='word_1_202' title='bbox 911 1225 952 1266; x_wconf 56' lang='lat' dir='ltr'>⁴in</span> <span class='ocrx_word' id='word_1_203' title='bbox 976 1224 1145 1258; x_wconf 87' lang='lat' dir='ltr'>omnibus</span> <span class='ocrx_word' id='word_1_204' title='bbox 1171 1224 1443 1270; x_wconf 87' lang='lat' dir='ltr'>operationibus</span> <span class='ocrx_word' id='word_1_205' title='bbox 1459 1224 1502 1258; x_wconf 92' lang='lat' dir='ltr'>ad</span> <span class='ocrx_word' id='word_1_206' title='bbox 1525 1223 1698 1269; x_wconf 90' lang='lat' dir='ltr'>justitiam</span> <span class='ocrx_word' id='word_1_207' title='bbox 1716 1235 1793 1270; x_wconf 90' lang='lat' dir='ltr'>spe-</span> 
     </span>
     <span class='ocr_line' id='line_1_21' title="bbox 223 1276 1792 1327; baseline -0.002 -13"><span class='ocrx_word' id='word_1_208' title='bbox 223 1281 354 1315; x_wconf 88' lang='lat' dir='ltr'>cialem</span> <span class='ocrx_word' id='word_1_209' title='bbox 373 1280 631 1327; x_wconf 83' lang='lat' dir='ltr'>pertinentibus</span> <span class='ocrx_word' id='word_1_210' title='bbox 654 1288 706 1313; x_wconf 87' lang='lat' dir='ltr'>est</span> <span class='ocrx_word' id='word_1_211' title='bbox 740 1279 867 1312; x_wconf 89' lang='lat' dir='ltr'>eadem</span> <span class='ocrx_word' id='word_1_212' title='bbox 890 1278 979 1312; x_wconf 85' lang='lat' dir='ltr'>ratio</span> <span class='ocrx_word' id='word_1_213' title='bbox 1003 1278 1133 1312; x_wconf 85' lang='lat' dir='ltr'>debiti:</span> <span class='ocrx_word' id='word_1_214' title='bbox 1157 1286 1191 1311; x_wconf 91' lang='lat' dir='ltr'>et</span> <span class='ocrx_word' id='word_1_215' title='bbox 1220 1278 1302 1312; x_wconf 93' lang='lat' dir='ltr'>ideo</span> <span class='ocrx_word' id='word_1_216' title='bbox 1326 1285 1380 1312; x_wconf 89' lang='lat' dir='ltr'>est</span> <span class='ocrx_word' id='word_1_217' title='bbox 1408 1277 1537 1311; x_wconf 83' lang='lat' dir='ltr'>eadem</span> <span class='ocrx_word' id='word_1_218' title='bbox 1563 1277 1674 1311; x_wconf 90' lang='lat' dir='ltr'>virtus</span> <span class='ocrx_word' id='word_1_219' title='bbox 1696 1276 1792 1322; x_wconf 84' lang='lat' dir='ltr'>justi-</span> 
     </span>
     <span class='ocr_line' id='line_1_22' title="bbox 222 1329 1793 1381; baseline -0.003 -13"><span class='ocrx_word' id='word_1_220' title='bbox 222 1335 304 1376; x_wconf 83' lang='lat' dir='ltr'>tiae,</span> <span class='ocrx_word' id='word_1_221' title='bbox 327 1334 518 1381; x_wconf 88' lang='lat' dir='ltr'>praecipue</span> <span class='ocrx_word' id='word_1_222' title='bbox 540 1341 715 1379; x_wconf 88' lang='lat' dir='ltr'>quantum</span> <span class='ocrx_word' id='word_1_223' title='bbox 739 1332 781 1365; x_wconf 86' lang='lat' dir='ltr'>ad</span> <span class='ocrx_word' id='word_1_224' title='bbox 810 1331 1130 1372; x_wconf 84' lang='lat' dir='ltr'>commutationes,</span> <span class='ocrx_word' id='word_1_225' title='bbox 1151 1330 1243 1365; x_wconf 90' lang='lat' dir='ltr'>forte</span> <span class='ocrx_word' id='word_1_226' title='bbox 1265 1331 1364 1365; x_wconf 88' lang='lat' dir='ltr'>enirn</span> <span class='ocrx_word' id='word_1_227' title='bbox 1387 1330 1610 1365; x_wconf 87' lang='lat' dir='ltr'>distributiva</span> <span class='ocrx_word' id='word_1_228' title='bbox 1636 1338 1689 1365; x_wconf 90' lang='lat' dir='ltr'>est</span> <span class='ocrx_word' id='word_1_229' title='bbox 1711 1329 1793 1364; x_wconf 88' lang='lat' dir='ltr'>alte-</span> 
     </span>
     <span class='ocr_line' id='line_1_23' title="bbox 223 1383 1789 1434; baseline -0.004 -12"><span class='ocrx_word' id='word_1_230' title='bbox 223 1389 295 1422; x_wconf 90' lang='lat' dir='ltr'>rius</span> <span class='ocrx_word' id='word_1_231' title='bbox 317 1388 449 1434; x_wconf 85' lang='lat' dir='ltr'>speciei</span> <span class='ocrx_word' id='word_1_232' title='bbox 473 1399 492 1421; x_wconf 89' lang='lat' dir='ltr'>a</span> <span class='ocrx_word' id='word_1_233' title='bbox 514 1386 786 1421; x_wconf 79' lang='lat' dir='ltr'>commutativa.</span> <span class='ocrx_word' id='word_1_234' title='bbox 813 1385 883 1419; x_wconf 87' lang='lat' dir='ltr'>Sed</span> <span class='ocrx_word' id='word_1_235' title='bbox 906 1385 949 1418; x_wconf 90' lang='lat' dir='ltr'>de</span> <span class='ocrx_word' id='word_1_236' title='bbox 971 1385 1041 1418; x_wconf 89' lang='lat' dir='ltr'>hoc</span> <span class='ocrx_word' id='word_1_237' title='bbox 1062 1383 1152 1418; x_wconf 87' lang='lat' dir='ltr'>infra</span> <span class='ocrx_word' id='word_1_238' title='bbox 1174 1392 1405 1430; x_wconf 87' lang='lat' dir='ltr'>quaereretur</span> <span class='ocrx_word' id='word_1_239' title='bbox 1427 1383 1507 1428; x_wconf 90' lang='lat'><em>(2-2.</em></span> <span class='ocrx_word' id='word_1_240' title='bbox 1530 1395 1560 1430; x_wconf 83' lang='lat' dir='ltr'>q.</span> <span class='ocrx_word' id='word_1_241' title='bbox 1578 1383 1629 1418; x_wconf 80' lang='lat'>61.</span> <span class='ocrx_word' id='word_1_242' title='bbox 1651 1389 1718 1419; x_wconf 83' lang='lat' dir='ltr'>art.</span> <span class='ocrx_word' id='word_1_243' title='bbox 1733 1383 1789 1428; x_wconf 73' lang='lat' dir='ltr'>L).</span> 
     </span>
    </p>
   </div>
   <div class='ocr_carea' id='block_1_3' title="bbox 785 1536 1792 1593">
    <p class='ocr_par' dir='ltr' id='par_1_6' title="bbox 785 1536 1792 1593">
     <span class='ocr_line' id='line_1_24' title="bbox 785 1536 1792 1593; baseline 0.002 -13"><span class='ocrx_word' id='word_1_244' title='bbox 785 1536 1132 1582; x_wconf 80' lang='lat' dir='ltr'><strong>ARTICULUS</strong></span> <span class='ocrx_word' id='word_1_245' title='bbox 1166 1537 1242 1579; x_wconf 84' lang='lat' dir='ltr'>IV.</span> <span class='ocrx_word' id='word_1_246' title='bbox 1726 1557 1792 1593; x_wconf 84' lang='lat'>320</span> 
     </span>
    </p>
   </div>
   <div class='ocr_carea' id='block_1_4' title="bbox 476 1650 1542 1748">
    <p class='ocr_par' dir='ltr' id='par_1_7' title="bbox 476 1650 1542 1748">
     <span class='ocr_line' id='line_1_25' title="bbox 476 1650 1542 1683; baseline -0.003 0"><span class='ocrx_word' id='word_1_247' title='bbox 476 1654 629 1683; x_wconf 74' lang='lat' dir='ltr'><strong>UTRUM</strong></span> <span class='ocrx_word' id='word_1_248' title='bbox 663 1652 792 1682; x_wconf 81' lang='lat' dir='ltr'><strong>CIRCA</strong></span> <span class='ocrx_word' id='word_1_249' title='bbox 825 1652 1032 1681; x_wconf 84' lang='lat' dir='ltr'><strong>DIVERSAS</strong></span> <span class='ocrx_word' id='word_1_250' title='bbox 1066 1651 1297 1681; x_wconf 86' lang='lat' dir='ltr'>PASSIONES</span> <span class='ocrx_word' id='word_1_251' title='bbox 1330 1650 1542 1680; x_wconf 83' lang='lat' dir='ltr'>DIVERSAE</span> 
     </span>
     <span class='ocr_line' id='line_1_26' title="bbox 719 1716 1300 1748; baseline -0.003 -1"><span class='ocrx_word' id='word_1_252' title='bbox 719 1718 817 1748; x_wconf 91' lang='lat' dir='ltr'>SINT</span> <span class='ocrx_word' id='word_1_253' title='bbox 844 1717 1059 1747; x_wconf 84' lang='lat' dir='ltr'><strong>VIRTUTES</strong></span> <span class='ocrx_word' id='word_1_254' title='bbox 1085 1716 1300 1746; x_wconf 79' lang='lat' dir='ltr'><strong>MORALES.</strong></span> 
     </span>
    </p>
   </div>
   <div class='ocr_carea' id='block_1_5' title="bbox 811 1815 1195 1862">
    <p class='ocr_par' dir='ltr' id='par_1_8' title="bbox 811 1815 1195 1862">
     <span class='ocr_line' id='line_1_27' title="bbox 811 1815 1195 1862; baseline -0.005 -12"><span class='ocrx_word' id='word_1_255' title='bbox 811 1816 912 1862; x_wconf 84' lang='lat' dir='ltr'>(Infr.</span> <span class='ocrx_word' id='word_1_256' title='bbox 935 1821 999 1850; x_wconf 83' lang='lat' dir='ltr'>art.</span> <span class='ocrx_word' id='word_1_257' title='bbox 1026 1828 1053 1850; x_wconf 83' lang='lat'>1.</span> <span class='ocrx_word' id='word_1_258' title='bbox 1077 1815 1195 1862; x_wconf 69' lang='lat' dir='ltr'>corp).</span> 
     </span>
    </p>
   </div>
   <div class='ocr_carea' id='block_1_6' title="bbox 224 1915 1794 2870">
    <p class='ocr_par' dir='ltr' id='par_1_9' title="bbox 224 1915 1794 2234">
     <span class='ocr_line' id='line_1_28' title="bbox 297 1915 1794 1965; baseline -0.004 -9"><span class='ocrx_word' id='word_1_259' title='bbox 297 1922 356 1956; x_wconf 87' lang='lat' dir='ltr'>AD</span> <span class='ocrx_word' id='word_1_260' title='bbox 372 1930 561 1960; x_wconf 73' lang='lat' dir='ltr'><strong>QUARTUM</strong></span> <span class='ocrx_word' id='word_1_261' title='bbox 577 1919 627 1952; x_wconf 91' lang='lat' dir='ltr'>sic</span> <span class='ocrx_word' id='word_1_262' title='bbox 637 1919 853 1965; x_wconf 87' lang='lat' dir='ltr'>proceditur.</span> <span class='ocrx_word' id='word_1_263' title='bbox 866 1918 1030 1959; x_wconf 85' lang='lat' dir='ltr'>Videtur,</span> <span class='ocrx_word' id='word_1_264' title='bbox 1041 1917 1136 1964; x_wconf 92' lang='lat' dir='ltr'>quod</span> <span class='ocrx_word' id='word_1_265' title='bbox 1153 1917 1247 1951; x_wconf 87' lang='lat' dir='ltr'>circa</span> <span class='ocrx_word' id='word_1_266' title='bbox 1263 1917 1420 1951; x_wconf 90' lang='lat' dir='ltr'>diversas</span> <span class='ocrx_word' id='word_1_267' title='bbox 1434 1917 1621 1963; x_wconf 90' lang='lat' dir='ltr'>passiones</span> <span class='ocrx_word' id='word_1_268' title='bbox 1634 1926 1709 1950; x_wconf 87' lang='lat' dir='ltr'>non</span> <span class='ocrx_word' id='word_1_269' title='bbox 1723 1915 1794 1950; x_wconf 91' lang='lat' dir='ltr'>sint</span> 
     </span>
     <span class='ocr_line' id='line_1_29' title="bbox 226 1969 1791 2017; baseline -0.004 -7"><span class='ocrx_word' id='word_1_270' title='bbox 226 1976 387 2010; x_wconf 83' lang='lat' dir='ltr'>diversae</span> <span class='ocrx_word' id='word_1_271' title='bbox 407 1975 555 2007; x_wconf 80' lang='lat' dir='ltr'>virtutes</span> <span class='ocrx_word' id='word_1_272' title='bbox 578 1972 751 2006; x_wconf 87' lang='lat' dir='ltr'>morales:</span> <span class='ocrx_word' id='word_1_273' title='bbox 769 1983 896 2006; x_wconf 89' lang='lat' dir='ltr'>eorum</span> <span class='ocrx_word' id='word_1_274' title='bbox 912 1972 1020 2013; x_wconf 88' lang='lat' dir='ltr'>enim,</span> <span class='ocrx_word' id='word_1_275' title='bbox 1041 1982 1132 2017; x_wconf 90' lang='lat' dir='ltr'>quae</span> <span class='ocrx_word' id='word_1_276' title='bbox 1159 1970 1379 2004; x_wconf 82' lang='lat' dir='ltr'>conveniunt</span> <span class='ocrx_word' id='word_1_277' title='bbox 1396 1970 1431 2004; x_wconf 90' lang='lat' dir='ltr'>in</span> <span class='ocrx_word' id='word_1_278' title='bbox 1450 1970 1640 2016; x_wconf 89' lang='lat' dir='ltr'>principio,</span> <span class='ocrx_word' id='word_1_279' title='bbox 1661 1977 1695 2004; x_wconf 91' lang='lat' dir='ltr'>et</span> <span class='ocrx_word' id='word_1_280' title='bbox 1711 1969 1791 2011; x_wconf 84' lang='lat' dir='ltr'>fine,</span> 
     </span>
     <span class='ocr_line' id='line_1_30' title="bbox 224 2023 1792 2071; baseline -0.004 -9"><span class='ocrx_word' id='word_1_281' title='bbox 224 2040 315 2062; x_wconf 90' lang='lat' dir='ltr'>unus</span> <span class='ocrx_word' id='word_1_282' title='bbox 328 2036 380 2062; x_wconf 90' lang='lat' dir='ltr'>est</span> <span class='ocrx_word' id='word_1_283' title='bbox 391 2027 550 2067; x_wconf 48' lang='lat' dir='ltr'>habitu&amp;</span> <span class='ocrx_word' id='word_1_284' title='bbox 565 2026 656 2060; x_wconf 89' lang='lat' dir='ltr'>sicut</span> <span class='ocrx_word' id='word_1_285' title='bbox 668 2033 764 2071; x_wconf 87' lang='lat' dir='ltr'>patet</span> <span class='ocrx_word' id='word_1_286' title='bbox 779 2025 936 2058; x_wconf 78' lang='lat' dir='ltr'>maxime</span> <span class='ocrx_word' id='word_1_287' title='bbox 951 2025 986 2058; x_wconf 90' lang='lat' dir='ltr'>in</span> <span class='ocrx_word' id='word_1_288' title='bbox 1004 2024 1179 2058; x_wconf 84' lang='lat' dir='ltr'>scientiis:</span> <span class='ocrx_word' id='word_1_289' title='bbox 1197 2024 1259 2058; x_wconf 90' lang='lat' dir='ltr'>sed</span> <span class='ocrx_word' id='word_1_290' title='bbox 1275 2023 1440 2057; x_wconf 89' lang='lat' dir='ltr'>omnium</span> <span class='ocrx_word' id='word_1_291' title='bbox 1455 2023 1665 2069; x_wconf 84' lang='lat' dir='ltr'>passionum</span> <span class='ocrx_word' id='word_1_292' title='bbox 1680 2034 1792 2056; x_wconf 87' lang='lat' dir='ltr'>unum</span> 
     </span>
     <span class='ocr_line' id='line_1_31' title="bbox 225 2075 1794 2127; baseline -0.003 -12"><span class='ocrx_word' id='word_1_293' title='bbox 225 2091 279 2116; x_wconf 88' lang='lat' dir='ltr'>est</span> <span class='ocrx_word' id='word_1_294' title='bbox 300 2080 529 2127; x_wconf 84' lang='lat' dir='ltr'>principium,</span> <span class='ocrx_word' id='word_1_295' title='bbox 553 2078 689 2113; x_wconf 88' lang='lat' dir='ltr'>scilicet</span> <span class='ocrx_word' id='word_1_296' title='bbox 712 2089 838 2120; x_wconf 81' lang='lat' dir='ltr'>amor3</span> <span class='ocrx_word' id='word_1_297' title='bbox 862 2086 895 2112; x_wconf 87' lang='lat' dir='ltr'>et</span> <span class='ocrx_word' id='word_1_298' title='bbox 917 2089 1046 2112; x_wconf 88' lang='lat' dir='ltr'>omnes</span> <span class='ocrx_word' id='word_1_299' title='bbox 1068 2077 1111 2111; x_wconf 89' lang='lat' dir='ltr'>ad</span> <span class='ocrx_word' id='word_1_300' title='bbox 1135 2077 1305 2111; x_wconf 89' lang='lat' dir='ltr'>eumdem</span> <span class='ocrx_word' id='word_1_301' title='bbox 1327 2075 1437 2110; x_wconf 89' lang='lat' dir='ltr'>finem</span> <span class='ocrx_word' id='word_1_302' title='bbox 1458 2076 1706 2118; x_wconf 85' lang='lat' dir='ltr'>terminantur,</span> <span class='ocrx_word' id='word_1_303' title='bbox 1729 2077 1794 2110; x_wconf 91' lang='lat' dir='ltr'>sci-</span> 
     </span>
     <span class='ocr_line' id='line_1_32' title="bbox 224 2129 1789 2177; baseline -0.004 -8"><span class='ocrx_word' id='word_1_304' title='bbox 224 2135 308 2169; x_wconf 89' lang='lat' dir='ltr'>licet</span> <span class='ocrx_word' id='word_1_305' title='bbox 330 2133 620 2173; x_wconf 79' lang='lat' dir='ltr'>delectationem,</span> <span class='ocrx_word' id='word_1_306' title='bbox 643 2132 699 2166; x_wconf 74' lang='lat' dir='ltr'>vel</span> <span class='ocrx_word' id='word_1_307' title='bbox 721 2132 913 2173; x_wconf 79' lang='lat' dir='ltr'>tristitiam,</span> <span class='ocrx_word' id='word_1_308' title='bbox 936 2140 973 2165; x_wconf 90' lang='lat' dir='ltr'>ut</span> <span class='ocrx_word' id='word_1_309' title='bbox 995 2142 1099 2177; x_wconf 87' lang='lat' dir='ltr'>supra</span> <span class='ocrx_word' id='word_1_310' title='bbox 1126 2130 1290 2164; x_wconf 87' lang='lat' dir='ltr'>habitum</span> <span class='ocrx_word' id='word_1_311' title='bbox 1316 2138 1369 2164; x_wconf 88' lang='lat' dir='ltr'>est</span> <span class='ocrx_word' id='word_1_312' title='bbox 1391 2129 1436 2176; x_wconf 81' lang='lat' dir='ltr'>(q.</span> <span class='ocrx_word' id='word_1_313' title='bbox 1464 2141 1512 2176; x_wconf 85' lang='lat'>25.</span> <span class='ocrx_word' id='word_1_314' title='bbox 1533 2135 1599 2165; x_wconf 82' lang='lat' dir='ltr'>art.</span> <span class='ocrx_word' id='word_1_315' title='bbox 1618 2142 1645 2165; x_wconf 83' lang='lat'>1.</span> <span class='ocrx_word' id='word_1_316' title='bbox 1667 2134 1696 2164; x_wconf 76' lang='lat' dir='ltr'>e!</span> <span class='ocrx_word' id='word_1_317' title='bbox 1717 2129 1789 2174; x_wconf 89' lang='lat'><em>2.);</em></span> 
     </span>
     <span class='ocr_line' id='line_1_33' title="bbox 225 2183 1425 2234; baseline -0.003 -12"><span class='ocrx_word' id='word_1_318' title='bbox 225 2199 312 2234; x_wconf 89' lang='lat' dir='ltr'>ergo</span> <span class='ocrx_word' id='word_1_319' title='bbox 336 2188 430 2221; x_wconf 89' lang='lat' dir='ltr'>circa</span> <span class='ocrx_word' id='word_1_320' title='bbox 453 2197 580 2219; x_wconf 87' lang='lat' dir='ltr'>omnes</span> <span class='ocrx_word' id='word_1_321' title='bbox 601 2186 784 2231; x_wconf 83' lang='lat' dir='ltr'>passiones</span> <span class='ocrx_word' id='word_1_322' title='bbox 808 2193 860 2219; x_wconf 86' lang='lat' dir='ltr'>est</span> <span class='ocrx_word' id='word_1_323' title='bbox 882 2196 951 2218; x_wconf 85' lang='lat' dir='ltr'>una</span> <span class='ocrx_word' id='word_1_324' title='bbox 973 2192 1113 2218; x_wconf 84' lang='lat' dir='ltr'>tantum</span> <span class='ocrx_word' id='word_1_325' title='bbox 1133 2183 1281 2218; x_wconf 88' lang='lat' dir='ltr'>moralis</span> <span class='ocrx_word' id='word_1_326' title='bbox 1302 2184 1425 2218; x_wconf 80' lang='lat' dir='ltr'>virtus.</span> 
     </span>
    </p>

    <p class='ocr_par' dir='ltr' id='par_1_10' title="bbox 224 2236 1793 2551">
     <span class='ocr_line' id='line_1_34' title="bbox 297 2236 1793 2284; baseline -0.002 -10"><span class='ocrx_word' id='word_1_327' title='bbox 297 2251 328 2274; x_wconf 85' lang='lat'>2.</span> <span class='ocrx_word' id='word_1_328' title='bbox 351 2240 585 2274; x_wconf 58' lang='lat' dir='ltr'>PRAETEREA.</span> <span class='ocrx_word' id='word_1_329' title='bbox 616 2238 653 2272; x_wconf 85' lang='lat' dir='ltr'>Si</span> <span class='ocrx_word' id='word_1_330' title='bbox 675 2238 771 2272; x_wconf 88' lang='lat' dir='ltr'>circa</span> <span class='ocrx_word' id='word_1_331' title='bbox 798 2239 955 2272; x_wconf 82' lang='lat' dir='ltr'>diversas</span> <span class='ocrx_word' id='word_1_332' title='bbox 983 2239 1168 2284; x_wconf 88' lang='lat' dir='ltr'>passiones</span> <span class='ocrx_word' id='word_1_333' title='bbox 1199 2245 1318 2271; x_wconf 86' lang='lat' dir='ltr'>essent</span> <span class='ocrx_word' id='word_1_334' title='bbox 1352 2237 1514 2271; x_wconf 88' lang='lat' dir='ltr'>diversae</span> <span class='ocrx_word' id='word_1_335' title='bbox 1541 2236 1690 2271; x_wconf 89' lang='lat' dir='ltr'>virtutes</span> <span class='ocrx_word' id='word_1_336' title='bbox 1717 2247 1793 2271; x_wconf 87' lang='lat' dir='ltr'>mo-</span> 
     </span>
     <span class='ocr_line' id='line_1_35' title="bbox 225 2289 1790 2339; baseline -0.003 -11"><span class='ocrx_word' id='word_1_337' title='bbox 225 2294 328 2335; x_wconf 87' lang='lat' dir='ltr'>rales,</span> <span class='ocrx_word' id='word_1_338' title='bbox 352 2301 570 2339; x_wconf 80' lang='lat' dir='ltr'>sequeretur,</span> <span class='ocrx_word' id='word_1_339' title='bbox 593 2292 688 2337; x_wconf 84' lang='lat' dir='ltr'>quod</span> <span class='ocrx_word' id='word_1_340' title='bbox 716 2299 768 2326; x_wconf 90' lang='lat' dir='ltr'>tot</span> <span class='ocrx_word' id='word_1_341' title='bbox 798 2300 915 2326; x_wconf 81' lang='lat' dir='ltr'>essent</span> <span class='ocrx_word' id='word_1_342' title='bbox 933 2292 1080 2325; x_wconf 79' lang='lat' dir='ltr'>virtutes</span> <span class='ocrx_word' id='word_1_343' title='bbox 1103 2290 1273 2332; x_wconf 83' lang='lat' dir='ltr'>morales,</span> <span class='ocrx_word' id='word_1_344' title='bbox 1295 2298 1383 2336; x_wconf 92' lang='lat' dir='ltr'>quot</span> <span class='ocrx_word' id='word_1_345' title='bbox 1404 2290 1613 2336; x_wconf 86' lang='lat' dir='ltr'>passiones:</span> <span class='ocrx_word' id='word_1_346' title='bbox 1635 2289 1698 2324; x_wconf 88' lang='lat' dir='ltr'>sed</span> <span class='ocrx_word' id='word_1_347' title='bbox 1719 2289 1790 2324; x_wconf 87' lang='lat' dir='ltr'>hoc</span> 
     </span>
     <span class='ocr_line' id='line_1_36' title="bbox 225 2342 1791 2395; baseline -0.003 -13"><span class='ocrx_word' id='word_1_348' title='bbox 225 2356 320 2395; x_wconf 88' lang='lat' dir='ltr'>patet</span> <span class='ocrx_word' id='word_1_349' title='bbox 354 2358 431 2381; x_wconf 89' lang='lat' dir='ltr'>esse</span> <span class='ocrx_word' id='word_1_350' title='bbox 462 2345 609 2379; x_wconf 83' lang='lat' dir='ltr'>falsum:</span> <span class='ocrx_word' id='word_1_351' title='bbox 634 2345 716 2391; x_wconf 88' lang='lat' dir='ltr'>quia</span> <span class='ocrx_word' id='word_1_352' title='bbox 740 2345 835 2378; x_wconf 84' lang='lat' dir='ltr'>circa</span> <span class='ocrx_word' id='word_1_353' title='bbox 870 2345 1053 2391; x_wconf 88' lang='lat' dir='ltr'>oppositas</span> <span class='ocrx_word' id='word_1_354' title='bbox 1074 2344 1259 2390; x_wconf 85' lang='lat' dir='ltr'>passiones</span> <span class='ocrx_word' id='word_1_355' title='bbox 1295 2352 1348 2378; x_wconf 88' lang='lat' dir='ltr'>est</span> <span class='ocrx_word' id='word_1_356' title='bbox 1374 2354 1445 2377; x_wconf 91' lang='lat' dir='ltr'>una</span> <span class='ocrx_word' id='word_1_357' title='bbox 1469 2351 1503 2378; x_wconf 90' lang='lat' dir='ltr'>et</span> <span class='ocrx_word' id='word_1_358' title='bbox 1529 2343 1658 2378; x_wconf 87' lang='lat' dir='ltr'>eadem</span> <span class='ocrx_word' id='word_1_359' title='bbox 1679 2342 1791 2378; x_wconf 87' lang='lat' dir='ltr'>virtus</span> 
     </span>
     <span class='ocr_line' id='line_1_37' title="bbox 224 2395 1793 2443; baseline -0.003 -8"><span class='ocrx_word' id='word_1_360' title='bbox 224 2400 393 2442; x_wconf 85' lang='lat' dir='ltr'>moralis;</span> <span class='ocrx_word' id='word_1_361' title='bbox 415 2400 507 2433; x_wconf 90' lang='lat' dir='ltr'>sicut</span> <span class='ocrx_word' id='word_1_362' title='bbox 537 2398 709 2432; x_wconf 86' lang='lat' dir='ltr'>fortitudo</span> <span class='ocrx_word' id='word_1_363' title='bbox 745 2398 840 2431; x_wconf 86' lang='lat' dir='ltr'>circa</span> <span class='ocrx_word' id='word_1_364' title='bbox 862 2398 1023 2439; x_wconf 87' lang='lat' dir='ltr'>timores,</span> <span class='ocrx_word' id='word_1_365' title='bbox 1046 2406 1081 2431; x_wconf 89' lang='lat' dir='ltr'>et</span> <span class='ocrx_word' id='word_1_366' title='bbox 1102 2397 1290 2438; x_wconf 86' lang='lat' dir='ltr'>audacias;</span> <span class='ocrx_word' id='word_1_367' title='bbox 1317 2397 1555 2443; x_wconf 87' lang='lat' dir='ltr'>temperantia</span> <span class='ocrx_word' id='word_1_368' title='bbox 1583 2396 1678 2431; x_wconf 88' lang='lat' dir='ltr'>circa</span> <span class='ocrx_word' id='word_1_369' title='bbox 1700 2395 1793 2430; x_wconf 90' lang='lat' dir='ltr'>dele-</span> 
     </span>
     <span class='ocr_line' id='line_1_38' title="bbox 225 2449 1792 2497; baseline -0.002 -9"><span class='ocrx_word' id='word_1_370' title='bbox 225 2454 412 2494; x_wconf 87' lang='lat' dir='ltr'>ctationes,</span> <span class='ocrx_word' id='word_1_371' title='bbox 436 2461 470 2487; x_wconf 88' lang='lat' dir='ltr'>et</span> <span class='ocrx_word' id='word_1_372' title='bbox 491 2451 669 2493; x_wconf 78' lang='lat' dir='ltr'>tristitias3</span> <span class='ocrx_word' id='word_1_373' title='bbox 696 2462 770 2485; x_wconf 88' lang='lat' dir='ltr'>non</span> <span class='ocrx_word' id='word_1_374' title='bbox 794 2462 881 2497; x_wconf 86' lang='lat' dir='ltr'>ergo</span> <span class='ocrx_word' id='word_1_375' title='bbox 905 2459 1058 2497; x_wconf 87' lang='lat' dir='ltr'>oportet,</span> <span class='ocrx_word' id='word_1_376' title='bbox 1081 2458 1119 2485; x_wconf 86' lang='lat' dir='ltr'>ut</span> <span class='ocrx_word' id='word_1_377' title='bbox 1138 2451 1231 2484; x_wconf 84' lang='lat' dir='ltr'>circa</span> <span class='ocrx_word' id='word_1_378' title='bbox 1251 2450 1409 2484; x_wconf 82' lang='lat' dir='ltr'>diversas</span> <span class='ocrx_word' id='word_1_379' title='bbox 1431 2450 1617 2496; x_wconf 88' lang='lat' dir='ltr'>passiones</span> <span class='ocrx_word' id='word_1_380' title='bbox 1638 2449 1698 2495; x_wconf 89' lang='lat' dir='ltr'>[al.</span> <span class='ocrx_word' id='word_1_381' title='bbox 1720 2456 1792 2497; x_wconf 78' lang='lat' dir='ltr'>ope-</span> 
     </span>
     <span class='ocr_line' id='line_1_39' title="bbox 225 2504 1012 2551; baseline -0.006 -9"><span class='ocrx_word' id='word_1_382' title='bbox 225 2507 379 2551; x_wconf 52' lang='lat' dir='ltr'>rationes]</span> <span class='ocrx_word' id='word_1_383' title='bbox 403 2506 472 2540; x_wconf 87' lang='lat' dir='ltr'>sint</span> <span class='ocrx_word' id='word_1_384' title='bbox 494 2506 653 2539; x_wconf 74' lang='lat' dir='ltr'>diversae</span> <span class='ocrx_word' id='word_1_385' title='bbox 672 2505 820 2538; x_wconf 76' lang='lat' dir='ltr'>virtutes</span> <span class='ocrx_word' id='word_1_386' title='bbox 844 2504 1012 2538; x_wconf 78' lang='lat' dir='ltr'>morales.</span> 
     </span>
    </p>

    <p class='ocr_par' dir='ltr' id='par_1_11' title="bbox 224 2556 1791 2766">
     <span class='ocr_line' id='line_1_40' title="bbox 301 2556 1791 2606; baseline -0.003 -12"><span class='ocrx_word' id='word_1_387' title='bbox 301 2572 327 2606; x_wconf 82' lang='lat'>3.</span> <span class='ocrx_word' id='word_1_388' title='bbox 352 2560 586 2594; x_wconf 69' lang='lat' dir='ltr'>PRAETEREA.</span> <span class='ocrx_word' id='word_1_389' title='bbox 607 2558 734 2598; x_wconf 80' lang='lat' dir='ltr'>Amor,</span> <span class='ocrx_word' id='word_1_390' title='bbox 757 2557 1063 2603; x_wconf 83' lang='lat' dir='ltr'>concupiscentia,</span> <span class='ocrx_word' id='word_1_391' title='bbox 1086 2564 1120 2591; x_wconf 87' lang='lat' dir='ltr'>et</span> <span class='ocrx_word' id='word_1_392' title='bbox 1146 2556 1339 2591; x_wconf 84' lang='lat' dir='ltr'>delectatio</span> <span class='ocrx_word' id='word_1_393' title='bbox 1362 2564 1443 2591; x_wconf 88' lang='lat' dir='ltr'>sunt</span> <span class='ocrx_word' id='word_1_394' title='bbox 1465 2556 1650 2602; x_wconf 89' lang='lat' dir='ltr'>passiones</span> <span class='ocrx_word' id='word_1_395' title='bbox 1672 2557 1791 2603; x_wconf 90' lang='lat' dir='ltr'>specie</span> 
     </span>
     <span class='ocr_line' id='line_1_41' title="bbox 225 2609 1790 2657; baseline -0.003 -9"><span class='ocrx_word' id='word_1_396' title='bbox 225 2613 442 2654; x_wconf 78' lang='lat' dir='ltr'>differentes,</span> <span class='ocrx_word' id='word_1_397' title='bbox 466 2619 501 2645; x_wconf 90' lang='lat' dir='ltr'>ut</span> <span class='ocrx_word' id='word_1_398' title='bbox 528 2622 632 2657; x_wconf 81' lang='lat' dir='ltr'>supra</span> <span class='ocrx_word' id='word_1_399' title='bbox 652 2611 813 2644; x_wconf 79' lang='lat' dir='ltr'>habitum</span> <span class='ocrx_word' id='word_1_400' title='bbox 835 2618 887 2644; x_wconf 83' lang='lat' dir='ltr'>est</span> <span class='ocrx_word' id='word_1_401' title='bbox 908 2610 951 2656; x_wconf 72' lang='lat' dir='ltr'>(q.</span> <span class='ocrx_word' id='word_1_402' title='bbox 976 2623 1021 2656; x_wconf 78' lang='lat'>23.</span> <span class='ocrx_word' id='word_1_403' title='bbox 1045 2616 1106 2644; x_wconf 76' lang='grc' dir='ltr'><em>ιιι-Ι.</em></span> <span class='ocrx_word' id='word_1_404' title='bbox 1123 2610 1194 2654; x_wconf 77' lang='lat'><em>4.).·</em></span> <span class='ocrx_word' id='word_1_405' title='bbox 1217 2610 1278 2644; x_wconf 89' lang='lat' dir='ltr'>sed</span> <span class='ocrx_word' id='word_1_406' title='bbox 1301 2610 1396 2644; x_wconf 85' lang='lat' dir='ltr'>circa</span> <span class='ocrx_word' id='word_1_407' title='bbox 1417 2620 1546 2644; x_wconf 89' lang='lat' dir='ltr'>omnes</span> <span class='ocrx_word' id='word_1_408' title='bbox 1564 2609 1630 2644; x_wconf 85' lang='lat' dir='ltr'>has</span> <span class='ocrx_word' id='word_1_409' title='bbox 1651 2617 1704 2644; x_wconf 86' lang='lat' dir='ltr'>est</span> <span class='ocrx_word' id='word_1_410' title='bbox 1722 2620 1790 2643; x_wconf 90' lang='lat' dir='ltr'>una</span> 
     </span>
     <span class='ocr_line' id='line_1_42' title="bbox 224 2662 1790 2711; baseline -0.002 -12"><span class='ocrx_word' id='word_1_411' title='bbox 224 2668 346 2708; x_wconf 85' lang='lat' dir='ltr'>virtus,</span> <span class='ocrx_word' id='word_1_412' title='bbox 368 2666 506 2701; x_wconf 82' lang='lat' dir='ltr'>scilicet</span> <span class='ocrx_word' id='word_1_413' title='bbox 527 2664 783 2711; x_wconf 82' lang='lat' dir='ltr'>temperantia3</span> <span class='ocrx_word' id='word_1_414' title='bbox 807 2675 894 2709; x_wconf 82' lang='lat' dir='ltr'>crgo</span> <span class='ocrx_word' id='word_1_415' title='bbox 926 2664 1073 2697; x_wconf 66' lang='lat' dir='ltr'>virtutes</span> <span class='ocrx_word' id='word_1_416' title='bbox 1106 2663 1262 2697; x_wconf 85' lang='lat' dir='ltr'>morales</span> <span class='ocrx_word' id='word_1_417' title='bbox 1291 2674 1365 2697; x_wconf 88' lang='lat' dir='ltr'>non</span> <span class='ocrx_word' id='word_1_418' title='bbox 1400 2670 1481 2698; x_wconf 89' lang='lat' dir='ltr'>sunt</span> <span class='ocrx_word' id='word_1_419' title='bbox 1507 2662 1669 2698; x_wconf 81' lang='lat' dir='ltr'>diversae</span> <span class='ocrx_word' id='word_1_420' title='bbox 1696 2663 1790 2697; x_wconf 85' lang='lat' dir='ltr'>circa</span> 
     </span>
     <span class='ocr_line' id='line_1_43' title="bbox 226 2719 602 2766; baseline -0.008 -12"><span class='ocrx_word' id='word_1_421' title='bbox 226 2721 383 2754; x_wconf 79' lang='lat' dir='ltr'>diversas</span> <span class='ocrx_word' id='word_1_422' title='bbox 406 2719 602 2766; x_wconf 78' lang='lat' dir='ltr'>passiones.</span> 
     </span>
    </p>

    <p class='ocr_par' dir='ltr' id='par_1_12' title="bbox 227 2769 1791 2870">
     <span class='ocr_line' id='line_1_44' title="bbox 298 2769 1791 2817; baseline -0.003 -9"><span class='ocrx_word' id='word_1_423' title='bbox 298 2775 371 2808; x_wconf 62' lang='lat' dir='ltr'>Suu</span> <span class='ocrx_word' id='word_1_424' title='bbox 399 2783 553 2808; x_wconf 64' lang='lat' dir='ltr'>CONTRA</span> <span class='ocrx_word' id='word_1_425' title='bbox 589 2780 652 2812; x_wconf 81' lang='lat' dir='ltr'>cst,</span> <span class='ocrx_word' id='word_1_426' title='bbox 687 2770 782 2817; x_wconf 88' lang='lat' dir='ltr'>quod</span> <span class='ocrx_word' id='word_1_427' title='bbox 807 2769 978 2803; x_wconf 84' lang='lat' dir='ltr'>fortitudo</span> <span class='ocrx_word' id='word_1_428' title='bbox 1008 2778 1059 2804; x_wconf 83' lang='lat' dir='ltr'>est</span> <span class='ocrx_word' id='word_1_429' title='bbox 1094 2770 1189 2803; x_wconf 78' lang='lat' dir='ltr'>circa</span> <span class='ocrx_word' id='word_1_430' title='bbox 1212 2770 1373 2811; x_wconf 89' lang='lat' dir='ltr'>timores,</span> <span class='ocrx_word' id='word_1_431' title='bbox 1400 2777 1435 2804; x_wconf 88' lang='lat' dir='ltr'>et</span> <span class='ocrx_word' id='word_1_432' title='bbox 1457 2769 1637 2811; x_wconf 83' lang='lat' dir='ltr'>audacias,</span> <span class='ocrx_word' id='word_1_433' title='bbox 1658 2777 1791 2815; x_wconf 87' lang='lat' dir='ltr'>tempe-</span> 
     </span>
     <span class='ocr_line' id='line_1_45' title="bbox 227 2821 1789 2870; baseline -0.003 -9"><span class='ocrx_word' id='word_1_434' title='bbox 227 2828 338 2861; x_wconf 77' lang='lat' dir='ltr'>rantia</span> <span class='ocrx_word' id='word_1_435' title='bbox 362 2828 455 2861; x_wconf 85' lang='lat' dir='ltr'>circa</span> <span class='ocrx_word' id='word_1_436' title='bbox 490 2824 823 2870; x_wconf 76' lang='lat' dir='ltr'>concupiscentias3</span> <span class='ocrx_word' id='word_1_437' title='bbox 854 2823 1093 2857; x_wconf 83' lang='lat' dir='ltr'>mansuetudo</span> <span class='ocrx_word' id='word_1_438' title='bbox 1129 2823 1222 2857; x_wconf 81' lang='lat' dir='ltr'>circa</span> <span class='ocrx_word' id='word_1_439' title='bbox 1245 2823 1326 2865; x_wconf 75' lang='lat' dir='ltr'>iras,</span> <span class='ocrx_word' id='word_1_440' title='bbox 1353 2831 1390 2857; x_wconf 90' lang='lat' dir='ltr'>ut</span> <span class='ocrx_word' id='word_1_441' title='bbox 1412 2823 1540 2857; x_wconf 88' lang='lat' dir='ltr'>dicitur</span> <span class='ocrx_word' id='word_1_442' title='bbox 1562 2823 1597 2857; x_wconf 89' lang='lat' dir='ltr'>in</span> <span class='ocrx_word' id='word_1_443' title='bbox 1618 2833 1646 2869; x_wconf 88' lang='lat'>3.</span> <span class='ocrx_word' id='word_1_444' title='bbox 1674 2821 1789 2856; x_wconf 82' lang='lat' dir='ltr'>Ethic.</span> 
     </span>
    </p>
   </div>
   <div class='ocr_carea' id='block_1_7' title="bbox 224 2878 869 2927">
    <p class='ocr_par' dir='ltr' id='par_1_13' title="bbox 224 2878 869 2927">
     <span class='ocr_line' id='line_1_46' title="bbox 224 2878 869 2927; baseline -0.008 -12"><span class='ocrx_word' id='word_1_445' title='bbox 224 2882 311 2927; x_wconf 67' lang='lat' dir='ltr'>(cap.</span> <span class='ocrx_word' id='word_1_446' title='bbox 335 2880 366 2915; x_wconf 79' lang='lat'>6.</span> <span class='ocrx_word' id='word_1_447' title='bbox 391 2885 418 2914; x_wconf 67' lang='lat' dir='ltr'>cl</span> <span class='ocrx_word' id='word_1_448' title='bbox 441 2879 509 2923; x_wconf 83' lang='lat' dir='ltr'>w.)</span> <span class='ocrx_word' id='word_1_449' title='bbox 532 2887 566 2912; x_wconf 86' lang='lat' dir='ltr'>et</span> <span class='ocrx_word' id='word_1_450' title='bbox 594 2879 627 2911; x_wconf 86' lang='lat' dir='ltr'>in</span> <span class='ocrx_word' id='word_1_451' title='bbox 650 2888 681 2920; x_wconf 69' lang='lat'>4.</span> <span class='ocrx_word' id='word_1_452' title='bbox 701 2878 792 2923; x_wconf 71' lang='lat' dir='ltr'>(cap.</span> <span class='ocrx_word' id='word_1_453' title='bbox 812 2878 869 2922; x_wconf 68' lang='lat'>5).</span> 
     </span>
    </p>
   </div>
  </div>
 </body>
</html>
