1907 3182
274 191 359 234 270
672 191 892 227 QUAESTIO
925 192 1056 220 XXXV.
1091 192 1334 222 ARTICULUS
1365 192 1422 221 vt.

272 271 393 313 fortes,
415 279 449 306 et
468 262 551 317 justi
569 272 726 306 maxime
748 273 992 314 honorantur;
1015 284 1101 318 ergo
1123 273 1375 307 vehementior
1389 281 1441 307 est
1455 281 1586 315 motus,
1602 284 1674 320 quo
1691 273 1827 320 fugitur

271 326 423 366 tristitia,
447 337 554 371 quarn
577 334 709 367 motus,
732 337 803 371 quo
827 327 1003 372 appetitur
1025 326 1229 360 delectatio.

340 379 413 413 SED
431 390 595 413 CONTRA.
612 380 755 413 Bonum
770 387 823 413 est
841 379 978 420 fortius,
993 390 1101 425 quam
1117 379 1267 421 malum,
1282 387 1320 413 ut
1333 388 1430 425 patet
1442 391 1505 425 per
1517 380 1627 414 Dion.
1641 390 1674 423 4.
1690 392 1767 427 cap.
1782 381 1826 415 de

271 432 352 466 Div.
375 432 484 466 Nom.
507 434 607 478 (part.
630 444 662 476 4.
677 444 696 466 a
711 433 792 466 med.
808 433 876 467 lact.
892 444 941 467 21.
956 433 1088 476 at22.>:
1111 433 1173 466 sed
1196 432 1387 467 delectatio
1403 441 1455 467 est
1469 433 1668 479 appetibilis
1681 442 1827 480 propter

270 485 418 527 bonum,
441 487 537 531 quod
564 494 617 519 est
642 487 716 530 ejus
744 486 946 530 objectum3
973 485 1058 530 fuga
1085 494 1205 519 autem
1231 486 1393 520 tristitiae
1420 494 1473 520 est
1497 494 1644 532 propter
1668 486 1826 529 malum;

271 549 357 583 ergo
379 538 506 572 fortior
527 546 579 572 est
601 539 774 584 appetitus
797 538 1057 579 delectationis,
1081 549 1189 584 quam
1211 538 1295 584 fuga
1322 539 1494 572 tristitiae.

340 592 568 626 RESPONDEO
591 592 796 633 dicendum,
824 592 920 637 quod
950 602 1011 637 per
1033 603 1070 625 se
1092 592 1274 637 loquendo
1303 592 1478 638 appetitus
1504 591 1754 626 delectationis
1775 600 1828 626 est

269 643 407 686 fortior,
429 656 538 690 quam
559 644 642 690 fuga
663 645 844 679 tristitiae:
868 645 968 689 cujus
990 645 1080 678 ratio
1097 652 1159 686 est,
1175 645 1257 690 quia
1279 656 1388 679 causa
1406 645 1656 680 delectationis
1675 653 1728 680 est
1745 657 1828 680 con-

269 697 418 732 veniens
439 699 594 731 bonum:
618 709 726 731 causa
749 705 870 731 autem
892 697 1040 739 doloris,
1063 698 1137 731 sive
1158 698 1321 732 tristitiae
1343 706 1397 732 est
1414 698 1561 744 aliquod
1575 698 1715 733 malum
1727 710 1830 745 repu-

270 761 395 795 gnans.
419 750 608 796 Contingit
629 759 750 784 autem
773 750 918 796 aliquod
940 751 1078 784 bonum
1101 763 1178 785 esse
1202 752 1422 785 conveniens
1444 751 1577 797 absque
1600 752 1702 786 omni
1719 752 1830 786 disso-

270 804 410 838 nantia:
432 815 506 837 non
529 811 650 837 autem
671 812 789 849 potest
811 816 887 838 esse
916 804 1061 849 aliquod
1083 804 1223 838 malum
1243 803 1401 838 totaliter
1423 804 1555 850 absque
1578 805 1680 839 omni
1699 816 1829 839 conve-

269 857 404 891 nientia
424 868 644 902 repugnans:
676 857 770 891 unde
793 857 985 891 delectatio
1008 865 1127 903 potest
1148 869 1227 892 esse
1248 858 1398 903 integra,
1425 866 1460 892 et
1485 857 1661 903 perfecta;
1686 858 1828 892 tristitia

270 918 391 944 autem
418 918 471 944 est
491 921 634 956 semper
654 910 855 944 secundum
881 919 1043 957 partem:
1072 911 1167 944 unde
1193 910 1403 945 naturaliter
1429 912 1546 956 major
1573 919 1626 945 est
1651 911 1828 958 appetitus

269 963 530 1005 delectationis,
546 975 655 1009 quam
676 963 761 1009 fuga
782 964 955 998 tristitiae.
978 964 1059 998 Alia
1080 975 1166 998 vero
1188 964 1280 998 ratio
1303 972 1366 1006 est,
1387 964 1471 1010 quia
1490 964 1640 1007 bonum,
1659 964 1757 1010 quod
1775 972 1829 998 est

269 1017 450 1061 objectum
474 1016 734 1058 delectationis,
753 1028 815 1063 per
836 1018 996 1063 seipsum
1019 1017 1211 1063 appetitur:
1235 1017 1373 1051 malum
1396 1025 1529 1059 autem,
1547 1017 1645 1063 quod
1663 1025 1717 1052 est
1734 1017 1829 1062 obje-

269 1078 367 1103 ctum
389 1070 562 1112 tristitiae,
584 1078 637 1104 est
665 1069 888 1116 fugiendum,
910 1071 1125 1116 inquantum
1147 1078 1200 1104 est
1220 1070 1372 1116 privatio
1394 1070 1492 1112 boni,
1514 1071 1612 1116 quod
1633 1078 1754 1105 autem
1776 1078 1829 1104 est

268 1134 330 1168 per
351 1134 400 1164 se,
422 1123 539 1168 potius
563 1131 617 1157 est
637 1122 712 1165 illo,
735 1124 831 1169 quod
854 1132 908 1157 est
927 1135 991 1170 per
1009 1123 1194 1157 accidens:
1218 1125 1318 1169 cujus
1337 1123 1448 1157 etiarn
1465 1124 1609 1170 signum
1628 1131 1775 1170 apparet
1791 1124 1827 1158 in

267 1176 425 1210 motibus
445 1177 688 1211 naturalibus:
719 1189 802 1210 nam
827 1177 946 1211 omnis
969 1185 1090 1211 motus
1111 1176 1282 1211 naturalis
1308 1177 1483 1211 intensior
1503 1185 1558 1211 est
1577 1177 1614 1210 in
1634 1176 1717 1218 fine,
1744 1188 1827 1211 cum
1869 1186 1872 1189 ·

269 1230 531 1276 appropinquat
560 1230 603 1264 ad
625 1231 823 1264 terminum
844 1242 930 1265 suae
951 1239 1102 1264 naturae
1129 1232 1420 1272 convenientem,
1442 1241 1552 1276 quarn
1577 1231 1614 1264 in
1639 1231 1828 1277 principio,

269 1295 352 1317 cum
377 1284 513 1317 recedit
542 1295 562 1317 a
587 1284 742 1318 termino
770 1295 856 1318 suae
881 1292 1031 1318 naturae
1057 1295 1131 1317 non
1159 1284 1409 1326 convenienti3
1435 1284 1538 1329 quasi
1557 1292 1685 1318 natura
1711 1283 1827 1329 magis

267 1337 390 1370 tendat
409 1337 445 1370 in
463 1337 510 1378 id,
525 1338 621 1383 quod
636 1345 688 1371 est
701 1337 767 1371 sibi
782 1338 1013 1379 conveniens,
1028 1349 1137 1383 quam
1151 1336 1266 1383 fugiat
1277 1337 1324 1379 id,
1343 1337 1440 1383 quod
1459 1345 1511 1372 est
1527 1337 1594 1372 sibi
1606 1348 1826 1384 repugnans:

269 1390 362 1424 unde
384 1398 419 1424 et
438 1390 624 1424 inclinatio
647 1391 861 1437 appetitivae
882 1391 1033 1433 virtutis,
1055 1402 1118 1437 per
1139 1402 1176 1424 se
1207 1390 1404 1436 loquendo,
1430 1391 1683 1425 vehementius
1715 1391 1828 1425 tendit

268 1443 303 1476 in
326 1443 615 1485 delectationem,
639 1456 747 1490 quam
774 1444 888 1489 fugiat
912 1445 1103 1478 tristitiam.
1132 1443 1203 1478 Sed
1230 1455 1293 1490 per
1320 1444 1488 1479 accidens
1515 1445 1703 1490 contingit,
1730 1443 1827 1490 quod

267 1498 448 1531 tristitiam
470 1498 597 1544 aliquis
616 1498 731 1543 magis
752 1497 877 1544 fugiat,
900 1510 1009 1544 quam
1024 1498 1303 1532 delectationem
1319 1506 1472 1544 appetat.
1487 1498 1531 1532 Et
1548 1499 1620 1533 hoc
1639 1499 1827 1545 tripliciter.

267 1551 383 1585 Primo
395 1551 540 1596 quidem
555 1563 596 1585 ex
611 1560 709 1597 parte
725 1552 1031 1598 apprehensionis,
1046 1552 1140 1597 quia,
1153 1559 1190 1586 ut
1210 1552 1305 1597 Aug.
1321 1551 1408 1585 dicit
1426 1562 1476 1587 10.
1487 1552 1529 1586 de
1546 1551 1646 1586 Trin.
1662 1551 1826 1598 (circfin.

268 1604 354 1649 lib),
377 1616 474 1638 amor
493 1607 598 1649 magis
617 1607 765 1647 sentitur,
785 1617 859 1639 cum
877 1618 949 1639 eum
962 1605 1076 1651 prodit
1090 1605 1267 1650 indigentia
1279 1618 1290 1640 .·
1313 1616 1355 1639 ex
1369 1605 1566 1651 indigentia
1581 1612 1702 1639 autem
1717 1605 1827 1639 amati

268 1658 431 1702 procedit
449 1658 602 1699 tristitia,
625 1670 716 1704 quae
739 1666 792 1692 est
822 1670 862 1692 ex
885 1659 1080 1692 amissione
1108 1659 1257 1704 alicujus
1283 1659 1370 1692 boni
1392 1659 1514 1700 amati,
1534 1658 1594 1693 vel
1614 1670 1657 1692 ex
1681 1659 1827 1693 incursu

268 1710 419 1757 alicujus
441 1711 528 1745 mali
550 1712 732 1753 contrarii,
755 1711 947 1746 delectatio
971 1720 1092 1746 autern
1113 1723 1187 1746 non
1210 1712 1319 1746 habet
1344 1712 1580 1758 indigentiam
1600 1712 1688 1746 boni
1705 1712 1827 1753 amati,

266 1765 328 1798 sed
351 1765 503 1810 quiescit
523 1765 560 1798 in
582 1776 625 1799 eo
652 1766 726 1810 jam
754 1765 903 1811 adept03
931 1777 1015 1799 cum
1042 1765 1150 1811 igitur
1176 1776 1280 1799 amor
1306 1765 1351 1799 sit
1377 1777 1485 1800 causa
1507 1765 1767 1807 delectationis,
1793 1773 1828 1799 et

265 1818 438 1860 tristitiae,
461 1826 562 1852 tanto
584 1820 700 1863 magis
718 1818 852 1864 fugitur
864 1819 1017 1861 tristitia,
1032 1826 1167 1864 quanto
1182 1819 1299 1865 magis
1317 1819 1467 1853 sentitur
1486 1830 1600 1861 amor,
1615 1830 1658 1853 ex
1671 1830 1716 1853 eo
1730 1819 1827 1865 quod

267 1873 504 1906 contrariatur
526 1872 653 1906 amori.
676 1872 820 1907 Secundo
843 1884 886 1907 ex
917 1881 1016 1919 parte
1039 1883 1170 1906 causae
1193 1872 1449 1915 contristantis,
1470 1872 1530 1907 vel
1551 1872 1718 1907 dolorem
1743 1871 1829 1906 infe-

265 1926 385 1967 rentis,
408 1937 499 1971 quae
521 1934 697 1972 repugnat
718 1926 816 1960 bono
838 1928 955 1971 magis
978 1934 1112 1967 amato,
1135 1937 1244 1972 quam
1267 1927 1311 1960 sit
1331 1926 1469 1960 bonum
1490 1925 1591 1968 illud,
1613 1926 1649 1960 in
1676 1936 1748 1972 quo
1771 1926 1828 1959 de-

265 1978 459 2013 lectamur:
483 1979 600 2025 magis
622 1980 718 2013 enirn
742 1991 908 2014 amamus
931 1980 1203 2014 consistentiam
1227 1980 1389 2026 corporis
1407 1979 1622 2022 naturalem,
1644 1990 1753 2026 quam
1771 1979 1828 2013 de-

266 2032 498 2067 lectationem
522 2034 614 2075 cibi;
642 2041 676 2067 et
702 2034 784 2067 ideo
811 2034 942 2068 timore
969 2033 1116 2075 doloris,
1144 2034 1203 2080 qui
1226 2034 1391 2079 provenit
1417 2044 1459 2068 ex
1485 2033 1649 2080 flagellis,
1669 2033 1727 2067 vel
1749 2032 1827 2067 aliis

265 2086 486 2131 hujusmodi,
509 2098 601 2132 quae
623 2087 886 2121 contrariantur
907 2087 1024 2121 bonae
1051 2087 1306 2122 consistentiae
1330 2087 1504 2134 corporis,
1531 2087 1746 2121 dimittimus
1771 2086 1828 2121 de-

265 2139 498 2174 lectationem
521 2140 696 2182 ciborum,
718 2141 776 2174 vel
791 2140 947 2174 aliorum
961 2141 1180 2186 hujusmodi.
1202 2141 1314 2176 Tertio
1330 2151 1371 2175 ex
1386 2148 1485 2186 parte
1507 2140 1669 2183 effectus,
1689 2140 1827 2175 scilicet

266 2195 479 2239 inquantum
501 2194 642 2228 tristitia
663 2194 815 2240 impedit
835 2205 909 2228 non
932 2206 1041 2228 unam
1064 2202 1205 2228 tantum
1227 2194 1520 2236 delectationem,
1542 2194 1604 2228 sed
1626 2204 1766 2228 omnes.

337 2248 396 2282 AD
413 2258 561 2282 PmMUM
578 2259 664 2293 ergo
681 2248 887 2290 dicendum,
903 2248 999 2294 quod
1022 2247 1121 2290 illud,
1144 2247 1241 2293 quod
1264 2248 1358 2293 Aug.
1375 2247 1471 2290 dicit,
1493 2248 1590 2294 quod
1617 2247 1711 2282 dolor
1723 2248 1828 2293 magis

258 2301 406 2347 sugitur,
431 2312 530 2346 quam
552 2302 703 2348 voluptas
733 2306 920 2348 appetatur,
953 2310 1006 2335 est
1026 2312 1153 2335 verum
1174 2312 1237 2347 per
1267 2301 1446 2343 accidens,
1469 2309 1504 2335 et
1524 2312 1598 2336 non
1625 2312 1690 2347 per
1709 2311 1766 2343 se;
1793 2309 1828 2335 et
1853 2331 1859 2342 ,

266 2354 336 2388 hoc
358 2363 456 2400 patet
481 2366 522 2388 ex
545 2366 599 2395 eo,
623 2354 719 2400 quod
747 2355 879 2389 subdit:
906 2354 1179 2400 Quandoquiclem
1206 2356 1306 2389 etiam
1330 2354 1478 2389 videmus
1504 2355 1759 2389 immanissimczs
1779 2355 1828 2389 bc·

264 2409 341 2442 stias
362 2420 381 2442 a
401 2409 555 2442 maximis
573 2408 797 2454 voluptatibus
818 2409 978 2443 abstinere
999 2408 1148 2442 dolorum
1172 2413 1268 2450 metu,
1286 2409 1362 2454 quia
1383 2409 1613 2443 contrariatur
1629 2409 1730 2450 vitae,
1745 2419 1827 2454 quae

265 2463 408 2495 maxima
429 2466 573 2496 amatur.

336 2515 397 2549 AD
424 2525 631 2549 SECUNDUM
654 2514 859 2556 dicendum,
882 2514 978 2560 quod
1002 2514 1102 2548 aliter
1121 2522 1174 2549 est
1195 2515 1230 2548 in
1252 2523 1366 2557 motu,
1386 2514 1446 2560 qui
1467 2523 1520 2549 est
1538 2514 1581 2548 ab
1603 2514 1775 2556 interiori,
1792 2522 1827 2549 et

266 2567 367 2602 aliter
388 2568 423 2601 in
446 2576 561 2609 motu,
583 2568 642 2613 qui
665 2576 717 2601 est
739 2568 781 2601 ab
805 2568 990 2602 exteriori:
1014 2576 1134 2602 motus
1157 2568 1267 2610 enim,
1289 2569 1349 2614 qui
1371 2576 1425 2603 est
1445 2568 1488 2602 ab
1511 2568 1683 2610 interiori,
1710 2567 1826 2614 magis

264 2622 378 2655 tendit
395 2622 430 2655 in
450 2621 496 2662 id,
511 2621 607 2667 quod
624 2629 676 2655 est
691 2621 921 2662 conveniens,
938 2633 1046 2666 quam
1062 2621 1206 2655 recedat
1221 2632 1240 2655 a
1255 2621 1449 2662 contrario,
1464 2621 1555 2656 sicut
1567 2632 1675 2667 supra
1688 2621 1825 2655 dictum

265 2683 318 2708 est
341 2675 389 2718 (in
413 2682 501 2721 corp.
524 2676 618 2719 arl.),
642 2675 685 2708 de
708 2682 808 2708 motu
831 2674 1002 2708 naturali:
1026 2675 1087 2708 sed
1110 2683 1242 2717 motus,
1264 2676 1323 2721 qui
1345 2683 1399 2710 est
1420 2675 1462 2708 ab
1485 2674 1698 2717 extrinseco,
1716 2676 1827 2709 inten-

265 2728 358 2762 ditur
381 2740 422 2762 ex
444 2729 521 2774 ipsa
545 2728 817 2762 contrarietate:
841 2728 923 2773 quia
940 2729 1225 2774 unumquodque
1240 2739 1305 2763 suo
1328 2728 1440 2763 modo
1461 2728 1585 2762 nititur
1602 2728 1646 2762 ad
1665 2728 1827 2763 resisten-

265 2782 350 2815 dum
374 2782 569 2823 contrario,
584 2782 675 2815 sicut
690 2781 732 2815 ad
756 2782 1070 2815 conservationem
1095 2782 1147 2815 sui
1171 2782 1300 2828 ipsius;
1323 2782 1416 2816 unde
1438 2790 1558 2817 motus
1578 2781 1759 2816 violentus
1776 2782 1826 2816 in-

264 2835 421 2868 tenditur
443 2835 477 2868 in
502 2835 690 2881 principio,
714 2842 748 2869 et
769 2835 961 2869 remittitur
977 2835 1009 2868 in
1026 2834 1105 2868 line.
1124 2835 1243 2869 Motus
1266 2843 1388 2870 autem
1410 2835 1625 2882 appetitivae
1645 2834 1754 2881 partis
1771 2843 1825 2869 est

267 2888 308 2921 ab
331 2888 538 2930 intrinseco,
560 2900 643 2923 cum
670 2888 714 2922 sit
736 2888 778 2922 ab
799 2888 918 2922 anima
942 2888 984 2921 ad
1007 2899 1079 2929 res:
1101 2896 1135 2922 ct
1157 2888 1251 2930 ideo,
1273 2900 1335 2934 per
1353 2900 1391 2923 se
1412 2888 1608 2935 loquendo,
1629 2888 1746 2934 magis
1766 2898 1824 2935 ap-
