1907 3198
0 195 6 263 -V—
0 138 6 182 .-
0 0 7 126 -ὴῂ-

543 190 764 229 αυΑεετιο
795 191 866 223 cv.
899 190 1146 223 ARTICULUS
1179 191 1223 223 11.
1299 231 1303 236 .
1586 194 1666 238 791

102 273 272 311 homines
292 273 444 322 pacifice
465 273 587 310 vivere
609 273 654 309 ad
680 274 850 317 invicem,
871 273 901 310 si
923 285 1014 309 unus
1035 273 1190 320 accipiat
1214 284 1270 316 ea,
1290 285 1383 320 quae
1404 282 1487 310 sunt
1507 274 1673 311 alterius:

101 327 169 366 sed.-
184 328 258 365 hoc
279 328 421 364 videtur
442 338 521 364 esse
542 328 732 364 inductum
754 328 790 363 in
812 328 912 374 lege:
935 327 1066 363 dicitur
1086 327 1184 362 enim
1205 326 1314 362 Deut.
1338 337 1413 374 23.:
1441 328 1605 374 Ingressus
1624 330 1676 364 vi-

100 393 196 418 neam
214 382 370 430 proximi
390 382 441 418 tui
461 381 588 418 comede
609 393 704 424 uvas,
721 387 880 428 quantum
903 383 963 417 tibi
975 381 1143 429 placuerit
1153 393 1166 423 ,·
1186 391 1274 427 ergo
1295 380 1352 416 lex
1374 389 1476 416 vetus
1497 393 1571 417 non
1591 393 1676 417 con-

99 434 289 472 venienter
309 434 522 483 providebat
543 435 738 470 hominum
759 435 851 482 paci.

172 497 205 524 2.
232 487 472 525 PRAETEREA.
503 488 555 524 Ex
582 488 653 523 hoc
681 489 840 523 maxime
867 488 1002 523 multae
1030 487 1204 530 civitates,
1231 496 1267 523 ct
1292 499 1404 534 regna
1431 488 1674 532 destruuntur,

99 541 198 590 quod
219 542 470 590 possessiones
492 542 535 577 ad
558 541 729 578 mulieres
756 542 980 589 perveniunt,
1003 550 1041 577 ut
1062 541 1155 576 Phil.
1177 541 1264 577 dicit
1285 543 1321 577 in
1343 551 1374 576 2.
1398 542 1506 577 Polit.
1530 543 1618 589 (cap.
1642 554 1674 589 7.

99 600 177 632 anu
194 595 322 642 med.).·
343 596 407 632 sed
427 595 500 631 hoc
521 595 588 631 fuit
605 596 853 631 introductum
876 596 911 630 in
934 595 1047 631 veteri
1069 595 1166 641 lege:
1190 595 1320 630 dicitur
1341 596 1438 630 enim
1461 595 1571 630 Num.
1596 606 1672 642 27.:

100 649 214 686 Homo
235 661 311 686 cum
335 655 486 686 mortuus
503 650 614 697 suerit
638 651 757 696 absque
780 650 863 694 filio,
890 649 933 684 ad
953 650 1062 695 filiam
1090 651 1158 695 ejus
1179 650 1332 685 transibit
1353 649 1561 691 haereditas;
1586 660 1674 696 ergo

99 714 175 740 non
195 703 454 740 convenienter
476 703 633 750 providit
653 703 711 738 lex
732 702 839 738 saluti
860 702 996 749 populi.

175 767 206 804 3.
226 755 466 793 PRAETEREA.
498 756 664 792 Societas
698 757 892 792 hominum
923 756 1081 791 maxime
1111 764 1347 792 conservatur
1376 767 1440 803 per
1464 756 1550 800 hoc,
1576 756 1674 803 quod

98 809 270 849 homines
291 810 461 853 emendo,
483 818 519 845 et
551 810 746 846 vendendo
772 810 838 845 sibi
859 810 1016 845 invicem
1049 821 1104 845 res
1126 821 1209 845 suas
1236 810 1523 853 communicant,
1546 810 1675 857 quibus

55 907 61 913 ,
99 862 275 911 indigent,
296 870 337 899 ut
355 862 486 899 dicitur
505 863 542 898 in
569 874 597 899 1.
621 863 728 899 Polit.
749 863 838 911 (cap.
854 876 884 910 5.
905 868 934 899 ct
955 864 1018 910 7.).·
1040 864 1104 899 sed
1126 863 1182 899 lex
1208 872 1312 899 vetus
1339 863 1483 900 abstulit
1503 863 1675 899 virtutem

99 917 337 955 venditionis:
372 917 560 954 mandavit
593 918 705 962 enim,
726 918 824 965 quod
851 918 1033 965 possessio
1054 918 1199 953 vendita
1226 927 1466 954 reverteretur
1487 919 1531 953 ad
1552 918 1674 954 vendi-

98 978 219 1008 torem
237 971 276 1008 in
289 970 594 1019 quinquagesimo
613 983 710 1008 anno
723 971 888 1018 Jubilaei,
899 980 937 1007 ut
954 980 1053 1019 patet
1063 971 1150 1008 Lev.
1166 981 1235 1018 25.;
1250 972 1550 1008 inconvenienter
1566 971 1676 1019 igitur

97 1023 157 1062 lex
175 1024 356 1073 populum
375 1024 482 1061 illum
503 1025 600 1060 circa
625 1025 697 1061 hoc
719 1025 883 1061 instituit.

169 1087 206 1124 4.
227 1078 466 1115 PRAETEREA.
488 1078 774 1115 Necessitatibus
795 1079 991 1114 hominum
1013 1078 1171 1115 maxime
1186 1079 1340 1126 expedit,
1362 1087 1400 1115 ut
1421 1079 1591 1115 homines
1605 1079 1676 1115 sint

98 1132 261 1180 prompti
271 1132 318 1168 ad
333 1140 501 1169 mutuum
515 1132 810 1168 concedendum:
826 1144 919 1180 quae
933 1133 1083 1180 quidem
1096 1133 1344 1180 promptitudo
1359 1132 1497 1168 tollitur
1510 1144 1573 1180 per
1590 1133 1675 1176 hoc,

98 1185 198 1234 quod
229 1185 429 1223 creditores
461 1194 611 1234 accepta
637 1197 712 1222 non
739 1187 912 1230 reddunt;
934 1187 1029 1222 unde
1051 1187 1181 1222 dicitur
1203 1187 1238 1221 in
1260 1187 1372 1222 Eccli.
1392 1197 1460 1234 29.:
1484 1188 1589 1223 Mum
1608 1199 1675 1222 non

95 1250 198 1277 cama
215 1240 382 1288 nequitiae
400 1251 469 1277 non
486 1240 649 1285 foenerati
667 1246 755 1283 sunt,
777 1240 830 1276 sed
842 1240 1009 1287 fraudari
1023 1241 1127 1286 gratis
1148 1241 1352 1276 tinnierunt:
1379 1241 1451 1275 hoc
1475 1248 1598 1276 autem
1621 1239 1674 1275 in-

97 1292 199 1331 duxit
217 1292 291 1330 lex:
301 1295 415 1342 primo
433 1293 581 1342 quidem
603 1294 688 1341 quia
709 1294 895 1329 mandavit
911 1294 1020 1329 Deut.
1041 1304 1105 1339 15.:
1122 1294 1188 1330 Cui
1206 1293 1338 1330 debetur
1352 1294 1535 1341 aliquid-ab
1550 1295 1675 1337 amico,

96 1347 152 1384 vel
165 1348 341 1396 proximo,
365 1359 405 1384 ac
422 1348 537 1395 fratre
561 1359 630 1391 suo,
654 1353 796 1395 repetere
817 1360 882 1382 non
899 1349 1045 1395 poterit;
1065 1348 1146 1394 quia
1171 1359 1278 1383 annus
1305 1349 1504 1383 remissionis
1526 1353 1569 1384 est
1594 1349 1674 1384 Do-

96 1402 184 1441 mini
190 1413 204 1443 ,·
226 1408 262 1436 et
274 1400 388 1436 Exod.
403 1411 459 1436 22.
474 1400 615 1444 dicitur,
634 1402 731 1448 quod
750 1402 777 1436 si
794 1406 966 1449 praesente
983 1401 1132 1444 domino,
1155 1401 1284 1436 animal
1299 1407 1486 1436 nmtuatum
1502 1406 1674 1437 nior-ticum

97 1454 210 1498 suerit,
231 1453 366 1491 reddere
385 1466 450 1491 non
468 1459 619 1491 tenetur:
648 1454 799 1498 secundo,
832 1455 916 1502 quia
943 1453 1102 1490 aufertur
1127 1454 1161 1490 ei
1191 1455 1377 1498 securitas,
1400 1467 1493 1503 quae
1519 1455 1674 1490 habetur

97 1519 162 1556 pet
181 1507 330 1556 pignus:
352 1508 482 1545 dicitur
502 1509 600 1544 enim
626 1508 735 1544 Dent.
762 1518 841 1552 24:
864 1509 950 1545 Cum
977 1514 1096 1556 repetes
1122 1520 1142 1544 a
1159 1510 1320 1556 proximo
1349 1514 1402 1544 tuo
1425 1522 1493 1545 rem
1513 1509 1674 1556 aliquam,

97 1573 200 1611 quam
218 1562 310 1600 debet
335 1563 408 1606 tibi,
429 1574 496 1598 non
523 1562 716 1610 ingredieris
733 1562 867 1598 domum
887 1565 970 1608 ejus,
992 1568 1029 1598 ut
1047 1564 1170 1610 pignus
1187 1563 1340 1610 auferas:
1364 1571 1399 1598 et
1418 1563 1574 1599 iterum:
1596 1563 1676 1599 Non

91 1617 304 1666 pernoctabit
323 1616 412 1665 apud
440 1622 469 1653 te
487 1617 619 1664 pignus,
638 1616 690 1652 sed
713 1618 827 1653 statim
843 1616 953 1652 reddes
966 1618 1017 1658 e1“;
1041 1628 1130 1664 ergo
1152 1616 1413 1653 insufficienter
1434 1616 1501 1653 fuit
1527 1617 1672 1652 ordina-

101 1678 182 1707 tum
200 1670 239 1707 in
256 1669 340 1718 lege
360 1670 406 1707 de
431 1670 576 1706 mutuis.

171 1735 203 1772 ς.
223 1724 463 1762 ΡιΔΕτειιΕΛ.
485 1724 537 1760 Ex
557 1723 832 1760 defraudatione
858 1724 1013 1771 depositi
1040 1724 1241 1759 maximum
1257 1724 1459 1771 periculum
1486 1725 1674 1769 imminet3

97 1786 134 1815 et
151 1778 237 1815 ideo
257 1786 311 1815 ωε
331 1778 492 1814 maxima
519 1778 661 1814 cautela
683 1778 910 1821 adhibenda3
950 1779 1044 1813 unde
1079 1778 1189 1814 etiam
1224 1779 1355 1814 dicitur
1382 1789 1414 1814 2.
1437 1779 1605 1815 Machab.
1631 1791 1673 1826 3.,

97 1831 197 1880 quod
216 1831 405 1869 Sacerdotes
425 1832 629 1868 invocabant
646 1844 719 1868 eum
741 1832 778 1867 de
799 1832 900 1875 coelo,
922 1833 980 1879 qui
1000 1831 1038 1867 dc
1058 1831 1208 1880 depositis
1229 1832 1328 1877 legem
1345 1833 1469 1879 posuit,
1490 1839 1525 1869 ut
1547 1833 1595 1868 bis
1616 1834 1674 1880 qui

97 1885 315 1934 deposuerunt
338 1897 388 1930 ea,
418 1886 513 1922 salva
542 1885 735 1921 custodiret:
758 1885 820 1921 sed
842 1886 877 1920 in
901 1894 1092 1933 praecepta
1114 1886 1245 1921 veteris
1271 1885 1363 1932 legis
1401 1898 1510 1933 parva
1534 1886 1676 1922 cautela

99 1938 196 1975 circa
217 1939 383 1987 deposita
410 1939 624 1975 adhibetur:
647 1939 778 1974 dicitur
804 1939 902 1974 enim
926 1939 1039 1974 Exod.
1067 1949 1135 1982 22„
1154 1939 1251 1986 quod
1270 1941 1316 1974 -in
1345 1941 1518 1976 artiissione
1538 1940 1676 1988 depositi

95 1997 206 2030 statur
219 1994 414 2041 juramento
435 1995 504 2040 ejus
525 1993 616 2041 apud
641 2005 735 2040 quem
749 1993 823 2040 suit
849 1993 1047 2041 depositum·
1067 2004 1156 2040 ergo
1178 2004 1251 2028 non
1274 1992 1339 2028 suit
1361 1994 1458 2029 circa
1484 1994 1555 2029 hoc
1583 1994 1678 2040 legis

99 2046 282 2083 ordinatio
303 2046 537 2083 conveniens.

170 2099 204 2137 6.
224 2100 464 2138 PRAETEREA.
504 2100 608 2136 Sicut
639 2099 769 2147 aliquis
803 2100 1048 2136 mercenarius
1074 2099 1172 2136 locat
1197 2111 1327 2147 operas
1353 2112 1460 2145 suas;
1487 2101 1535 2137 ita
1563 2102 1673 2138 etiam

100 2153 213 2203 aliqui
232 2153 358 2192 locant
377 2154 543 2197 domum,
564 2153 623 2190 vel
643 2165 897 2202 quaecumque
920 2153 988 2189 alia
1012 2154 1242 2200 hujusmodi:
1264 2155 1326 2190 sed
1353 2166 1428 2190 non
1443 2164 1497 2191 est
1514 2167 1678 2191 necessa-

100 2207 209 2252 rium,
228 2216 269 2245 ut
286 2208 409 2245 statim
431 2208 588 2256 pretium
602 2207 744 2244 locatae
758 2208 890 2243 domus
913 2209 1116 2245 conductor
1130 2209 1317 2253 exhibeat3
1337 2221 1424 2257 ergo
1440 2210 1550 2245 ctiam
1566 2210 1675 2246 nimis

101 2261 234 2298 durum
254 2260 332 2306 fuit,
353 2262 451 2311 quod
473 2262 690 2310 praecipitur
712 2261 799 2298 Lev.
826 2273 889 2310 19.:
912 2263 990 2298 Nou
1004 2263 1194 2299 morabitur
1208 2270 1286 2310 opus
1307 2265 1507 2300 mercenarii
1522 2266 1571 2300 tui
1585 2264 1676 2310 apud

101 2319 133 2353 ta
150 2327 250 2364 mque
270 2327 378 2352 mane.

174 2379 207 2416 7.
226 2368 465 2406 PRAETEREA.
488 2368 585 2406 Cum
607 2368 812 2416 frequenter
842 2369 1033 2405 immineat
1065 2370 1285 2416 judiciorum
1323 2371 1532 2414 necessitas,
1559 2370 1675 2407 facilis

102 2421 210 2459 debet
229 2433 309 2460 esse
330 2434 499 2459 accessus
533 2423 759 2469 adjudicem;
781 2423 1079 2459 inconvenienter
1099 2424 1207 2470 igitur
1225 2424 1350 2460 statuit
1364 2424 1419 2460 lex
1434 2425 1580 2460 Deuter.
1602 2436 1674 2471 17.:

112 2475 158 2513 Ut
181 2476 268 2513 irent
286 2475 333 2513 ad
350 2489 454 2514 unum
476 2477 584 2513 locum
605 2476 789 2524 expedituri
801 2476 967 2523 judicium
985 2477 1022 2513 de
1038 2479 1104 2513 suis
1121 2477 1240 2513 dubiis.

172 2529 206 2567 8.
233 2529 472 2567 Pul-:Teum
506 2529 683 2566 Possibile
705 2538 769 2573 est,
790 2542 864 2566 non
886 2530 1007 2566 solum
1029 2531 1132 2574 duos,
1147 2531 1208 2566 sed
1237 2531 1346 2566 etiam
1368 2539 1452 2573 tres,
1475 2531 1531 2567 vel
1554 2531 1674 2579 plures

52 2626 53 2629 Ἴ
103 2583 330 2621 concordare
347 2583 393 2620 ad
414 2583 688 2627 mentiendum3
710 2584 1009 2620 inconvenienter
1031 2584 1138 2630 igitur
1159 2585 1289 2620 dicitur
1314 2585 1512 2620 Deuteron.
1540 2596 1611 2633 19.:
1634 2586 1675 2622 In

101 2648 159 2674 ore
181 2636 405 2681 duorum,ve1
424 2639 527 2674 m’um
555 2639 681 2674 testium
703 2639 802 2674 stabit
822 2650 918 2674 omne
934 2640 1086 2674 verbum.

173 2701 208 2740 9.
233 2690 472 2729 Puerum.
499 2691 624 2727 Poena
646 2691 751 2728 debet
785 2693 897 2728 taxari
919 2693 1119 2728 secundum
1147 2692 1384 2739 quantitatem
1409 2692 1556 2739 culpae;
1579 2693 1674 2728 unde

101 2743 234 2783 dicitur
249 2744 362 2782 etiam
381 2745 491 2782 Deut.
514 2755 591 2790 25.:
616 2745 682 2781 Pro
704 2757 858 2781 trieri-sura
870 2748 999 2794 pcccati
1017 2748 1079 2782 erit
1104 2752 1133 2782 ct
1150 2747 1329 2793 plagarum
1353 2746 1466 2781 modus
1481 2760 1491 2781 .·
1514 2746 1576 2782 sed
1599 2746 1676 2794 qui-

101 2797 256 2836 busdam
270 2798 480 2848 aequalibus
501 2798 617 2846 culpis
628 2798 684 2835 lex
702 2799 827 2836 statuit
841 2799 1050 2847 inaequales
1068 2811 1223 2847 poenas:
1240 2800 1476 2835 diciturenim
1489 2799 1600 2835 Exod.
1618 2810 1674 2836 22.

102 2851 201 2900 quod
218 2852 438 2900 mukaetjur
449 2853 592 2901 quirtque
610 2854 705 2889 boves
714 2860 779 2900 pro
797 2866 863 2889 uteo
882 2855 974 2895 bove,
994 2858 1024 2890 et
1041 2859 1186 2900 quatuor
1200 2866 1273 2889 oves
1291 2862 1354 2901 pro
1373 2866 1439 2889 una
1459 2866 1517 2889 ove
1533 2867 1543 2889 .·
1566 2865 1672 2901 quae-

102 2903 190 2944 dum
206 2904 319 2944 etiam
337 2915 413 2943 non
434 2904 591 2943 multum
609 2906 733 2953 gravia
752 2915 900 2953 peccata
919 2907 1018 2954 gravi
1035 2918 1151 2955 poena
1164 2907 1372 2954 puniuntur3
1390 2907 1483 2943 sicut
1493 2907 1603 2943 Num.
1624 2918 1675 2954 ¹5·
