1907 3182
237 129 322 183 382
673 142 893 176 QUAESTIO
928 143 995 171 LV.
1030 142 1273 171 ARTICULUS
1307 143 1362 171 IV.

241 223 335 257 Vm).
364 223 480 269 Apost.
504 229 575 269 cap.
598 235 644 257 Π.
668 224 746 257 circ.
768 223 894 268 metl,):
919 224 989 267 Qui
1011 224 1136 257 creavit
1158 228 1184 257 ta
1204 224 1272 257 sine
1306 228 1345 264 ta,
1380 235 1444 257 non
1467 224 1661 268 justificabit
1686 228 1712 257 te
1732 224 1798 259 sine

234 281 282 310 te.-
305 275 604 310 inconvenienter
623 288 709 322 ergo
725 276 864 318 dicitur,
883 276 978 322 quod
997 278 1153 310 virtatem
1169 277 1260 310 Deus
1273 277 1309 309 in
1329 277 1422 310 nobis
1435 278 1502 310 sine
1517 278 1609 310 nobis
1629 281 1796 322 operatur.

306 329 379 363 SED
403 339 556 364 CONTRA
579 338 632 363 est
653 329 847 363 auctoritas
874 329 1040 374 August„
1076 340 1117 362 ex
1140 330 1241 374 cujus
1271 329 1388 363 verbis
1424 329 1607 374 praedicta
1637 328 1796 363 definitio

237 382 430 428 colligitur,
453 391 487 417 et
504 383 694 429 praecipue
716 383 753 416 in
773 393 803 416 2.
827 383 870 416 de
890 382 1020 416 Libero
1041 382 1172 416 Arbitr.
1195 383 1286 429 (cap.
1313 395 1364 429 19.
1391 387 1419 416 et
1433 383 1488 416 lib.
1511 394 1543 426 4.
1566 387 1652 417 cont.
1669 382 1795 427 Julian.

234 442 306 482 cap.
325 448 352 482 3.
372 441 401 470 et
420 442 491 483 sup.
514 436 594 470 illud
615 436 700 470 Psal.
720 437 811 471 118:
834 436 910 470 Feci
927 436 1106 481 judicium,
1127 441 1182 470 etc.
1210 447 1299 471 conc.
1322 436 1378 471 26.
1400 441 1473 470 ante
1495 435 1607 480 med).

303 490 531 524 RESPONDEO
555 489 868 535 dicendum,quod
890 490 957 523 ista
979 489 1141 523 definitio
1163 488 1320 535 perfecte
1336 489 1590 535 complectitur
1609 496 1725 523 totam
1746 499 1798 522 ra-

231 543 369 577 tionem
390 544 540 577 virtutis.
564 542 728 577 Perfecta
751 543 848 577 enim
870 543 961 577 ratio
984 543 1265 589 uniuscujusque
1286 544 1339 577 rei
1361 543 1544 589 colligitur
1565 554 1608 577 ex
1629 542 1797 576 omnibus

232 596 348 630 causis
371 597 463 642 ejus:
487 596 762 642 comprehendit
784 604 904 630 autem
935 596 1119 642 praedicta
1153 596 1312 630 definitio
1336 608 1464 630 omnes
1487 607 1613 630 causas
1635 596 1796 630 virtutis:

232 661 340 684 causa
362 661 519 695 namque
540 649 702 683 formalis
728 649 879 691 virtutis,
901 650 994 684 sicut
1021 658 1055 684 et
1082 649 1270 696 cujuslibet
1296 650 1358 693 rei,
1380 650 1553 696 accipitur
1580 661 1622 684 ex
1644 650 1720 694 ejus
1741 660 1798 695 ge-

231 714 329 744 nere,
351 711 385 736 et
407 702 618 744 differentia,
635 715 717 736 cum
739 703 868 737 dicitur
885 704 969 738 bona
987 704 1139 749 qualitas,
1159 715 1272 750 genus
1293 704 1390 738 enim
1408 704 1547 738 virtutis
1566 703 1708 749 qual-itas
1725 711 1796 746 est;

232 755 431 790 differentia
455 764 575 790 autem
598 757 742 790 boumn:
771 765 864 791 esset
885 765 1007 791 tamen
1031 757 1305 791 convenientior
1331 757 1504 799 definitio,
1526 757 1557 791 si
1578 757 1663 791 loco
1686 756 1796 802 quali-

229 809 311 843 tatis
333 810 462 844 liabitas
482 817 687 855 poneretur,
710 810 770 855 qui
793 819 845 844 est
872 822 985 855 genus
1012 811 1266 856 propinquum.
1294 809 1417 844 Virtus
1444 818 1565 844 autem
1586 821 1661 844 non
1688 810 1797 844 habet

231 862 422 896 materiam
443 874 482 896 ex
503 874 580 908 qua,
604 863 696 897 sicut
716 874 784 897 nec
808 863 877 896 alia
901 863 1120 905 accidentia;
1142 864 1204 898 sed
1225 863 1335 897 habet
1360 863 1551 898 materiam
1572 864 1662 898 circa
1684 875 1795 909 quam,

230 923 265 949 et
286 916 477 949 materiam
500 917 533 949 in
555 927 632 962 qua,
656 916 794 950 scilicet
821 917 1033 962 subjectum.
1060 917 1212 951 Materia
1235 925 1356 952 autem
1378 919 1469 951 circa
1495 928 1596 963 quam
1623 924 1675 957 est
1701 917 1795 962 obJe-

229 977 328 1002 ctum
358 969 509 1011 virtutis,
543 970 640 1015 quod
672 981 747 1003 non
786 970 902 1016 potuit
926 970 963 1004 in
985 970 1167 1016 praedicta
1190 970 1399 1004 definitione
1420 972 1526 1016 poni3
1549 981 1592 1004 eo
1614 970 1712 1016 quod
1733 981 1795 1016 per

229 1022 412 1067 objectum
447 1022 707 1057 determinatur
735 1023 847 1057 virtus
881 1024 926 1057 ad
957 1024 1134 1069 speciem:
1162 1023 1221 1058 hic
1249 1032 1370 1058 autern
1408 1024 1612 1070 assignatur
1634 1023 1795 1057 definitio

227 1076 365 1109 virtutis
388 1077 424 1110 in
446 1077 646 1118 communi,
668 1077 763 1111 unde
785 1077 931 1123 ponitur
949 1077 1152 1122 subjectum
1173 1076 1257 1111 loco
1278 1088 1407 1111 causae
1423 1076 1631 1118 materialis,
1646 1087 1730 1110 cum
1748 1076 1796 1110 di-

228 1129 329 1171 citur,
353 1130 450 1175 quod
473 1138 526 1164 est
547 1131 632 1164 bona
653 1130 797 1176 qualitas
818 1132 942 1165 mentis.
959 1130 1055 1164 Finis
1078 1139 1201 1164 autem
1221 1131 1362 1165 virtutis
1384 1142 1468 1164 cum
1483 1130 1529 1164 sit
1548 1130 1692 1164 habitus
1714 1141 1796 1176 ope-

228 1182 374 1225 rativus,
397 1191 449 1217 est
469 1183 546 1230 ipsa
569 1185 750 1230 operatio:
773 1184 835 1218 sed
857 1184 1071 1227 notandum,
1088 1184 1185 1230 quod
1199 1183 1388 1218 habituum
1405 1183 1675 1230 operativorum
1692 1183 1797 1228 aliqui

227 1244 309 1270 sunt
329 1247 471 1283 semper
494 1237 538 1270 ad
560 1236 717 1272 malum:
741 1239 833 1271 sicut
858 1237 1001 1271 habitus
1022 1237 1161 1281 vitiosi:
1185 1237 1290 1283 aliqui
1322 1248 1409 1272 vero
1432 1237 1650 1283 quandoque
1673 1237 1715 1270 ad
1736 1237 1783 1270 bo

226 1301 325 1331 num,
348 1297 382 1324 et
404 1290 619 1336 quandoque
643 1291 686 1324 ad
701 1290 860 1333 malum;
882 1291 975 1324 sicut
997 1291 1120 1336 opinio
1156 1302 1194 1325 se
1215 1291 1325 1325 habet
1358 1291 1402 1324 ad
1428 1301 1568 1332 verum,
1590 1298 1625 1324 et
1645 1289 1794 1332 falsum3

226 1343 337 1377 virtus
361 1351 482 1377 autem
505 1352 557 1378 est
578 1344 721 1378 habitus
743 1355 886 1390 semper
909 1355 945 1378 se
967 1344 1105 1378 habens
1121 1344 1163 1378 ad
1178 1344 1336 1386 bonum3
1358 1352 1393 1378 et
1413 1344 1496 1378 ideo
1519 1352 1558 1378 ut
1575 1344 1796 1378 discernatur

224 1397 333 1431 virtus
354 1397 394 1431 ab
418 1397 485 1439 his,
507 1409 598 1444 quae
621 1408 762 1444 semper
784 1409 821 1432 se
843 1398 977 1432 habent
1011 1397 1055 1432 ad
1088 1397 1238 1440 malum,
1261 1397 1408 1432 dicitur:
1437 1398 1516 1442 Qua
1544 1402 1630 1432 recte
1650 1398 1793 1440 vivitur,

226 1458 264 1484 ut
286 1458 407 1484 autem
429 1451 652 1485 discernatur
675 1451 716 1485 ab
739 1451 806 1493 his,
829 1463 921 1497 quae
943 1463 980 1485 se
1003 1451 1137 1485 habent
1158 1451 1374 1498 quandoque
1397 1451 1440 1484 ad
1459 1451 1609 1493 bonurn,
1637 1450 1795 1496 quando-

228 1515 297 1549 que
320 1504 363 1538 ad
387 1503 536 1547 malum,
559 1505 706 1539 dicitur:
730 1505 808 1549 Qua
831 1504 938 1539 nullus
952 1505 1037 1539 male
1060 1506 1186 1540 utitur:
1203 1516 1312 1539 causa
1335 1512 1456 1539 autem
1478 1503 1637 1538 efficiens
1654 1505 1793 1538 virtutis

225 1555 374 1600 infusae,
397 1558 440 1592 de
463 1569 532 1604 qua
559 1558 719 1592 definitio
746 1558 860 1600 datur,
886 1558 987 1592 Deus
1014 1566 1078 1600 est,
1101 1566 1246 1604 propter
1273 1558 1370 1604 quod
1397 1557 1544 1591 dicitur:
1568 1558 1681 1602 Quam
1703 1558 1795 1592 Deus

227 1611 262 1644 in
283 1612 387 1653 nobis,
420 1612 488 1646 sine
519 1613 612 1646 nobis
645 1616 825 1658 operatur:
849 1623 940 1657 quae
963 1612 1108 1657 quidem
1143 1611 1318 1657 particula
1339 1611 1369 1645 si
1391 1610 1581 1653 auferatur,
1612 1610 1791 1656 reliquum

225 1664 442 1699 definitionis
465 1665 530 1699 erit
552 1676 749 1699 commune
772 1665 940 1699 omnibus
961 1665 1162 1706 virtutibus,
1185 1673 1218 1699 et
1241 1665 1434 1711 acquisitis,
1457 1672 1492 1699 et
1512 1663 1649 1699 infusis.

295 1718 354 1752 AD
381 1729 530 1753 PRIMUM
553 1729 639 1763 ergo
663 1718 868 1759 dicendum,
889 1718 986 1764 quod
1020 1718 1066 1760 id,
1088 1718 1185 1764 quod
1206 1720 1323 1764 primo
1343 1718 1439 1752 cadit
1459 1718 1495 1752 in
1524 1717 1722 1760 intellectu,
1741 1727 1794 1752 est

228 1782 311 1813 ens;
330 1772 424 1806 unde
463 1772 657 1818 unicuique
685 1772 911 1818 apprehenso
935 1783 954 1805 a
975 1772 1081 1806 nobis
1103 1771 1341 1813 attribuimus,
1364 1771 1460 1818 quod
1495 1773 1540 1806 sit
1582 1783 1646 1814 ens,
1671 1779 1706 1806 et
1729 1782 1793 1818 per

226 1836 453 1871 consequens
475 1826 572 1871 quod
594 1825 639 1859 sit
659 1838 774 1868 anam,
798 1833 833 1860 et
855 1827 988 1868 bonam,
1012 1836 1104 1871 quae
1127 1833 1387 1859 convertuntur
1401 1836 1485 1859 cum
1508 1833 1609 1868 ente3
1630 1825 1725 1860 unde
1745 1825 1794 1859 di-

225 1878 352 1920 cimus,
368 1879 464 1924 quod
488 1879 641 1913 essentia
664 1887 716 1913 est
738 1890 812 1920 ens,
829 1887 863 1913 et
880 1890 963 1920 una,
986 1886 1020 1912 et
1040 1879 1156 1921 bona;
1179 1887 1214 1912 et
1235 1878 1331 1925 quod
1354 1878 1472 1913 unitas
1495 1886 1548 1913 est
1568 1889 1643 1920 ens,
1666 1886 1701 1913 et
1721 1889 1792 1912 una

224 1939 258 1966 et
278 1932 392 1966 bona:
417 1940 451 1966 et
473 1932 522 1966 sic
545 1932 710 1966 similiter
733 1933 775 1966 de
797 1932 975 1966 bonitate:
992 1943 1065 1966 non
1085 1940 1207 1966 autem
1228 1932 1300 1966 hoc
1322 1932 1431 1966 habet
1455 1931 1580 1966 locum
1601 1931 1638 1967 in
1659 1932 1794 1978 specia-

223 1985 315 2020 libus
338 1985 476 2028 formis,
498 1987 590 2020 sicut
615 1994 668 2020 est
695 1986 835 2028 albedo,
858 1994 893 2020 et
915 1987 1067 2020 sanitas:
1090 1997 1163 2020 non
1187 1987 1284 2020 enim
1307 1996 1416 2020 omne
1439 1985 1536 2032 quod
1559 1985 1792 2032 apprehendi-

224 2050 316 2081 mus,
346 2039 409 2073 sub
446 2041 584 2073 ratione
608 2039 690 2082 albi,
713 2047 746 2074 et
777 2040 854 2074 sani
882 2040 1204 2086 apprehendimus:
1231 2039 1293 2073 sed
1319 2047 1442 2074 tamen
1471 2039 1789 2082 considerandum,

223 2093 320 2138 quod
344 2093 436 2126 sicut
458 2093 670 2135 accidentia,
693 2101 727 2127 et
752 2092 893 2128 formae
925 2105 998 2127 non
1022 2093 1254 2128 subsistentes
1283 2093 1449 2127 dicuntur
1477 2094 1579 2135 entia,
1597 2103 1671 2127 non
1693 2092 1790 2139 quod

222 2146 299 2192 ipsa
320 2146 478 2180 habeant
502 2158 590 2188 esse,
613 2146 674 2180 sed
697 2147 781 2193 quia
802 2147 852 2181 eis
875 2147 1009 2193 aliquid
1032 2155 1106 2181 est:
1130 2147 1179 2181 ita
1193 2147 1303 2181 etiam
1317 2147 1484 2181 dicuntur
1506 2147 1603 2190 bona,
1626 2146 1685 2182 vel
1706 2158 1787 2189 una,

223 2210 296 2233 non
320 2199 466 2245 quidem
489 2199 608 2245 aliqua
631 2200 699 2234 alia
721 2200 893 2242 bonitate,
915 2200 974 2235 vel
996 2200 1144 2242 unitate,
1167 2200 1228 2234 sed
1250 2200 1333 2247 quia
1349 2208 1402 2235 est
1422 2200 1473 2234 eis
1489 2200 1634 2246 aliquod
1656 2201 1790 2243 bonum,

222 2252 280 2287 vel
301 2265 403 2287 unum
427 2252 487 2298 [al.
518 2253 682 2298 malum];
704 2254 754 2287 sic
779 2254 887 2299 igitur
909 2262 944 2288 et
976 2254 1087 2288 virtus
1110 2254 1239 2288 dicitur
1265 2255 1372 2296 bona,
1399 2254 1483 2300 quia
1514 2265 1556 2288 ea
1582 2253 1716 2300 aliquid
1738 2262 1791 2288 est

224 2306 372 2340 bonum.

294 2360 352 2393 An
375 2370 581 2395 SECUNDUM
604 2360 809 2402 dicendum,
829 2360 925 2407 quod
942 2362 1074 2403 lionam,
1091 2361 1187 2407 quod
1203 2361 1347 2407 ponitur
1361 2361 1397 2394 in
1412 2360 1621 2396 definitione
1635 2360 1788 2403 virtutis,

222 2424 295 2447 non
319 2421 371 2447 est
393 2414 529 2447 bonum
558 2425 769 2456 commune,
792 2414 888 2460 quod
912 2415 1133 2448 convertitur
1155 2426 1238 2448 cum
1261 2422 1354 2456 ente,
1377 2422 1411 2448 et
1433 2423 1486 2449 est
1507 2415 1542 2449 in
1564 2415 1655 2462 plus,
1677 2426 1787 2461 quam

222 2466 392 2512 qualitas;
416 2467 476 2501 sed
500 2475 552 2500 est
574 2467 711 2501 bonum
735 2467 900 2501 rationis:
925 2468 1125 2501 secundum
1148 2468 1244 2513 quod
1267 2468 1420 2514 Dionys.
1439 2468 1525 2502 dicit
1542 2468 1578 2502 in
1596 2479 1629 2511 4.
1649 2479 1725 2514 cap.
1745 2468 1788 2503 de

221 2520 302 2553 Div.
318 2520 427 2554 Nom.
441 2520 544 2567 (part.
560 2532 592 2564 4.
608 2520 678 2554 loct.
694 2522 776 2565 22),
798 2521 893 2566 quod
909 2521 1047 2554 bonum
1063 2521 1205 2555 animae
1221 2530 1272 2555 est
1287 2521 1487 2555 secundum
1501 2521 1681 2556 rationem
1697 2532 1787 2556 esse.

292 2574 351 2608 AD
372 2584 542 2608 TERTmM
565 2573 770 2615 dicendum,
794 2575 889 2619 quod
913 2574 1023 2608 virtus
1050 2586 1123 2608 non
1152 2583 1270 2620 potest
1297 2586 1374 2609 esse
1402 2575 1437 2608 in
1464 2574 1661 2609 irrationali
1689 2582 1788 2621 parte

221 2627 374 2669 animae,
397 2627 464 2661 nisi
486 2627 699 2673 inquantum
723 2628 912 2673 participat
934 2628 1124 2670 rationem,
1149 2636 1186 2662 ut
1208 2629 1334 2662 dicitut
1355 2628 1391 2662 in
1417 2639 1444 2662 1.
1468 2628 1547 2662 Eth.
1577 2633 1664 2676 (cap.
1688 2628 1786 2673 ult),-

221 2688 256 2714 et
276 2680 358 2714 ideo
381 2680 484 2722 ratio,
506 2681 580 2715 sive
605 2692 706 2714 mens
729 2689 781 2714 est
804 2681 990 2726 proprium
1013 2682 1215 2725 subjectum
1237 2681 1375 2716 virtutis
1397 2681 1591 2716 humanae.

294 2734 352 2767 AD
376 2744 563 2772 QUARTUM
587 2734 793 2775 dicendum,
809 2734 905 2779 quod
929 2735 1084 2778 justitiae
1107 2744 1159 2769 est
1182 2735 1324 2781 propria
1344 2735 1533 2777 rectitudo,
1548 2746 1640 2781 quae
1659 2735 1789 2769 consti-

220 2787 329 2820 tuitur
351 2787 445 2821 circa
466 2799 520 2822 res
543 2788 748 2829 exteriores,
771 2799 862 2833 quae
885 2787 919 2820 in
943 2799 1046 2821 usum
1070 2789 1230 2823 hominis
1251 2789 1411 2830 veniunt,
1430 2799 1522 2835 quae
1540 2796 1622 2823 sunt
1642 2789 1786 2835 propria

222 2841 372 2875 materia
393 2841 560 2886 justitiae,
583 2850 619 2876 ut
641 2840 730 2875 infra
753 2842 886 2887 patebit
909 2841 953 2887 (q.
979 2844 1035 2876 (m.
1059 2847 1122 2877 art.
1142 2854 1172 2888 3.
1192 2847 1220 2877 cl
1242 2854 1311 2877 2-2.
1333 2854 1364 2888 q.
1383 2853 1433 2888 57.
1455 2847 1519 2877 art.
1543 2854 1569 2878 1.
1591 2847 1619 2877 e!
1641 2843 1704 2888 2.):
1724 2842 1784 2877 sed
