1907 3182
206 176 291 229 460
620 186 837 222 QUAESTIO
871 187 987 216 LXVI.
1021 186 1266 216 ARTICULUS
1299 186 1356 216 VI.

206 267 357 301 modum
379 268 465 313 ejus,
487 267 523 300 in
545 279 616 313 quo
639 275 710 301 est:
734 279 752 301 e
775 278 952 301 converso
976 275 1097 301 autem
1120 275 1173 301 est
1193 267 1229 300 in
1247 267 1314 309 his,
1333 278 1424 313 quae
1443 275 1524 301 sunt
1541 266 1632 301 infra
1649 267 1766 301 homi-

205 331 301 354 nem.
323 320 480 362 Secundo,
504 320 586 366 quia
609 320 796 366 prudentia
823 320 1032 354 moderatur
1059 327 1179 354 motus
1207 320 1420 366 appetitivos
1448 320 1491 353 ad
1518 319 1674 355 morales
1700 321 1766 354 vir-

206 381 299 407 tutes
320 373 555 419 pertinentes:
575 373 637 407 sed
659 373 745 407 fides
767 384 841 406 non
863 373 1071 407 moderatur
1090 381 1232 407 motum
1255 373 1491 419 appetitivum
1507 373 1715 407 tendentem
1728 373 1764 407 in

207 426 339 468 Deum,
362 427 422 472 qui
443 427 596 472 pertinet
625 426 668 460 ad
697 426 845 460 virtutes
866 425 1106 472 theologicas,
1136 426 1198 460 secl
1228 425 1348 460 solum
1378 426 1536 460 ostendit
1565 426 1763 472 objectum:

207 487 327 513 motus
350 488 471 513 autem
493 479 707 525 appetitivus
726 479 761 512 in
781 479 964 524 objectum
987 479 1125 513 excedit
1144 479 1393 524 cognitionem
1410 479 1622 522 humanam,
1642 490 1767 514 secun-

206 532 292 566 dum
313 532 401 566 illud
424 532 466 566 ad
489 532 618 578 Ephes.
646 543 691 577 3.:
713 532 1015 578 Supereminentem
1036 533 1189 567 scientiae
1212 532 1403 566 charitatem
1427 531 1562 567 Christi.

276 585 336 619 AD
364 596 569 620 SECUNDUM
596 584 799 626 dicendum,
831 585 926 631 quod
957 596 1036 630 spes
1072 584 1330 631 praesupponit
1359 596 1525 619 amorem
1553 585 1640 630 ejus,
1668 585 1764 631 quod

205 638 283 684 quis
301 639 449 684 adipisci
471 650 507 672 se
529 646 659 683 sperat,
675 638 734 683 qui
753 646 805 672 est
822 650 918 672 amor
935 639 1235 684 concupiscentiae:
1255 648 1327 684 quo
1343 638 1489 683 quidem
1504 649 1628 672 amore
1647 638 1764 684 magis

205 703 242 726 se
265 699 362 725 amat
384 692 444 737 qui
466 691 689 737 concupiscit
706 691 854 733 bonum,
870 702 979 737 quam
995 690 1128 737 aliquid
1144 690 1257 724 aliud:
1279 690 1432 725 charitas
1453 699 1575 726 autem
1593 691 1766 737 importat

205 756 352 778 amorem
374 746 551 786 amicitiae,
569 744 612 778 ad
626 755 736 790 quam
757 744 962 789 pervenitur
983 755 1055 790 spe,
1077 752 1116 778 ut
1137 755 1243 790 supra
1261 744 1398 777 dictum
1416 752 1469 778 est
1485 743 1530 790 (q.
1547 744 1602 779 62.
1622 749 1686 779 art.
1704 745 1765 789 4.).-

276 798 335 832 AD
355 808 526 832 TERTIUM
547 797 752 839 dicendum,
775 797 870 843 quod
894 808 1001 831 causa
1023 796 1211 843 perficiens
1234 805 1288 831 est
1307 798 1426 843 potior
1443 808 1509 831 suo
1532 796 1673 840 effectu,
1692 809 1765 832 non

206 858 326 885 autem
349 862 458 884 causa
480 851 693 897 disponens:
717 851 766 884 sic
790 851 887 884 enim
914 850 1014 884 calor
1042 850 1135 896 ignis
1161 858 1254 884 esset
1284 851 1414 895 potior,
1436 862 1545 896 quam
1567 850 1699 892 anima,
1722 851 1766 884 ad

206 915 314 949 quam
337 904 493 949 disponit
516 904 724 938 materiam:
749 903 845 950 quod
866 911 964 950 patet
993 915 1070 937 esse
1099 903 1246 937 falsum:
1278 903 1328 937 sic
1359 911 1479 937 autem
1501 902 1588 938 fides
1619 913 1767 949 generat

205 969 319 1004 spem,
343 966 377 992 et
397 969 476 1004 spes
500 958 733 1000 charitatem3
756 957 955 992 secundum
978 956 1115 991 scilicet
1138 957 1233 1003 quod
1257 968 1327 990 una
1349 957 1506 1003 disponit
1533 957 1576 991 ad
1603 957 1765 992 alteram.

687 1258 1043 1319 QUAESTIO
1085 1258 1286 1305 LXVII.

418 1381 480 1412 DE
507 1381 755 1414 DURATION
760 1383 786 1413 E
814 1381 1062 1413 VIRTUTUM
1088 1382 1202 1413 POST
1230 1381 1363 1413 HANC
1383 1381 1548 1419 VITAM,

665 1453 715 1483 IN
741 1453 827 1484 SEX
853 1452 1115 1484 ARTICULOS
1142 1453 1316 1483 DIVISA.

279 1591 419 1626 Deinde
443 1591 745 1625 considerandum
768 1599 820 1625 est
841 1592 884 1626 de
907 1591 1094 1626 duratione
1116 1591 1289 1626 virtutum
1311 1599 1393 1638 post
1412 1591 1507 1626 hanc
1529 1591 1652 1626 vitam.

716 1682 760 1715 Et
781 1683 871 1716 circa
893 1682 951 1715 hoc
974 1687 1179 1727 quadrantur
1199 1693 1263 1716 sex.

279 1751 414 1785 Primo.
439 1751 570 1785 Utrum
592 1751 740 1786 virtutes
763 1752 921 1786 morales
943 1760 1116 1786 maneant
1137 1760 1219 1798 post
1239 1752 1333 1786 hanc
1356 1752 1479 1786 vitam.

281 1804 461 1839 Secundo.
485 1805 615 1839 Utrum
635 1805 783 1840 virtutes
804 1805 1076 1839 intellectuales.

281 1857 420 1892 Tertio.
444 1858 575 1892 Utrum
596 1858 694 1892 fides.

282 1911 435 1952 Quarto.
459 1911 591 1946 Utrum
613 1920 799 1946 remaneat
820 1923 910 1957 spes.

283 1964 433 2005 Quinto.
457 1965 589 1999 Utrum
611 1973 797 2000 remaneat
821 1964 954 2011 aliquid
976 1964 1071 2007 fidei,
1093 1965 1150 2000 vel
1171 1965 1257 2012 spei.

281 2017 402 2052 Sexto.
425 2018 557 2052 Utrum
580 2027 726 2053 maneat
747 2018 913 2053 charitas.

782 2158 1128 2202 ARTICULUS
1164 2158 1196 2200 Ι.
1707 2179 1773 2216 350

340 2265 491 2296 UTRUM
518 2265 732 2295 vaUTEs
756 2266 957 2296 MORALES
985 2265 1193 2296 MANEANT
1221 2264 1333 2295 POST
1362 2265 1479 2295 HANG
1501 2265 1652 2294 VITAM.

489 2353 590 2399 (Injr.
618 2358 682 2387 nrt.
709 2365 740 2388 2.
767 2360 855 2399 corp.
883 2359 911 2388 ct
937 2353 979 2388 ad
1005 2365 1032 2388 r.
1059 2359 1087 2388 ct
1113 2365 1142 2399 q.
1171 2353 1223 2399 78.
1251 2357 1316 2387 art.
1345 2352 1377 2387 6.
1405 2358 1494 2398 corp.

212 2412 240 2442 et
257 2418 322 2442 2-2.
340 2418 369 2451 q.
385 2418 435 2451 52.
454 2412 519 2441 nrt.
534 2419 561 2452 3.
582 2406 623 2440 nd
641 2419 671 2442 2.
691 2412 720 2441 ct
737 2419 766 2452 3.
786 2408 873 2441 Dist.
894 2419 938 2452 33.
957 2419 986 2452 q.
1007 2419 1033 2441 1.
1053 2411 1117 2440 nrt.
1135 2417 1168 2450 4.
1189 2411 1216 2440 ct
1237 2417 1270 2450 4.
1290 2406 1378 2440 Dist.
1395 2417 1445 2449 14.
1465 2416 1496 2451 q.
1514 2417 1543 2440 ι.
1563 2411 1628 2440 art.
1648 2417 1676 2451 3.
1695 2416 1725 2451 q.
1745 2417 1773 2451 3.

788 2465 816 2494 ct
845 2460 927 2494 l'irt.
950 2471 979 2505 q.
999 2472 1028 2505 5.
1050 2465 1114 2494 art.
1136 2460 1199 2504 4.).

285 2550 344 2583 AD
367 2559 514 2584 prunum
542 2549 590 2583 sic
615 2549 829 2594 proceditur.
852 2548 1014 2589 Videtur,
1037 2549 1133 2594 quod
1155 2548 1302 2582 virtutes
1329 2546 1486 2581 morales
1508 2558 1581 2581 non
1604 2555 1775 2581 maneant

214 2611 294 2649 post
315 2603 408 2636 hanc
428 2603 558 2636 vitam:
582 2602 749 2636 homines
765 2602 860 2636 enim
878 2602 911 2635 in
931 2610 1022 2636 statu
1047 2601 1184 2636 futurae
1200 2600 1337 2647 gloriae
1353 2608 1457 2634 erunt
1470 2599 1605 2634 similes
1625 2599 1774 2646 angelis,

215 2664 252 2690 ut
273 2656 400 2690 dicitur
422 2655 548 2690 Matth.
573 2665 646 2690 22.:
670 2655 731 2690 scd
755 2655 945 2688 ridiculum
974 2663 1026 2689 cst
1053 2655 1087 2688 in
1116 2654 1252 2700 angelis
1279 2665 1414 2700 ponere
1436 2653 1582 2688 virtutes
1606 2653 1774 2694 morales,

216 2717 253 2743 ut
274 2709 403 2743 dicitur
430 2709 463 2743 in
497 2720 546 2744 10.
570 2708 685 2742 Ethic.
715 2708 799 2754 (sap.
827 2710 857 2743 δ’.
886 2710 963 2742 circ.
992 2708 1111 2753 mcd.),·
1143 2719 1230 2753 ergo
1257 2718 1374 2753 neque
1400 2707 1435 2740 in
1462 2706 1672 2742 hominibus
1694 2715 1775 2753 post

215 2763 307 2797 hanc
331 2763 442 2797 vitam
465 2771 566 2797 crunt
588 2763 734 2796 virtutes
757 2761 925 2795 morales.

287 2826 317 2850 2.
341 2816 575 2851 I‘nmsrrnm.
598 2815 756 2849 'virtutes
780 2814 937 2848 morales
960 2814 1147 2860 perficiunt
1173 2813 1362 2848 hominem
1390 2813 1425 2846 in
1451 2813 1523 2847 vita
1550 2812 1685 2847 activa:
1712 2812 1773 2846 sed

215 2871 285 2903 vita
309 2870 423 2904 activa
446 2881 518 2903 non
543 2877 663 2903 manet
686 2876 765 2915 post
787 2868 879 2902 hanc
903 2868 1032 2901 vitam:
1065 2867 1149 2900 dicit
1177 2867 1272 2901 enim
1297 2866 1496 2912 Gregorius
1524 2866 1558 2900 in
1584 2876 1616 2908 4.
1644 2865 1773 2900 Moral.
