1875 3198
203 204 288 259 824
617 214 836 250 QUAESTIO
873 213 990 243 CVIII.
1024 212 1268 242 ARTICULUS
1304 212 1362 241 ΙΙΙ.

201 297 336 333 subdit:
360 296 542 332 Abzmdare
560 296 660 342 faciet
679 309 709 331 se
724 297 874 330 omnibus
889 296 991 337 bonis,
1015 302 1191 341 quantum
1206 293 1249 328 ad
1264 293 1484 336 secundum
1505 304 1597 340 quae
1615 293 1762 340 quidem

199 351 378 398 promissa
399 351 449 385 sic
462 362 580 397 ‚prave
601 349 850 395 intelligebant
859 348 996 394 Judaei,
1019 356 1057 382 ut
1077 356 1224 394 propter
1242 359 1285 382 ea
1303 349 1398 382 esse't
1416 347 1499 382 Deo
1520 347 1762 389 serviendum,

200 405 293 439 sicut
312 412 458 451 propter
479 404 610 446 finem;
633 411 666 438 et
688 403 769 437 ideo
797 402 980 436 Dominus
1008 402 1080 436 hoc
1109 401 1277 443 removit,
1299 400 1492 435 ostendens
1509 402 1637 448 primo,
1665 401 1763 447 quod

200 470 311 505 opera
332 459 505 493 virtutum
526 469 601 492 non
623 465 704 491 sunt
725 456 889 490 facienda
911 463 1058 502 propter
1086 455 1288 489 humanam
1319 454 1491 500 gloriam:
1515 462 1550 489 et
1569 454 1672 501 ponit
1697 455 1763 489 tria

200 524 321 559 opera,
337 513 379 546 ad
402 523 493 558 quae
516 511 639 545 omnia
655 510 724 544 alia
745 509 979 543 reducuntur:
1006 520 1094 543 nam
1113 509 1248 550 omnia,
1271 519 1363 554 quae
1386 507 1514 554 aliquis
1534 507 1622 542 facit
1642 507 1687 542 ad
1713 519 1764 541 re-

200 566 438 600 fraenandum
460 566 618 611 seipsum
640 564 675 597 in
699 563 770 597 suis
794 562 1110 609 concupiscentiis,
1136 562 1357 596 reducuntur
1378 561 1422 596 ad
1438 563 1630 608 jejunium:
1658 572 1763 608 quae-

199 631 354 666 cumque
376 630 462 653 vero
485 618 574 652 fiunt
594 625 740 663 propter
762 616 997 650 dilectionem
1018 616 1184 662 proximi,
1214 615 1434 650 reducuntur
1455 616 1499 650 ad
1519 616 1761 662 elemosynam:

200 684 451 720 quaecumque
474 683 559 706 vero
582 679 727 717 propter
749 670 887 704 cultum
908 670 979 704 Dei
1000 669 1100 712 fiunt,
1122 670 1343 704 reducuntur
1364 670 1408 704 ad
1430 671 1628 704 orationem.
1655 669 1764 703 Ponit

199 735 320 763 autem
341 727 430 761 haec
455 727 520 760 Ινῐιι
541 724 755 771 specialiter,
787 724 889 770 quasi
921 724 1125 770 praecipua,
1154 731 1189 757 et
1209 735 1274 770 per
1295 734 1387 770 quae
1407 723 1578 758 homines
1604 722 1762 756 maxime

198 781 316 816 solent
338 780 493 826 gloriam
513 778 656 812 venari:
676 777 815 812 sectando
839 777 973 819 docuit,
995 777 1093 823 quod
1114 788 1190 811 non
1211 776 1383 811 debemus
1411 776 1522 811 finem
1543 776 1762 811 constituere

198 835 235 869 in
257 835 398 875 divitiis,
419 844 503 867 cum
525 832 628 866 dixit:
652 832 764 866 Nolite
783 831 1003 876 thesaurizare
1023 832 1117 865 vobis
1138 831 1302 865 thesauros
1318 831 1354 864 in
1376 835 1476 865 terra.

269 889 329 922 AD
356 897 537 926 QUINTUM
563 885 768 927 dicendum,
791 884 888 931 quod
910 885 1092 918 Dominus
1119 883 1390 918 solicitudinem
1418 878 1662 918 necessariam
1686 894 1762 918 non

197 942 391 989 prohibuit,
414 940 476 974 sed
498 938 769 974 solicitudinem
789 938 1052 972 inordinatam:
1077 945 1130 972 est
1159 945 1281 972 autem
1309 937 1515 984 quadruplex
1541 937 1761 971 inordinatio

197 995 436 1030 solicitudinis
449 994 596 1028 vitanda
608 993 703 1027 circa
717 991 949 1039 temporalia:
960 993 1076 1039 primo
1088 991 1247 1038 quidem,
1261 991 1346 1026 utin
1360 991 1411 1025 eis
1421 991 1533 1026 finem
1547 1002 1623 1025 non
1634 991 1764 1025 consti-

196 1059 351 1091 tuamus,
373 1059 490 1094 neque
519 1048 601 1082 Deo
629 1046 828 1081 serviamus
859 1053 1005 1092 propter
1032 1045 1239 1080 necessaria
1259 1045 1388 1088 victus,
1418 1052 1454 1080 et
1473 1045 1641 1088 vestitus;
1667 1044 1762 1079 unde

197 1104 297 1138 dicit:
318 1103 429 1138 Nolite
452 1102 672 1146 thesaurizare
692 1101 798 1142 vobis,
818 1107 893 1134 etc:
911 1099 1062 1142 secundo,
1085 1107 1124 1134 ut
1143 1110 1219 1133 non
1240 1099 1292 1133 sic
1315 1098 1541 1133 solicitemur
1561 1098 1606 1133 de
1625 1106 1764 1144 tempo-

197 1157 330 1192 ralibus
353 1168 437 1190 cum
452 1154 704 1202 desperatione
719 1153 831 1188 divini
846 1153 986 1195 auxilii3
1008 1153 1104 1188 unde
1121 1153 1305 1187 Dominus
1325 1152 1429 1188 dicit:
1443 1153 1515 1188 Scit
1526 1153 1627 1188 Pater
1645 1157 1762 1195 vester,

195 1211 280 1258 quod
301 1211 349 1245 his
378 1211 530 1244 omnibus
563 1208 734 1254 indigetis:
769 1209 877 1249 tertio,
905 1218 951 1242 ne
982 1207 1028 1241 sit
1049 1206 1243 1241 solicitudo
1265 1214 1548 1254 praesuntuosa;
1569 1213 1609 1240 ut
1626 1205 1766 1241 scilicet

194 1265 310 1299 homo
338 1263 495 1298 confidat
516 1274 554 1297 se
575 1261 780 1297 necessaria
808 1261 904 1295 vitae
931 1272 994 1308 per
1015 1272 1119 1295 suam
1141 1260 1413 1295 solicitudinem
1437 1271 1545 1307 posse
1566 1271 1762 1307 procurare

198 1319 331 1365 absque
354 1317 476 1352 divino
501 1315 647 1358 auxilio,
670 1315 768 1362 quod
788 1315 972 1349 Dominus
988 1323 1154 1350 removet
1174 1326 1238 1361 per
1250 1315 1335 1357 hoc,
1354 1314 1452 1361 quod
1467 1315 1562 1349 homo
1580 1326 1646 1349 non
1657 1319 1765 1361 potest

197 1372 324 1418 aliquid
352 1371 495 1417 adjicere
525 1370 567 1405 acl
594 1375 758 1405 staturam
783 1381 900 1404 suam:
931 1374 1049 1415 quarto
1071 1380 1136 1414 per
1155 1369 1240 1411 hoc,
1263 1368 1360 1415 quod
1381 1369 1498 1403 homo
1524 1367 1763 1403 solicitudinis

199 1435 341 1472 tempus
356 1432 616 1471 praeoccupat3
632 1423 715 1470 quia
729 1422 866 1457 scilicet
888 1423 930 1457 de
950 1423 1020 1457 hoc
1036 1422 1198 1457 solicitus
1213 1430 1268 1457 est
1279 1434 1388 1465 nunc,
1403 1422 1594 1469 quod,non
1610 1421 1765 1468 pertinet

199 1480 242 1514 ad
266 1491 391 1513 curam
412 1478 611 1525 praesentis
632 1476 819 1523 temporis,
841 1477 903 1511 sed
927 1476 970 1510 ad
986 1487 1112 1510 curam
1125 1475 1253 1518 futuri;
1275 1476 1370 1511 unde
1391 1475 1500 1511 dicit:
1515 1476 1626 1511 Nolite
1642 1475 1763 1510 soliciti

197 1546 258 1569 esse
278 1535 313 1568 in
332 1534 526 1568 crastiuum.

268 1588 328 1622 AD
356 1596 508 1621 SEXTUM
535 1584 740 1626 dicendum,
767 1584 863 1630 quod
891 1584 1074 1618 Dominus
1099 1595 1174 1618 non
1201 1583 1370 1629 prohibet
1393 1583 1569 1630 judicium
1594 1581 1762 1628 justitiae,

202 1641 277 1676 sine
305 1652 377 1687 quo
404 1651 478 1674 non
505 1646 653 1686 possent
678 1647 801 1673 sancta
836 1638 997 1672 subtrahi
1033 1638 1074 1672 ab
1103 1637 1278 1684 indignis:
1304 1637 1366 1672 sed
1392 1637 1560 1685 prohibet
1588 1637 1762 1684 judicium

197 1694 454 1736 inordinatum,
477 1701 516 1727 ut
537 1693 674 1727 dictum
696 1699 748 1726 est
771 1692 822 1736 (ln
841 1698 930 1739 corp.
953 1692 1048 1737 art).

742 1822 1088 1868 ARTICULUS
1119 1822 1196 1865 IV.
1696 1844 1757 1879 575

314 1934 467 1964 UTRUM
488 1933 828 1964 CONVENIENTER
855 1931 1062 1961 CONSILIA
1085 1931 1303 1966 QUAEDAM
1329 1930 1646 1960 DETERMINATA

610 1999 654 2028 IN
681 1998 792 2027 LEGE
814 1997 938 2027 NOVA
960 1997 1058 2026 SINT
1085 1996 1345 2026 PROPOSITA.

451 2088 541 2132 (Lib.
559 2101 586 2135 3.
611 2088 726 2123 Contr.
749 2099 778 2133 g.
803 2094 875 2135 cap.
898 2099 969 2134 230.
994 2093 1022 2122 et
1045 2086 1166 2132 Quodl.
1185 2097 1214 2132 5.
1237 2091 1302 2121 art.
1320 2097 1372 2132 19.
1391 2085 1509 2132 corp).

267 2179 328 2213 AD
351 2188 539 2218 QUARTUM
561 2177 610 2211 sic
633 2176 850 2222 proceditur.
869 2176 1031 2218 Videtur,
1054 2175 1151 2222 quod
1174 2174 1473 2209 inconvenienter
1498 2173 1534 2208 in
1555 2172 1636 2220 lege
1662 2184 1759 2208 nova

196 2232 347 2267 consilia
369 2231 550 2278 quaedam
568 2231 805 2266 determinata
825 2230 894 2265 sint
915 2230 1117 2276 proposita:
1142 2228 1294 2264 consilia
1315 2228 1413 2262 enim
1435 2227 1564 2262 dantur
1585 2227 1630 2262 de
1651 2227 1758 2262 rebus

196 2286 467 2332 expedientibus
491 2285 533 2318 ad
560 2284 682 2326 finem,
705 2293 743 2318 ut
764 2296 870 2330 supra
893 2284 1029 2318 dictum
1051 2291 1105 2318 est
1124 2283 1169 2329 (q.
1191 2294 1243 2327 14.
1265 2287 1328 2317 art.
1352 2282 1415 2327 2.),
1435 2293 1519 2316 cum
1541 2281 1585 2315 de
1607 2280 1761 2316 consilio

196 2348 380 2386 ageretur:
405 2339 466 2373 sed
489 2350 563 2372 non
585 2339 713 2372 eadem
735 2338 904 2373 omnibus
927 2338 1139 2384 expediunt3
1162 2347 1249 2383 ergo
1271 2347 1345 2370 non
1367 2343 1452 2371 sunt
1472 2334 1593 2382 aliqua
1611 2333 1762 2370 consilia

196 2393 434 2428 determinata
457 2393 625 2426 omnibus
647 2392 894 2438 proponenda.

266 2457 297 2481 2.
325 2447 560 2481 PRAETEREA.
585 2445 749 2480 Consilia
771 2446 900 2479 dantur
921 2444 964 2479 de
987 2444 1131 2479 meliori
1155 2444 1272 2479 bono:
1300 2443 1362 2479 sed
1388 2454 1463 2478 non
1484 2450 1568 2478 sunt
1593 2443 1763 2478 determi-

193 2501 267 2535 nati
290 2501 422 2547 gradus
445 2500 606 2534 melioris
627 2500 713 2533 boni
730 2512 737 2541 ;
760 2510 847 2543 ergo
871 2510 943 2533 non
963 2499 1093 2533 debent
1112 2498 1231 2544 aliqua
1248 2497 1486 2533 determinata
1503 2495 1655 2532 consilia
1673 2496 1762 2531 dari.

267 2566 294 2601 3.
323 2555 559 2589 PRAETEREA.
588 2553 752 2588 Consilia
779 2553 957 2599 pertinent
979 2553 1021 2586 ad
1045 2552 1306 2600 perfectionem
1326 2552 1440 2587 vitae:
1469 2551 1532 2587 sed
1554 2551 1762 2586 obedientia

192 2609 344 2655 pertinet
360 2608 402 2642 ad
419 2607 678 2654 perfectionem
694 2607 805 2649 vitae3
826 2618 912 2651 ergo
928 2607 1225 2641 inconvenienter
1239 2606 1283 2641 de
1298 2617 1339 2641 ea
1355 2605 1550 2641 consilium
1563 2615 1638 2640 non
1653 2605 1764 2640 datur

191 2663 227 2696 in
249 2662 460 2707 Evangelio.

258 2726 290 2758 4.
314 2716 549 2750 PRAETEREA.
579 2714 691 2748 Multa
715 2715 757 2748 ad
781 2713 1039 2759 perfectionem
1069 2714 1163 2748 vitae
1191 2713 1406 2761 pertinentia
1442 2713 1533 2748 inter
1561 2720 1751 2760 praecepta

193 2778 390 2816 ponuntnr3
413 2770 504 2803 sicut
526 2769 595 2802 hoc
613 2769 709 2814 quod
725 2768 871 2802 dicitur:
898 2769 1032 2812 Diligilc
1052 2769 1201 2802 inimicos
1214 2773 1349 2808 vestro&
1372 2775 1407 2802 et
1427 2774 1617 2814 praecepta
1632 2766 1752 2808 etiam,

193 2835 284 2869 qnae
311 2823 408 2857 dedit
434 2822 615 2856 Dominus
644 2821 830 2868 Apostolis
857 2822 983 2855 Matth.
1021 2833 1091 2863 1o.;
1123 2833 1210 2867 ergo
1241 2821 1541 2856 inconvenienter
1566 2820 1754 2855 traduntur

193 2877 343 2911 consilia
367 2877 401 2910 in
424 2888 518 2910 nova
534 2876 632 2921 lege:
656 2885 731 2910 tum
755 2876 838 2923 quia
855 2887 927 2910 non
945 2875 1068 2910 omnia
1091 2884 1290 2922 ponuntur:
1313 2883 1389 2910 tum
1405 2875 1516 2910 etiam
1530 2874 1614 2921 quia
1628 2885 1648 2908 a
1661 2884 1747 2921 prae

197 2933 309 2977 ceptis
332 2942 405 2965 non
429 2930 705 2976 distinguuntur.
