1907 3182
265 175 351 228 236
666 186 886 221 QUAESTIO
920 187 1038 216 XXXI.
1073 187 1316 217 ARTICULUS
1349 188 1409 217 ΙΙΙ.

263 266 461 301 secundum
483 268 678 302 rationem:
700 267 762 302 sed
784 279 918 302 nomen
942 268 1062 314 gaudii
1077 280 1149 302 non
1165 268 1274 302 habet
1286 267 1411 302 locum
1428 269 1496 303 nisi
1513 269 1549 302 in
1572 268 1822 311 delectatione,

264 331 354 366 quae
378 321 609 367 consequitur
629 321 826 364 rationem,
846 322 939 355 unde
955 321 1128 367 gaudium
1142 333 1216 355 non
1232 322 1457 356 attribuimus
1471 322 1582 356 brutis
1598 322 1822 364 animalibus,

264 372 325 406 sed
348 373 467 407 solum
489 385 624 408 nomen
645 374 903 409 delectationis.
923 375 1044 409 Omne
1061 383 1192 416 autem,
1208 374 1304 420 quod
1320 375 1610 421 concupiscimus
1625 375 1823 409 secundum

263 434 441 468 naturam,
464 439 654 473 possumus
678 428 786 461 etiam
810 439 893 461 cum
915 427 1154 461 delectatione
1179 428 1239 472 [al.
1262 428 1453 473 directione]
1483 429 1630 463 rationis
1659 428 1825 474 concupi-

265 490 382 513 scere:
406 481 466 513 sed
489 492 562 514 non
586 493 603 514 e
628 492 822 521 convers03
845 481 938 514 unde
961 481 1003 515 de
1024 481 1202 523 omnibus,
1222 481 1264 514 de
1281 482 1407 526 quibus
1422 490 1474 515 est
1489 482 1692 523 delectatio,
1708 489 1825 528 potest

265 544 341 567 esse
364 534 535 579 gaudium
558 534 593 567 in
615 534 828 567 habentibus
852 534 1049 568 rationem:
1070 534 1233 580 quamvis
1256 546 1329 568 non
1352 546 1495 581 semper
1516 535 1558 569 de
1586 535 1753 570 omnibus
1780 535 1825 569 sit

265 586 455 632 gaudium:
479 587 695 633 quandoque
719 587 815 621 enim
837 586 964 632 aliquis
994 588 1100 621 sentit
1127 587 1283 633 aliquam
1316 587 1597 623 delectationem
1625 587 1824 622 secundum

265 651 406 686 corpus,
429 640 471 673 de
495 652 563 686 qua
592 648 713 674 tamen
742 651 816 673 non
847 641 980 685 gaudet
1007 641 1207 674 secundum
1236 641 1432 675 rationem:
1461 650 1495 676 et
1523 642 1722 676 secundum
1752 641 1823 675 hoc

264 701 371 740 patet,
395 693 490 739 quod
513 693 704 727 delectatio
725 702 777 727 est
798 694 833 726 in
855 694 945 740 plus,
965 706 1074 740 quam
1097 694 1280 739 gaudium.

336 747 396 781 AD
422 757 570 781 PRIMUM
598 758 685 792 ergo
713 746 918 789 dicendum,
947 747 1043 793 quod
1067 759 1149 781 cum
1177 748 1360 793 objectum
1388 748 1563 794 appetitus
1590 747 1755 782 animalis
1781 747 1825 781 sit

265 799 403 834 bonum
427 800 703 846 apprehensum,
727 800 912 834 diversitas
935 801 1230 846 apprehensionis
1253 801 1407 847 pertinet
1427 801 1701 847 quodammodo
1721 801 1764 834 ad
1779 801 1825 834 di-

263 853 470 888 versitatem
482 853 630 899 objecti:
644 861 677 887 et
687 853 736 887 sic
749 853 1007 888 delectationes
1022 853 1208 896 animales,
1222 865 1312 900 quae
1322 854 1487 888 dicuntur
1501 855 1610 888 etiam
1625 854 1766 900 gaudia,
1777 854 1825 888 di-

264 906 492 952 stinguuntur
506 918 526 941 a
541 906 837 941 delectationibus
853 906 1112 953 corporalibus,
1128 919 1218 953 quae
1230 908 1396 942 dicuntur
1409 907 1529 942 solum
1550 907 1824 950 delectatione53

264 960 355 994 sicut
377 967 412 994 et
432 960 475 994 de
499 960 800 1006 concupiscentiis
823 972 928 1006 supra
951 961 1087 994 dictum
1110 969 1162 995 est
1181 961 1226 1007 (q.
1243 967 1355 1008 praec.
1378 967 1442 996 art.
1462 973 1493 996 2.
1514 961 1566 996 vel
1579 973 1607 1008 3.
1630 961 1673 996 ad
1693 962 1751 1005 2.).

335 1014 394 1047 AD
413 1024 620 1048 SECUNDUM
642 1014 848 1056 dicendum,
870 1014 966 1060 quod
989 1014 1116 1049 similis
1140 1014 1339 1049 differentia
1360 1015 1540 1050 invenitur
1561 1015 1670 1049 etiam
1691 1015 1728 1048 in
1743 1025 1825 1048 con-

265 1067 511 1113 cupiscentiis;
538 1067 586 1101 ita
614 1067 710 1113 quod
738 1067 928 1102 delectatio
956 1068 1171 1114 respondeat
1193 1069 1519 1115 concupiscentiae,
1542 1076 1577 1103 et
1590 1068 1762 1115 gaudium
1776 1079 1826 1101 re-

263 1120 439 1166 spondeat
460 1121 654 1163 desiderio;
685 1121 781 1167 quod
816 1122 931 1167 magis
962 1122 1101 1156 videtur
1122 1122 1298 1167 pertinere
1325 1122 1369 1156 ad
1396 1122 1729 1168 concupiscentiam
1756 1121 1826 1155 ani-

265 1174 415 1208 malem:
440 1183 473 1209 et
488 1175 537 1208 sic
554 1175 754 1208 secundum
769 1174 1008 1209 differentiam
1023 1183 1143 1209 motus
1167 1183 1219 1210 est
1241 1176 1350 1209 etiarn
1372 1175 1573 1210 differentia
1591 1176 1730 1222 quietis.

336 1228 396 1262 AD
415 1238 586 1263 TERTIUM
610 1229 814 1270 dicendum,
837 1229 933 1274 quod
956 1228 1023 1263 alia
1051 1229 1201 1263 nomina
1231 1229 1274 1263 ad
1308 1228 1587 1263 delectationem
1613 1228 1826 1275 pertinentia

267 1289 349 1316 sunt
370 1282 540 1327 imposita
563 1282 603 1316 ab
628 1281 812 1316 effectibus
835 1282 1102 1317 delectationis:
1124 1294 1211 1316 nam
1230 1283 1357 1318 laetitia
1372 1283 1568 1329 imponitur
1583 1294 1602 1317 a
1617 1282 1825 1317 dilatatione

268 1335 398 1377 cordis,
421 1347 461 1369 ac
485 1336 514 1369 si
536 1335 714 1370 diceretur
735 1336 862 1370 latitia:
885 1337 1043 1371 exultatio
1065 1348 1151 1370 vero
1175 1337 1303 1370 dicitur
1325 1337 1366 1370 ab
1391 1337 1624 1371 exterioribus
1645 1336 1755 1382 signis
1771 1336 1828 1370 de-

265 1389 469 1423 lectationis
492 1389 682 1431 interioris,
705 1400 795 1435 quae
818 1398 991 1435 apparent
1006 1390 1178 1432 exterius;
1200 1390 1414 1436 inquantum
1429 1390 1566 1424 scilicet
1578 1390 1725 1424 interius
1745 1401 1827 1435 gau-

264 1443 364 1476 dium
386 1443 525 1489 prosilit
548 1443 590 1476 ad
614 1443 811 1476 exteriora:
831 1443 1022 1488 jncunditas
1051 1454 1137 1477 vero
1170 1443 1298 1477 dicitur
1328 1455 1347 1477 a
1369 1443 1582 1489 quibusdam
1612 1442 1826 1489 specialibus

263 1495 419 1531 laetitiae
441 1496 564 1542 signis,
585 1496 643 1530 vel
665 1495 869 1530 effectibus:
893 1504 927 1530 et
948 1504 1070 1531 tamen
1086 1497 1209 1531 omnia
1224 1497 1290 1531 ista
1305 1497 1455 1531 nomina
1471 1497 1637 1531 videntur
1649 1496 1826 1544 pertinere

265 1549 307 1584 ad
330 1550 518 1596 gaudium:
542 1561 616 1584 non
638 1550 735 1584 enim
758 1552 891 1584 utimur
913 1550 975 1593 eis,
997 1550 1066 1584 nisi
1086 1550 1122 1584 in
1143 1551 1278 1585 naturis
1301 1550 1545 1586 rationalibus.

812 1692 1156 1738 ARTICULUS
1192 1693 1266 1735 IV.
1760 1714 1823 1750 177

405 1802 557 1831 UTRUM
590 1801 874 1831 DELECTATIO
910 1801 977 1831 SIT
1011 1802 1055 1832 IN
1088 1800 1304 1830 APPETITU
1337 1799 1678 1831 INTELLECTIVO.

350 1890 452 1936 (Insr.
470 1902 499 1936 (J.
512 1901 557 1936 35.
573 1895 636 1924 art.
652 1903 680 1925 Ι.
696 1896 785 1936 corp.
801 1896 830 1925 et
844 1903 870 1925 1.
886 1891 974 1925 Dist.
989 1902 1038 1937 45.
1053 1895 1115 1924 art.
1131 1903 1158 1925 1.
1174 1895 1265 1937 corp.
1281 1894 1346 1936 et3.
1361 1890 1449 1924 Dist.
1463 1900 1520 1936 49.
1535 1900 1600 1936 q.3.
1612 1893 1675 1923 art.
1689 1887 1750 1936 L).

335 1978 394 2012 AD
423 1989 610 2018 QUARTUM
638 1978 687 2013 sic
715 1978 932 2024 proceditur.
947 1977 1110 2020 Videtur,
1126 1977 1221 2024 quod
1244 1977 1437 2012 delectatio
1459 1988 1533 2011 non
1548 1977 1592 2012 sit
1613 1977 1647 2011 in
1670 1977 1828 2024 appetitu

267 2031 506 2066 intellectivo:
531 2032 613 2066 dicit
637 2033 733 2067 enim
756 2031 892 2066 Philos.
915 2032 950 2065 in
974 2043 1001 2066 1.
1024 2032 1130 2066 Rhet.
1153 2032 1241 2078 (cap.
1263 2044 1308 2066 11.
1336 2032 1524 2079 inpriuc.),
1545 2031 1640 2077 quod
1662 2031 1828 2066 delectatio

264 2091 306 2121 est
329 2091 433 2121 motus
459 2087 591 2132 qnidam
614 2087 782 2129 sensibilis,
806 2086 865 2132 qui
892 2097 966 2119 non
994 2094 1047 2120 est
1072 2086 1108 2120 in
1135 2094 1235 2132 parte
1261 2084 1503 2127 intellectiva3
1526 2095 1612 2131 ergo
1635 2084 1828 2119 delectatio

264 2151 338 2173 non
361 2148 413 2174 est
435 2140 468 2173 in
491 2148 588 2186 parte
612 2139 841 2174 intellectiva.

337 2203 367 2227 2.
391 2193 626 2228 PRAETEREA.
648 2193 853 2227 Delectatio
881 2200 933 2227 est
959 2193 1079 2239 passio
1107 2192 1304 2239 quaedam:
1332 2192 1394 2227 sed
1422 2192 1541 2227 omnis
1567 2192 1686 2239 passio
1713 2201 1767 2227 est
1793 2193 1828 2227 in

266 2247 424 2294 appetitu
447 2248 636 2290 sensitiv03
660 2259 745 2293 ergo
769 2247 961 2282 delectatio
984 2259 1058 2281 non
1081 2256 1134 2281 est
1154 2247 1223 2281 nisi
1244 2247 1279 2280 in
1302 2248 1459 2293 appetitu
1481 2247 1663 2281 sensitivo.

340 2312 368 2346 3.
391 2301 625 2335 Pium-muza.
654 2300 858 2335 Delectatio
888 2309 940 2335 est
968 2301 1174 2335 communis
1201 2300 1316 2343 nobis,
1344 2307 1378 2335 et
1402 2299 1533 2342 brutis;
1561 2311 1648 2346 ergo
1674 2311 1748 2334 non
1776 2307 1829 2335 est

265 2354 332 2388 nisi
354 2355 388 2388 in
412 2363 522 2401 parte,
545 2366 635 2400 quae
659 2355 773 2396 nobis,
797 2363 830 2388 et
852 2355 961 2389 brutis
984 2355 1190 2389 communis
1213 2361 1275 2389 est.

339 2408 412 2443 SED
447 2419 600 2443 CONTRA
630 2416 693 2449 est,
721 2408 817 2454 quod
845 2409 880 2442 in
908 2409 964 2443 Ps.
996 2408 1047 2454 36.
1077 2408 1221 2442 dicitur:
1246 2407 1418 2442 Delectare
1445 2409 1477 2442 in
1500 2408 1669 2443 Domino:
1696 2407 1758 2442 sed
1785 2408 1828 2442 ad

265 2462 387 2496 Deum
409 2474 482 2496 non
505 2470 623 2508 potest
645 2463 785 2496 extendi
809 2462 983 2508 appetitus
1006 2462 1206 2504 sensitivus,
1229 2462 1291 2496 sed
1313 2461 1431 2496 solum
1455 2461 1718 2504 intellectivus;
1741 2472 1828 2507 ergo

267 2515 459 2550 delectatio
482 2524 598 2562 potest
622 2527 699 2550 esse
722 2516 756 2549 in
781 2516 937 2562 appetitu
961 2515 1193 2549 intellectivo.

337 2569 566 2604 Rnspoxom
590 2570 794 2611 dicendum,
814 2570 921 2614 quod,
938 2569 1028 2602 sicut
1045 2569 1180 2603 dictum
1201 2567 1498 2615 est(21rt.p1·a:c.)‚
1515 2568 1706 2603 delectatio
1726 2579 1831 2615 quae-

267 2623 350 2656 dam
378 2624 536 2669 sequitur
564 2623 890 2669 apprehensionem
919 2623 1082 2656 rationis:
1108 2623 1149 2656 ad
1180 2623 1506 2669 apprehensionem
1534 2631 1654 2658 autem
1682 2623 1829 2657 rationis

267 2689 340 2710 non
368 2677 487 2711 solum
515 2685 770 2711 commovetur
797 2677 971 2722 appetitus
999 2677 1188 2710 sensitivus
1216 2688 1277 2722 per
1305 2676 1583 2722 applicationem
1617 2677 1660 2711 ad
1695 2676 1828 2722 aliquid

267 2732 491 2778 particulare,
514 2732 573 2765 sed
598 2731 705 2766 etiam
729 2731 904 2776 appetitus
927 2730 1178 2771 intellectivus,
1205 2731 1265 2776 qui
1293 2730 1421 2764 dicitur
1441 2729 1627 2765 voluntas:
1651 2739 1686 2765 et
1707 2741 1830 2764 secun-

267 2786 351 2819 dum
376 2786 445 2819 hoc
469 2786 503 2818 in
528 2785 684 2831 appetitu
707 2784 939 2825 intellectivo,
955 2784 1078 2818 sivein
1094 2784 1278 2818 voluntate
1301 2793 1355 2819 est
1376 2784 1579 2826 delectatio,
1595 2796 1686 2831 quae
1701 2784 1830 2819 dicitur

268 2840 452 2884 gaudium,
474 2850 547 2873 non
571 2848 690 2874 autem
714 2838 906 2874 delectatio
930 2838 1138 2884 corporalis.
1161 2838 1238 2873 Hoc
1259 2847 1379 2873 tamen
1402 2839 1548 2873 interest
1569 2839 1660 2873 inter
1678 2838 1829 2873 delecta-

267 2893 404 2928 tionem
428 2895 595 2940 nti-iusque
618 2893 811 2940 appetitu53
831 2892 926 2939 quod
947 2892 1137 2926 delectatio
1158 2892 1333 2939 appetitus
1354 2893 1511 2928 5:1151'111‘11'5
1529 2901 1581 2927 est
1603 2903 1686 2926 cum
1709 2891 1827 2938 aliqua
