1875 3198
226 172 311 213 866
643 182 861 218 QUAESTIO
896 182 1014 212 extu.
1050 182 1294 212 ARTICULUS
1328 182 1384 212 iv.

297 264 371 298 SED
394 274 551 299 CONTRA
574 271 638 306 est,
658 263 755 310 quod
778 263 908 298 dicitur
929 263 1036 298 Rom.
1064 274 1112 309 5.:
1135 263 1314 310 justificati
1335 264 1437 309 igitur
1458 275 1496 298 ex
1513 263 1577 309 fida
1592 269 1713 311 pacem
1740 263 1796 298 ha-
1847 253 1860 312 ζ

224 319 355 353 beamus
374 317 416 352 ad
434 319 556 352 Deum.
1851 318 1861 362 3

294 371 525 406 RESPONDEO
549 370 756 413 dicendum,
784 370 893 417 quod,
915 370 1008 405 sicut
1034 370 1171 404 dictum
1198 378 1252 404 est
1279 369 1360 414 (art.
1376 370 1518 416 praec),
1546 377 1667 404 motus
1692 369 1796 404 liberi
1850 367 1858 399 ἓ

223 425 360 459 arbitrii
389 425 580 471 requiritur
608 425 651 458 ad
681 424 976 469 justificationem
1005 424 1119 470 impii,
1147 423 1346 458 secundum
1377 423 1474 470 quod
1501 434 1604 458 mens
1631 423 1792 457 hominis
1847 426 1851 428 ’

223 486 392 512 movetur
414 490 433 513 a
454 479 556 512 Deo:
579 479 679 512 Deus
702 485 824 512 autem
851 485 976 511 movet
1003 479 1163 511 animam
1190 477 1350 511 hominis
1377 477 1624 511 convertendo
1647 488 1728 511 eam
1752 476 1796 510 ad

222 532 392 578 seipsum,
416 540 453 565 ut
475 532 604 565 dicitur
626 532 662 565 in
678 531 735 565 Ps.
752 531 808 574 84.
824 531 1024 565 secundum
1047 530 1156 565 aliam
1178 530 1321 564 literam
1349 531 1470 575 (LXX.
1490 530 1672 577 Interpr.):
1707 531 1797 565 Deus

223 591 258 621 tu
280 591 470 620 con-mrtem
487 586 678 631 vivificabis
699 597 776 626 που
800 593 835 619 et
855 585 937 619 ideo
958 585 1001 618 ad
1022 584 1316 630 justificationem
1340 584 1443 630 impii
1459 584 1652 630 requiritur
1673 593 1795 618 motus

223 640 366 681 mentis,
389 651 460 685 quo
485 638 706 673 convertitur
728 640 763 672 in
790 639 930 673 Deum:
957 638 1074 684 prima
1102 645 1223 672 autem
1251 637 1441 672 conversio
1463 638 1500 671 in
1526 638 1647 672 Deum
1665 637 1705 672 fit
1729 649 1792 684 per

222 692 343 734 fidem,
379 692 581 726 secundum
614 691 702 726 illud
738 693 781 726 ad
806 692 913 725 Hebr.
950 703 1020 725 11.:
1056 691 1269 726 Accedantmn
1295 691 1337 725 ad
1362 692 1473 726 Deum
1503 697 1631 738 oportet
1656 691 1794 734 credere,

222 747 301 792 quia
328 751 395 786 ast;
420 753 455 779 et
472 746 555 779 ideo
578 753 699 779 motus
721 745 804 779 fidei
825 745 1016 791 requiritur
1039 745 1082 778 ad
1103 744 1398 791 justificationem
1420 745 1533 791 impii.

294 800 353 834 AD
375 810 525 834 PRIMUM
549 810 636 844 ergo
665 799 871 840 dicendum,
895 799 991 845 quod
1015 807 1136 832 motus
1158 798 1242 832 fidei
1262 810 1337 832 non
1361 806 1413 833 est
1439 798 1631 845 perfectus,
1658 798 1725 833 nisi
1753 798 1798 833 sit

224 853 397 888 charitate
423 852 657 895 informatus;
680 852 774 886 unde
797 852 907 886 simul
928 853 964 886 in
985 852 1241 898 justificatione
1268 852 1371 898 impii
1398 864 1481 886 cum
1508 860 1612 887 motu
1633 852 1717 887 fidei
1744 860 1797 887 est

222 907 330 941 etiam
354 915 475 940 motus
499 906 700 941 charitatis:
724 914 892 940 movetur
914 914 1036 940 autem
1058 906 1212 940 liberum
1231 907 1418 940 arbitrium
1439 906 1475 940 in
1501 907 1624 941 Deum
1646 907 1690 941 ad
1711 907 1796 949 hoc,

222 960 320 1006 quod
344 960 376 994 ei
398 971 434 994 se
462 960 647 1005 subjiciat3
662 960 758 994 unde
773 960 882 994 etiam
902 960 1086 995 concurrit
1101 968 1200 994 actus
1215 960 1356 994 timoris
1371 960 1502 1003 filialis,
1517 968 1552 995 et
1566 969 1666 995 actus
1681 961 1797 994 humi-

220 1015 348 1048 litatis:
374 1014 552 1059 contingit
579 1014 677 1048 enim
704 1025 828 1056 unum,
857 1022 891 1048 et
918 1014 1089 1048 eumdem
1116 1022 1238 1048 actum
1265 1013 1367 1049 liberi
1402 1014 1537 1049 arbitrii
1572 1014 1796 1048 diversarum

219 1068 393 1102 virtutum
415 1079 504 1109 esse,
528 1068 729 1102 secundum
752 1067 848 1114 quod
872 1079 943 1101 una
966 1069 1130 1114 imperat,
1153 1075 1188 1102 et
1209 1067 1280 1102 alia
1300 1068 1511 1114 imperatur,
1533 1076 1642 1114 prout
1658 1067 1797 1102 scilicet

221 1130 321 1156 actus
344 1128 396 1155 est
418 1120 628 1156 ordinabilis
652 1121 695 1156 ad
718 1121 879 1156 diversos
895 1121 1003 1156 fines:
1021 1129 1121 1156 actus
1137 1128 1259 1155 autern
1272 1121 1543 1156 misericordiae
1557 1121 1616 1156 vel
1628 1129 1797 1168 operatur

221 1176 316 1210 circa
339 1183 531 1221 peccatum
553 1187 616 1221 per
638 1175 791 1209 modum
814 1175 1089 1218 satisfactionis;
1113 1183 1147 1209 et
1168 1175 1218 1209 sic
1234 1174 1719 1221 sequiturjustificationem:
1738 1174 1797 1209 vel

222 1241 285 1276 per
311 1229 463 1264 modum
491 1229 788 1275 praeparationis,
818 1229 1034 1275 inquantum
1063 1229 1320 1263 misericordes
1350 1229 1641 1263 misericordiam
1673 1239 1796 1263 conse-

222 1291 398 1329 quuntur;
422 1290 457 1317 et
478 1283 528 1316 sic
557 1283 666 1316 etiam
694 1290 813 1329 potest
838 1282 1054 1329 praecedere
1081 1282 1388 1329 justificationem,
1414 1282 1473 1317 vel
1500 1282 1610 1317 etiam
1637 1282 1681 1316 ad
1701 1282 1798 1328 justi-

221 1337 431 1371 ficationem
455 1347 670 1370 concurrere
693 1336 803 1370 simul
825 1348 908 1370 cum
931 1336 1122 1382 praedictis
1140 1336 1343 1378 virtutibus,
1361 1335 1561 1370 secundum
1577 1335 1674 1382 quod
1693 1335 1797 1370 mise-

224 1390 379 1425 ricordia
397 1389 593 1424 includitur
614 1390 650 1423 in
672 1389 867 1424 dilectione
890 1390 1057 1436 proximi.

292 1444 352 1478 AD
380 1454 587 1478 SECUNDUM
615 1443 821 1485 dicendum,
845 1443 941 1489 quod
968 1455 1030 1490 per
1065 1443 1315 1489 cognitionem
1341 1443 1542 1478 naturalem
1570 1443 1686 1478 homo
1720 1454 1795 1477 non

222 1497 443 1532 convertitur
464 1497 500 1531 in
522 1498 656 1539 Deum,
683 1497 897 1543 inquantum
921 1505 973 1532 est
995 1497 1179 1543 objectum
1205 1497 1447 1540 beatitudinis,
1470 1505 1505 1531 et
1529 1497 1794 1543 justificationis

222 1563 354 1593 causa3
377 1551 471 1585 unde
494 1550 574 1585 talis
598 1551 759 1597 cognitio
782 1562 856 1584 non
879 1550 1009 1584 sufficit
1031 1551 1074 1584 ad
1094 1550 1408 1596 justificationem:
1432 1550 1569 1585 donum
1597 1559 1720 1585 autem
1745 1562 1797 1585 sa-

222 1605 378 1652 pientiae
397 1605 656 1651 praesupponit
678 1604 929 1650 cognitionem
951 1603 1046 1646 fidei,
1068 1613 1106 1638 ut
1128 1616 1171 1639 ex
1193 1604 1406 1650 supradictis
1427 1612 1526 1651 patet
1546 1603 1590 1650 (q.
1611 1604 1667 1640 68.
1682 1609 1746 1639 art.
1760 1615 1793 1650 4.

220 1659 262 1693 cccl
279 1660 335 1706 3.).

290 1713 350 1746 AD
372 1722 545 1747 TERTIUM
568 1712 775 1754 dicendum,
798 1711 906 1758 quod,
928 1711 1021 1746 sicut
1039 1710 1240 1758 Apostolus
1259 1711 1346 1745 dicit
1367 1711 1411 1745 ad
1433 1711 1542 1746 Rom.
1557 1721 1612 1755 4:
1643 1711 1795 1747 Credenti

219 1768 253 1801 in
276 1779 361 1809 amn,
384 1767 441 1812 qni
458 1767 618 1812 justificat
641 1767 792 1812 impium,
817 1765 1121 1812 ›vpzttubiturfidcs
1139 1768 1207 1811 ejus
1228 1765 1270 1800 ad
1286 1767 1454 1811 justitiam
1479 1765 1654 1800 secundum
1668 1772 1795 1813 propo-

217 1823 315 1855 situm
336 1822 465 1865 gratiae
484 1821 573 1861 Βοὴ·
598 1831 639 1854 ex
667 1831 738 1866 quo
761 1828 870 1866 patet,
894 1820 990 1866 quod
1012 1820 1048 1853 in
1070 1819 1326 1866 justificatione
1348 1819 1452 1866 impii
1477 1819 1669 1866 requiritur
1694 1828 1794 1854 actus

219 1873 302 1908 fidei
321 1881 496 1920 quantum
519 1874 563 1908 ad
585 1874 668 1915 hoc,
689 1873 785 1920 quod
800 1873 915 1907 homo
932 1873 1065 1916 credat,
1081 1874 1203 1908 Deum
1218 1884 1296 1907 esse
1310 1873 1585 1919 justificatorem
1600 1873 1792 1908 hominum

218 1939 280 1973 per
301 1928 517 1974 mysterium
540 1927 686 1963 Christi.

790 2060 1137 2106 ARTICULUS
1171 2061 1226 2104 V.
1723 2072 1792 2117 604
1827 2115 1831 2124 ,

604 2168 757 2197 UTRUM
785 2169 843 2197 AD
867 2168 1266 2210 JUSTIFICATIONEM
1293 2169 1401 2199 IMPII

406 2232 688 2269 REQUIRATUR
717 2234 867 2263 MOTUS
897 2234 1035 2264 LIBERI
1058 2235 1247 2264 ARBITRII
1274 2235 1318 2265 IN
1346 2235 1598 2266 PECCATUM.

253 2321 356 2367 (Infr.
374 2325 440 2355 art.
456 2331 486 2366 7.
502 2320 545 2354 ad
558 2333 586 2355 I.
602 2325 630 2355 et
647 2332 677 2367 t]-
689 2321 743 2356 83.
756 2327 820 2355 art.
833 2333 864 2356 2.
876 2326 904 2356 et
916 2333 949 2366 4.
965 2322 1054 2356 Dist.
1068 2333 1117 2368 17.
1133 2333 1163 2368 q.
1179 2335 1206 2357 1.
1229 2328 1294 2357 art.
1306 2334 1334 2369 3.
1349 2327 1379 2358 et
1406 2323 1495 2359 Veri.
1515 2334 1544 2369 q.
1567 2323 1623 2358 28.
1643 2327 1707 2357 art.
1726 2334 1755 2369 5.

742 2380 771 2410 ct
789 2375 845 2409 lib.
857 2387 885 2421 3.
906 2375 1022 2410 Conlr.
1037 2388 1067 2421 gr.
1080 2383 1151 2423 cap.
1170 2377 1267 2422 158).

288 2463 347 2498 Ao
370 2474 551 2503 QUINTUM
573 2465 622 2498 sic
645 2464 861 2510 proceditur.
886 2464 1048 2507 Videtur,
1069 2465 1166 2511 quod
1189 2465 1232 2499 ad
1258 2464 1554 2511 justificationem
1579 2465 1683 2511 impii
1709 2476 1785 2500 non

215 2517 416 2563 requiratur
438 2525 558 2552 motus
586 2517 687 2552 liberi
716 2518 849 2551 arbitrii
873 2518 907 2551 in
930 2527 1141 2564 peccatum:
1170 2518 1247 2553 sola
1276 2519 1373 2553 enim
1401 2519 1558 2554 charitas
1585 2518 1717 2554 sufficit
1744 2519 1788 2554 ad
1828 2550 1830 2555 ,
1873 2512 1875 2515 ’

218 2572 439 2606 deletionem
456 2572 606 2618 peccati,
626 2573 826 2606 secundum
843 2571 929 2606 illud
945 2573 1052 2606 Prov.
1077 2584 1147 2608 1o.:
1177 2574 1341 2608 Universa
1359 2573 1476 2608 delicta
1499 2575 1604 2620 operit
1622 2573 1790 2608 charitas:
1831 2596 1840 2604 ·

215 2626 277 2660 sed
301 2626 485 2660 charitatis
508 2627 691 2671 objectum
718 2637 792 2660 non
821 2635 874 2660 est
900 2635 1110 2672 peccatum3
1135 2638 1221 2673 ergo
1249 2638 1322 2661 non
1346 2627 1536 2674 requiritur
1558 2627 1602 2660 ad
1623 2626 1791 2672 justifica-

216 2680 354 2714 tionem
379 2680 478 2726 impii
502 2688 623 2714 motus
642 2680 743 2714 liberi
764 2680 896 2714 arbitrii
921 2680 954 2713 in
979 2689 1182 2726 peccatum.

290 2744 320 2767 2.
343 2734 580 2768 Pimizrfflzm.
606 2733 681 2774 Qui
701 2733 735 2766 in
752 2733 933 2767 anteriora
952 2734 1076 2775 tendit,
1093 2735 1134 2768 ad
1155 2734 1355 2780 posteriora
1378 2734 1555 2780 respicere
1577 2745 1651 2769 non
1673 2734 1790 2776 debet,

216 2787 417 2821 secundum
440 2787 527 2820 illud
551 2787 721 2832 Apostoli
745 2787 786 2820 ad
811 2787 965 2832 Philipp.
994 2799 1041 2832 3.:
1066 2788 1162 2832 Quale
1183 2787 1312 2833 quidem
1333 2793 1420 2823 retro
1434 2793 1510 2823 smrt
1528 2788 1732 2829 obliviscens,
1748 2786 1791 2822 ad

215 2852 253 2875 ιτιι
273 2853 366 2882 veru,
391 2853 472 2887 quiza
493 2846 566 2875 sztnl
582 2843 714 2887 prium,
735 2841 905 2875 attendens
928 2842 1097 2887 Micipsam,
1110 2841 1151 2875 ad
1165 2841 1361 2877 destinatum
1374 2849 1561 2888 persequor,
1577 2841 1619 2876 ad
1633 2843 1790 2877 lira-vium

215 2901 373 2940 superma:
394 2896 598 2930 iurationis:
615 2895 675 2929 sed
692 2895 851 2929 tendenti
867 2895 901 2928 in
917 2895 1090 2940 justitiam
1107 2903 1303 2930 retrorsum
1319 2903 1401 2930 sunt
1415 2903 1563 2942 peccata
1579 2895 1788 2942 praeterita3
