1907 3198
475 193 698 229 QUAESTIO
733 192 895 222 LXXVII.
930 192 1176 223 ARTICULUS
1211 192 1254 222 11.
1571 192 1655 235 557

85 275 230 312 locutus
250 275 385 318 fuerat;
407 286 492 310 cum
514 274 623 321 igitur
645 274 942 321 concupiscentia
969 273 1015 308 sit
1041 273 1162 321 passio
1185 272 1378 320 quaedam,
1397 273 1538 307 videtur
1565 273 1661 319 quod

85 329 207 378 passio
229 329 350 364 trahat
366 329 546 363 rationem
568 328 678 362 etiam
702 336 828 363 contra
843 328 914 362 hoc
937 328 1034 374 quod
1057 327 1134 362 scit.

157 382 389 419 RESPONDEO
411 381 619 424 dicendum,
638 382 736 428 quod
751 381 876 428 opinio
893 381 1054 416 Socratis
1069 380 1145 423 fuit,
1161 389 1200 415 ut
1212 380 1349 415 Philos.
1365 381 1453 415 dicit
1467 381 1503 414 in
1519 392 1550 426 7.
1568 380 1665 415 Ethi-

85 447 215 472 corum
235 436 328 485 (cap.
346 448 378 472 2.
396 437 432 471 in
447 435 590 483 princ),
617 435 715 481 quod
734 435 886 470 scientia
904 446 1107 481 numquam
1122 443 1245 481 posset
1266 435 1426 481 superari
1443 446 1462 468 a
1478 434 1663 481 passione;

85 489 181 527 unde
202 490 361 537 ponebat
381 500 511 524 omnes
532 489 683 523 virtutes
705 499 783 523 esse
805 489 986 531 scientias,
1009 497 1044 523 et
1065 488 1191 523 omnia
1212 497 1363 535 peccata
1390 499 1468 523 esse
1494 489 1663 533 ignoran-

84 543 172 579 tias:
194 543 231 578 in
252 554 325 590 quo
347 543 496 590 quidem
519 542 722 589 aliqualiter
744 551 840 577 recte
868 543 1047 589 sapiebat;
1069 542 1153 589 quia
1181 553 1267 576 curn
1297 541 1466 577 voluntas
1491 542 1536 577 sit
1565 542 1664 583 boni,

83 595 146 633 vel
164 597 368 644 apparentis
389 596 488 639 boni,
509 607 711 643 numquam
733 596 902 631 voluntas
924 597 960 630 in
979 595 1120 631 malum
1142 604 1321 638 movetur,
1337 596 1405 630 nisi
1427 596 1462 630 id
1477 596 1574 642 quod
1589 607 1663 630 non

85 658 140 686 est
158 650 310 694 bonurn,
332 649 536 698 aliqualiter
556 650 687 685 rationi
708 650 846 684 bonum
870 658 1060 697 appareat:
1083 658 1118 684 et
1131 658 1279 697 propter
1292 650 1364 684 hoc
1380 649 1548 684 voluntas
1563 661 1666 684 num-

85 715 196 752 quam
217 704 254 739 in
276 703 417 739 malum
437 703 612 746 tenderet,
629 704 698 738 nisi
713 715 797 738 cum
814 704 933 751 aliqua
951 704 1169 751 ignorantia,
1182 703 1241 738 vel
1255 714 1377 738 errore
1393 704 1554 746 rationis;
1570 703 1664 738 unde

85 758 217 794 dicitur
237 757 409 793 Proverb.
434 767 505 801 14:
524 752 664 800 Errant,
680 759 738 804 qui
751 764 934 805 operantur
947 758 1085 792 malum.
1106 757 1177 792 Sed
1193 758 1276 804 quia
1291 757 1541 804 experimento
1556 765 1664 804 patet,

84 812 184 860 quod
205 811 311 847 multi
329 819 441 859 agunt
463 820 591 846 contra
613 823 667 854 ea,
689 822 846 858 quorum
868 812 1060 846 scientiam
1079 811 1226 854 habent,
1249 819 1284 846 et
1310 811 1382 846 hoc
1410 811 1520 846 etiam
1543 819 1666 846 aucto-

85 865 190 901 ritate
210 865 333 901 divina
357 865 606 908 confirmatur,
628 865 829 900 secundum
852 864 940 900 illud
969 865 1056 900 Luc.
1090 875 1161 900 12.:
1185 865 1320 908 Sar-vus,
1347 867 1405 911 qui
1431 867 1585 911 cognovit
1609 877 1667 900 vo-

85 919 246 955 luntatem
267 919 398 955 domini
417 921 481 963 sui,
503 924 532 954 et
552 932 618 954 non
633 919 729 966 fecit,
746 919 859 966 plagis
879 919 1059 966 vapulabit
1085 919 1217 954 multis:
1245 927 1281 954 et
1301 919 1429 965 Jacobi
1454 929 1488 962 4.
1515 919 1664 953 dicitur:

84 972 208 1010 Scicnti
224 974 346 1009 bonum
359 973 486 1020 jacere,
509 978 538 1008 et
562 985 627 1008 non
646 973 801 1020 facienti,
824 978 997 1020 paccatum
1027 977 1070 1008 esi
1099 973 1162 1016 illi,
1193 984 1268 1007 non
1298 972 1511 1020 simpliciter
1536 984 1663 1008 verum

84 1026 189 1062 dixit:
210 1026 274 1062 sed
295 1034 440 1074 oportet
460 1026 693 1073 distinguere,
712 1035 750 1061 ut
764 1026 901 1061 Philos.
917 1026 1025 1061 tradit
1042 1026 1078 1061 in
1094 1037 1125 1072 7.
1142 1026 1258 1061 Ethic.
1275 1027 1365 1074 (cap.
1377 1028 1444 1073 3.):
1466 1038 1549 1060 cum
1566 1027 1663 1062 enim

85 1080 251 1128 adflrecte
273 1081 458 1127 agendum
480 1081 596 1116 homo
619 1081 794 1128 dirigatur
816 1081 943 1128 duplici
964 1081 1128 1123 scientia,
1150 1081 1290 1116 scilicet
1311 1081 1508 1124 universali,
1531 1089 1566 1116 et
1586 1088 1667 1128 par-

85 1135 236 1179 ticulari,
259 1135 446 1182 utriusque
468 1134 630 1170 defectus
652 1133 784 1170 sufficit
803 1135 846 1169 ad
869 1135 953 1177 hoc,
975 1135 1073 1181 quod
1095 1135 1314 1182 impediatur
1335 1135 1513 1170 rectitudo
1540 1135 1666 1169 volun-

85 1188 182 1231 tatis,
203 1196 239 1224 et
260 1189 396 1236 operis,
414 1197 453 1223 ut
474 1200 581 1236 supra
603 1189 741 1223 dictum
764 1197 818 1223 est
841 1188 886 1235 (q.
909 1189 964 1235 76.
987 1194 1054 1224 art.
1076 1189 1146 1233 1.),·
1170 1189 1348 1236 contingit
1370 1200 1471 1236 ergo,
1493 1189 1590 1236 quod
1607 1188 1667 1223 ali-

85 1242 166 1289 quis
179 1241 312 1278 habeat
325 1242 516 1278 scientiam
530 1243 567 1277 in
582 1241 788 1284 universali,
804 1250 889 1289 puta
903 1241 1043 1277 nullam
1057 1241 1338 1278 fornicationem
1354 1254 1432 1278 esse
1447 1242 1665 1285 faciendam,

87 1295 152 1331 sed
169 1303 295 1332 tamen
315 1307 391 1331 non
412 1304 617 1343 cognoscat
633 1296 670 1330 in
692 1295 901 1343 particulari
922 1295 1019 1330 hunc
1043 1304 1177 1338 actum,
1200 1297 1260 1343 qui
1283 1305 1336 1331 est
1357 1296 1564 1339 fornicatio,
1590 1307 1665 1331 non

88 1362 166 1386 esse
186 1349 412 1386 faciendum:
435 1359 472 1386 et
491 1350 563 1385 hoc
582 1349 715 1385 sufficit
736 1350 780 1384 ad
799 1350 883 1392 hoc,
909 1350 1006 1396 quod
1034 1349 1203 1384 voluntas
1229 1361 1303 1384 non
1331 1359 1502 1397 sequatur
1528 1350 1667 1385 univer-

87 1403 200 1440 salem
222 1404 413 1440 scientiam
435 1404 596 1439 rationis.
618 1403 663 1439 Et
683 1404 816 1438 iterum
838 1403 1145 1438 considerandum
1167 1412 1232 1446 est,
1254 1405 1352 1450 quod
1380 1405 1471 1439 nihil
1498 1405 1666 1451 prohibet

87 1457 223 1505 aliquid
244 1458 329 1493 sciri
350 1458 386 1492 in
409 1458 538 1501 habitu,
560 1457 659 1505 quod
680 1466 804 1492 tamen
827 1463 902 1492 actu
924 1468 998 1492 non
1022 1458 1291 1492 consideratur:
1319 1466 1439 1505 potest
1460 1459 1569 1505 igitur
1582 1469 1667 1493 con-

84 1512 236 1559 tingere,
254 1512 352 1559 quod
375 1511 503 1559 aliquis
522 1512 631 1546 etiam
655 1519 792 1546 rectam
807 1511 997 1546 scientiam
1013 1511 1146 1546 habeat
1159 1512 1194 1546 in
1210 1511 1396 1558 singulari,
1410 1521 1444 1547 et
1455 1524 1529 1547 non
1545 1512 1664 1547 solum

86 1565 122 1601 in
144 1565 351 1608 universali,
373 1565 435 1601 sed
457 1573 582 1601 tamen
604 1566 640 1600 in
663 1573 745 1600 actu
766 1576 840 1600 non
861 1565 1086 1600 consideret:
1109 1574 1143 1600 et
1157 1574 1242 1600 tunc
1261 1577 1335 1600 non
1351 1566 1493 1601 videtur
1507 1565 1665 1607 difficile,

85 1619 184 1667 quod
204 1627 347 1667 praeter
367 1619 403 1654 id
425 1619 523 1667 quod
546 1628 629 1654 actu
651 1630 725 1654 non
748 1619 966 1662 considerat,
993 1619 1108 1654 homo
1136 1628 1230 1666 agat.
1260 1619 1372 1661 Quod
1400 1629 1522 1655 autem
1550 1620 1665 1655 homo

84 1685 161 1710 non
183 1674 390 1710 consideret
414 1674 451 1709 in
481 1673 690 1721 particulari
718 1673 765 1715 id,
792 1674 889 1720 quod
919 1673 1152 1708 habitualiter
1180 1674 1266 1716 scit3
1297 1674 1490 1720 quandoque
1517 1674 1665 1721 quidem

89 1728 271 1775 contingit
300 1739 344 1763 ex
372 1727 454 1763 solo
477 1727 619 1763 defectu
646 1727 875 1762 intentionis:
905 1735 990 1774 puta
1017 1739 1101 1762 cum
1131 1727 1247 1762 homo
1281 1728 1400 1762 sciens
1422 1728 1664 1774 geometriam

87 1793 163 1817 non
196 1781 352 1820 intendit
384 1781 428 1816 ad
464 1781 771 1816 considerandum
802 1782 1026 1828 geometriae
1063 1781 1333 1823 conclusiones,
1363 1794 1451 1828 quas
1481 1782 1601 1816 statim
1630 1782 1666 1816 in

87 1844 259 1883 promptu
279 1835 390 1870 habet
411 1835 661 1870 considerare:
684 1835 879 1882 quandoque
897 1843 1018 1870 autem
1041 1835 1157 1869 homo
1180 1847 1253 1870 non
1277 1836 1484 1870 considerat
1505 1836 1552 1878 id,
1567 1836 1665 1882 quod

86 1889 198 1925 habet
217 1889 254 1924 in
277 1889 414 1932 habitu,
435 1897 582 1937 propter
603 1888 750 1936 aliquod
773 1889 1078 1936 impedimentum
1101 1890 1378 1936 superveniens;
1408 1898 1493 1936 puta
1520 1897 1666 1937 propter

86 1942 251 1991 aliquam
271 1943 555 1990 occupationem
577 1943 806 1985 exteriorem,
827 1942 885 1977 vel
903 1951 1049 1990 propter
1075 1943 1235 1990 aliquam
1263 1943 1510 1978 infirmitatem
1539 1955 1667 1991 corpo-

89 1996 225 2032 ralem:
248 2005 284 2032 et
303 1996 376 2032 hoc
399 1997 512 2032 modo
530 1996 591 2031 ille
607 1997 673 2044 qui
696 2005 749 2031 est
771 1997 806 2031 in
837 1997 1006 2043 passione
1037 1997 1265 2040 constitutus,
1293 2009 1367 2032 non
1397 1998 1604 2032 considerat
1629 1999 1664 2032 in

87 2049 297 2099 particulari
317 2050 365 2093 id,
383 2051 480 2098 quod
503 2050 570 2086 scit
591 2050 625 2084 in
649 2050 864 2093 universali;
886 2051 1101 2098 inquantum
1129 2051 1249 2098 passio
1276 2051 1428 2098 impedit
1448 2051 1560 2087 talem
1583 2063 1667 2087 con-

86 2104 359 2141 siderationem.

156 2157 315 2206 Impedit
335 2165 458 2193 autem
479 2158 677 2206 tripliciter:
694 2159 808 2205 primo
822 2158 968 2205 quidem
987 2170 1050 2205 per
1063 2159 1261 2205 quamdam
1273 2159 1559 2202 distractionem,
1574 2161 1665 2194 sicut

89 2223 198 2260 supra
218 2211 423 2259 expositum
447 2220 500 2247 est
521 2213 601 2258 (art.
619 2212 775 2259 praec.):
793 2212 930 2247 sectando
946 2224 1008 2259 per
1022 2213 1338 2256 contrarietatem;
1353 2214 1436 2260 quia
1451 2213 1665 2261 plerumque

89 2265 212 2314 passio
230 2265 384 2301 inclinat
401 2265 446 2300 ad
468 2266 693 2301 contrarium
720 2265 838 2311 hujus,
867 2266 963 2313 quod
993 2267 1144 2301 scientia
1175 2267 1388 2302 universalis
1416 2267 1542 2302 habet:
1570 2269 1664 2303 tertio

88 2330 152 2368 per
172 2319 371 2366 quamdam
393 2319 688 2354 immutationem
709 2319 952 2366 corporalem,
971 2331 1013 2355 ex
1032 2332 1102 2367 qua
1117 2321 1209 2355 ratio
1224 2321 1502 2367 quodammodo
1521 2321 1664 2367 ligatur,

86 2383 134 2409 ne
153 2372 266 2409 libere
283 2373 320 2408 in
341 2382 466 2408 actum
486 2382 609 2417 exeat3
631 2374 725 2408 sicut
746 2374 855 2408 etiam
869 2385 1033 2418 somnus,
1051 2374 1111 2410 vel
1126 2375 1291 2417 ebrietas,
1307 2376 1464 2422 quadam
1484 2375 1664 2422 corporali

86 2426 390 2462 transmutatione
409 2426 517 2470 iacta,
537 2427 627 2473 ligat
649 2439 753 2462 usum
777 2427 944 2463 rationis:
969 2437 1003 2463 et
1025 2429 1122 2475 quod
1153 2429 1224 2463 hoc
1251 2430 1440 2475 contingat
1468 2430 1503 2464 in
1534 2430 1666 2476 passio-

86 2481 206 2524 nibus,
218 2489 318 2529 patet
331 2493 373 2516 ex
387 2481 471 2524 hoc,
486 2481 583 2529 quod
599 2481 808 2528 aliquando,
819 2493 903 2516 cum
919 2482 1107 2530 passiones
1122 2483 1278 2517 multum
1294 2483 1538 2525 intenduntur,
1549 2483 1664 2517 homo

88 2535 222 2570 amittit
240 2534 402 2570 totaliter
419 2547 525 2570 usum
549 2535 718 2571 rationis:
741 2535 845 2570 multi
872 2536 969 2570 enim
997 2546 1143 2583 propter
1169 2537 1428 2571 abundantiam
1457 2537 1605 2578 amoris,
1632 2545 1666 2571 et

86 2586 163 2624 itae
182 2595 267 2624 sunt
285 2588 323 2624 in
343 2588 524 2624 insaniam
543 2589 728 2624 conversi:
751 2597 787 2624 et
807 2601 870 2636 per
891 2590 987 2625 hunc
1020 2591 1172 2625 modum
1201 2591 1321 2637 passio
1345 2591 1455 2625 trahit
1485 2591 1662 2624 rationem

89 2641 135 2678 ad
154 2642 391 2689 judicandum
411 2642 447 2678 in
466 2642 675 2690 particulari
697 2651 823 2678 contra
844 2644 1046 2686 scientiam,
1069 2656 1179 2691 quam
1202 2644 1311 2679 habet
1333 2644 1367 2678 in
1387 2644 1594 2679 universali.

159 2695 222 2732 AD
243 2705 394 2732 Ριωιωι
416 2707 504 2743 ergo
526 2696 734 2738 dicendum,
757 2697 854 2743 quod
873 2698 1023 2732 scientia
1038 2698 1263 2740 universalis,
1278 2709 1370 2744 quae
1384 2706 1438 2733 est
1453 2698 1665 2735 certissima,

88 2759 164 2784 non
185 2748 297 2785 habet
315 2749 619 2798 principalitatem
643 2750 678 2784 in
701 2751 928 2797 operatione,
949 2752 1011 2786 sed
1034 2752 1153 2798 magis
1175 2752 1325 2786 scientia
1348 2752 1592 2798 particularis:
1621 2763 1664 2786 co

89 2802 189 2851 quod
207 2803 440 2851 operationes
459 2811 542 2840 sunt
559 2803 655 2838 circa
675 2803 892 2850 singularia;
915 2805 1009 2840 unde
1032 2817 1105 2839 non
1133 2814 1186 2840 est
1213 2805 1359 2846 mirum,
1387 2806 1414 2839 si
1442 2805 1476 2839 in
1505 2805 1665 2852 operabi—

89 2854 183 2892 libus
202 2857 325 2905 passio
353 2857 430 2905 agit
458 2865 586 2893 contra
615 2857 805 2892 scientiam
837 2858 1094 2903 universalem,
1126 2859 1272 2894 absente
1304 2859 1596 2894 consideratione
1630 2859 1662 2893 in.

89 2909 309 2957 paniculari.
