1875 3198
176 162 268 216 870
577 172 799 207 QUAESTIO
835 171 954 200 CXIII.
988 169 1234 200 ARTICULUS
1267 169 1341 198 VII.

176 255 361 302 piendum,
384 254 501 288 subito
523 253 747 287 illuminatur
762 265 781 286 a
798 263 950 298 corpore
972 250 1093 285 lucido
1109 251 1145 284 in
1161 258 1243 285 actu
1257 263 1264 285 ε
1284 250 1420 284 dictum
1436 256 1488 284 est
1502 257 1624 284 autem
1639 261 1745 296 supra

180 308 224 354 (q.
252 320 320 343 112.
349 313 413 342 ast.
434 308 503 353 2.),
527 307 625 353 quod
646 307 746 340 Deus
769 306 811 339 ad
833 305 905 339 hoc
934 304 1031 350 quod
1058 304 1212 350 gratiam
1233 303 1398 337 infundat
1419 303 1573 344 animae,
1595 313 1670 336 non
1695 313 1747 337 re-

179 361 286 408 quirit
313 361 472 407 aliquam
507 360 793 405 dispositionem,
820 358 889 392 nisi
915 369 1025 403 quam
1050 357 1127 403 ipse
1152 357 1256 392 facit:
1278 356 1364 391 facit
1390 364 1510 390 autern
1536 355 1747 402 hujusmodi

179 415 457 461 dispositionem
484 413 723 448 sufficientem
751 412 794 445 ad
822 411 1092 457 susceptionem
1115 410 1263 456 gratiae,
1285 410 1503 456 quandoque
1525 409 1674 455 quidem
1692 420 1748 443 su-

179 469 266 511 bito,
290 467 507 515 quandoque
536 475 656 501 autem
683 465 868 512 paulatim,
896 473 931 498 et
957 465 1171 506 successive,
1190 472 1229 498 ut
1250 475 1357 510 supra
1379 464 1515 498 dictum
1538 471 1591 498 est
1612 463 1660 508 (q.
1678 474 1746 498 112.

178 528 243 557 art.
271 534 301 557 2.
330 521 372 556 ad
398 521 460 566 2.),
485 520 581 567 quod
604 520 701 553 enim
724 530 833 564 agens
855 517 1017 552 naturale
1043 529 1118 551 non
1140 517 1258 551 subito
1281 517 1394 563 possit
1420 517 1611 563 disponere
1639 523 1750 550 mate-

179 576 282 618 riam,
306 575 483 620 contingit
505 585 546 607 ex
568 573 652 615 hoc,
680 572 775 618 quod
803 579 856 606 est
883 571 1002 617 aliqua
1024 571 1267 617 disproportio
1295 571 1383 616 ejus,
1411 570 1508 616 quod
1534 570 1570 603 in
1596 569 1748 604 materia

180 629 311 663 resistit
338 628 382 662 ad
408 628 578 661 virtutem
613 626 763 671 agentis,
799 633 832 659 et
865 632 1012 671 propter
1043 624 1116 658 hoc
1142 624 1322 666 videmus,
1348 623 1445 670 quod
1478 630 1615 669 quanto
1637 623 1749 657 virtus

180 682 318 728 agentis
333 681 438 715 fuerit
460 680 598 722 fortior,
611 687 712 713 tanto
727 679 877 713 materia
902 678 1004 712 citius
1027 678 1248 724 disponitur,
1271 689 1355 711 cum
1376 677 1485 724 igitur
1498 677 1616 725 virtus
1629 677 1749 711 divina

179 735 225 770 sit
246 735 396 777 infinita,
419 742 538 780 potest
559 744 828 779 quamcumque
850 732 1042 766 materiam
1069 740 1228 766 creatam
1256 731 1373 765 subito
1401 731 1592 777 disponere
1620 729 1664 764 ad
1681 729 1751 764 for-

180 801 292 831 mam,
315 797 349 823 et
371 787 486 822 multo
515 787 631 833 magis
658 786 811 820 liberum
839 785 1025 819 arbitrium
1052 785 1223 827 hominis,
1251 786 1352 830 cujus
1378 792 1500 819 motus
1526 792 1647 830 potest
1671 795 1748 818 esse

179 843 426 876 instantaneus
457 841 657 875 secundum
690 848 878 882 naturam3
905 839 955 873 sic
990 839 1097 885 igitur
1129 838 1335 885 justificatio
1362 838 1463 884 impii
1494 837 1535 872 fit
1561 849 1581 872 a
1605 837 1687 871 Deo
1713 837 1750 871 in

183 896 340 929 instanti.

252 949 311 982 AD
334 959 483 983 PRIMUM
507 959 593 993 ergo
621 947 827 989 dicendum,
850 946 948 992 quod
969 954 1090 980 motus
1118 945 1220 980 liberi
1247 945 1393 987 arbitrii,
1416 945 1478 992 qui
1499 944 1683 979 concurrit
1708 943 1752 978 ad

180 1002 476 1048 justificationem
497 1001 611 1047 impii,
634 1009 686 1035 est
714 1011 911 1034 consensus
939 1000 983 1033 ad
1009 999 1262 1034 detestandum
1283 1007 1487 1045 peccatum,
1516 1006 1551 1033 et
1578 998 1622 1032 ad
1654 1008 1753 1032 acce-

182 1056 340 1090 dendum
364 1055 408 1088 ad
429 1055 567 1089 Deum:
591 1054 651 1100 qui
673 1054 820 1100 quidem
849 1065 1047 1087 consensus
1074 1053 1191 1087 subito
1219 1052 1276 1087 fit:
1299 1052 1479 1098 contingit
1500 1059 1623 1086 autem
1644 1062 1753 1097 quan-

181 1109 313 1155 doque,
328 1109 424 1155 quod
441 1108 626 1154 praecedit
644 1107 764 1154 aliqua
786 1107 1009 1149 deliberatio,
1025 1118 1116 1152 quae
1135 1118 1210 1140 non
1229 1114 1282 1140 est
1304 1106 1347 1140 de
1369 1105 1567 1140 substantia
1587 1104 1754 1151 justifica-

181 1163 300 1204 tionis,
317 1162 379 1196 sed
393 1163 451 1196 via
464 1162 500 1196 in
517 1161 829 1207 justificationem:
845 1161 936 1195 sicut
955 1168 1076 1194 motus
1094 1159 1222 1194 localis
1237 1167 1290 1194 est
1303 1160 1360 1194 via
1376 1160 1420 1194 ad
1435 1158 1752 1200 illuminationem,

182 1225 216 1251 et
238 1216 401 1251 alteratio
424 1216 467 1249 ad
490 1215 776 1261 generationem.

253 1271 312 1304 AD
336 1280 544 1304 SECUNDUM
567 1269 775 1311 dicendum,
797 1268 906 1315 quod,
929 1268 1021 1302 sicut
1042 1268 1079 1301 in
1105 1279 1132 1302 1.
1153 1268 1290 1302 dictum
1312 1275 1366 1302 est
1386 1268 1433 1313 (q.
1449 1268 1496 1314 85.
1512 1272 1576 1302 art.
1587 1267 1648 1313 5.),
1663 1265 1756 1300 nihil

184 1324 352 1370 prohibet
367 1324 438 1357 duo
453 1322 562 1357 simul
574 1322 776 1368 intelligere
793 1330 886 1364 actu,
901 1321 1103 1356 secundum
1121 1321 1218 1368 quod
1233 1328 1316 1356 sunt
1335 1320 1610 1367 quodammodo
1629 1331 1754 1362 unum,

184 1378 277 1412 sicut
298 1377 407 1411 simul
428 1376 666 1422 intelligimus
688 1376 902 1421 subjectum,
930 1382 964 1409 et
990 1375 1249 1421 praedicatum,
1280 1375 1496 1421 inquantum
1522 1375 1694 1408 uniuntur
1719 1374 1755 1407 in

185 1431 310 1466 ordine
333 1430 584 1464 affirmationis
606 1430 730 1471 unius3
754 1437 788 1463 et
809 1441 872 1475 per
894 1429 1064 1463 eumdem
1085 1429 1237 1462 modum
1256 1427 1409 1462 liberum
1428 1427 1616 1462 arbitrium
1637 1433 1755 1473 potest

186 1486 221 1519 in
244 1485 315 1519 duo
336 1484 444 1518 simul
465 1483 616 1525 moveri,
632 1483 833 1517 secundum
855 1483 952 1528 quod
974 1494 1086 1516 unum
1109 1482 1296 1516 ordinatur
1309 1481 1346 1515 in
1361 1480 1468 1516 illud:
1491 1488 1612 1515 motus
1635 1488 1757 1514 autem

185 1539 288 1573 liberi
304 1538 438 1572 arbitrii
452 1537 488 1571 in
503 1544 694 1583 peccatum
711 1536 896 1570 ordinatur
911 1535 954 1569 ad
970 1543 1112 1570 motum
1135 1534 1237 1569 liberi
1251 1535 1386 1569 arbitrii
1403 1535 1439 1568 in
1453 1535 1592 1568 Deum:
1611 1542 1757 1580 propter

185 1592 257 1626 hoc
280 1592 377 1625 enim
399 1592 514 1625 homo
538 1590 733 1624 detestatur
755 1598 959 1636 peccatum,
978 1589 1061 1635 quia
1081 1597 1133 1623 est
1155 1597 1282 1622 contra
1303 1589 1435 1631 Deum,
1456 1588 1514 1622 cui
1530 1587 1608 1622 vult
1629 1587 1758 1621 adhae-

184 1658 283 1687 rere,
307 1653 341 1679 et
358 1645 440 1679 ideo
463 1644 616 1678 liberum
640 1644 826 1677 arbitrium
853 1643 888 1676 in
915 1642 1171 1689 justificatione
1197 1641 1301 1688 impii
1326 1641 1436 1676 simul
1462 1641 1659 1676 detestatur
1679 1651 1758 1687 pec-

186 1707 319 1741 catum,
335 1706 369 1732 et
391 1698 570 1732 convertit
583 1709 620 1731 se
637 1698 680 1731 ad
695 1697 836 1730 Deum:
860 1697 953 1730 sicut
974 1696 1085 1730 etiam
1107 1707 1238 1742 corpus
1260 1694 1370 1729 simul
1391 1694 1596 1729 recedendo
1619 1694 1660 1728 ab
1683 1705 1757 1728 uno

184 1752 269 1787 loco
293 1751 432 1786 accedit
454 1751 497 1784 ad
520 1750 643 1784 alium.

257 1806 316 1840 AD
348 1815 521 1839 TERTreM
556 1803 762 1846 dicendum,
790 1803 886 1849 quod
908 1814 982 1837 non
1006 1811 1058 1837 est
1080 1802 1184 1844 ratio,
1206 1813 1316 1848 quare
1339 1801 1458 1836 forma
1479 1801 1598 1836 subito
1624 1802 1661 1836 in
1687 1811 1760 1835 ma-

185 1860 273 1894 teria
300 1870 375 1893 non
401 1859 606 1904 recipiatur,
634 1858 717 1904 quia
744 1857 873 1903 magis,
901 1866 935 1891 et
962 1857 1081 1890 minus
1108 1863 1228 1903 potest
1252 1855 1390 1891 inesse:
1424 1855 1475 1890 sic
1509 1855 1608 1890 enim
1633 1854 1759 1889 lumen

186 1925 259 1948 non
283 1913 400 1947 subito
423 1912 642 1958 reciperetur
663 1911 698 1945 in
727 1914 821 1953 aere,
849 1911 909 1957 qui
936 1918 1056 1956 potest
1084 1909 1214 1955 magis,
1245 1917 1279 1943 et
1308 1909 1427 1944 minus
1453 1907 1670 1943 illuminari:
1696 1907 1759 1942 sed

188 1968 278 2002 ratio
303 1975 357 2002 est
379 1966 591 2012 accipienda
606 1977 648 1999 ex
663 1973 762 2012 parte
786 1964 1034 2011 dispositionis
1052 1963 1238 2005 materiae,
1252 1962 1311 1997 vel
1325 1962 1489 2009 subjecti,
1504 1970 1542 1996 ut
1555 1962 1694 1996 dictum
1708 1968 1761 1996 est

191 2022 243 2066 (in
265 2027 356 2067 corp.
376 2019 470 2064 art).

259 2075 320 2108 AD
335 2084 523 2113 QUARTL‘M
544 2072 750 2114 dicendum,
766 2072 862 2118 quod
877 2072 912 2106 in
934 2071 1067 2106 eodem
1088 2070 1246 2112 instanti,
1264 2070 1300 2104 in
1319 2080 1391 2116 quo
1413 2068 1532 2104 forma
1554 2068 1760 2115 acquiritur,

188 2128 314 2174 incipit
340 2139 395 2161 res
423 2126 565 2173 operari
592 2126 792 2160 secundum
819 2125 913 2160 form
918 2137 993 2159 1111
1025 2125 1117 2159 sicut
1150 2124 1243 2170 ignis
1269 2124 1391 2158 statim
1419 2134 1504 2157 cum
1531 2130 1585 2157 est
1616 2133 1763 2168 genera-

188 2191 256 2224 tus,
278 2189 446 2216 movetur
468 2192 631 2222 sursum;
654 2188 689 2214 et
709 2180 739 2214 si
761 2188 881 2214 motus
905 2181 980 2225 ejus
1003 2187 1097 2213 esset
1122 2180 1381 2219 instantaneus,
1402 2177 1439 2211 in
1463 2176 1595 2211 eodem
1615 2175 1762 2211 instanti

190 2235 453 2282 compleretur:
481 2242 623 2268 motum
655 2242 777 2268 autem
808 2233 910 2268 liberi
938 2232 1083 2274 arbitrii,
1117 2232 1179 2278 qui
1212 2238 1265 2266 est
1297 2230 1403 2273 velle,
1436 2241 1511 2264 non
1539 2238 1593 2264 est
1623 2222 1771 2265 succes-⁴

190 2302 219 2323 51
211 2291 298 2331 ‘vus,
322 2289 383 2322 sed
404 2289 672 2330 instantaneus3
695 2295 728 2321 et
754 2287 836 2321 ideo
859 2298 933 2321 non
961 2294 1116 2333 oportet,
1143 2285 1240 2331 quod
1261 2284 1497 2331 justificatio
1490 2283 1592 2330 impii
1617 2283 1663 2318 sit
1686 2294 1764 2318 suc-

192 2343 340 2377 cessiva.

265 2396 324 2430 AD
352 2406 533 2435 Quinam-*M
564 2394 770 2436 dicendum,
793 2393 889 2439 quod
917 2393 1098 2427 successio
1122 2392 1278 2427 duorum
1300 2392 1553 2438 oppositorum
1574 2390 1610 2424 in
1632 2389 1763 2424 eodem

194 2450 357 2495 subjecto
386 2449 487 2483 aliter
510 2457 563 2483 est
584 2447 847 2482 consideranda
869 2447 904 2480 in
932 2447 999 2489 his,
1021 2458 1113 2493 quae
1140 2446 1327 2491 subjacent
1352 2444 1522 2492 tempori,
1543 2452 1578 2479 et
1600 2443 1702 2478 aliter
1727 2443 1763 2478 in

192 2503 260 2544 liis,
284 2514 374 2549 quae
403 2510 485 2536 sunt
511 2513 617 2548 supra
643 2510 798 2546 tempus.
820 2501 861 2534 In
882 2501 938 2535 his
961 2501 1070 2542 enim,
1093 2512 1186 2547 quae
1205 2500 1392 2545 subjacent
1416 2497 1586 2545 tempori,
1607 2508 1682 2532 non
1712 2505 1766 2531 est

194 2557 278 2591 dare
307 2556 475 2590 ultimum
499 2556 646 2597 instans,
668 2555 703 2588 in
728 2565 799 2600 quo
822 2553 939 2588 forma
961 2554 1058 2600 prior
1079 2554 1242 2599 subjecto
1263 2553 1373 2587 inest:
1397 2559 1450 2586 est
1471 2559 1593 2586 autem
1611 2551 1695 2585 dare
1717 2549 1766 2584 ul-

193 2610 323 2644 timum
346 2618 500 2656 tempus,
525 2617 558 2643 et
580 2609 738 2655 primum
760 2608 908 2649 instans,
928 2607 963 2640 in
987 2618 1058 2653 quo
1080 2606 1197 2641 forma
1224 2606 1446 2652 subsequens
1467 2606 1560 2639 inest
1579 2603 1765 2645 materiae,

195 2663 253 2697 vel
276 2663 448 2709 subjecto.
474 2662 587 2708 Cujus
611 2662 702 2696 ratio
731 2669 794 2703 est,
821 2662 904 2707 quia
927 2661 962 2694 in
983 2668 1149 2705 tempore
1171 2670 1245 2694 non
1267 2666 1387 2706 potest
1407 2657 1523 2704 accipi
1545 2664 1626 2692 ante
1653 2667 1765 2690 unum

195 2717 331 2750 instans
359 2715 454 2750 aliud
483 2716 618 2750 instans
646 2714 865 2761 praecedens
892 2713 1114 2755 immediate,
1142 2724 1186 2748 eo
1215 2713 1313 2760 quod
1342 2711 1510 2747 instantia
1539 2721 1614 2745 non
1644 2720 1768 2744 conse-

197 2777 347 2815 quenter
375 2781 411 2803 se
439 2769 575 2803 habent
601 2769 636 2802 in
662 2777 847 2814 temporc;
874 2767 967 2801 sicut
1000 2778 1066 2800 nec
1101 2774 1234 2812 puncta
1267 2767 1303 2800 in
1336 2765 1444 2807 linea,
1471 2773 1509 2799 ut
1534 2764 1705 2811 probatur
1730 2763 1767 2797 in

198 2821 230 2856 6.
253 2822 361 2868 Phys.
385 2824 462 2867 (lint.
482 2835 509 2857 I.
536 2828 563 2856 cl
588 2822 688 2868 seq.).·
712 2821 773 2856 sed
800 2830 942 2867 tempus
969 2820 1182 2854 terminatur
1209 2821 1251 2854 ad
1278 2820 1433 2862 instans;
1457 2826 1491 2853 et
1517 2818 1599 2852 ideo
1627 2817 1662 2851 in
1687 2824 1766 2851 toto

198 2884 362 2922 tempore
384 2875 626 2922 praecedenti,
649 2886 720 2922 quo
743 2874 876 2921 aliquid
900 2882 1067 2908 movetur
1089 2873 1132 2907 ad
1155 2885 1265 2908 unam
1287 2873 1458 2915 sormam,
1485 2871 1607 2907 subest
1626 2869 1767 2905 formae
