1907 3182
258 170 344 212 444
695 167 916 203 QUAESTIO
951 167 1048 197 va.
1083 166 1325 197 ARTICULUS
1359 166 1386 195 1.

832 335 1174 380 ARTICULUS
1210 335 1244 378 1.
1754 358 1818 394 339

376 445 529 475 UTRUM
553 444 767 474 VIRTUTES
796 444 990 474 MORALES
1029 444 1126 473 SINT
1156 443 1213 472 AD
1243 443 1423 473 INVICEM
1451 443 1701 473 CONNEXAE.
1737 476 1740 478 ,

658 531 759 577 (Insr.
782 543 811 576 ¹?-
834 542 881 577 73.
902 535 964 564 art.
987 543 1014 565 I.
1036 535 1064 565 et
1085 542 1150 565 2-2.
1168 530 1288 576 q.146.
1309 535 1373 566 art.
1392 542 1424 574 4.

374 591 404 622 et
415 598 442 633 3.
463 598 492 632 q.
511 586 566 629 85.
588 590 652 620 art.
668 587 700 620 6.
724 591 811 631 corp.
831 590 898 630 et3.
922 585 1008 618 Dist.
1026 584 1079 630 36.
1102 589 1252 618 a1·t.r.et
1272 595 1302 618 2.
1325 588 1353 617 et
1381 584 1464 618 Virt.
1486 595 1514 629 q.
1533 595 1562 630 5.
1581 588 1646 618 art.
1668 583 1700 618 6.

661 643 689 673 et
712 638 832 682 Quodl.
855 649 905 672 12.
927 643 989 672 art.
1012 649 1059 683 23.
1082 643 1110 672 at
1137 648 1169 681 4.
1192 637 1300 671 Ethic.
1314 637 1407 682 fin)

329 728 389 762 AD
411 737 560 762 PRIMUM
581 728 630 761 sic
646 727 861 773 proceditur.
880 726 1042 768 Videtur,
1062 727 1157 772 quod
1175 726 1322 760 virtutes
1343 725 1497 760 morales
1519 737 1593 759 non
1615 725 1685 759 sint
1702 736 1745 758 ex
1763 735 1821 758 ne-

260 782 423 815 cessitate
446 791 649 814 connexae:
672 780 819 814 virtutes
841 780 938 814 enirn
960 779 1117 814 morales
1140 779 1357 825 quandoque
1379 787 1570 813 causantur
1588 789 1630 812 ex
1648 778 1818 812 exercitio

260 842 418 876 actuum,
441 842 478 867 ut
498 834 668 879 probatur
689 833 725 866 in
744 843 774 867 2.
798 833 913 867 Ethic.
938 833 1026 879 (cap.
1054 846 1080 868 Ι.
1107 838 1137 867 ct
1162 834 1230 878 2.).·
1259 832 1320 866 sed
1346 832 1461 866 homo
1489 840 1607 878 potest
1633 831 1819 865 exercitari

258 888 295 922 in
317 888 453 921 actibus
476 887 624 932 alicujus
642 887 793 928 virtutis,
815 887 890 921 sine
916 887 987 920 hoc
1015 887 1112 932 quod
1139 886 1350 920 exercitetur
1371 886 1407 919 in
1430 886 1567 920 actibus
1588 884 1733 920 alterius
1753 885 1820 918 vir-

261 942 366 983 tuti53
390 952 475 986 ergo
499 952 569 974 una
589 942 699 974 virtus
721 940 869 974 moralis
891 948 1010 986 potest
1026 940 1151 974 haberi
1171 940 1246 973 sine
1268 939 1390 973 altera.

330 1005 361 1028 2.
384 995 618 1029 PRAETEREA.
634 994 916 1039 Magnificentia,
935 1002 970 1028 et
988 993 1268 1039 magnanimitas
1288 1000 1369 1026 sunt
1387 993 1566 1039 quaedam
1580 992 1728 1027 virtutes
1746 1003 1822 1026 mo-

260 1048 369 1083 rales:
393 1048 453 1082 sed
477 1047 604 1093 aliquis
626 1055 744 1093 potest
764 1047 897 1081 habere
920 1047 1006 1081 alias
1029 1048 1178 1081 virtutes
1201 1046 1369 1088 morales,
1384 1046 1461 1080 sine
1478 1046 1550 1080 hoc
1573 1045 1669 1092 quod
1691 1045 1822 1080 habeat

259 1101 580 1147 magnificentiam,
596 1109 630 1135 et
645 1101 998 1146 magnanimitatem:
1020 1100 1105 1134 dicit
1121 1100 1218 1135 enim
1232 1099 1478 1146 Philosophus
1493 1100 1529 1133 in
1543 1109 1575 1142 4.
1591 1099 1671 1133 Eth.
1687 1101 1773 1145 (cap.
1789 1110 1820 1134 2.

259 1161 287 1189 et
306 1156 349 1201 3.)
374 1155 470 1200 quod
491 1155 596 1200 inops
617 1166 690 1188 non
712 1162 830 1201 potest
852 1166 928 1188 esse
951 1154 1177 1199 magnificus,
1205 1154 1265 1199 qui
1285 1161 1407 1188 tamen
1434 1161 1552 1200 potest
1578 1153 1711 1188 habere
1734 1153 1821 1187 alias

260 1208 435 1254 quasdam
456 1208 622 1242 virtutes:
647 1216 681 1242 et
702 1208 797 1253 quod
817 1207 887 1249 ille,
907 1208 967 1253 qui
985 1209 1103 1253 parvis
1122 1215 1175 1241 est
1192 1207 1333 1252 dignus,
1349 1215 1383 1241 et
1396 1207 1451 1241 his
1469 1218 1506 1241 se
1526 1206 1721 1252 dignificat,
1735 1214 1824 1240 tem—

261 1269 403 1308 peratus
431 1269 501 1304 est;
529 1263 783 1307 magnanimus
811 1269 930 1295 autem
957 1272 1031 1295 non
1059 1269 1130 1303 est3
1154 1272 1240 1306 ergo
1266 1261 1414 1294 virtutes
1448 1259 1607 1294 morales
1640 1271 1714 1294 non
1741 1267 1823 1294 sunt

264 1326 461 1349 connexae.

337 1380 365 1414 3.
387 1368 623 1403 PRAETEREA.
647 1368 747 1403 Sicut
767 1368 914 1402 virtutes
937 1368 1093 1402 morales
1115 1367 1304 1414 perficiunt
1331 1375 1470 1414 partem
1497 1366 1731 1413 appetitivam
1753 1366 1824 1400 ani-

263 1433 364 1463 mae;
385 1422 432 1456 ita
455 1422 601 1456 virtutes
624 1421 884 1456 intellectuales
912 1421 1099 1467 perficiunt
1125 1429 1265 1467 partem
1292 1420 1569 1455 intellectivam:
1593 1420 1654 1455 sed
1675 1420 1822 1454 virtutes

263 1475 522 1510 intellectuales
537 1487 611 1509 non
626 1483 707 1510 sunt
722 1486 922 1510 connexae:
943 1482 1061 1521 potest
1079 1475 1173 1508 enirn
1198 1474 1325 1520 aliquis
1341 1474 1474 1508 habere
1489 1485 1599 1508 unam
1621 1474 1823 1515 scientiam,

263 1528 338 1562 sine
357 1528 427 1562 hoc
450 1529 546 1574 quod
568 1529 698 1563 habeat
725 1528 852 1570 aliam;
877 1539 963 1573 ergo
992 1528 1100 1562 etiam
1127 1539 1243 1573 neque
1269 1527 1418 1562 virtutes
1447 1526 1604 1561 morales
1631 1534 1713 1561 sunt
1739 1538 1826 1561 con-

264 1593 388 1616 nexae.

332 1646 364 1678 4.
387 1635 622 1670 PRAETEREA.
646 1635 684 1670 Si
705 1635 852 1670 virtutes
876 1634 1033 1669 morales
1060 1636 1130 1668 sint
1158 1645 1355 1676 connexae,
1382 1634 1453 1668 hoc
1480 1644 1554 1668 non
1577 1641 1630 1668 est
1651 1633 1720 1668 nisi
1741 1633 1824 1679 quia

264 1697 526 1723 connectuntur
552 1690 587 1723 in
614 1689 819 1735 prudentia:
843 1689 904 1722 sed
930 1689 1002 1722 hoc
1029 1699 1103 1722 non
1130 1687 1259 1722 sufficit
1286 1687 1328 1721 ad
1347 1687 1626 1731 ¹connexionem
1652 1688 1825 1722 virtutum

264 1742 476 1777 moralium:
498 1743 637 1777 videtur
658 1743 766 1784 enim,
786 1741 882 1788 quod
903 1741 1029 1787 aliquis
1049 1741 1160 1787 possit
1178 1752 1255 1775 esse
1274 1740 1429 1786 prudens
1447 1741 1543 1774 circa
1562 1739 1718 1786 agibilia,
1733 1751 1824 1786 quae

264 1797 441 1843 pertinent
462 1797 505 1830 ad
528 1808 637 1830 unam
658 1796 838 1837 virtutem,
858 1795 935 1829 sine
954 1795 1024 1829 hoc
1044 1794 1140 1840 quod
1162 1794 1206 1828 sit
1227 1795 1382 1840 prudens
1403 1794 1439 1828 in
1458 1794 1526 1836 his,
1541 1805 1632 1840 quae
1647 1794 1826 1840 pertinent

265 1851 308 1884 ad
331 1850 453 1884 aliam:
477 1850 568 1884 sicut
589 1850 696 1884 etiam
719 1849 845 1895 aliquis
868 1857 986 1895 potest
1003 1849 1136 1883 habere
1151 1856 1265 1882 artem
1288 1849 1382 1882 circa
1402 1847 1521 1894 aliqua
1542 1847 1725 1889 factibilia,
1747 1847 1824 1881 sine

264 1904 335 1938 hoc
358 1903 452 1950 quod
476 1904 608 1937 habeat
629 1911 741 1937 artem
764 1903 859 1936 circa
882 1903 968 1936 alia:
992 1903 1180 1948 prudentia
1203 1910 1323 1936 autem
1346 1909 1399 1936 est
1419 1906 1507 1936 recta
1525 1902 1612 1936 ratio
1634 1901 1822 1947 agil›1‘liun1;

265 1968 351 2003 crgo
373 1969 446 1991 non
469 1965 522 1992 est
541 1957 798 1998 necessarium,
819 1957 966 1990 virtutes
989 1955 1146 1990 morales
1169 1966 1245 1990 esse
1268 1966 1459 1989 connexas.

337 2011 411 2046 SED
434 2021 588 2046 CONTRA
616 2019 679 2053 est,
701 2010 797 2056 quod
819 2009 1034 2044 Ambrosius
1057 2009 1141 2043 dicit
1162 2020 1269 2055 super
1299 2009 1437 2043 Lucam
1465 2007 1554 2055 (cap.
1570 2008 1602 2043 6.
1617 2014 1712 2054 super
1731 2007 1825 2042 illud.-

267 2067 356 2100 Beati
378 2066 570 2112 pauperes),
600 2075 784 2099 connexae
812 2064 878 2098 sibi
904 2071 997 2106 sunt,
1023 2070 1353 2108 concatenataeque
1379 2063 1538 2104 virtutes,
1565 2070 1603 2096 ut
1629 2062 1690 2108 qui
1715 2073 1825 2096 unam

265 2119 383 2162 habet,
405 2119 523 2165 plures
545 2119 676 2152 habere
698 2118 869 2152 videatur.
893 2117 1117 2163 Augustinus
1139 2117 1247 2150 etiam
1270 2116 1355 2150 dicit
1373 2117 1407 2150 in
1430 2115 1461 2150 6.
1477 2116 1520 2150 de
1537 2115 1666 2150 Trinit.
1691 2122 1778 2162 (sap.
1792 2127 1825 2159 4.

268 2175 300 2206 in.
332 2173 457 2219 princ.)
491 2172 586 2218 quod
620 2172 778 2213 virtutes,
814 2182 904 2216 quae
939 2178 1020 2205 sunt
1055 2171 1089 2204 in
1126 2170 1247 2204 animo
1282 2169 1456 2211 humano,
1493 2168 1594 2203 nullo
1629 2169 1740 2203 modo
1775 2180 1827 2203 se-

266 2234 435 2272 parantur
457 2226 498 2258 ab
522 2225 695 2266 invicem;
719 2233 752 2258 et
775 2224 974 2269 Gregorius
996 2224 1146 2258 dicit22.
1163 2222 1290 2257 Moral.
1310 2223 1400 2269 (cap.
1421 2235 1446 2257 1.
1466 2234 1485 2256 a
1505 2222 1619 2267 med),
1639 2223 1736 2268 quod
1755 2233 1825 2256 una

266 2279 376 2313 virtus
399 2279 474 2313 sine
497 2278 574 2312 aliis
597 2286 656 2312 aut
679 2278 828 2311 omnino
856 2277 954 2311 nulla
982 2285 1044 2318 est,
1069 2285 1128 2310 aut
1150 2275 1377 2322 imperfecta3
1400 2284 1435 2310 et
1457 2275 1599 2310 Tullius
1621 2276 1706 2310 dicit
1731 2276 1766 2309 in
1795 2285 1825 2309 2.

268 2333 310 2366 de
334 2331 482 2366 Tuscul.
508 2331 595 2372 QQ.
621 2331 709 2375 (anta
731 2331 845 2375 med.)
867 2332 903 2365 Si
925 2342 1025 2365 unam
1046 2331 1205 2364 vit‘tutam
1231 2330 1393 2376 consessus
1413 2341 1442 2364 cs
1464 2335 1492 2364 te
1514 2341 1577 2364 non
1605 2329 1734 2372 habere,
1757 2329 1827 2363 nul-

268 2386 333 2419 lam
356 2398 472 2420 necessa
494 2390 535 2420 cst
554 2390 580 2419 lc
603 2385 805 2419 hahitwwn.

338 2439 566 2473 Ruspoxoflo
586 2438 790 2478 dicendum,
810 2438 904 2484 quod
928 2439 1037 2471 virtus
1061 2436 1208 2471 moralis
1229 2444 1347 2483 potest
1369 2437 1483 2483 accipi
1504 2436 1556 2470 vel
1582 2435 1750 2483 perfecta,
1776 2436 1828 2471 vel

269 2492 493 2539 imperfecta:
518 2491 725 2537 imperfecta
749 2492 893 2536 quidem
917 2491 1063 2525 moralis
1086 2490 1195 2524 virtus
1219 2492 1273 2534 (ut
1294 2491 1542 2536 temperantia,
1560 2489 1619 2524 vel
1638 2489 1826 2533 fortitudo)

269 2547 359 2581 nihil
381 2546 476 2581 aliud
500 2554 562 2587 est,
586 2557 693 2591 quam
717 2545 835 2590 aliqua
858 2544 1044 2578 inclinatio
1068 2544 1102 2578 in
1124 2544 1228 2578 nobis
1255 2544 1407 2578 existens
1436 2544 1478 2577 ad
1506 2555 1596 2590 opus
1618 2543 1763 2589 aliquod
1785 2543 1828 2577 de

270 2612 400 2645 genere
423 2601 601 2633 bonorum
627 2598 841 2639 faciendum,
861 2598 934 2631 sive
954 2597 1033 2631 talis
1052 2597 1237 2631 inclinatio
1260 2598 1302 2631 sit
1321 2597 1356 2631 in
1375 2597 1478 2631 nobis
1497 2608 1516 2631 a
1538 2605 1676 2638 natura,
1690 2597 1764 2631 sive
1786 2607 1827 2631 ex

269 2653 512 2688 assuetudine:
537 2661 570 2687 et
592 2653 649 2686 hoc
672 2651 766 2685 modo
793 2651 979 2696 accipiendo
1006 2652 1142 2684 >virtutes
1165 2651 1315 2692 morales,
1340 2663 1403 2684 non
1431 2655 1505 2685 sunt
1527 2662 1712 2685 connexae:
1735 2650 1828 2684 vide-

270 2718 350 2741 mus
373 2707 468 2740 enim
493 2706 649 2751 aliquem
673 2718 713 2739 ex
736 2704 886 2738 naturali
911 2704 1175 2750 complexione,
1194 2704 1249 2738 vel
1270 2716 1311 2738 ex
1331 2703 1449 2750 aliqua
1468 2703 1728 2738 consuetudine
1750 2714 1827 2738 esse

271 2768 477 2806 promptum
502 2760 544 2793 ad
567 2770 674 2805 opera
698 2758 930 2798 liberalitatis,
953 2759 1010 2803 qui
1035 2765 1155 2790 tamen
1178 2768 1250 2790 non
1274 2764 1326 2791 est
1353 2765 1540 2803 promptus
1567 2757 1610 2791 ad
1637 2767 1746 2803 opera
1773 2767 1827 2790 ca-

271 2814 407 2847 stitatis.
432 2813 592 2847 Perfecta
628 2820 746 2846 antem
769 2812 879 2845 virtus
903 2810 1049 2844 moralis
1077 2819 1128 2844 est
1156 2810 1296 2844 habitus
1324 2810 1499 2844 inclinans
1522 2810 1556 2844 in
1577 2810 1714 2844 bonum
1736 2821 1824 2856 opus

272 2867 361 2901 bene
386 2867 585 2911 agendum:
607 2875 640 2900 et
659 2866 708 2899 sic
723 2865 934 2910 accipiendo
949 2864 1094 2898 virtutes
1113 2863 1280 2905 morales,
1295 2864 1486 2898 dicendum
1502 2872 1554 2899 est
1568 2874 1628 2898 eas
1646 2873 1826 2897 connexas
