1907 3198
493 179 717 215 QUAESTIO
751 179 897 210 LXXVI.
932 180 1180 210 ARTICULUS
1214 180 1241 209 Ι.
1572 183 1657 225 549

0 293 15 361 J
523 295 626 332 Circa
647 297 799 344 primum
827 301 1034 343 quaeruntur
1054 301 1210 343 quatuor.

151 368 288 403 Primo.
312 368 446 403 Utrum
467 368 673 414 ignorantia
696 369 740 403 sit
762 379 872 403 causa
891 368 1044 415 peccati.

152 422 335 457 Secundo.
359 421 491 457 Utrum
513 422 720 468 ignorantia
743 422 787 456 sit
805 430 1009 468 peccatum.

153 475 292 511 Tertio.
316 475 449 510 Utrum
470 475 630 510 totaliter
652 487 671 510 a
693 484 845 522 peccato
869 485 1026 511 excuset.

0 556 13 613 ι
153 528 308 571 Quarto.
334 529 466 564 Utrum
489 529 668 564 diminuat
686 537 892 576 peccatum.

0 662 8 720 ς·
183 708 186 711 ,
655 671 1003 717 ARTICULUS
1039 673 1072 716 Ι.
1585 697 1651 730 411

3 763 6 771 Ι
286 780 439 810 UTRUM
467 780 742 811 IGNORANTIA
771 781 923 811 POSSIT
951 782 1052 811 ESSE
1081 783 1222 812 CAUSA
1251 783 1454 814 PECCATI.

368 867 471 912 (Infr.
493 874 558 904 art.
570 881 598 916 3.
614 876 702 917 corp.
718 876 747 905 ct
761 882 792 905 2.
812 871 900 905 Dist.
916 882 971 915 42.
987 875 1051 905 art.
1074 883 1100 906 1.
1121 878 1210 918 corp.
1233 876 1262 907 et
1282 871 1325 906 ad
1342 884 1371 920 3.

224 927 254 958 et
280 922 364 957 Mal.
393 934 422 968 q.
446 934 474 970 3.
502 928 567 959 art.
591 935 619 970 3.
641 930 703 971 per
729 929 784 959 lot.
811 929 839 959 et
865 936 894 971 q.
924 936 952 971 7.
981 930 1045 960 art.
1072 937 1099 960 r.
1127 932 1217 972 corp.
1236 926 1301 972 fin.
1328 931 1359 962 et
1383 926 1426 961 ad
1453 927 1513 970 6.).

3 1014 11 1049 i
153 1011 214 1046 AD
229 1021 380 1047 PRIMUM
401 1011 452 1046 sic
471 1013 689 1059 proceditur.
709 1012 872 1056 Videtur,
891 1014 989 1060 quod
1011 1014 1217 1060 ignorantia
1235 1025 1310 1049 non
1326 1015 1440 1062 possit
1457 1026 1535 1050 esse
1550 1027 1659 1050 causa

0 1062 10 1069 ”
81 1065 246 1112 peccati3
269 1065 354 1112 quia
375 1066 473 1112 quod
500 1077 574 1101 non
602 1075 666 1109 est,
693 1067 825 1102 nullius
853 1076 906 1102 est
932 1079 1061 1110 causa3
1084 1068 1145 1102 sed
1173 1069 1378 1115 ignorantia
1405 1078 1458 1104 est
1483 1081 1558 1104 non
1585 1081 1660 1113 enS,

82 1129 166 1154 cum
187 1119 233 1154 sit
254 1119 408 1166 privatio
428 1120 608 1166 quaedam
630 1121 823 1164 scientiae;
845 1133 933 1168 ergo
952 1121 1159 1168 ignorantia
1186 1133 1260 1157 non
1287 1131 1342 1158 est
1368 1134 1477 1158 causa
1507 1124 1659 1169 peccati.

154 1183 185 1208 2.
207 1173 446 1209 PRAETEREA.
468 1173 612 1209 Causae
635 1175 775 1221 peccati
797 1183 879 1210 sunt
901 1175 1135 1222 accipiendae
1159 1188 1200 1210 ex
1219 1184 1318 1222 parte
1341 1177 1604 1220 conversionis,
1623 1185 1661 1212 ut

83 1238 125 1262 ex
147 1227 363 1275 supradictis
384 1235 482 1274 patet
511 1229 558 1274 (q.
582 1239 628 1275 75.
650 1233 715 1263 art.
737 1230 806 1274 1.).·
829 1229 891 1263 sed
915 1229 1120 1275 ignorantia
1141 1229 1284 1264 videtur
1307 1231 1485 1278 respicere
1508 1231 1663 1266 aversio-

81 1292 188 1324 nem;
210 1292 298 1328 ergo
319 1292 394 1315 non
417 1281 523 1316 debet
538 1282 632 1329 ,poni
654 1294 761 1316 causa
784 1282 935 1329 peccati.

156 1346 184 1382 3.
207 1335 446 1370 PRAETEREA.
471 1334 594 1371 Omne
621 1344 814 1382 peccatum
842 1335 876 1369 in
904 1335 1091 1370 voluntate
1119 1337 1295 1379 consistit,
1323 1344 1361 1371 ut
1387 1349 1494 1384 supra
1521 1338 1659 1372 dictum

85 1397 138 1424 est
161 1388 208 1435 (q.
231 1400 284 1436 74.
312 1394 376 1423 art.
404 1401 431 1424 I.
454 1394 483 1424 et
503 1388 576 1434 2.):
599 1389 661 1424 sed
687 1388 856 1424 voluntas
883 1401 956 1424 non
984 1389 1096 1424 fertur
1117 1390 1186 1425 nisi
1212 1390 1248 1424 in
1276 1390 1423 1437 aliquod
1452 1392 1661 1438 cognitum3

81 1442 166 1489 quia
188 1442 326 1477 bonurn
349 1442 617 1490 apprehensum
640 1451 694 1478 est
715 1443 899 1490 objectum
921 1443 1139 1487 voluntatis;
1162 1455 1250 1491 ergo
1277 1445 1483 1491 ignorantia
1504 1457 1580 1480 non
1602 1457 1663 1493 po-

80 1503 151 1531 test
171 1506 249 1531 esse
271 1507 381 1530 causa
403 1496 555 1543 peccati.

31 1541 36 1550 '
155 1549 230 1585 SED
245 1560 402 1586 CONTRA
425 1558 489 1593 est,
511 1551 609 1597 quod
632 1551 787 1597 August.
811 1551 896 1586 dicit
917 1551 953 1585 in
976 1551 1036 1586 lib.
1051 1551 1095 1586 de
1118 1551 1200 1586 Nat.
1221 1560 1255 1587 et
1279 1552 1378 1588 Grat.
1403 1552 1492 1601 (cap.
1516 1554 1570 1601 67.
1586 1559 1662 1590 ante

82 1603 184 1649 med.)
205 1603 303 1650 quod
325 1603 462 1650 quidam
474 1610 538 1652 per
559 1605 784 1651 ignorantiam
801 1610 953 1652 peccant.

153 1657 386 1693 Responnsso
401 1658 610 1701 dicendum,
625 1658 722 1705 quod
737 1659 939 1693 secundum
954 1658 1092 1693 Philos.
1109 1658 1144 1693 in
1160 1659 1191 1693 8.
1208 1658 1354 1706 Physic.
1371 1659 1449 1703 (tex.
1464 1661 1536 1707 27.)
1553 1671 1662 1695 causa

83 1722 236 1747 movens
257 1719 312 1746 est
332 1711 454 1760 duplex
467 1724 479 1753 ‚·
503 1723 571 1746 una
584 1723 648 1758 per
666 1723 715 1755 se,
739 1720 773 1747 et
794 1713 863 1747 alia
885 1724 948 1759 per
970 1713 1158 1755 accidens;
1181 1724 1244 1759 per
1262 1724 1300 1748 se
1319 1713 1466 1760 quidem
1490 1722 1554 1757 est,
1569 1726 1661 1762 quae

82 1765 228 1813 propria
249 1765 380 1800 virtute
402 1773 546 1809 movet;
565 1766 658 1801 sicut
673 1777 850 1812 generans
873 1775 925 1801 est
947 1777 1057 1801 causa
1079 1777 1234 1801 movens
1256 1767 1392 1814 gravia,
1416 1776 1450 1802 et
1471 1767 1663 1816 levia2per

82 1820 252 1855 accidens
273 1827 407 1862 autem,
421 1819 514 1854 sicut
529 1831 722 1854 removens
736 1820 946 1867 prohibens,
967 1819 1025 1854 vel
1046 1820 1138 1855 sicut
1158 1821 1235 1867 ipsa
1252 1821 1408 1856 remotio
1424 1822 1662 1868 prohibentis.

83 1874 126 1909 Et
147 1873 206 1908 hoc
227 1873 323 1908 modo
346 1874 540 1920 ignorantia
556 1878 662 1921 potest
683 1885 743 1908 esse
766 1886 865 1909 causa
887 1879 977 1909 actus
996 1875 1146 1921 peccati:
1170 1883 1224 1909 est
1245 1875 1343 1909 enirn
1370 1875 1524 1921 privatio
1551 1876 1664 1911 scien-

82 1927 154 1962 tiae
180 1926 400 1974 perficientis
428 1927 621 1970 rationem,
648 1939 740 1974 quae
768 1927 937 1974 prohibet
963 1935 1086 1962 actum
1112 1928 1264 1975 peccati,
1291 1928 1508 1976 inquantum
1542 1930 1664 1977 dirigit

84 1989 186 2016 actus
206 1981 401 2016 humanos.
434 1981 754 2016 Considerandum
777 1989 830 2016 est
858 1990 993 2024 autem,
1017 1982 1114 2028 quod
1142 1981 1234 2016 ratio
1265 1984 1468 2017 secundum
1498 1983 1663 2031 duplicem

83 2035 274 2070 scientiam
297 2043 351 2070 est
370 2035 619 2070 humanorum
635 2043 783 2070 actuum
798 2035 990 2079 directiva;
1006 2035 1145 2070 scilicet
1163 2036 1364 2071 secundum
1387 2037 1578 2072 scientiam
1593 2039 1665 2073 uni-

82 2089 254 2130 versalem,
282 2097 318 2124 et
337 2089 596 2137 particularem.
625 2089 829 2124 Conferens
857 2089 953 2124 enim
982 2090 1025 2124 de
1053 2089 1202 2136 agendis
1230 2091 1339 2124 utitur
1365 2092 1526 2138 quodam
1554 2091 1664 2139 syllo-

83 2143 216 2190 gismo,
238 2144 340 2189 cujus
362 2143 552 2178 conclusio
571 2150 625 2178 est
642 2143 830 2189 judicium,
846 2154 908 2177 seu
928 2142 1072 2186 electio,
1086 2143 1144 2178 vel
1159 2144 1336 2190 operatio,
1360 2145 1522 2180 actiones
1541 2154 1663 2180 autem

84 2197 120 2232 in
142 2197 385 2244 singularibus
407 2205 507 2232 sunt:
532 2197 626 2232 unde
649 2197 839 2232 conclusio
862 2196 1067 2244 syllogismi
1090 2197 1267 2244 operativi
1290 2206 1343 2232 est
1364 2199 1573 2245 singularis:
1597 2200 1665 2234 sin-

84 2250 219 2298 gularis
237 2259 359 2286 autem
377 2251 579 2299 propositio
601 2262 675 2286 non
703 2250 932 2285 concluditur
953 2262 995 2285 ex
1022 2251 1227 2294 universali,
1249 2251 1318 2286 nisi
1334 2252 1516 2287 mediante
1543 2252 1663 2300 aliqua

85 2305 336 2353 propositione
357 2304 551 2352 singulari:
574 2306 667 2340 sicut
681 2305 796 2339 homo
818 2304 1031 2351 prohibetur
1045 2305 1086 2339 ab
1104 2313 1185 2340 actu
1199 2305 1381 2352 parricidii
1395 2317 1459 2353 per
1477 2307 1549 2341 hoc
1565 2307 1661 2353 quod

42 2366 46 2370 '
84 2359 151 2394 scit
172 2367 312 2406 patrem
334 2370 408 2394 non
431 2370 509 2394 esse
532 2359 788 2400 occidendum,
811 2366 845 2392 et
872 2369 933 2405 per
960 2358 1032 2393 hoc
1060 2359 1157 2405 quod
1185 2359 1252 2394 scit
1278 2359 1375 2394 hunc
1404 2371 1482 2395 esse
1501 2368 1664 2407 patrem;

85 2413 270 2460 utriusque
292 2423 382 2459 ergo
404 2412 610 2459 ignorantia
632 2420 751 2459 potest
773 2423 921 2446 causare
943 2412 1282 2463 parricidiigactum,
1298 2413 1448 2456 scilicet,
1470 2422 1505 2448 et
1526 2414 1665 2448 univer-

86 2465 170 2502 salis
183 2466 363 2514 principii,
376 2467 474 2514 quod
493 2475 547 2502 est
563 2466 743 2513 quaedam
758 2465 883 2512 regula
906 2466 1068 2509 rationis,
1087 2474 1121 2501 et
1143 2466 1336 2512 singularis
1351 2467 1662 2510 circumstantiae;

50 2548 53 2550 .
87 2519 182 2555 unde
203 2527 312 2567 patet,
333 2520 431 2567 quod
453 2531 527 2555 non
555 2519 737 2567 quaelibet
764 2519 968 2565 ignorantia
995 2520 1178 2566 peccantis
1207 2528 1260 2555 est
1287 2531 1395 2555 causa
1423 2522 1574 2567 peccati,
1601 2521 1663 2556 sed

86 2572 148 2608 illa
167 2581 322 2616 tantum,
341 2584 433 2621 quae
455 2573 550 2609 tollit
571 2573 762 2608 scientiam
784 2573 1038 2619 prohibentem
1062 2581 1183 2608 actum
1203 2574 1364 2620 peccati3
1379 2575 1473 2609 unde
1488 2575 1517 2609 si
1538 2574 1665 2609 volun-

85 2635 141 2662 tas
158 2626 311 2674 alicujus
325 2635 421 2663 esset
437 2627 487 2662 sic
507 2627 695 2674 disposita,
714 2626 812 2673 quod
826 2638 900 2661 non
915 2627 1168 2674 prohiberetur
1183 2627 1225 2662 ab
1245 2636 1327 2662 actu
1344 2628 1537 2675 parricidii,
1553 2628 1663 2663 etiam

88 2680 118 2717 si
138 2685 279 2729 patrem
301 2689 529 2729 agnosceret,
551 2680 757 2728 ignorantia
779 2680 889 2727 patris
908 2692 983 2715 non
1005 2689 1059 2715 est
1080 2681 1164 2715 huic
1187 2692 1295 2716 causa
1318 2682 1470 2729 peccati,
1492 2681 1554 2716 sed
1577 2692 1664 2716 con-

46 2754 53 2764 ·
89 2735 308 2770 comitanter
328 2746 366 2770 se
387 2735 497 2770 habet
519 2735 562 2770 ad
585 2742 790 2782 peccatum,
809 2742 844 2769 et
866 2734 949 2769 ideo
970 2734 1052 2769 talis
1074 2745 1147 2769 non
1171 2743 1298 2781 peccat
1325 2744 1472 2782 propter
1493 2736 1665 2782 ignoran-

37 2819 51 2834 -.
86 2787 188 2831 tiam,
209 2788 272 2824 sed
291 2794 408 2836 peccat
429 2790 598 2835 Ignorans,
621 2788 824 2824 secundum
844 2787 981 2822 Philos.
1004 2788 1039 2822 in
1067 2799 1094 2835 3.
1118 2788 1234 2823 Ethic
1259 2789 1348 2836 (cap.
1371 2802 1397 2825 ι.
1421 2801 1441 2824 a
1463 2789 1575 2834 meti..)

35 2852 57 2887 [ς.
159 2841 220 2877 AD
244 2852 395 2878 PRIMUM
418 2853 507 2889 ergo
529 2841 738 2883 dicendum,
761 2841 857 2888 quod
879 2853 954 2876 non
977 2853 1040 2876 ens
1062 2853 1136 2877 non
1151 2850 1271 2889 potest
1292 2854 1369 2877 esse
1385 2843 1536 2889 alicujus
1556 2854 1663 2878 causa

32 2888 82 3000 z
88 2905 152 2943 per
171 2906 228 2931 se:
251 2903 373 2943 potest
392 2904 515 2931 tamen
537 2907 615 2931 esse
638 2907 748 2930 causa
770 2907 834 2942 per
856 2896 1036 2938 accidens,
1059 2896 1151 2931 sicut
1173 2897 1330 2932 remotio
1350 2897 1585 2943 prohibentis.

33 2983 82 3041 τ’
233 2977 262 3005 S.
284 2977 408 3005 Τιιοκη
429 2977 535 3005 Summa
561 2976 683 3014 Tbe01ogi
685 2987 722 3004 ca.
745 2977 810 3004 V.ol
834 2977 871 3004 ll.
1490 2980 1521 3013 36

37 3059 55 3087 ,ἰ

46 3095 51 3112 ι

33 3125 77 3198 ᾖ.
