1907 3198
443 184 667 221 QUAESTIO
702 184 820 215 XCIX.
855 183 1102 215 ARTICULUS
1137 183 1197 213 111.
1528 184 1612 227 707

35 268 37 270 ’
80 269 118 314 ‘t‚
137 275 177 304 ut
195 268 233 303 in
257 266 338 314 lege
364 267 636 302 continerentur
661 274 851 314 praecepta
878 264 1161 301 caeremonialia
1188 265 1230 300 de
1260 264 1439 312 aliquibus
1474 265 1614 300 actibus

78 340 86 364 2
139 320 255 357 ativis.

112 374 190 412 SED
219 385 375 412 coum
405 383 470 418 est,
496 375 594 421 quod
621 373 750 409 dicitur
775 373 883 408 Deut.
916 384 986 417 14:
1014 374 1137 408 Decem
1164 373 1280 415 verba,
1307 385 1390 419 quae
1422 374 1554 420 scripsit
1581 374 1614 407 in

35 459 40 466 ,
96 448 99 453 r
117 440 167 465 us
186 427 308 466 tabulis
327 428 477 476 lapideis,
502 428 645 475 mihique
664 427 838 463 mandavit
860 429 893 462 in
916 427 971 462 {110
994 432 1136 475 tempore
1157 432 1192 462 ut
1213 425 1360 462 docerem
1379 438 1438 461 vos
1455 438 1615 461 caeremo-

71 483 81 492 “
114 509 129 527 ,
147 486 177 519 et
191 481 337 530 judicia,
359 494 442 529 quac
454 482 570 529 jacere
591 481 766 517 deberetis.-
788 481 851 516 sed
874 481 1002 516 decem
1025 488 1218 528 praecepta
1237 479 1328 526 legis
1347 488 1429 515 sunt
1443 479 1615 523 moralia3

53 554 66 567 a
90 554 96 578 3
114 552 122 565 ·
149 543 293 583 praeter
312 543 505 582 praecepta
527 534 681 570 moralia
702 543 786 570 sunt
806 534 917 569 etiam
940 534 1010 568 alia
1033 541 1224 580 praecepta
1247 533 1542 568 caeremonialia.

111 587 343 625 RESPONDEO
364 588 571 631 dicendum,
593 588 703 636 quod,
725 588 817 623 sicut
839 588 976 623 dictum
996 596 1049 622 est
1063 588 1300 634 (art.praec.),
1315 586 1374 622 lex
1387 587 1509 621 divina
1524 587 1617 634 prin·

137 641 205 678 ter
220 641 417 678 instituitur
442 641 487 677 ad
514 642 758 677 ordinandum
785 641 955 677 homines
983 641 1026 675 ad
1053 641 1195 682 Deum;
1220 640 1278 676 lex
1305 648 1427 675 autem
1452 640 1614 675 humana

39 691 287 747 principaliter
308 695 353 730 ad
374 695 618 731 ordinandum
635 695 806 730 homines
828 695 895 730 ad
887 695 1067 737 invicem;
1081 703 1116 729 et
1131 694 1213 729 ideo
1229 694 1328 740 leges
1341 694 1524 729 humanae
1539 705 1613 729 non

35 757 259 788 ,curaverunt
278 748 413 796 aliquid
438 749 624 784 instituere
645 749 689 784 de
712 748 811 783 culto
833 749 969 790 divino,
991 748 1059 782 nisi
1082 748 1116 782 in
1140 747 1266 783 ordine
1290 748 1334 782 ad
1355 748 1494 782 bonum
1517 759 1616 782 com-

35 797 152 846 1nt'1ne
172 802 381 847 hominum,
401 811 438 839 et
454 811 602 850 propter
623 803 695 837 hoc
714 803 826 838 etiam
847 802 961 837 multa
983 801 1237 836 confinxerunt
1258 802 1355 836 circa
1377 813 1434 836 res
1460 802 1613 844 divinas,

72 856 243 892 undum
263 856 363 904 quod
387 856 575 892 videbatur
601 857 653 892 eis
679 857 874 903 expediens
901 856 946 891 ad
972 855 1224 890 informandos
1251 866 1373 890 mores
1399 855 1614 897 hominum;

57 928 61 936 ·
106 918 135 946 ·t
154 918 253 958 patet
271 910 309 946 in
329 911 399 946 ritu
421 909 644 946 Gentilium:
666 910 728 946 sed
749 910 809 945 lex
830 910 951 944 divina
972 921 992 944 e
1014 920 1194 944 converso
1210 909 1379 944 homines
1394 909 1462 944 ad
1454 909 1612 944 invicem

92 963 232 1008 mavit,
251 963 453 1000 secundum
475 964 573 1012 quod
593 964 833 1000 conveniebat
853 964 982 1006 ordini,
997 963 1127 1013 quiwest
1144 963 1180 997 in
1202 963 1337 1005 Deum,
1355 974 1464 1009 quem
1487 963 1615 1010 princi-

186 1017 412 1055 intendebat:
433 1018 621 1054 ordinatur
641 1027 762 1054 autem
784 1018 900 1053 homo
921 1018 957 1052 in
979 1017 1101 1052 Deum
1123 1028 1197 1051 non
1212 1016 1334 1051 solum
1348 1028 1412 1063 per
1424 1016 1614 1051 interiores

95 1088 101 1099 ·
133 1088 135 1090 ·
162 1071 308 1114 mentis,
327 1071 391 1119 qui
418 1080 502 1107 sunt
531 1072 690 1114 credere,
718 1083 874 1118 sperare,
905 1079 940 1106 et
968 1082 1103 1113 amare,
1125 1071 1187 1105 sed
1216 1070 1326 1105 etiam
1350 1081 1412 1117 per
1432 1070 1613 1117 quaedam

37 1141 69 1155 ›-·
111 1126 221 1173 riora
241 1136 364 1174 opera,
386 1125 515 1173 quibus
536 1125 653 1161 homo
682 1126 844 1160 divinam
874 1125 1083 1160 servitutem
1115 1123 1321 1171 profitetur:
1349 1132 1384 1159 et
1409 1124 1477 1159 ista
1503 1135 1614 1171 opera

39 1208 40 1213 ,
63 1193 115 1207 ἰ·-
135 1186 210 1214 ·tur
222 1179 268 1215 ad
285 1178 423 1215 cultum
440 1179 510 1214 Dei
523 1179 722 1226 pertinere:
745 1179 807 1226 qui
819 1179 967 1226 quidem
983 1178 1100 1213 cultus
1113 1179 1321 1213 caeremonia
1334 1186 1497 1219 vocatur,
1512 1177 1614 1224 quasi

122 1233 157 1268 ia
177 1232 287 1278 (idest
305 1232 420 1278 dona)
444 1232 588 1276 Cereris,
610 1244 703 1280 quae
725 1233 912 1268 dicebatur
932 1232 1012 1267 Dea
1033 1231 1199 1277 srugum3
1218 1242 1263 1266 eo
1285 1231 1382 1278 quod
1406 1232 1524 1278 primo
1549 1230 1612 1277 [al.

35 1311 40 1318 «ι
89 1286 166 1330 ἀει,
187 1285 234 1322 al.
249 1285 402 1334 primae]
423 1297 467 1322 ex
487 1285 648 1333 frugibus
669 1285 874 1321 oblationes
894 1285 976 1320 Deo
999 1284 1262 1320 offerebantur:
1284 1286 1362 1320 sive
1380 1294 1419 1320 ut
1433 1285 1613 1320 Maximus

74 1337 207 1375 alerius
226 1338 335 1375 refert
354 1339 427 1386 (lib.
446 1352 474 1376 1.
489 1346 563 1388 cap.
585 1352 612 1376 ι.
631 1353 722 1375 num.
741 1352 793 1375 10.
791 1341 824 1385 ),
847 1351 984 1374 nomen
999 1341 1225 1374 caeremoniae
1240 1339 1486 1374 introductum
1501 1348 1556 1374 est
1569 1340 1613 1374 ad

58 1391 68 1401 ⁸
105 1392 132 1423 ·'
144 1410 150 1423 ·
161 1392 320 1429 candum
333 1393 472 1429 cultum
486 1393 650 1429 divinum
665 1393 759 1441 apud
775 1394 937 1436 Latinos,
959 1405 980 1428 a
1001 1393 1162 1440 quodam
1181 1393 1315 1440 oppido
1329 1393 1426 1438 juxta
1440 1393 1613 1435 Romam,

97 1462 104 1475 ·
121 1462 127 1474 ·
159 1445 264 1484 Caere
279 1447 496 1483 vocabatur:
518 1458 564 1483 eo
585 1448 683 1495 quod
706 1447 826 1482 Roma
847 1455 953 1495 capta
971 1459 991 1482 a
1007 1446 1136 1490 Gallis,
1150 1447 1224 1482 illic
1239 1458 1342 1481 sacra
1356 1447 1611 1482 Romanorum

179 1508 276 1544 sunt,
295 1508 332 1536 et
350 1501 652 1537 reverendissime
673 1501 814 1537 habita:
841 1501 891 1536 sic
914 1501 1024 1547 igitur
1045 1500 1107 1535 illa
1129 1509 1334 1548 praecepta,
1356 1512 1449 1547 quae
1471 1501 1507 1535 in
1530 1500 1611 1547 lege

38 1595 40 1597 ,
114 1553 222 1589 -ι“ειιι
241 1553 285 1589 ad
307 1553 446 1590 cultum
465 1554 549 1598 Dei,
569 1555 777 1603 specialiter
798 1554 1082 1590 caeremonialia
1103 1555 1283 1589 dicuntur.

54 1634 58 1639 .
109 1606 171 1644 AD
190 1617 342 1644 Pluma
362 1619 451 1656 ergo
477 1608 686 1651 dicendum,
711 1608 809 1656 quod
835 1608 988 1643 humani
1015 1616 1117 1643 actus
1142 1619 1180 1643 se
1207 1607 1404 1643 extendunt
1430 1608 1540 1643 etiam
1568 1609 1611 1643 ad

71 1678 75 1688 v
97 1677 117 1690 τι
139 1672 177 1696 ιιι
209 1660 392 1706 divinum3
422 1670 458 1698 et
485 1661 570 1698 ideo
591 1662 703 1698 etiam
725 1663 769 1698 de
791 1662 848 1697 his
874 1662 1038 1697 continet
1063 1671 1257 1709 praecepta
1282 1661 1339 1697 lex
1364 1670 1468 1697 vetus
1494 1662 1611 1697 homi-

50 1731 65 1744 ··
85 1725 143 1750 ·us
163 1713 259 1750 data.

47 1798 52 1804 .
108 1768 171 1805 AD
191 1779 402 1806 SECUNDUM
426 1768 634 1812 dicendum,
660 1770 770 1817 quod,
795 1769 888 1804 sicut
913 1780 1021 1816 supra
1046 1769 1186 1804 dictum
1211 1778 1266 1804 est
1294 1769 1340 1816 (q.
1367 1781 1425 1816 94.
1452 1776 1518 1805 art.
1545 1770 1610 1815 4.),

64 1860 70 1861 7
111 1830 231 1870 cepta
250 1821 342 1870 legis
362 1831 513 1858 naturae
535 1823 749 1858 communia
769 1831 865 1866 sunt,
883 1831 919 1858 et
932 1823 1095 1869 indigent
1108 1823 1428 1859 determinatione:
1447 1823 1614 1858 determi-

94 1883 168 1912 ·tur
187 1883 310 1912 autem
331 1884 368 1912 et
387 1888 451 1924 per
470 1876 593 1924 legem
614 1877 828 1919 humanam,
849 1885 886 1912 et
906 1888 969 1924 per
990 1876 1112 1923 legem
1132 1877 1315 1911 divinam:
1338 1885 1374 1912 et
1394 1877 1487 1912 sicut
1511 1878 1612 1924 ipsae

72 1949 84 1957 a
106 1946 122 1960 a
139 1929 371 1974 minationes,
391 1941 485 1978 quae
507 1930 597 1966 fiunt
617 1942 681 1978 per
702 1930 823 1977 legem
844 1930 1058 1972 humanam,
1079 1941 1154 1965 non
1176 1931 1345 1965 dicuntur
1364 1942 1443 1966 esse
1464 1931 1508 1966 de
1530 1930 1612 1976 lege

95 2000 102 2014 ·
144 1994 200 2027 ae,
219 1983 284 2020 sed
304 1983 349 2020 de
369 1984 448 2031 jure
465 1984 643 2032 positivo:
664 1985 714 2020 ita
740 1985 840 2031 ipsae
867 1984 1190 2019 determinationes
1216 1992 1494 2031 praeceptorum
1521 1984 1612 2031 legis

83 2053 114 2066 υ·
143 2048 200 2081 ae,
218 2048 314 2086 quae
334 2037 425 2074 fiunt
444 2049 508 2086 per
529 2038 650 2086 legem
670 2038 844 2080 divinam,
862 2038 1132 2085 distinguuntur
1149 2050 1170 2073 a
1184 2039 1385 2086 praeceptis
1400 2038 1610 2081 moralibus,

119 2107 122 2109 >
151 2091 333 2140 pertinent
351 2092 396 2128 ad
416 2091 539 2140 legem
561 2101 730 2128 naturae:
749 2092 871 2127 colere
894 2103 982 2138 ergo
1003 2092 1138 2135 Deum,
1160 2103 1245 2126 cum
1267 2092 1311 2127 sit
1332 2101 1433 2127 actus
1458 2093 1612 2134 virtutis,

112 2144 193 2182 ·'·et
212 2145 258 2182 ad
279 2154 515 2194 praeceptum
538 2146 697 2182 morale:
720 2146 781 2181 sed
803 2145 1058 2181 determinatio
1079 2146 1186 2192 hujus
1207 2146 1402 2193 praecepti,
1421 2154 1460 2181 ut
1472 2146 1611 2182 scilicet

131 2215 139 2229 ι
199 2198 331 2235 talibus
347 2199 490 2243 hostiis,
511 2208 547 2236 et
566 2200 698 2235 talibus
719 2199 941 2242 muneribus,
962 2199 1033 2234 hoc
1061 2200 1215 2246 pertinet
1242 2200 1286 2234 ad
1313 2208 1506 2246 praecepta
1534 2212 1611 2235 cac·

126 2270 133 2283 ·
152 2271 192 2283 ι’
218 2252 273 2289 'at
293 2260 330 2289 et
348 2253 433 2290 ideo
454 2262 650 2302 praecepta
671 2253 955 2289 caeremonialia
976 2253 1246 2299 distinguuntur
1267 2264 1288 2287 a
1308 2254 1509 2300 praeceptis
1535 2265 1611 2288 mo-

90 2326 93 2333 ,
114 2317 182 2343 us.

108 2359 172 2399 AD
192 2369 369 2398 mnu!
387 2360 597 2404 dicendum,
623 2361 733 2408 quod,
760 2361 853 2396 sicut
878 2360 1079 2408 Dionysius
1099 2360 1187 2395 dicit
1218 2371 1244 2395 1.
1272 2372 1350 2407 cap.
1378 2360 1483 2396 Coei.
1512 2361 1609 2395 Hier.

143 2412 260 2461 mod),
280 2413 404 2450 divina
423 2414 634 2450 hominibus
656 2413 880 2449 manifestari
900 2425 974 2449 non
997 2423 1160 2461 possunt,
1186 2414 1255 2449 nisi
1280 2415 1345 2449 sub
1365 2414 1543 2461 aliquibus
1568 2414 1612 2449 si-

74 2507 77 2509 ,
127 2485 133 2494 ·
157 2466 302 2504 dinibus
320 2467 568 2504 sensibilibus:
590 2468 688 2516 ipsae
710 2476 833 2503 autem
853 2467 1108 2503 similitudines
1130 2468 1247 2513 magis
1269 2477 1421 2503 movent
1435 2469 1609 2510 animum,

204 2530 280 2557 non
300 2519 422 2557 solum
444 2521 556 2557 verbo
578 2522 839 2569 exprimuntur,
860 2522 923 2556 sed
945 2522 1055 2556 etiarn
1077 2522 1198 2556 sensui
1221 2521 1438 2556 offeruntur:
1465 2530 1501 2556 et
1526 2522 1609 2556 ideo

99 2572 125 2604 ἰι
145 2593 147 2596 ·
177 2574 396 2611 traduntur
386 2586 424 2611 m
446 2575 641 2623 scripturis
663 2587 737 2610 non
760 2575 880 2610 solum
903 2587 968 2623 per
993 2574 1249 2610 similitudines
1275 2575 1386 2610 verbo
1412 2586 1609 2622 expressas,

149 2636 250 2677 patet
266 2628 305 2665 in
325 2629 587 2676 metaphoricis
609 2628 868 2671 locutionibus,
887 2628 951 2664 sed
972 2628 1082 2663 etiam
1104 2640 1168 2676 per
1194 2628 1448 2664 similitudines
1475 2640 1608 2671 rerum,

123 2681 246 2718 visui
264 2690 531 2730 proponuntur,
551 2683 649 2731 quod
671 2682 826 2730 pertinet
846 2682 890 2718 ad
911 2691 1103 2730 praecepta
1132 2682 1416 2717 caerimonialia.
