1907 3198
595 199 818 237 Quum-10
853 199 910 230 ct.
944 199 1191 230 Alimentus
1225 198 1268 228 11.
1632 198 1684 241 73
1693 199 1715 241 5

143 282 350 325 affectione,
371 282 571 317 secundum
593 281 681 317 illud
705 281 773 316 Isa.
800 292 873 326 51.:
903 280 1086 323 Gaudium,
1109 286 1139 316 ct
1160 281 1288 315 laetitia
1311 281 1500 314 invenietur
1523 281 1555 313 in
1567 291 1616 319 cu,
1644 291 1719 325 gra·

143 339 269 373 {iarum
289 337 389 378 actio,
404 341 434 371 el
453 348 520 370 vox
539 335 657 372 laudis.
684 335 723 369 ln
745 343 839 370 statu
863 342 985 369 autem
1007 334 1206 380 praesentis
1227 334 1323 368 vitae
1347 344 1420 368 non
1449 344 1644 379 possumus
1671 333 1718 367 di-

142 390 266 425 vinam
288 390 478 425 veritatem
501 390 536 424 in
563 390 681 436 seipsa
703 387 852 423 intueri:
874 388 938 423 sed
961 395 1115 434 oportet,
1137 387 1235 434 quod
1258 387 1378 421 radius
1397 386 1540 421 divinae
1559 386 1719 421 veritatis

141 443 248 480 nobis
261 442 450 479 illucescat
463 443 527 477 sub
543 442 721 490 aliquibus
735 441 963 477 sensibilibus
978 441 1114 487 figuris,
1129 441 1223 475 sicut
1237 440 1348 475 Dion.
1365 440 1451 475 dicit
1472 451 1499 474 1.
1515 450 1593 486 cap.
1611 438 1717 474 Coel.

144 497 242 533 Hier.
258 497 354 542 (circ.
369 496 491 542 med.):
514 495 757 531 diversimode
778 503 901 530 tamen
918 495 1120 529 secundum
1139 494 1324 528 diversum
1345 502 1479 529 statum
1498 493 1719 539 cognitionis

141 551 346 587 humanae:
376 550 414 585 in
435 550 547 585 veteri
570 550 667 584 enim
690 549 770 596 lege
791 560 910 595 neque
933 548 1008 595 ipsa
1031 548 1152 582 divina
1174 548 1306 582 veritas
1330 549 1364 582 in
1387 547 1505 594 seipsa
1527 545 1718 581 manifesta

143 612 231 647 erat,
251 614 371 651 neque
392 604 502 639 etiam
529 604 646 638 adhuc
668 602 857 651 propalata
879 610 955 637 erat
976 602 1034 636 via
1055 602 1099 636 ad
1126 602 1199 636 hoc
1224 601 1471 648 perveniendi,
1502 602 1596 635 sicut
1622 601 1720 647 Apo·

143 657 258 694 stolus
279 657 367 692 dicit
380 657 425 692 ad
444 657 535 692 Heb.
550 668 596 703 9.,
610 665 646 692 et
665 657 748 692 ideo
767 656 970 704 oportebat,
985 656 1203 690 exteriorem
1227 655 1366 690 cultum
1389 655 1520 690 veteris
1539 654 1629 700 legis
1642 665 1717 688 non

143 711 265 747 solum
286 722 365 747 esse
386 710 619 758 figurativum
646 709 785 745 futurae
811 710 972 745 veritatis
993 709 1283 744 manifestandae
1306 710 1341 743 in
1369 709 1495 756 patria,
1518 708 1578 743 sed
1607 708 1718 742 etiam

143 764 375 813 figurativum
394 764 544 806 Christi,
559 764 620 812 qui
635 772 688 800 est
700 764 759 798 via
772 764 908 798 ducens
924 763 968 797 ad
983 763 1084 798 illam
1101 764 1237 810 patriae
1252 763 1454 798 veritatem.
1478 762 1549 796 Sed
1569 762 1605 796 in
1625 770 1718 796 statu

142 829 263 854 novae
282 817 374 865 legis
394 818 487 853 haec
508 818 567 852 via
596 819 669 863 jam
692 825 746 852 est
766 817 943 860 revelata;
975 817 1071 852 unde
1093 817 1188 851 hanc
1211 816 1446 863 praefigurari
1472 827 1546 850 non
1574 823 1720 861 oportet

142 872 235 908 sicut
247 871 419 914 futuram,
433 871 495 906 sed
511 871 795 906 commemorari
810 878 955 918 oportet
973 881 1035 917 per
1050 870 1202 905 modum
1217 870 1412 917 praeteriti,
1426 869 1483 904 vel
1499 868 1717 915 praesentis:

142 925 206 962 sed
223 925 346 961 solum
367 933 512 973 oportet
530 924 764 972 praefigurari
781 923 939 959 futuram
959 924 1149 958 veritatem
1169 923 1308 970 gloriae
1326 923 1490 958 nondum
1507 922 1718 964 revelatam,

142 987 178 1015 et
197 979 270 1015 hoc
291 987 356 1022 est,
387 979 484 1026 quod
508 978 709 1026 Apostolus
735 978 822 1013 dicit
843 979 886 1012 ad
910 978 1001 1013 Heb.
1025 988 1096 1013 10.:
1135 979 1297 1014 Umbram
1320 978 1417 1014 babet
1448 978 1498 1013 lex
1517 978 1718 1024 futurorum

142 1034 318 1076 bonorum,
340 1044 407 1068 non
429 1034 533 1080 ipsam
554 1033 733 1079 imaginem
763 1043 896 1068 rerum:
926 1032 1055 1066 umbra
1082 1032 1180 1067 enim
1203 1032 1324 1067 minus
1355 1040 1420 1074 est,
1443 1042 1554 1079 quam
1581 1031 1718 1077 imago,

140 1094 331 1134 tamquam
351 1088 462 1134 imago
483 1086 660 1134 pertineat
680 1087 725 1121 ad
745 1097 882 1121 novam
904 1085 1036 1132 legem,
1059 1087 1179 1120 umbra
1201 1082 1289 1120 vero
1308 1085 1352 1120 ad
1375 1094 1549 1120 veterem.

213 1141 276 1176 At>
295 1150 447 1176 ramum
474 1151 564 1186 ergo
584 1139 792 1182 dicendum,
822 1139 919 1186 quod
942 1139 1064 1174 divina
1084 1151 1161 1174 non
1183 1148 1268 1174 sunt
1290 1139 1484 1174 revelanda
1507 1138 1718 1173 hominibus

141 1194 212 1230 nisi
232 1193 434 1230 secundum
461 1205 590 1229 eorum
618 1193 880 1240 capacitatem:
908 1192 1069 1239 alioquin
1092 1193 1237 1228 daretur
1255 1193 1306 1228 eis
1326 1193 1527 1240 praecipitii
1554 1192 1718 1234 materia,

142 1247 230 1283 dum
244 1255 532 1289 contemnerent,
542 1258 635 1294 quae
647 1257 776 1293 capere
791 1258 865 1280 non
881 1254 1048 1293 possunt;
1063 1255 1098 1281 et
1112 1247 1195 1281 ideo
1206 1246 1328 1281 utilius
1342 1246 1419 1288 fuit,
1432 1254 1469 1281 ut
1481 1246 1545 1281 sub
1557 1245 1717 1293 quodam

143 1300 342 1349 figurarum
362 1300 545 1336 velamine
567 1300 687 1334 divina
709 1300 880 1346 mysteria
906 1300 986 1334 rudi
1012 1299 1149 1346 populo
1175 1300 1422 1342 traderentur;
1450 1308 1488 1334 ut
1509 1301 1560 1334 sic
1587 1299 1717 1334 saltem

141 1365 186 1391 ea
205 1353 381 1402 implicite
403 1361 681 1401 cognoscerent,
701 1353 788 1388 dum
810 1353 881 1388 illis
903 1353 1028 1400 figuris
1050 1353 1274 1388 deservirent
1295 1353 1339 1388 ad
1366 1354 1548 1388 honorem
1572 1353 1653 1388 Dei.

214 1407 276 1443 AD
306 1417 515 1443 SECUNDUM
540 1406 748 1448 dicendum,
782 1407 880 1454 quod
911 1409 1004 1442 sicut
1034 1407 1176 1453 poetica
1207 1418 1282 1442 non
1312 1407 1505 1454 capiuntur
1531 1419 1551 1441 a
1578 1407 1717 1442 ratione

140 1461 306 1496 humana
327 1468 475 1508 propter
490 1459 673 1495 defectum
693 1460 866 1503 veritatis,
881 1461 942 1507 qui
961 1461 1063 1495 estin
1078 1460 1129 1495 eis
1142 1473 1150 1502 ;
1171 1461 1220 1495 ita
1235 1461 1344 1495 etiam
1360 1461 1452 1495 ratio
1467 1461 1628 1495 humana
1643 1472 1719 1506 per-

140 1513 234 1550 fecte
255 1524 385 1561 capere
414 1525 488 1549 non
510 1521 631 1561 potest
655 1514 776 1548 divina
806 1523 954 1561 propter
983 1515 1223 1549 excedentem
1255 1514 1419 1561 ipsorum
1442 1516 1657 1557 veritatem;
1683 1523 1719 1549 et

140 1567 224 1604 ideo
246 1567 437 1615 utrobique
459 1579 549 1616 opus
571 1576 626 1603 est
646 1570 976 1614 repraesentatione
999 1579 1063 1614 per
1083 1567 1272 1603 sensibiles
1294 1567 1437 1615 figuras.

211 1621 273 1657 An
294 1631 467 1657 TERTIUM
488 1621 699 1664 dicendum,
725 1621 823 1668 quod
846 1622 1000 1668 August.
1023 1622 1071 1656 ibi
1097 1621 1257 1668 loquitur
1278 1622 1322 1656 de
1344 1622 1443 1657 cultu
1462 1622 1653 1664 interiore3
1673 1622 1717 1656 ad

139 1686 251 1723 quem
270 1682 395 1710 tamen
411 1675 570 1710 ordinari
588 1683 733 1722 oportet
751 1675 967 1710 exteriorem
988 1675 1138 1715 cultum,
1158 1684 1196 1710 ut
1213 1675 1352 1710 dictum
1372 1684 1426 1710 est
1440 1676 1490 1720 (in
1510 1682 1602 1723 corp.
1622 1676 1717 1721 art).

211 1728 257 1764 Et
276 1728 444 1764 similiter
465 1729 661 1763 dicendum
683 1736 736 1763 est
756 1739 808 1764 an
830 1739 1040 1768 QUARTUM:
1063 1729 1147 1775 quia
1170 1741 1234 1775 per
1252 1729 1443 1764 Christum
1464 1729 1633 1764 homines
1648 1729 1719 1777 ple·

138 1782 222 1818 nius
242 1782 287 1817 ad
308 1781 533 1830 spiritualem
555 1782 626 1817 Dei
644 1781 782 1817 cultum
804 1790 888 1817 sunt
908 1782 1116 1818 introducti.

702 1940 1050 1986 ARTICULUS
1085 1941 1163 1985 111.
1652 1965 1717 2001 544

222 2062 379 2095 UTRUM
399 2062 648 2093 DEBUERINT
672 2062 774 2093 ESSE
800 2062 955 2093 MULTA
979 2063 1339 2093 CAEREMONIAMA
1360 2064 1630 2095 PRAECEPTA.

369 2164 419 2209 (4.
437 2163 525 2199 Dist.
549 2176 575 2199 1.
598 2175 628 2210 q.
648 2175 674 2199 1.
697 2168 761 2198 art.
780 2175 808 2210 5.
831 2168 859 2198 ei
880 2175 911 2210 q.
932 2175 965 2199 2.
988 2163 1031 2198 acl
1052 2175 1083 2199 2.
1105 2169 1134 2199 et
1157 2166 1250 2200 Rom.
1270 2177 1298 2211 5.
1326 2165 1396 2200 lect.
1419 2166 1483 2210 6.).

207 2265 268 2301 ΑΒ
289 2274 461 2301 TERTIUM
483 2266 533 2300 sic
555 2264 775 2312 proceditur.
798 2264 961 2308 Videtur,
983 2265 1081 2312 quod
1103 2276 1177 2300 non
1201 2265 1390 2301 debuerint
1408 2277 1486 2301 esse
1506 2265 1620 2301 multa
1639 2278 1718 2302 cae-

139 2317 357 2354 remonialia
375 2326 591 2366 praecepta:
614 2329 656 2353 ea
678 2318 776 2353 enim
802 2329 894 2365 quae
912 2326 995 2353 sunt
1017 2319 1060 2353 ad
1083 2318 1205 2361 finem,
1228 2319 1359 2354 debent
1380 2331 1458 2354 esse
1482 2319 1542 2354 fini
1565 2331 1716 2366 propor-

137 2371 294 2408 tionata:
315 2371 378 2407 sed
400 2371 685 2407 caeremonialia
707 2380 910 2419 praecepta,
925 2372 1017 2407 sicut
1031 2373 1168 2407 dictum
1188 2380 1241 2407 est
1256 2372 1337 2416 (art.
1357 2385 1383 2408 1.
1400 2379 1428 2407 ct
1447 2385 1477 2409 2.
1494 2374 1642 2420 praec),
1661 2385 1717 2409 or-

138 2425 307 2461 dinantur
332 2426 377 2461 ad
404 2425 543 2460 cultum
565 2425 649 2466 Dei,
671 2433 706 2460 et
728 2425 763 2459 in
786 2424 940 2471 figuram
963 2425 1122 2461 Christi:
1145 2434 1199 2461 est
1221 2434 1342 2461 autem
1365 2439 1448 2462 nnus
1476 2428 1578 2469 Deus,
1605 2439 1625 2462 a
1651 2440 1715 2474 quo

139 2479 268 2522 omnia,
289 2483 319 2515 et
334 2491 418 2515 untes
439 2479 606 2514 Dominus
620 2479 713 2524 jesus
736 2479 899 2522 Christus,
917 2486 979 2527 per
1008 2491 1102 2525 quem
1125 2482 1253 2523 omnia,
1276 2488 1314 2514 ut
1335 2480 1465 2515 dicitur
1491 2491 1519 2515 1.
1542 2480 1629 2516 Cor.
1658 2481 1715 2522 8.;

138 2541 229 2580 ergo
249 2531 533 2568 caeremonialia
554 2543 628 2568 non
651 2533 852 2568 debuerunt
873 2533 1118 2582 multiplicari.

209 2594 242 2621 2.
268 2585 506 2622 ΡκΑετΕκεΑ.
534 2586 728 2621 Multitudo
760 2588 1084 2622 caeremonialium
1116 2596 1395 2635 praeceptorum
1417 2588 1715 2634 transgressionis

139 2646 216 2675 erat
235 2639 397 2682 occasio,
417 2639 618 2675 secundum
641 2638 728 2674 illud
750 2641 848 2687 quod
869 2641 956 2677 dicit
978 2642 1104 2677 Petrus
1127 2642 1209 2676 Act.
1237 2652 1308 2687 15.:
1334 2641 1426 2687 Quid
1444 2644 1572 2678 tentatis
1591 2643 1714 2685 Deum,

138 2693 304 2740 imponere
325 2694 444 2740 jugum
465 2700 563 2741 super
588 2695 750 2728 cervicem
776 2694 1027 2742 discipulorum,
1047 2695 1134 2742 quod
1151 2708 1251 2742 neque
1269 2708 1340 2739 nos,
1366 2708 1466 2742 neque
1479 2701 1590 2743 patres
1611 2698 1716 2732 nostri

133 2750 276 2795 portare
298 2747 493 2795 potuimus?
526 2746 598 2782 Sed
631 2748 872 2792 transgressio
909 2748 1117 2784 divinorum
1156 2758 1434 2796 praeceptorum
1475 2751 1716 2785 contrariatur

138 2798 323 2836 humanae
346 2798 469 2843 saluti3
487 2809 573 2835 cum
596 2800 704 2847 igitur
725 2801 781 2836 lex
803 2803 924 2837 omnis
946 2803 1075 2838 debeat
1096 2803 1201 2838 saluti
1225 2814 1430 2849 congruere
1453 2803 1658 2846 hominum,
1678 2812 1715 2839 ut

136 2852 264 2889 Isidor.
278 2852 364 2888 dicit
377 2853 454 2899 (lib.
469 2865 498 2900 5.
514 2854 622 2901 Etym.
644 2862 714 2902 cap.
730 2856 791 2902 3.),
813 2855 953 2891 videtur
975 2856 1071 2904 quod
1095 2868 1169 2892 non
1184 2857 1371 2892 debuerint
1394 2857 1507 2892 multa
1523 2867 1714 2905 praecepta

138 2906 422 2942 caeremonialia
443 2906 531 2942 dari.
