1907 3198
494 167 717 204 QUAESTIO
750 166 842 196 XIII.
876 165 1123 197 ARTICULUS
1155 166 1183 196 1.
1545 166 1623 210 115

20 270 32 281 ι
54 264 97 289 ex
121 251 178 287 his
203 250 350 298 aliquod
377 250 643 297 compositum:
666 249 759 284 sicut
780 249 879 284 enim
910 249 1077 291 dicimus,
1099 247 1237 283 animal
1263 259 1307 283 ex
1334 247 1468 291 anima,
1496 256 1530 283 et
1551 259 1627 283 cor-

12 299 41 327 '·'‘·
50 317 141 356 pore
169 305 416 352 compositum
443 315 533 347 esse,
559 314 677 350 neque
703 314 790 338 vero
818 314 950 350 corpus
977 313 1055 338 esse
1082 302 1284 337 secundum
1311 302 1483 349 seipsum,
1509 313 1628 349 neque

50 359 213 396 animam
234 358 365 401 solam,
386 358 448 393 sed
470 366 681 405 utrumque3
703 357 752 392 ita
778 365 813 392 et
835 357 1066 392 electionem.
1089 356 1151 391 Est
1173 364 1295 391 autem
1317 356 1627 391 considerandum

51 413 63 423 “
109 413 248 448 actibus
269 413 425 455 animae,
447 411 546 459 quod
569 420 681 454 actus,
704 412 766 459 qui
787 420 841 446 est
859 410 1097 446 essentialiter
1118 422 1210 446 unus
1232 411 1428 457 potentiae,
1450 410 1508 445 vel
1528 411 1627 445 habi-

47 475 119 511 tus,
140 467 267 514 recipit
287 466 458 508 formam,
481 475 516 501 et
536 466 696 513 speciem
725 477 745 500 a
772 466 951 513 superiori
976 465 1151 513 potentia,
1178 465 1235 500 vel
1261 465 1398 508 habitu,
1426 465 1626 501 secundum

0 563 1 570 ἵ
50 521 149 570 quod
171 521 359 556 ordinatur
379 519 527 555 inferius
549 531 570 555 a
595 520 791 567 superiori:
815 520 844 555 si
866 520 964 555 enim
992 519 1121 566 aliquis
1148 527 1268 554 actum
1291 518 1511 555 fortitudinis
1534 531 1629 554 exer-

74 583 134 610 eat
151 582 299 622 propter
319 574 390 609 Dei
412 585 589 617 amorem,
612 582 712 608 actus
735 573 882 621 quidem
904 573 964 608 ille
984 573 1220 608 materialiter
1241 581 1295 608 est
1311 573 1542 616 fortitudinis,
1560 573 1629 608 for-

91 628 195 664 aliter
213 639 302 664 vero
324 627 521 663 charitatis.
543 627 779 663 Manifestum
801 636 855 662 est
876 636 1010 670 autem,
1033 627 1131 674 quod
1153 627 1246 662 ratio
1269 627 1546 674 quodammodo
1568 639 1630 662 vo-

46 682 229 720 luntatem
252 682 446 730 praecedit,
472 690 508 717 et
533 682 677 717 ordinat
711 690 833 717 actum
868 683 964 728 ejus;
991 683 1206 729 inquantum
1233 681 1373 717 scilicet
1397 682 1566 717 voluntas
1591 682 1627 716 in

49 748 158 774 suum
178 736 364 783 objectum
383 736 498 771 tendit
519 736 718 771 secundum
741 736 909 770 ordinem
928 736 1096 779 rationis;
1116 747 1160 770 eo
1183 735 1280 783 quod
1296 736 1351 771 vis
1366 736 1628 783 apprehensiva

51 790 267 839 appetitivae
293 801 401 826 suum
426 790 611 837 objectum
637 798 900 837 repraesentat:
928 790 979 824 sic
1006 790 1115 836 igitur
1141 789 1202 824 ille
1230 798 1346 832 actus,
1368 801 1441 837 quo
1459 789 1628 825 voluntas

35 845 165 881 'tendit
182 844 219 879 in
241 843 390 892 aliquid,
410 843 508 891 quod
530 845 746 891 proponitur
766 852 805 879 ut
825 844 976 887 bonum,
1003 854 1044 878 ex
1072 855 1116 878 eo
1143 843 1241 891 quod
1269 855 1332 891 per
1361 844 1542 879 rationem
1575 852 1629 879 est

51 898 260 935 ordinatum
281 898 326 933 ad
343 897 467 940 finem,
490 898 723 933 materialiter
737 897 884 945 quidem
904 906 957 932 est
977 897 1186 940 voluntatis,
1206 897 1409 933 formaliter
1431 906 1554 933 autem
1576 909 1628 932 ra-

49 953 172 989 tionis.
185 952 226 988 In
239 952 452 999 hujusmodi
474 961 596 987 autem
618 952 816 987 substantia
839 960 940 987 actus
962 951 1197 987 materialiter
1211 963 1249 987 se
1263 952 1374 987 habet
1389 952 1432 987 ad
1448 952 1628 996 ordinem,

16 1032 26 1057 ,3
50 1007 114 1055 qui
138 1006 338 1054 imponitur
364 1018 384 1041 a
411 1007 588 1054 superiori
613 1006 795 1053 potentia3
822 1015 857 1041 et
883 1006 965 1041 ideo
993 1006 1125 1041 electio
1152 1006 1434 1042 substantialiter
1466 1018 1541 1042 non
1575 1015 1629 1042 est

20 1062 23 1066 '
50 1069 153 1097 actus
173 1060 335 1104 rationis,
349 1060 411 1096 sed
432 1061 646 1096 voluntatis:
663 1059 846 1107 perficitur
867 1060 966 1095 enim
985 1059 1117 1095 electio
1131 1061 1167 1095 in
1183 1069 1286 1096 motu
1304 1061 1464 1108 quodam
1484 1061 1628 1096 animae

51 1114 97 1151 ad
116 1115 268 1158 bonum,
289 1115 387 1162 quod
409 1113 572 1162 eligitur;
595 1115 688 1149 unde
711 1110 901 1149 manifeste
924 1123 1025 1149 actus
1047 1123 1100 1149 est
1122 1115 1339 1162 appetitivae
1360 1115 1555 1162 potentiae.

123 1169 183 1205 AD
204 1179 354 1205 1>R1MUM
376 1181 465 1216 ergo
487 1169 695 1211 dicendum,
719 1169 817 1216 quod
836 1168 967 1204 electio
990 1169 1165 1216 importat
1179 1169 1415 1204 collationem
1431 1169 1628 1217 quamdam

52 1223 344 1273 praecedentem,
364 1234 438 1258 non
461 1223 558 1270 quod
581 1222 819 1258 essentialiter
840 1223 886 1258 sit
906 1223 983 1270 ipsa
1006 1223 1167 1258 collatio.

123 1277 184 1313 Ao
205 1288 413 1314 SECUNDUM
435 1277 644 1320 dicendum,
666 1277 765 1324 quod
787 1276 977 1312 conclusio
1000 1277 1217 1324 syllogismi,
1237 1289 1329 1324 quae
1351 1277 1390 1312 fit
1410 1278 1447 1312 in
1469 1278 1631 1325 operabi-

50 1331 156 1375 libus,
177 1331 222 1367 ad
242 1331 424 1367 rationem
448 1331 614 1379 pertinet,
641 1339 678 1366 et
703 1331 834 1366 dicitur
853 1333 1024 1374 sententia,
1046 1331 1106 1366 vel
1122 1331 1302 1378 judicium,
1331 1344 1442 1379 quam
1469 1333 1630 1380 sequitur

51 1385 202 1422 electio:
225 1393 261 1421 et
280 1385 327 1421 ob
347 1385 420 1420 hoc
441 1385 520 1433 ipsa
543 1385 732 1420 conclusio
754 1385 933 1432 pertinere
955 1385 1097 1420 videtur
1119 1385 1162 1420 ad
1185 1385 1417 1429 electionem,
1439 1395 1628 1434 tamquam

53 1439 98 1475 ad
120 1451 358 1487 consequens.

123 1494 186 1530 An
207 1504 379 1530 TERTIUM
400 1493 608 1536 dicendum,
630 1493 730 1541 quod
749 1493 957 1540 ignorantia
978 1494 1109 1529 dicitur
1131 1505 1209 1529 esse
1225 1494 1426 1538 electionis,
1441 1506 1516 1531 non
1531 1496 1628 1543 quod

50 1547 130 1596 ipsa
150 1547 282 1584 electio
302 1549 349 1584 sit
367 1547 531 1591 scientia,
552 1547 615 1583 sed
637 1548 721 1595 quia
741 1547 942 1594 ignoratur,
964 1548 1049 1595 quid
1071 1548 1116 1584 sit
1137 1548 1357 1595 eligendum.

600 1689 950 1736 ARTICULUS
975 1690 1030 1734 Π.
1258 1664 1261 1667 ’
1586 1700 1630 1748 7⁶

256 1799 412 1831 UTRUM
445 1799 638 1830 ELECTIO
672 1800 930 1831 CONVENIAT
963 1800 1118 1831 BRUTIS
1150 1800 1431 1831 ANIMALIBUS.

311 1888 360 1934 (2.
381 1889 472 1924 Dist.
493 1900 541 1936 25·
563 1894 628 1924 art.
650 1901 678 1925 1.
700 1889 743 1924 ad
764 1889 797 1925 6.
819 1894 848 1924 et
869 1900 899 1936 7.
922 1894 951 1924 et
968 1901 996 1935 5.
1020 1889 1100 1924 Mat.
1123 1889 1193 1924 lect.
1215 1889 1371 1936 23.fin.).

123 1978 185 2015 AD
205 1989 413 2015 SECUNDUM
435 1978 486 2014 sic
508 1979 727 2026 proceditur.
749 1978 913 2020 Videtur,
929 1978 1026 2025 quod
1041 1977 1173 2013 electio
1187 1978 1300 2012 brutis
1314 1977 1533 2012 animalibus
1549 1989 1633 2012 con-

25 2069 33 2075 ·
50 2032 190 2069 veniat:
201 2032 333 2069 electio
347 2033 447 2069 enim
460 2042 515 2069 est
528 2034 706 2080 appetitus
721 2033 927 2080 aliquorum
942 2041 1088 2079 propter
1098 2032 1221 2075 finem,
1231 2041 1269 2066 ut
1279 2032 1454 2067 diciturin
1473 2043 1501 2079 3.
1513 2032 1630 2067 Ethic.

28 2086 34 2105 ·’
52 2087 146 2135 (cap.
164 2099 192 2134 3.
215 2088 277 2124 cir.
290 2087 394 2134 fin.):
417 2087 479 2123 sed
505 2088 609 2122 bruta
638 2087 811 2122 animalia
833 2095 1006 2134 appetunt
1031 2086 1166 2133 aliquid
1192 2095 1339 2133 propter
1365 2086 1491 2121 finem:
1520 2094 1631 2133 agunt

24 2141 39 2182 ²1.
52 2141 152 2176 enim
172 2148 321 2188 propter
341 2141 463 2184 finem,
485 2150 521 2176 et
542 2153 585 2176 ex
607 2142 787 2189 appetitu;
809 2152 897 2187 ergo
920 2141 955 2175 in
978 2141 1089 2175 brutis
1111 2140 1330 2175 animalibus
1352 2149 1405 2176 est
1426 2141 1569 2176 electio.

25 2197 33 2246 Q
126 2204 158 2230 2.
179 2194 417 2246 PRAEerREA.
439 2195 563 2242 Ipsum
585 2207 722 2230 nomen
745 2195 935 2230 electionis
962 2194 1166 2241 significare
1192 2195 1344 2237 videtur,
1371 2195 1468 2242 quod
1495 2195 1630 2242 aliquid

24 2253 140 2296 &prae
162 2248 241 2284 aliis
261 2249 476 2296 accipiatur:
499 2249 561 2285 sed
589 2250 693 2284 bruta
722 2249 894 2284 animalia
922 2249 1105 2296 accipiunt
1134 2248 1269 2295 aliquid
1300 2261 1385 2296 prae
1416 2249 1510 2284 aliis:
1538 2250 1632 2284 sicut

45 2301 244 2351 ‘manifeste
266 2311 425 2350 apparet,
446 2303 544 2350 quod
566 2303 645 2338 ovis
667 2315 777 2338 unam
800 2303 950 2338 herbam
973 2303 1145 2346 comedit,
1167 2302 1278 2337 aliam
1304 2302 1452 2346 refutat3
1479 2315 1567 2350 ergo
1593 2303 1629 2338 in

52 2354 166 2392 brutis
188 2356 404 2392 animalibus
426 2365 480 2392 est
501 2357 643 2392 electio.

129 2421 158 2457 3.
180 2410 418 2446 PRAETEREA.
442 2411 494 2446 Ut
523 2411 653 2446 dicitur
675 2411 710 2445 in
732 2410 763 2446 6.
787 2410 903 2446 Ethic.
934 2411 1024 2458 (cap.
1051 2423 1102 2446 12.
1131 2412 1163 2445 in
1190 2411 1302 2457 med),
1331 2411 1374 2445 ad
1401 2411 1630 2458 prudentiam

135 2464 143 2471 '
173 2472 220 2508 et,
241 2464 339 2512 quod
361 2464 490 2512 aliquis
510 2465 602 2500 bene
625 2464 735 2512 eligat
756 2476 809 2508 ea,
833 2476 924 2512 quae
947 2473 1029 2499 sunt
1052 2465 1095 2499 ad
1119 2464 1245 2500 finem:
1269 2465 1330 2500 sed
1345 2465 1532 2512 prudentia
1548 2477 1632 2500 con—

79 2517 153 2554 enit
164 2518 278 2554 brutis
290 2518 528 2562 animalibus3
548 2518 643 2554 unde
665 2519 795 2554 dicitur
809 2519 845 2553 in
860 2519 973 2566 princ.
997 2519 1156 2566 Metaph.
1180 2520 1270 2566 (cap.
1286 2532 1312 2554 ι.
1324 2526 1448 2567 parum
1464 2532 1483 2554 a
1498 2520 1630 2567 prins.)

79 2571 153 2608 uod
173 2571 363 2620 prudentia
384 2581 469 2608 sunt
487 2572 564 2608 sine
586 2572 788 2620 disciplina,
810 2584 1062 2620 quaecumque
1085 2584 1196 2607 sonos
1219 2573 1342 2608 audire
1372 2585 1447 2608 non
1469 2573 1631 2620 potentia

124 2633 150 2669 t,
171 2634 210 2661 ut
230 2637 334 2674 apes:
357 2634 392 2661 et
412 2627 485 2661 hoc
507 2627 616 2662 etiam
644 2627 765 2662 sensui
792 2626 1024 2662 manifestum
1051 2627 1202 2661 videtur.
1231 2628 1418 2674 Apparent
1444 2628 1541 2662 enim
1569 2627 1632 2661 mi-

94 2679 185 2715 biles
205 2680 421 2728 sagacitates
440 2681 475 2715 in
498 2681 666 2728 operibus
689 2681 917 2723 animalium,
939 2689 978 2716 ut
999 2693 1121 2728 apum,
1140 2690 1174 2716 et
1188 2693 1414 2724 aranearum,
1431 2690 1464 2716 et
1480 2693 1631 2717 canum:

67 2740 70 2741 ’
127 2734 135 2742 “
177 2734 274 2769 enim
296 2734 490 2782 insequens
511 2746 672 2778 cervum,
694 2736 723 2770 si
743 2735 786 2769 ad
801 2735 946 2770 trivium
961 2735 1111 2777 venerit,
1126 2736 1279 2770 odoratu
1295 2735 1441 2782 quidem
1457 2735 1630 2782 explorat,

29 2830 36 2839 .
125 2798 252 2824 cervus
272 2800 338 2836 per
358 2789 526 2836 primam,
547 2788 606 2824 vel
627 2789 826 2824 secundam
846 2789 945 2823 viam
966 2789 1188 2832 transiverit3
1211 2789 1308 2836 quod
1323 2789 1350 2823 si
1367 2789 1543 2824 invenerit
1555 2801 1629 2824 non

32 2851 39 2890 g
91 2842 240 2887 ansisse,
259 2843 334 2890 jam
355 2854 503 2879 securus
523 2854 587 2891 per
603 2843 747 2878 tertiam
768 2843 868 2878 viam
889 2843 1024 2878 incedit
1044 2854 1117 2878 non
1141 2843 1377 2890 explorando,
1399 2843 1500 2889 quasi
1527 2851 1630 2878 utens

43 2938 46 2947 1
102 2894 276 2946 ssogismo
297 2896 462 2942 divisivo,
483 2908 556 2945 quo
579 2897 748 2932 concludi
775 2906 908 2944 posset,
935 2908 1083 2933 cervum
1106 2909 1169 2942 per
1195 2898 1301 2932 istam
1327 2897 1424 2932 viam
1452 2897 1630 2940 incedere,

1362 3032 1380 3041 s
