1907 3182
235 193 319 249 418
668 201 885 237 QUAESTIO
920 200 988 229 Lx.
1023 197 1266 229 ARTICULUS
1299 198 1339 226 v.

308 296 338 319 2.
361 285 596 320 PRAETEREA.
619 282 811 316 Passiones
830 288 913 315 sunt
927 279 1073 326 quidam
1089 286 1200 319 actus,
1214 277 1272 311 vel
1287 285 1406 311 motus
1422 276 1598 322 appetitus
1613 274 1792 310 sensitivi:

235 339 297 373 sed
320 340 436 384 major
458 337 643 371 diversitas
665 334 855 380 requiritur
877 333 920 367 ad
947 332 1192 365 diversitatem
1217 330 1417 372 habituum,
1444 340 1554 375 quam
1581 329 1624 362 ad
1651 327 1795 362 diversi-

234 400 346 426 tatem
362 399 524 426 actuum:
541 390 679 424 diversa
694 388 801 434 igitur
816 387 968 432 objecta,
984 397 1074 431 quae
1090 396 1162 418 non
1179 383 1418 418 diversificant
1433 382 1594 429 speciem
1604 381 1793 427 passionis,

235 457 309 480 non
333 443 622 478 diversificabunt
647 441 806 487 speciem
833 439 970 473 virtutis
999 437 1166 479 moralis3
1194 438 1242 471 ita
1268 436 1404 471 scilicet
1432 435 1528 482 quod
1555 435 1598 469 de
1626 434 1793 468 omnibus

239 497 535 533 delectationibus
559 496 625 530 erit
646 505 718 527 una
739 493 850 526 virtus
872 491 1037 526 moralis:
1061 500 1095 525 et
1116 489 1282 525 similiter
1304 497 1357 523 est
1378 489 1420 523 de
1443 488 1531 523 aliis.

310 562 338 597 3.
361 551 597 585 PRAETEREA.
622 548 743 592 Magis,
767 550 794 580 et
815 547 922 579 minus
943 555 1017 578 non
1040 543 1282 577 diversificant
1304 542 1481 588 speciem:
1505 541 1567 576 sed
1582 541 1722 574 diversa
1738 539 1796 573 de-

238 603 418 638 lectabilia
439 614 512 637 non
531 601 699 635 differunt
720 599 788 633 nisi
809 598 1009 632 secundum
1033 598 1149 642 magis,
1172 601 1200 630 et
1220 597 1350 636 minzcs;
1379 606 1465 641 ergo
1494 595 1617 628 omnia
1644 592 1798 627 delecta-

234 657 319 691 bilia
342 658 519 703 pertinent
542 655 585 688 ad
607 664 717 687 unam
736 651 894 698 speciem
916 650 1078 684 virtutis:
1102 657 1135 683 et
1158 648 1285 683 eadem
1308 648 1446 682 ratione
1465 647 1590 681 omnia
1603 645 1793 681 terribilia:

236 719 271 744 et
292 709 456 744 similiter
479 709 521 742 de
545 707 641 748 aliis;
664 717 738 740 non
761 715 847 750 ergo
870 704 981 738 virtus
1003 701 1151 737 moralis
1173 701 1402 747 distinguitur
1427 700 1627 734 secundum
1654 699 1795 744 objecta

236 763 457 810 passionum.

307 827 339 858 4.
362 815 598 849 PRAETEREA.
622 812 722 846 Sicut
742 812 853 844 virtus
876 818 928 844 est
950 809 1133 856 operativa
1147 807 1245 849 boni,
1259 807 1308 841 ita
1324 815 1377 841 est
1389 805 1598 852 impeditiva
1614 804 1718 838 mali:
1734 803 1796 838 sed

237 870 332 903 circa
355 866 668 913 concupiscentias
690 865 871 898 bonorum
890 870 972 896 sunt
991 862 1153 896 diversae
1172 862 1318 894 virtutes
1334 873 1342 902 ;
1364 860 1456 894 sicut
1470 859 1686 905 temperantia
1701 857 1797 891 circa

237 922 548 968 concupiscentias
571 918 852 953 delectationum
872 924 999 957 tactus,
1015 915 1196 961 ezctrapelia
1219 914 1313 948 circa
1329 912 1586 947 delectationes
1599 911 1693 953 ludi3
1709 921 1796 957 ergo

237 975 346 1009 etiam
369 974 463 1008 circa
485 974 634 1007 timores
658 970 840 1004 malorum
863 969 991 1004 debent
1014 979 1092 1002 esse
1115 968 1276 1001 diversae
1298 968 1456 1001 virtutes.

308 1028 382 1062 SED
411 1037 565 1061 CONTRA
593 1033 656 1066 est,
685 1024 781 1070 quod
809 1024 937 1057 castitas
965 1030 1018 1056 est
1045 1021 1139 1055 circa
1170 1019 1396 1054 delectabilia
1422 1029 1676 1059 venereorum,
1703 1018 1798 1052 absti-

235 1082 346 1116 nentia
367 1091 453 1114 vero
477 1087 530 1113 est
552 1079 647 1112 circa
669 1075 896 1111 delectabilia
920 1075 1097 1116 ciborum,
1120 1082 1155 1108 et
1175 1073 1356 1119 eutrapelia
1378 1072 1473 1106 circa
1495 1071 1722 1106 delectabilia
1748 1070 1797 1104 lu-

236 1135 377 1168 dorum.

308 1187 537 1221 RESPONDEO
560 1184 766 1225 dicendum,
788 1182 884 1229 quod
907 1180 1081 1228 perfectio
1103 1179 1242 1213 virtutis
1264 1190 1306 1213 ex
1332 1179 1472 1213 ratione
1499 1177 1696 1224 dependet;
1724 1188 1798 1223 per-

236 1240 346 1275 fectio
370 1247 490 1274 autem
514 1237 690 1284 passionis
713 1248 755 1271 ex
775 1236 854 1282 ipso
878 1235 1036 1281 appetitu
1052 1233 1242 1267 sensitivo:
1262 1232 1356 1266 unde
1371 1239 1526 1279 oportet,
1540 1231 1636 1277 quod
1649 1231 1798 1265 virtutes

238 1292 522 1328 diversificentur
543 1290 743 1325 secundum
763 1289 927 1323 ordinem
950 1287 992 1321 ad
1016 1287 1216 1328 rationem;
1239 1286 1425 1332 passiones
1447 1293 1568 1319 autem
1595 1283 1795 1318 secundum

240 1347 404 1381 ordinem
429 1345 471 1379 ad
499 1344 707 1390 appetitum.
740 1342 894 1387 Objecta
921 1341 1028 1387 igitur
1053 1340 1275 1386 passionum,
1303 1339 1502 1373 secundum
1530 1338 1625 1384 quod
1655 1337 1798 1372 diversi-

237 1400 346 1434 mode
370 1399 578 1433 ordinantur
602 1397 644 1431 ad
667 1395 865 1442 appetitum
888 1394 1111 1434 sensitivum‚
1134 1401 1283 1427 causant
1309 1393 1466 1426 diversas
1488 1391 1698 1438 passionum
1724 1401 1799 1437 spe-

238 1453 332 1487 cies:
356 1451 556 1487 secundum
579 1461 665 1484 vero
688 1449 784 1495 quod
807 1456 1063 1494 comparantur
1085 1446 1128 1479 ad
1151 1446 1341 1487 rationem,
1365 1452 1513 1479 causant
1539 1444 1697 1478 diversas
1723 1454 1800 1490 spe-

240 1507 312 1540 cies
333 1506 516 1539 vir-tutum.
539 1503 623 1537 Non
646 1510 698 1536 est
713 1510 833 1536 autem
849 1501 944 1535 idem
960 1508 1080 1534 motus
1096 1499 1254 1541 rationis,
1271 1507 1305 1533 et
1320 1498 1496 1545 appetitus
1511 1497 1687 1532 sensitivi:
1704 1496 1798 1530 unde

239 1559 330 1594 nihil
353 1558 530 1605 prohibet,
553 1556 709 1602 aliquam
741 1554 980 1588 differentiam
1009 1554 1235 1598 objectorum
1266 1563 1414 1586 causare
1448 1551 1692 1585 diversitatem
1723 1561 1799 1596 pas-

238 1613 394 1654 sionum,
418 1623 508 1658 quae
527 1622 600 1644 non
621 1617 744 1643 causat
765 1607 1009 1642 diversitatem
1030 1607 1221 1640 virtutum:
1244 1605 1335 1640 sicut
1354 1604 1498 1651 quando
1521 1615 1592 1638 una
1612 1603 1724 1638 virtus
1747 1610 1799 1637 est

239 1667 335 1701 circa
358 1665 490 1699 multas
509 1664 706 1711 passiones,
729 1670 766 1696 ut
788 1662 923 1695 dictum
942 1668 994 1694 est
1013 1660 1093 1705 (art.
1107 1660 1249 1705 praec),
1269 1667 1304 1693 et
1325 1658 1483 1704 aliquam
1505 1657 1615 1691 etiam
1636 1655 1798 1691 differen-

236 1720 326 1754 tiam
348 1719 574 1764 objectorum
598 1727 745 1750 causare
762 1715 1006 1748 diversitatem
1020 1713 1204 1754 virtutum,
1220 1723 1311 1758 quae
1325 1722 1399 1745 non
1419 1719 1542 1745 causat
1555 1710 1799 1744 diversitatem

238 1773 468 1819 passionum;
492 1782 575 1804 cum
598 1770 692 1803 circa
708 1779 817 1802 unam
831 1767 1050 1814 passionem,
1066 1774 1150 1812 puta
1165 1765 1457 1806 delectationem,
1472 1763 1633 1798 diversae
1651 1764 1799 1797 virtutes

238 1826 459 1860 ordinentur.
494 1824 538 1857 Et
571 1822 653 1868 quia
686 1822 847 1856 diversae
886 1820 1071 1866 passiones
1109 1819 1152 1852 ad
1177 1819 1335 1852 diversas
1368 1817 1548 1864 potentias
1581 1816 1799 1863 pertinentes

239 1890 382 1925 semper
404 1877 582 1924 pertinent
602 1875 645 1909 ad
668 1875 825 1909 diversas
847 1874 1006 1915 virtutes,
1029 1881 1067 1906 ut
1088 1872 1225 1906 dictum
1247 1880 1300 1906 est
1318 1871 1401 1916 (art.
1418 1871 1560 1918 praec),
1584 1870 1666 1904 ideo
1689 1869 1800 1904 diver-

238 1933 323 1967 sitas
346 1932 584 1977 objectorum,
607 1940 697 1975 quae
720 1928 865 1974 respicit
887 1927 1130 1961 diversitatem
1153 1925 1407 1971 potentiarum,
1422 1935 1565 1970 semper
1582 1922 1799 1958 diversificat

239 1985 376 2032 species
399 1985 569 2018 virtutum
586 1996 592 2017 :
616 1990 700 2027 puta
723 1981 818 2027 quod
842 1980 975 2026 aliquid
998 1980 1041 2014 sit
1055 1979 1193 2013 bonum
1216 1978 1390 2020 absolute,
1406 1986 1440 2012 et
1454 1976 1587 2023 aliquid
1602 1976 1647 2011 sit
1660 1977 1798 2010 bonum

240 2051 324 2074 cum
348 2038 466 2084 aliqua
489 2037 674 2070 arduitate.
697 2035 740 2069 Et
762 2035 844 2080 quia
867 2034 992 2068 ordine
1020 2033 1179 2079 quodam
1206 2032 1296 2066 ratio
1319 2030 1506 2065 inferiores
1527 2029 1589 2075 [al.
1610 2029 1797 2075 interiores]

238 2092 399 2127 hominis
421 2099 538 2137 partes
559 2089 663 2135 regit,
686 2097 719 2123 et
741 2089 850 2122 etiam
866 2099 902 2121 se
923 2087 965 2120 ad
981 2086 1157 2120 exteriora
1172 2085 1347 2127 extendit3
1368 2084 1450 2118 ideo
1473 2083 1582 2117 etiam
1597 2083 1797 2117 secundum

240 2145 336 2192 quod
362 2156 472 2178 unum
505 2144 686 2188 objectum
713 2141 889 2188 passionis
913 2139 1190 2186 apprehenditur
1211 2149 1317 2173 sensu
1351 2137 1410 2172 vel
1443 2136 1716 2183 imaginatione,
1739 2144 1799 2170 aut

242 2199 350 2233 etiam
367 2198 518 2238 ratione,
534 2204 568 2230 et
582 2195 780 2230 secundum
801 2194 908 2228 etiam
932 2193 1027 2239 quod
1046 2194 1197 2238 pertinet
1224 2191 1266 2225 ad
1290 2191 1462 2232 animam,
1485 2201 1627 2236 corpus,
1658 2189 1714 2224 vel
1745 2200 1799 2224 ex-

238 2252 388 2286 teriores
417 2262 483 2292 res,
511 2250 688 2283 diversam
719 2247 967 2281 habitudinem
994 2246 1103 2279 habet
1129 2245 1172 2279 ad
1198 2245 1394 2279 rationem:
1418 2252 1452 2278 et
1473 2255 1536 2290 per
1566 2253 1794 2289 consequens

239 2311 354 2340 natum
390 2309 433 2339 est
459 2303 681 2348 ‹li-versificare
713 2303 860 2336 virtutes.
898 2301 1041 2334 Bonum
1069 2299 1177 2344 igitur
1202 2298 1373 2340 hominis,
1401 2297 1497 2344 quod
1533 2306 1586 2331 est
1614 2297 1797 2342 objectum

242 2359 387 2399 amoris,
417 2355 743 2402 concupiscentiae,
773 2362 806 2388 et
828 2353 1091 2394 delectationis,
1119 2360 1235 2398 potest
1258 2352 1371 2398 accipi
1393 2350 1451 2386 vel
1478 2350 1520 2384 ad
1548 2361 1694 2385 sensum
1721 2360 1798 2384 cor-

241 2412 338 2458 poris
361 2411 553 2457 pertinens,
575 2409 632 2442 vel
648 2408 689 2442 ad
707 2408 914 2441 interiorem
931 2407 1072 2440 animae
1090 2406 1436 2452 apprehensionem:
1460 2412 1494 2439 et
1513 2404 1585 2438 hoc
1608 2403 1682 2438 sive
1706 2403 1798 2437 ordi-

240 2473 344 2499 netur
367 2465 408 2498 ad
432 2464 568 2497 bonum
590 2461 749 2496 hominis
771 2461 806 2494 in
826 2461 956 2506 seipso,
978 2459 1034 2494 vel
1054 2467 1227 2505 quantum
1249 2459 1290 2493 ad
1313 2469 1455 2505 corpus,
1476 2457 1533 2491 vel
1555 2465 1730 2504 quantum
1753 2455 1796 2490 ad

242 2519 421 2559 animam3
444 2517 517 2551 sive
534 2515 717 2549 ordinetur
733 2515 774 2547 ad
790 2514 926 2547 bonum
943 2513 1102 2546 hominis
1126 2512 1159 2545 in
1176 2512 1300 2546 ordine
1324 2512 1365 2545 ad
1389 2511 1498 2553 alios;
1521 2519 1555 2544 et
1577 2510 1696 2544 omnis
1717 2508 1798 2544 talis

241 2572 426 2606 diversitas
448 2577 593 2616 propter
616 2569 795 2602 diversum
813 2567 977 2601 ordinem
995 2567 1036 2600 ad
1054 2566 1231 2600 rationem
1255 2564 1470 2599 diversificat
1490 2564 1671 2599 virtutem.

313 2625 371 2659 Sic
396 2625 502 2669 igitur
523 2623 551 2657 si
574 2622 831 2661 consideretur,
855 2620 998 2665 aliquod
1014 2620 1163 2660 bonum,
1178 2619 1205 2652 si
1221 2619 1366 2665 quidem
1386 2618 1429 2652 sit
1441 2629 1505 2664 per
1519 2628 1664 2652 sensum
1683 2624 1799 2651 tactus

242 2678 519 2724 apprehensum,
539 2684 573 2710 et
595 2676 637 2709 ad
661 2674 932 2708 consistentiam
956 2673 1136 2706 humanae
1158 2672 1252 2706 vitae
1267 2671 1459 2718 pertinens,
1475 2672 1508 2705 in
1525 2670 1720 2711 individuo,
1742 2668 1799 2703 vel

241 2731 275 2765 in
299 2732 417 2777 specie
441 2731 549 2774 (sicut
571 2736 652 2763 sunt
673 2727 897 2762 delectabilia
922 2727 1097 2767 ciborum,
1120 2734 1153 2760 et
1176 2726 1432 2768 venereorum)
1455 2725 1521 2758 erit
1545 2723 1726 2770 pertinens
1755 2721 1797 2756 ad

241 2785 409 2818 virtutem
433 2783 683 2830 tmzpcriintiac:
703 2780 961 2815 delectationes
986 2787 1104 2813 autem
1129 2779 1280 2812 aliorum
1309 2789 1491 2819 sensuum,
1519 2788 1602 2811 cum
1629 2787 1701 2811 non
1729 2775 1799 2810 sint

242 2838 488 2878 vehementes,
511 2848 582 2869 non
608 2842 787 2881 praestant
810 2833 967 2878 aliquam
995 2831 1242 2866 difficultatem
1273 2831 1421 2873 rationi;
1449 2839 1482 2865 et
1509 2830 1590 2865 ideo
1618 2829 1711 2864 circa
1739 2839 1798 2863 eas

242 2902 315 2924 non
338 2891 481 2937 ponitur
503 2889 620 2935 aliqua
644 2890 764 2929 virtus,
788 2898 877 2932 quae
907 2894 958 2920 est
981 2886 1075 2918 circa
1098 2884 1254 2927 difficile,
1277 2885 1367 2919 sicut
1390 2893 1423 2918 et
1451 2895 1518 2926 ars,
1545 2891 1583 2917 ut
1608 2883 1737 2917 dicitur
1764 2882 1799 2916 in
