1907 3198
513 207 739 245 Quasi-10
774 207 890 236 LXVI.
925 206 1171 237 ARTICULUS
1206 206 1263 235 rr.
1587 205 1675 248 457

166 293 228 328 AD
249 303 399 328 1>R1MUM
423 303 510 338 ergo
531 291 739 333 dicendum,
758 290 855 337 quod
871 299 971 325 actus
986 289 1211 325 liberalitatis
1226 297 1370 336 oportet
1385 288 1483 335 quod
1501 287 1671 323 fundetur

95 357 204 394 super
225 354 345 381 actum
363 345 536 392 justitiae:
555 356 630 379 non
645 345 744 380 enim
764 353 858 379 esset
878 344 1037 379 liberalis
1059 344 1170 386 datio,
1190 343 1220 378 si
1241 354 1315 377 non
1331 343 1374 377 de
1394 344 1542 389 proprio
1562 342 1674 385 daret,

95 408 135 436 ut
153 401 190 435 in
212 410 244 435 2.
266 399 374 435 Polit.
403 399 491 446 (cap.
515 411 544 446 3.
572 400 651 434 circ.
678 398 779 444 mad.)
807 398 955 433 dicitur:
983 398 1078 432 unde
1105 397 1302 432 liberalitas
1330 397 1406 431 sine
1433 396 1569 442 justitia
1596 407 1674 431 esse

93 465 168 489 non
190 461 324 501 posset,
347 465 439 500 quae
462 453 619 488 secernit
646 464 753 487 suum
776 463 795 486 a
821 463 896 487 non
923 463 1007 486 suo:
1034 451 1170 497 justitia
1194 459 1316 485 autem
1343 458 1464 497 potest
1491 461 1569 485 esse
1597 450 1674 484 sine

92 507 324 550 liberalitate3
351 507 446 542 unde
472 506 608 552 justitia
635 505 850 553 simpliciter
877 514 931 541 est
958 506 1076 552 major
1103 504 1331 546 liberalitate,
1360 513 1551 550 tamquam
1575 515 1673 539 com-

94 561 251 604 munior,
273 570 308 596 et
328 560 610 596 fundamentum
632 560 760 607 ipsius:
785 559 982 594 liberalitas
1005 567 1126 593 autern
1143 567 1198 594 est
1217 558 1420 593 secundum
1438 558 1522 605 quid
1543 559 1674 604 maior,

93 626 179 650 curn
200 615 246 650 sit
267 615 417 662 quidam
439 622 587 649 ornatus
609 614 778 660 justitiae,
801 622 836 648 et
857 613 1154 660 supplementum
1177 613 1264 658 ejus.

165 669 227 705 AD
249 679 458 705 SECUNDUM
481 667 690 710 dicendum,
712 668 810 714 quod
833 667 1007 714 patientia
1029 667 1159 702 dicitur
1178 666 1312 701 habere
1335 673 1413 713 opus
1430 666 1616 713 perfectum
1636 666 1673 700 in

91 722 284 758 tolerantia
305 722 500 764 malorum,
515 721 552 756 in
575 722 703 768 quibus
725 732 800 756 non
820 720 942 756 solum
961 720 1120 755 excludit
1136 721 1312 767 injustam
1325 720 1538 762 vindictam,
1558 731 1673 767 quarn

93 778 203 812 etiam
225 775 381 812 excludit
396 775 553 822 justitia;
571 786 690 822 neque
705 775 828 810 solum
843 775 981 817 odium,
997 775 1094 822 quod
1111 774 1197 809 facit
1211 774 1388 817 charitas3
1410 785 1528 820 neque
1549 773 1672 809 solum

92 832 196 874 iram,
214 830 312 878 quod
329 829 416 864 facit
434 830 697 872 mansuetud03
719 829 781 864 sed
797 829 908 863 etiarn
923 829 1081 863 excludit
1099 828 1283 864 tristitiam
1301 828 1562 870 inordinatam,
1577 839 1670 874 quae

92 892 146 920 est
165 884 267 919 radix
288 884 454 919 omniurn
474 883 766 930 praedictorum;
786 891 821 918 et
838 883 921 918 ideo
936 883 973 917 in
992 883 1064 917 hoc
1080 891 1133 918 est
1146 882 1354 930 perfectior,
1375 891 1409 917 et
1429 883 1564 928 maj0r;
1585 882 1670 928 quia

91 937 129 973 in
142 937 212 972 hac
223 937 376 972 materia
391 937 544 984 extirpat
558 937 734 971 radicem:
754 948 830 970 non
853 945 975 971 autem
996 945 1049 972 est
1062 936 1277 983 simpliciter
1290 935 1486 982 perfectior
1501 935 1670 970 omnibus

92 991 172 1027 aliis
193 991 403 1034 virtutibus;
423 991 507 1038 quia
529 990 703 1025 fortitudo
725 1001 801 1025 non
820 990 942 1026 solum
955 991 1109 1025 sustinet
1127 989 1315 1025 molestias
1334 991 1470 1036 absque
1489 989 1672 1036 perturba-

91 1045 205 1089 tione,
226 1045 324 1092 quod
352 1053 405 1080 est
430 1045 642 1091 patientiae,
665 1044 728 1079 sed
756 1045 867 1079 etiam
889 1045 1021 1091 ingerit
1042 1056 1080 1079 se
1103 1046 1165 1087 eis,
1193 1055 1277 1078 cum
1306 1055 1398 1090 opus
1420 1043 1546 1086 fuerit;
1575 1044 1669 1078 unde

91 1099 311 1146 quicumque
333 1106 387 1134 est
407 1097 522 1141 fortis,
544 1107 598 1133 est
618 1098 778 1145 patiens:
801 1098 864 1133 sed
891 1110 966 1133 non
995 1100 1238 1133 convertitur:
1265 1105 1318 1132 est
1345 1106 1468 1132 autem
1496 1097 1669 1144 patientia

91 1152 273 1200 quaedam
294 1151 514 1187 fortitudinis
541 1163 634 1199 pars.

163 1207 224 1242 AD
243 1217 416 1242 TERTIUM
438 1206 646 1248 dicendum,
669 1206 767 1252 quod
789 1206 1074 1252 magnanimitas
1088 1217 1163 1241 non
1182 1214 1302 1253 potest
1321 1217 1411 1249 esse,
1427 1206 1496 1240 nisi
1512 1205 1589 1240 aliis
1603 1205 1671 1240 vir-

91 1260 224 1296 tutibus
246 1260 579 1307 praeexistentibus,
603 1267 641 1294 ut
660 1260 790 1294 dicitur
812 1260 847 1294 in
869 1270 901 1302 4.
926 1259 1042 1294 Ethic.
1066 1260 1157 1307 (cap.
1178 1272 1206 1306 3.
1229 1272 1249 1294 a
1270 1261 1420 1306 princ.),·
1445 1259 1546 1294 unde
1571 1271 1672 1294 com-

91 1322 236 1361 paratur
251 1314 295 1348 ad
311 1313 411 1356 alias,
426 1313 519 1348 sicut
533 1321 681 1348 ornatus
697 1324 842 1348 earum:
863 1322 898 1347 et
912 1313 963 1348 sic
979 1313 1183 1348 secundum
1198 1313 1284 1360 quid
1294 1322 1348 1348 est
1362 1314 1482 1358 major
1497 1313 1668 1348 omnibus

91 1367 182 1411 aliis,
202 1378 277 1402 non
299 1376 421 1402 tamen
444 1366 667 1413 simpliciter.

664 1507 1013 1553 ARTICULUS
1047 1508 1102 1552 V.
1600 1522 1665 1568 348

89 1616 242 1647 UTRUM
275 1617 506 1647 SAPIENTIA
533 1616 602 1647 SIT
638 1617 811 1647 MAXIMA
838 1618 970 1648 INTER
1002 1618 1222 1648 VIRTUTES
1255 1618 1663 1650 INTELLECTUALES.

350 1705 466 1752 (Supr.
489 1716 519 1751 q.
538 1716 590 1752 57.
613 1710 677 1740 art.
699 1717 730 1740 2.
753 1705 796 1740 ad
817 1717 848 1740 2.
871 1711 901 1740 et
922 1706 1004 1752 infr.
1028 1718 1058 1752 q.
1082 1706 1138 1741 68.
1161 1711 1226 1741 art.
1250 1717 1280 1753 7.
1304 1713 1397 1754 corp.

478 1765 509 1794 et
528 1771 556 1795 1.
578 1759 656 1795 ΕΗ).
674 1761 787 1807 princ.
810 1765 841 1795 et
862 1760 919 1795 lib.
941 1760 975 1795 6.
997 1760 1068 1795 lect.
1091 1760 1124 1796 6.
1143 1765 1174 1796 et
1199 1762 1259 1807 7.).

155 1850 216 1885 AD
237 1860 420 1890 QUINTUM
442 1849 493 1884 sic
507 1849 728 1897 proceditur.
744 1849 909 1893 Videtur,
925 1850 1023 1896 quod
1037 1850 1216 1897 sapientia
1236 1862 1310 1886 non
1330 1851 1375 1886 sit
1392 1853 1553 1887 maxima
1571 1854 1664 1887 inter

82 1903 231 1939 virtutes
252 1902 535 1939 intellectuales:
559 1904 742 1950 imperans
766 1903 864 1939 enim
888 1905 1005 1949 majus
1022 1912 1076 1939 est
1097 1916 1154 1946 eo,
1178 1905 1236 1939 cui
1258 1905 1478 1952 imperatur:
1503 1907 1566 1941 sed
1584 1919 1664 1954 pru-

83 1957 202 1993 dentia
217 1957 359 1992 videtur
373 1959 551 2005 imperare
571 1958 785 2004 sapientiae:
809 1957 940 1992 dicitur
959 1958 1057 1992 enim
1077 1957 1233 1993 1.Ethic.
1251 1959 1338 2006 (cap.
1355 1961 1417 2005 2.),
1440 1960 1538 2006 quod
1553 1961 1663 2007 quales

85 2011 146 2058 [al.
172 2011 283 2058 quale]
318 2010 592 2059 disciplinarum
619 2011 780 2046 debitum
809 2020 861 2046 est
888 2023 966 2046 esse
996 2013 1031 2046 in
1067 2012 1284 2055 civitatibus,
1313 2022 1347 2048 et
1378 2014 1503 2060 quales
1531 2026 1663 2049 unum-

83 2065 253 2113 quodque
275 2065 473 2108 addiscere,
494 2073 528 2100 et
546 2076 747 2112 usquequo,
766 2065 857 2100 haec
881 2066 1124 2112 praeordinat,
1147 2065 1297 2109 scilicet,
1320 2067 1481 2114 politica,
1506 2080 1598 2115 quae
1618 2069 1662 2104 ad

82 2119 312 2167 prudentiam
337 2119 504 2167 pertinet,
532 2127 571 2154 ut
596 2119 727 2154 dicitur
753 2119 788 2153 in
817 2117 848 2154 6.
876 2119 958 2154 Eth.
988 2119 1075 2167 (cap.
1103 2120 1176 2165 8.)‚·
1201 2132 1286 2155 cum
1313 2121 1424 2168 igitur
1445 2122 1538 2156 inter
1560 2123 1663 2157 disci-

82 2172 199 2220 plinas
221 2173 332 2208 etiam
355 2173 532 2220 sapientia
555 2173 797 2216 contineatur,
819 2173 962 2208 videtur
983 2174 1080 2220 quod
1103 2174 1294 2221 prudentia
1321 2175 1366 2210 sit
1393 2177 1522 2222 major,
1550 2188 1661 2223 quam

81 2227 268 2275 sapientia.

152 2291 186 2318 2.
207 2281 447 2317 PRAETEREA.
469 2281 526 2316 De
555 2280 694 2315 ratione
716 2280 858 2315 virtutis
885 2289 950 2324 est,
977 2282 1074 2328 quod
1102 2282 1246 2317 ordinet
1271 2282 1463 2318 hominem
1486 2284 1529 2318 ad
1551 2284 1662 2320 felici-

83 2342 215 2371 tatem:
238 2343 292 2370 est
314 2335 412 2370 enirn
434 2335 547 2370 virtus
569 2334 735 2382 dispositio
752 2335 894 2382 perfecti
915 2335 958 2370 ad
985 2337 1160 2382 optimum,
1185 2344 1223 2371 ut
1245 2336 1377 2371 dicitur
1398 2338 1433 2372 in
1457 2349 1488 2384 7.
1511 2338 1659 2386 Physic.

81 2389 162 2435 (tex.
188 2389 277 2437 17.):
305 2389 367 2424 sed
394 2389 584 2436 prudentia
611 2397 664 2424 est
690 2393 778 2424 recta
805 2390 892 2423 ratio
919 2390 1110 2435 agibilium,
1140 2401 1202 2437 per
1228 2402 1321 2437 quae
1344 2391 1459 2426 homo
1484 2392 1528 2426 ad
1550 2391 1660 2427 felici-

81 2450 192 2478 tatem
214 2442 438 2491 perducitur:
457 2443 634 2490 sapientia
657 2451 779 2476 autem
801 2453 875 2477 non
898 2443 1107 2478 considerat
1128 2444 1312 2479 humanos
1335 2454 1449 2488 actus,
1469 2446 1598 2493 quibus
1614 2447 1657 2481 ad

80 2496 339 2532 beatitudinem
360 2497 584 2544 pervenitur;
607 2507 694 2542 ergo
719 2496 907 2543 prudentia
930 2505 984 2531 est
1005 2499 1124 2543 major
1145 2498 1269 2541 virtus,
1293 2511 1404 2545 quam
1428 2501 1617 2547 sapientia.

154 2561 183 2598 3.
205 2550 444 2586 PRAETEREA.
470 2549 621 2592 Quanto
645 2549 809 2597 cognitio
832 2558 885 2585 est
902 2549 1108 2597 perfectior,
1131 2559 1232 2586 tanto
1258 2552 1396 2587 videtur
1419 2565 1496 2588 esse
1520 2555 1656 2600 major:

81 2603 144 2639 sed
165 2603 422 2652 perfectiorem
441 2604 694 2651 cognitionem
714 2603 847 2638 habere
863 2615 1058 2651 possumus
1081 2605 1124 2640 de
1144 2605 1249 2640 rebus
1268 2606 1450 2649 humanis,
1466 2608 1509 2642 de
1529 2608 1657 2654 quibus

80 2665 136 2693 est
158 2658 321 2702 scientia,
347 2669 459 2706 quam
486 2658 530 2693 de
557 2658 664 2693 rebus
693 2657 836 2701 divinis,
867 2658 910 2693 de
941 2659 1070 2706 quibus
1101 2667 1154 2694 est
1187 2660 1376 2707 sapientia,
1404 2669 1441 2695 ut
1470 2661 1657 2708 distinguit

81 2710 176 2759 Aug.
198 2711 236 2747 in
266 2722 318 2747 12.
345 2712 389 2747 de
417 2710 549 2747 Trinit.
578 2712 668 2759 (cap.
695 2723 747 2756 14.
775 2713 809 2746 in
831 2713 976 2760 princ),
1007 2714 1090 2760 quia
1119 2713 1240 2748 divina
1269 2714 1656 2761 incomprehensibilia

81 2773 175 2811 sunt,
196 2766 398 2801 secundum
421 2765 509 2800 illud
532 2765 599 2812 Job
631 2763 704 2812 36.:
732 2766 814 2801 Ecce
842 2766 931 2802 Deus
958 2778 1096 2813 magnus
1121 2769 1257 2802 vincens
1282 2769 1455 2803 scientiam
1482 2775 1652 2811 nostram,-

81 2828 170 2866 ergo
191 2819 342 2855 scientia
363 2827 418 2854 est
438 2820 558 2865 major
578 2819 702 2862 virtus,
725 2830 835 2866 quam
858 2820 1045 2867 sapientia.

32 2915 42 2923 M
150 2882 184 2917 4.
206 2872 444 2909 PRAETEREA.
469 2872 645 2919 Cognitio
669 2873 930 2920 principiorum
950 2882 1004 2909 est
1022 2874 1177 2921 dignior,
1197 2887 1307 2922 quam
1327 2876 1489 2923 cognitio
1510 2876 1655 2912 conclu-

28 2927 38 2942 ·'
81 2925 243 2962 sionum:
266 2927 328 2962 sed
351 2927 529 2974 sapientia
551 2926 738 2962 concludit
755 2938 797 2961 ex
815 2927 1000 2975 principiis
1016 2928 1410 2972 indemonstrabilibus,
1429 2941 1586 2977 quorum
1602 2939 1654 2966 est
