1907 3182
270 174 291 216 3
301 175 356 216 54
721 172 940 207 QUAESTIO
972 172 1011 201 L.
1045 171 1290 201 ARTICULUS
1324 172 1380 201 lv.

269 255 424 301 corpori.
447 254 491 288 Et
511 254 594 288 ideo
617 254 811 288 dicendum
833 261 898 295 est,
921 253 1019 298 quod
1045 252 1247 287 intellectus
1274 253 1454 299 possibilis
1477 260 1530 287 est
1550 252 1753 298 subjectum
1772 252 1836 287 ha—

267 308 378 342 bitus:
406 307 458 341 illi
485 309 581 341 enim
612 307 786 353 competit
815 317 892 340 esse
919 306 1122 351 subjectum
1151 305 1306 348 habitus,
1336 306 1433 352 quod
1462 313 1513 340 est
1542 306 1578 339 in
1606 306 1768 352 potentia
1789 306 1833 340 ad

268 361 398 395 multa:
422 369 456 395 et
476 361 547 394 hoc
571 361 728 394 maxime
752 359 925 405 competit
950 358 1148 392 intellectui
1174 358 1357 405 possibili;
1379 359 1474 393 unde
1496 357 1699 393 intellectus
1724 359 1835 405 possi-

266 414 348 449 bilis
370 422 423 448 est
443 414 646 459 subjectum
667 413 858 446 habituum
879 411 1193 446 intellectualium.

340 468 400 502 AD
422 477 629 502 SECUNDUM
656 466 862 506 dicendum,
886 464 983 510 quod
1005 465 1097 498 sicut
1118 464 1280 510 potentia
1302 465 1346 499 ad
1369 476 1447 499 esse
1473 463 1642 499 sensibile
1665 465 1836 499 convenit

268 521 439 555 materiae
461 519 663 566 corporali;
686 519 734 552 ita
756 519 916 564 potentia
939 517 983 551 ad
1002 528 1080 552 esse
1098 517 1323 563 intelligibile
1345 518 1516 552 convenit
1535 517 1736 552 intellectui
1757 529 1837 564 pos-

267 574 379 616 sibili3
399 574 493 608 unde
506 573 597 607 nihil
619 572 796 618 prohibet,
812 572 847 605 in
862 570 1047 605 intellectu
1069 570 1234 617 possibili
1255 582 1333 605 esse
1354 571 1530 613 habitum,
1545 571 1606 617 qui
1624 579 1677 606 est
1695 571 1835 606 medius

267 629 358 661 inter
380 639 506 673 puram
529 626 742 672 potentiam,
761 633 796 659 et
818 633 940 658 actum
958 623 1169 670 perfectum.

337 681 396 715 AD
419 690 591 714 TERTimt
619 678 824 719 dicendum,
851 677 948 723 quod
977 677 1060 723 quia
1085 677 1178 711 vires
1205 677 1488 723 apprehensivae
1514 677 1661 711 interius
1685 687 1835 722 praepa-

266 742 345 768 rant
363 733 560 767 intellectui
578 731 738 778 possibili
757 731 944 778 proprium
967 732 1161 776 objectum,
1176 730 1259 764 ideo
1275 741 1317 764 ex
1333 730 1429 765 bona
1451 730 1686 776 dispositione
1703 730 1835 764 harum

265 788 407 828 virium,
430 787 472 820 ad
497 797 606 832 quarn
629 793 847 830 cooperatur
864 784 960 818 bona
982 784 1170 830 dispositio
1194 784 1368 829 corporis,
1389 783 1549 818 redditur
1566 783 1682 817 homo
1703 782 1833 817 habilis

267 840 310 874 ad
332 839 626 885 intelligendum:
655 847 689 872 et
716 838 764 872 sic
792 837 934 872 habitus
956 836 1197 871 intellectivus
1220 836 1434 871 secundario
1461 843 1580 883 potest
1601 846 1679 870 esse
1700 837 1736 870 in
1757 835 1832 870 istis

264 894 418 928 viribus:
441 892 685 939 principaliter
707 900 829 925 autern
851 899 905 925 est
926 892 961 924 in
982 890 1168 924 intellectu
1191 889 1363 936 possibili.

838 1030 1187 1076 ARTICULUS
1220 1031 1272 1074 V.
1762 1052 1828 1088 275

527 1140 680 1170 UTRUM
702 1140 746 1169 IN
766 1139 1039 1169 VOLUNTATE
1067 1139 1133 1168 SIT
1161 1139 1338 1174 ALIQUIS
1368 1138 1570 1168 HABITUS.

265 1227 381 1275 (Supr.
404 1240 433 1274 q.
455 1239 512 1273 49.
535 1232 598 1261 art.
618 1238 651 1271 4.
673 1232 702 1262 et
726 1238 756 1262 2.
779 1227 867 1261 Dist.
890 1238 942 1273 27.
971 1232 1036 1261 art.
1058 1239 1085 1261 Ι.
1109 1226 1151 1260 ad
1172 1239 1203 1262 2.
1222 1231 1250 1261 et
1266 1238 1295 1273 3.
1322 1227 1410 1261 Dist.
1433 1238 1480 1273 23.
1503 1238 1532 1273 q.
1551 1239 1578 1262 I.
1598 1232 1663 1262 art.
1685 1239 1712 1262 r.
1739 1233 1832 1274 corp.

763 1285 791 1314 et
816 1281 905 1314 Dist.
932 1292 985 1326 27.
1005 1292 1033 1325 q.
1057 1292 1088 1314 2.
1108 1285 1172 1315 art.
1191 1292 1220 1326 3.
1243 1280 1285 1314 ad
1301 1292 1330 1326 5.

477 1339 506 1369 et
538 1335 625 1369 Veri.
653 1346 683 1380 q.
710 1346 764 1369 20.
795 1339 860 1368 art.
888 1345 918 1368 2.
948 1341 1039 1380 corp.
1067 1339 1097 1368 et
1129 1334 1216 1368 Veri.
1243 1346 1273 1380 q.
1300 1346 1327 1369 1.
1355 1338 1419 1368 art.
1445 1346 1473 1369 1.
1500 1334 1620 1380 corp).

335 1424 395 1457 AD
417 1433 598 1462 QUINTUM
612 1422 662 1456 sic
678 1422 892 1467 proceditur.
913 1421 1075 1463 Videtur,
1099 1422 1196 1468 quod
1215 1423 1251 1456 in
1271 1421 1458 1456 voluntate
1475 1432 1550 1456 non
1568 1422 1613 1456 sit
1631 1421 1759 1468 aliquis
1773 1422 1835 1456 ha-

263 1477 372 1510 bitus:
395 1477 537 1510 habitus
564 1476 662 1509 enirn
689 1475 750 1520 qui
779 1475 815 1508 in
837 1475 1023 1509 intellectu
1051 1483 1144 1517 sunt,
1166 1483 1249 1509 sunt
1269 1475 1408 1520 species
1430 1475 1684 1522 intelligibiles,
1703 1476 1831 1522 quibus

262 1530 431 1576 intelligit
452 1538 552 1563 actu:
576 1529 638 1563 sed
652 1528 821 1562 voluntas
843 1540 917 1562 non
940 1537 1108 1575 operatur
1129 1540 1192 1575 per
1211 1528 1349 1574 aliquas
1371 1528 1531 1575 species;
1554 1540 1641 1575 ergo
1662 1528 1832 1563 voluntas

262 1596 337 1618 non
359 1592 413 1618 est
433 1584 636 1629 subjectum
655 1582 804 1627 alicujus
828 1582 982 1616 habitus.

334 1648 364 1671 2.
388 1637 624 1672 PRAETEREA.
647 1636 688 1669 In
706 1635 891 1669 intellectu
915 1644 1044 1681 agente
1071 1647 1144 1670 non
1172 1636 1318 1682 ponitur
1340 1635 1469 1682 aliquis
1495 1635 1652 1678 habitus,
1678 1637 1771 1670 sicut
1796 1638 1832 1671 in

261 1692 446 1725 intellectu
473 1689 652 1737 possibili;
680 1689 763 1735 quia
794 1697 846 1723 est
873 1690 1034 1735 potentia
1061 1691 1195 1723 activa:
1224 1689 1287 1723 sed
1311 1688 1480 1723 voluntas
1508 1697 1560 1724 est
1586 1689 1745 1724 maxime
1772 1701 1834 1736 po·

259 1745 371 1779 tentia
395 1745 522 1785 activa,
545 1743 629 1789 quia
644 1751 767 1776 movet
781 1754 910 1776 omnes
925 1744 1103 1788 potentias
1126 1743 1169 1776 ad
1192 1753 1278 1776 suos
1300 1750 1413 1784 actus,
1435 1750 1474 1777 ut
1494 1753 1601 1790 supra
1623 1743 1760 1777 dictum
1779 1751 1833 1778 est

263 1798 308 1844 (q.
328 1811 360 1843 9.
383 1803 447 1832 art.
471 1799 528 1842 r.);
554 1807 640 1842 ergo
663 1796 698 1829 in
721 1796 798 1842 ipsa
819 1807 894 1830 non
917 1805 970 1830 est
991 1796 1119 1842 aliquis
1141 1796 1295 1830 habitus.

336 1863 364 1898 3.
388 1851 623 1885 PRAETEREA.
647 1850 687 1883 In
708 1849 877 1895 potentiis
904 1849 1127 1884 naturalibus
1156 1861 1231 1883 non
1258 1857 1311 1883 est
1339 1849 1467 1896 aliquis
1487 1849 1654 1892 habitus;
1681 1850 1763 1896 quia
1789 1861 1832 1885 ex

260 1917 324 1940 sua
350 1914 476 1939 natura
503 1912 586 1939 sunt
613 1904 656 1937 ad
685 1903 817 1949 aliquid
841 1904 1122 1938 determinatae:
1146 1903 1208 1938 sed
1231 1903 1401 1938 xoluntas
1428 1914 1470 1937 ex
1497 1915 1560 1937 sua
1586 1911 1714 1938 natura
1742 1904 1833 1938 ordi—

259 1967 364 1993 natur
382 1959 426 1992 ad
447 1958 532 1999 hoc,
551 1957 647 2003 quod
665 1957 790 1990 tendat
806 1956 843 1990 in
865 1957 1002 1991 bonum
1022 1956 1230 1991 ordinatum
1252 1967 1272 1990 a
1294 1956 1458 1999 ratione;
1481 1967 1568 2003 ergo
1587 1958 1624 1991 in
1645 1956 1831 1992 voluntate

259 2023 333 2046 non
357 2021 409 2046 est
431 2011 558 2057 aliquis
577 2011 730 2045 habitus.

332 2066 406 2100 SED
429 2075 584 2099 CONTRA
607 2072 670 2105 est,
693 2064 790 2109 quod
811 2063 944 2109 justitia
966 2071 1019 2097 est
1040 2063 1182 2097 habitus
1205 2063 1372 2109 quidam:
1396 2063 1458 2098 sed
1481 2063 1615 2109 justitia
1637 2072 1690 2099 est
1712 2064 1747 2098 in
1769 2075 1832 2099 vo·

259 2118 413 2153 luntate:
438 2126 491 2153 est
511 2119 608 2152 enim
635 2118 769 2162 justitia
794 2117 936 2151 habitus
961 2117 1120 2163 quidam,
1142 2117 1347 2151 secundum
1368 2127 1478 2163 quem
1500 2116 1611 2163 aliqui
1633 2117 1772 2160 volunt,
1795 2126 1829 2152 et

259 2180 453 2218 operantur
474 2173 579 2217 justa,
602 2179 638 2204 ut
661 2171 790 2204 dicitur
816 2171 852 2204 in
883 2181 910 2215 5.
939 2170 1054 2204 Ethic.
1084 2171 1173 2216 (cap.
1196 2182 1223 2205 Ι.
1245 2171 1280 2204 in
1295 2171 1440 2217 princ.),·
1469 2181 1557 2217 ergo
1583 2170 1751 2206 voluntas
1778 2179 1831 2206 est

259 2226 460 2271 subjectum
483 2225 633 2269 alicujus
655 2224 809 2258 habitus.

330 2279 559 2313 Rssspoxono
582 2277 788 2319 dicendum,
808 2277 903 2323 quod
927 2278 1046 2311 omnis
1061 2278 1235 2323 potentia,
1258 2289 1350 2324 quae
1372 2278 1617 2313 diversimode
1639 2287 1758 2325 potest
1771 2290 1829 2314 or-

259 2334 374 2367 dinari
396 2333 439 2366 ad
461 2332 654 2377 agendum,
678 2331 814 2375 indiget
836 2332 971 2372 habitu,
991 2342 1062 2377 quo
1081 2332 1172 2366 bene
1193 2332 1403 2378 disponatur
1422 2332 1466 2366 ad
1483 2343 1589 2366 suum
1609 2340 1748 2368 actum:
1769 2343 1831 2368 vo-

258 2385 376 2420 luntas
399 2394 532 2426 autcm,
561 2395 642 2418 cum
672 2385 715 2417 sit
745 2386 903 2429 potentia
938 2384 1134 2427 rationalis,
1165 2385 1407 2419 diversimode
1435 2393 1554 2431 potest
1575 2385 1619 2419 ad
1646 2385 1828 2431 agendum

259 2440 439 2474 ordinari:
463 2447 496 2473 et
522 2439 604 2472 ideo
632 2446 775 2483 oportet
801 2438 836 2470 in
864 2437 1050 2472 voluntate
1079 2437 1236 2484 aliquem
1263 2438 1432 2472 habituro
1463 2449 1610 2485 ponere,
1636 2449 1710 2485 quo
1735 2438 1830 2473 bene

259 2494 470 2539 disponatur
503 2492 546 2525 ad
580 2502 686 2524 suum
714 2499 857 2524 actum:
887 2502 928 2524 ex
955 2491 1030 2536 ipsa
1059 2491 1167 2526 etiam
1194 2493 1333 2526 ratione
1363 2491 1505 2526 habitus
1537 2499 1696 2538 apparet,
1731 2491 1829 2538 quod

258 2546 368 2580 habet
389 2545 584 2592 quemdam
611 2543 845 2590 principalem
878 2544 1043 2578 ordinem
1074 2545 1117 2578 ad
1145 2544 1383 2587 voluntatem,
1411 2553 1517 2592 prout
1537 2545 1666 2580 habitus
1687 2550 1744 2588 est,
1765 2555 1828 2592 quo

258 2601 330 2646 quis
351 2601 468 2641 utitur,
491 2610 565 2633 cum
582 2597 736 2638 volucrit,
760 2605 796 2630 ut
819 2609 924 2643 supra
947 2597 1083 2632 dictum
1106 2606 1157 2632 est
1180 2599 1230 2644 (q.
1247 2605 1359 2645 praec.
1386 2603 1451 2633 art.
1473 2600 1532 2645 3.).

330 2654 389 2688 AD
416 2662 564 2688 PRIMUM
592 2662 679 2697 ergo
707 2651 911 2691 dicendum,
939 2651 1034 2696 qnod
1063 2652 1153 2686 sicut
1181 2651 1215 2685 in
1244 2651 1428 2686 intellectu
1454 2660 1509 2686 est
1535 2651 1654 2698 aliqua
1675 2653 1828 2699 species»,

258 2718 350 2753 quae
372 2715 426 2741 est
446 2705 643 2740 similitudo
666 2704 820 2748 objecti:
844 2704 890 2737 ita
913 2713 1056 2749 oportet
1079 2706 1112 2739 in
1135 2705 1332 2747 voluntate,
1355 2713 1389 2740 et
1410 2707 1445 2740 in
1463 2705 1623 2752 qualibet
1642 2706 1674 2739 vi
1697 2704 1830 2752 appeti-

257 2761 330 2794 tiva
353 2771 428 2794 essc
455 2759 600 2804 aliquid,
623 2768 694 2804 quo
718 2757 908 2790 inclinetur
927 2757 958 2790 in
980 2768 1083 2791 suum
1107 2758 1309 2803 objectum:
1333 2769 1416 2792 cum
1439 2757 1529 2793 nihil
1551 2758 1646 2793 aliud
1664 2758 1710 2794 sit
1727 2767 1828 2794 actus

259 2815 474 2859 appetitivae
489 2812 638 2852 virtutis,
654 2822 762 2856 quam
778 2810 963 2844 inclinatio
979 2811 1169 2856 quaedam,
1193 2820 1231 2846 ut
1251 2823 1358 2858 supra
1373 2812 1509 2846 dictum
1531 2820 1585 2846 est
1607 2812 1652 2858 (q.
1667 2812 1775 2847 6.ar1.
1791 2821 1826 2856 4.

257 2873 287 2901 ct
312 2879 341 2913 q.
373 2878 426 2902 22.
453 2871 517 2900 art.
544 2865 608 2910 2.):
637 2865 680 2898 ad
708 2875 750 2898 ea
784 2875 883 2909 ergo,
911 2864 953 2897 ad
981 2875 1072 2909 quae
1100 2863 1320 2900 sufficienter
1353 2865 1545 2900 inclinatur
1571 2876 1634 2912 per
1659 2873 1827 2900 naturam
