1907 3198
0 0 21 57 ‚¹

0 62 9 160 ἕ

487 186 708 223 αυΑΕετιο
740 185 887 216 Lxxxt.
922 184 1167 217 ARTICULUS
1200 184 1260 215 111.
1572 171 1655 227 587

162 269 224 306 AD
237 278 444 306 SECUNDUM
459 268 667 311 dicendum,
682 268 780 316 quod
794 276 983 316 peccatum
998 267 1176 313 originale
1191 277 1253 313 per
1265 266 1485 313 baptismum
1500 265 1659 301 aufertur

90 330 206 367 reatu,
225 322 441 370 inquantum
469 322 591 356 anima
618 331 806 369 recuperat
831 322 986 368 gratiam
1013 330 1189 368 quantum
1217 320 1261 354 ad
1288 328 1467 355 mentem:
1494 328 1659 354 remanet

88 384 214 413 tamen
235 383 427 423 peccatum
457 375 635 421 originale
664 384 745 410 actu
776 384 951 422 quantum
983 375 1027 409 ad
1056 373 1235 415 fomitem,
1264 373 1324 420 qui
1355 381 1410 408 est
1436 373 1658 408 inordinatio

89 429 247 479 partium
270 428 483 464 inferiorum
501 430 658 470 animae,
681 438 716 464 et
736 429 848 476 ipsius
870 430 1045 476 corporis,
1071 428 1271 463 secundum
1297 427 1395 474 quod
1417 428 1532 462 homo
1553 439 1661 472 gene-

89 491 156 526 rat,
178 490 215 518 et
234 493 309 518 non
331 482 533 517 secundum
561 491 734 524 mentem,
757 491 791 517 et
817 482 899 517 ideo
925 482 1094 529 baptizati
1120 481 1313 516 traducunt
1338 489 1528 527 peccatum
1555 481 1661 526 origi·

89 536 195 573 nale:
213 547 290 571 non
307 536 406 571 enim
427 544 592 583 parentes
616 544 803 580 generant,
825 536 1039 582 inquantum
1061 543 1142 570 sunt
1164 534 1327 569 renovati
1347 546 1409 580 per
1426 534 1659 581 baptismum,

89 589 154 626 sed
173 589 389 637 inquantum
411 589 566 624 retinent
587 589 706 624 adhuc
729 589 864 636 aliquid
886 590 931 624 de
950 597 1127 624 vetustate
1150 588 1256 636 primi
1277 588 1430 635 peccati.

161 643 224 680 AD
245 653 417 679 TERTIUu
437 643 645 684 dicendum,
666 643 763 690 quod
786 643 879 678 sicut
899 651 1091 690 peccatum
1113 642 1216 677 Adae
1237 642 1436 677 traducitur
1461 642 1497 676 in
1519 652 1660 684 omncs,

90 697 154 745 qui
173 696 217 733 ab
239 696 361 732 Adam
383 696 621 744 corporaliter
635 705 872 743 generantur:
892 697 940 732 ita
961 697 1076 743 gratia
1099 695 1237 731 Christi
1257 695 1455 731 traducitur
1469 696 1504 730 in
1519 706 1660 737 omnes,

91 751 153 798 qui
173 750 218 786 ab
239 761 285 786 eo
306 750 539 798 spiritualiter
559 758 778 797 generantur
798 762 861 797 per
882 750 1004 792 fidem,
1017 759 1052 785 et
1065 750 1306 797 baptismum;
1328 758 1364 784 et
1379 760 1454 784 non
1475 748 1596 784 solum
1616 749 1660 783 ad

91 804 354 841 removendam
369 803 515 852 culpam
529 804 637 852 primi
654 804 826 851 parentis,
839 804 902 840 sed
917 803 1026 839 etiam
1041 803 1086 839 ad
1101 803 1366 839 removendum
1380 811 1529 851 peccata
1542 811 1662 838 actua·

91 856 153 902 lia,
172 866 209 895 et
228 858 273 894 ad
290 858 594 894 introducendum
614 859 650 893 in
668 857 837 904 gloriam.

643 1005 992 1052 ARTICULUS
1027 1005 1105 1050 IV.
1587 1017 1658 1064 438

122 1126 276 1158 UTRUM
296 1126 335 1158 81
359 1126 539 1164 ALIQUIS
561 1127 618 1158 Ex
639 1126 826 1157 HUMANA
850 1127 993 1158 CARNE
1020 1126 1313 1158 FORMARETUR
1333 1126 1624 1168 MIRACULOSE,

437 1192 764 1224 CONTRAHERET
791 1193 1030 1223 ORIGINALE
1056 1192 1309 1223 PECCATUM.

257 1293 306 1340 (2.
325 1294 415 1331 Dist.
444 1306 492 1342 31.
518 1305 550 1341 q.
571 1306 598 1330 1.
625 1300 691 1330 art.
717 1305 749 1330 2.
776 1293 819 1330 ad
841 1306 869 1341 3.
895 1299 926 1330 et
949 1295 1039 1330 Dist.
1061 1305 1106 1341 33.
1132 1305 1163 1340 q.
1189 1305 1217 1329 1.
1243 1298 1307 1328 ari.
1339 1306 1366 1330 1.
1392 1293 1435 1329 ad
1459 1306 1494 1339 4.

413 1352 443 1384 et
451 1360 480 1395 3.
494 1348 582 1383 Dist.
597 1359 627 1383 2.
642 1359 674 1394 q.
687 1360 715 1383 1.
729 1353 794 1382 art.
809 1359 840 1384 2.
855 1347 899 1382 ad
911 1359 942 1383 2.
957 1353 986 1382 ει
999 1347 1085 1382 Mal.
1099 1359 1130 1394 q.
1145 1358 1178 1392 4.
1193 1352 1259 1383 art.
1278 1348 1336 1394 7.).

162 1448 224 1484 An
244 1457 434 1488 αυΛκἸ-υκ
456 1447 506 1483 sic
528 1447 746 1495 proceditur.
761 1446 925 1490 Videtur,
940 1448 1037 1494 quod
1059 1447 1089 1482 si
1111 1447 1241 1494 aliquis
1261 1447 1481 1484 formaretur
1494 1460 1535 1484 ex
1551 1461 1659 1486 carne

89 1501 252 1538 humana
278 1501 509 1545 miraculose,
539 1501 771 1537 contraheret
791 1501 969 1548 originale
999 1509 1209 1548 peccatum:
1239 1501 1327 1537 dicit
1354 1503 1452 1537 enim
1481 1504 1660 1550 quaedam

90 1554 195 1592 Glos.
222 1554 311 1602 (ord.
332 1555 493 1603 August.)
515 1554 608 1591 Gen.
639 1567 681 1602 3.,
706 1555 804 1615 quod
830 1555 868 1590 in
894 1554 1026 1590 lumbis
1051 1554 1155 1590 Adae
1181 1554 1247 1589 fuit
1272 1563 1348 1590 tota
1375 1557 1565 1616 posteritas
1586 1568 1664 1592 cor-

88 1617 212 1657 rupta;
232 1608 317 1657 quia
337 1619 413 1644 non
438 1617 494 1644 est
516 1617 684 1656 separata
710 1609 808 1656 prius
829 1609 865 1643 in
892 1608 978 1644 loco
999 1609 1107 1651 vitae,
1134 1609 1196 1644 sed
1223 1617 1349 1656 postea
1377 1610 1413 1644 in
1440 1610 1525 1646 loco
1547 1611 1660 1646 exilii:

88 1662 152 1699 sed
172 1662 204 1699 si
223 1661 353 1710 aliquis
372 1661 490 1698 homo
511 1662 562 1698 sic
587 1661 817 1705 formaretur,
844 1662 938 1697 sicut
962 1662 1100 1697 dictum
1127 1671 1192 1705 est,
1219 1673 1306 1698 caro
1332 1664 1409 1710 ejus
1434 1673 1661 1711 separaretur

88 1715 127 1752 in
145 1715 232 1753 loco
253 1715 356 1760 exili;
377 1727 466 1764 ergo
488 1716 721 1752 contraheret
741 1716 919 1763 originale
941 1725 1146 1763 peccatum.

159 1780 193 1806 2.
213 1770 451 1806 PRAETEREA.
473 1769 671 1806 Peccatum
693 1769 872 1817 originale
899 1777 1068 1805 causatur
1093 1770 1130 1804 in
1156 1770 1274 1812 nobis,
1295 1770 1511 1818 inquantum
1538 1772 1660 1808 anima

87 1823 247 1860 inficitur
266 1835 310 1860 ex
339 1835 467 1859 carne:
497 1823 559 1859 sed
582 1835 668 1859 caro
689 1832 766 1859 tota
787 1823 949 1859 hominis
977 1831 1031 1858 est
1061 1823 1214 1866 infecta;
1244 1835 1332 1870 ergo
1360 1836 1402 1860 ex
1429 1837 1660 1873 quacumque

88 1886 190 1926 parte
222 1877 342 1914 camis
366 1877 484 1913 homo
509 1877 740 1920 formaretur,
767 1878 889 1912 anima
916 1879 992 1923 ejus
1018 1877 1224 1912 inficeretur
1250 1877 1445 1914 infectione
1472 1880 1660 1926 originalis

88 1932 240 1980 peccati.

163 1996 194 2034 3.
213 1984 452 2029 Pmmta.
473 1984 670 2020 Peccatum
697 1985 875 2031 originale
898 1996 917 2019 a
943 1984 1063 2032 primo
1090 1993 1238 2031 parente
1264 1986 1426 2032 pervenit
1452 1987 1488 2021 in
1515 1998 1658 2030 omnes,

88 2039 304 2087 inquantum
323 2050 453 2075 omnes
473 2039 510 2074 in
527 2049 573 2074 eo
587 2048 761 2086 peccante
783 2038 943 2074 fuerunt:
966 2038 1027 2073 sed
1049 2038 1112 2081 illi,
1134 2038 1195 2086 qui
1214 2050 1256 2074 ex
1279 2050 1386 2074 carne
1408 2040 1570 2075 humana
1588 2040 1657 2076 sor-

87 2101 285 2136 marentur,
304 2092 342 2128 in
362 2093 484 2128 Adam
505 2091 674 2134 fuissent;
696 2104 785 2139 ergo
807 2101 998 2140 peccatum
1021 2092 1199 2139 originale
1220 2093 1488 2129 contraherent.

171 2146 249 2184 SED
261 2157 419 2184 coum
431 2154 498 2189 est,
514 2147 599 2194 quia
613 2158 687 2181 non
701 2145 852 2182 fuissent
866 2147 902 2181 in
917 2147 1039 2181 Adam
1053 2147 1254 2182 secundum
1268 2148 1456 2182 seminalem
1471 2150 1655 2190 rationem:

88 2200 187 2250 quod
210 2200 334 2237 solum
359 2209 485 2236 causat
496 2200 765 2236 traductionem
779 2201 918 2248 peccati
937 2200 1136 2247 originalis,
1159 2209 1196 2235 ut
1218 2201 1374 2247 August.
1393 2202 1480 2237 dicit
1506 2213 1557 2239 10.
1579 2214 1657 2250 sup.

89 2253 183 2292 Gen.
204 2254 251 2291 ad
270 2254 322 2291 lit.
343 2254 435 2303 (cap.
456 2255 507 2291 18.
529 2266 580 2300 19.
601 2260 631 2290 ce
650 2255 733 2298 20.).

158 2308 391 2346 stronneo
411 2309 618 2351 dicendum,
631 2308 742 2355 quod,
762 2308 854 2343 sicut
867 2309 940 2354 jam
954 2308 1091 2343 dictum
1113 2316 1166 2343 est
1179 2310 1257 2353 (art.
1276 2321 1304 2344 ι.
1323 2314 1352 2344 ει
1367 2321 1393 2355 3.
1410 2309 1479 2355 huj.
1497 2311 1558 2356 q.)‚
1579 2322 1660 2357 pec·

87 2370 211 2400 catum
231 2361 408 2410 originale
423 2374 443 2397 a
460 2362 579 2410 primo
601 2371 747 2409 parente
769 2362 966 2397 traducitur
984 2363 1019 2396 in
1036 2370 1211 2409 posteros,
1226 2362 1440 2408 inquantum
1463 2373 1656 2398 moventur

88 2416 232 2465 abipso
257 2428 321 2464 per
346 2416 633 2464 generationem,
651 2416 744 2450 sicut
766 2416 929 2450 membra
951 2424 1144 2450 moventur
1171 2416 1214 2450 ab
1242 2417 1363 2450 anima
1390 2417 1433 2451 ad
1462 2426 1652 2463 peccatum

88 2469 241 2507 actuale.
261 2470 347 2506 Non
370 2478 490 2505 autem
518 2478 570 2505 est
598 2470 713 2504 motio
740 2470 784 2504 ad
811 2470 1101 2516 generationem,
1123 2470 1189 2504 nisi
1213 2481 1275 2515 per
1300 2471 1469 2505 virtutem
1498 2473 1653 2506 activam

86 2524 125 2561 in
144 2524 399 2572 generatione:
421 2524 516 2559 unde
543 2523 594 2558 illi
620 2523 688 2559 soli
716 2531 906 2570 peccatum
932 2523 1109 2567 originale
1132 2523 1363 2565 contrahunt,
1385 2525 1445 2571 qui
1469 2525 1510 2558 ab
1535 2525 1654 2559 Adam

86 2577 311 2615 descendunt
330 2589 393 2626 per
411 2578 582 2614 virtutem
604 2578 761 2613 activam
783 2578 819 2612 in
840 2578 1076 2624 generatione
1103 2577 1328 2622 originaliter
1350 2578 1393 2611 ab
1421 2578 1540 2612 Adam
1564 2578 1653 2614 deri·

84 2640 228 2677 vatam3
247 2632 345 2680 quod
366 2640 421 2668 est
440 2632 640 2667 secundum
662 2632 849 2666 seminalem
872 2633 1033 2667 rationem
1057 2632 1099 2665 ab
1123 2643 1166 2666 eo
1194 2631 1429 2673 descendere3
1456 2643 1541 2665 nam
1565 2633 1656 2667 ratio

86 2684 376 2723 seminalisnihil
389 2684 486 2721 aliud
500 2694 565 2727 est,
583 2696 693 2732 quam
715 2685 769 2720 vis
790 2685 907 2720 activa
926 2686 960 2720 in
983 2685 1229 2731 generatione.
1244 2685 1283 2719 Si
1306 2693 1426 2719 autem
1446 2684 1574 2731 aliquis
1589 2685 1657 2720 for-

85 2735 246 2777 maretur
255 2739 386 2775 virtute
405 2738 526 2774 divina
540 2750 583 2774 ex
605 2749 712 2773 carne
735 2738 907 2781 humana,
929 2738 1160 2774 manifestum
1183 2747 1247 2780 est,
1269 2738 1365 2784 quod
1381 2738 1433 2772 vis
1449 2739 1565 2773 activa
1580 2751 1653 2774 non

85 2791 308 2830 derivaremr
321 2792 366 2829 ab
377 2792 520 2838 Adam5
538 2792 633 2827 unde
647 2804 711 2827 non
726 2792 929 2827 contraheret
946 2798 1119 2840 peccalum
1142 2793 1306 2837 originale
1318 2805 1329 2826 .·
1351 2792 1444 2826 sicut
1465 2803 1530 2827 nec
1553 2801 1656 2828 actus

85 2856 219 2889 mnus
237 2846 431 2896 pertineret
450 2845 495 2881 ad
515 2854 708 2894 peccatum
730 2846 946 2889 humanum,
967 2846 995 2881 si
1018 2856 1147 2883 manus
1168 2856 1243 2880 non
1263 2853 1471 2880 moveretur
1491 2856 1511 2880 a
1530 2844 1656 2881 volun-

86 2905 162 2937 me
180 2898 354 2944 bominis,
372 2899 436 2936 sed
456 2898 501 2935 ab
522 2899 646 2947 aliquo
666 2899 870 2935 extrinseco
892 2908 1074 2935 movente.
