1907 3198
503 160 726 197 QUAESTIO
760 160 865 190 XLII.
899 159 1150 190 ARTICULUS
1184 158 1229 187 ΙΙ.
1577 158 1662 201 307

71 254 173 281 turae
194 243 363 291 provenit
384 255 426 278 ex
450 254 561 278 causa
586 255 662 278 non
688 243 866 285 naturali;
888 243 982 277 sicut
1003 253 1116 284 mors,
1144 253 1237 288 quae
1259 241 1439 276 violenter
1465 240 1616 275 infertur
1644 253 1663 275 a

71 306 323 346 persecutore:
347 306 383 332 et
404 306 560 344 utroque
582 297 696 332 modo
715 297 857 331 malurn
875 304 1027 331 naturae
1046 295 1327 342 quodammodo
1350 295 1509 337 timetur,
1525 304 1560 330 et
1577 306 1666 341 quo-

72 351 274 388 dammodo
296 363 372 386 non
393 351 561 386 timetur:
585 363 669 386 cum
693 352 792 386 enim
813 351 926 385 timor
947 350 1140 397 proveniat
1158 361 1201 384 ex
1220 349 1414 396 phantasia
1431 349 1542 384 futuri
1563 349 1664 384 mali.

71 415 112 443 ut
130 406 219 442 dicit
243 405 383 441 Philos.
405 406 485 451 (loc.
512 412 582 453 sup.
606 407 695 451 cit),
718 405 820 448 illud,
852 405 951 452 quod
972 412 1142 439 removet
1162 403 1272 438 futuri
1300 403 1390 437 mali
1419 404 1664 450 phantasiam,

72 460 232 496 excludit
253 459 365 494 etiam
386 460 573 502 timorem,
596 459 695 506 quod
723 468 847 494 autem
877 470 954 493 non
985 466 1159 505 appareat
1181 457 1330 504 aliquod
1353 457 1494 492 malum
1517 466 1555 492 ut
1575 457 1666 492 futu-

70 525 165 557 rum,
186 522 307 561 potest
327 525 371 553 ex
392 513 518 548 duobus
540 514 767 560 contingere.
797 514 870 549 Uno
893 513 1044 560 quidem
1066 512 1164 547 modo
1187 524 1230 546 ex
1248 512 1334 555 hoc,
1349 512 1449 558 quod
1471 520 1527 547 est
1547 523 1666 547 remo-

19 572 26 596 ἐ
69 576 162 612 tum,
183 575 218 603 et
239 568 388 610 distans,
410 568 482 602 hoc
506 568 606 602 enim
634 576 781 615 propter
808 567 1021 602 distantiam
1048 566 1297 613 imaginamur
1325 575 1363 600 ut
1389 577 1464 600 non
1490 565 1664 608 futurum,

23 615 25 621 ¹
71 630 108 659 et
127 622 210 658 ideo
232 621 292 657 vel
311 633 388 657 non
409 622 596 665 timemus,
626 621 685 656 vel
716 633 846 669 parum
877 622 1062 656 timemus.
1094 620 1145 655 Ut
1175 622 1275 655 enim
1305 619 1556 667 Philosophus
1579 621 1666 655 dicit

70 677 108 712 in
129 687 162 712 2.
185 676 293 712 Rhet.
318 678 407 724 (cap.
425 689 454 723 5.
477 678 539 712 cir.
563 678 690 723 princ.)
715 688 808 723 quae
835 676 942 711 valde
968 675 1080 722 longe
1107 683 1202 717 sunt,
1229 686 1305 709 non
1331 676 1522 709 timentur:
1546 675 1666 710 sciunt

0 778 1 787 ἵ
21 733 23 737 ’
71 731 172 767 enim
193 741 335 774 omnes,
357 730 456 778 quod
478 731 701 773 morientur3
724 731 787 765 sed
807 731 891 777 quia
910 742 986 765 non
1004 741 1118 777 prope
1134 737 1198 772 est,
1213 729 1306 763 nihil
1319 737 1458 764 curant.
1473 730 1555 764 Alio
1569 729 1665 764 modo

73 786 285 821 aestimatur
306 784 456 832 aliquod
478 784 632 828 malum,
659 785 758 832 quod
786 793 840 820 est
865 784 1040 827 futurum,
1067 792 1107 819 ut
1132 795 1208 818 non
1234 783 1410 825 futurum,
1432 792 1581 830 propter
1607 795 1668 818 ne-

27 855 30 860 ·
71 839 292 882 cessitatem,
306 850 400 886 quae
415 838 502 874 facit
515 839 636 885 ipsum
652 840 846 874 aestimare
863 847 901 874 ut
915 850 1106 886 praesen53
1131 838 1227 872 unde
1242 837 1336 872 Phil.
1353 839 1441 873 dicit
1457 838 1494 872 in
1509 848 1541 872 2.
1557 838 1665 872 Rhet.

20 912 31 932 ·.
73 893 162 942 (cap.
179 905 208 942 5.
231 895 293 930 cir.
316 893 417 940 med.)
441 893 541 940 quod
563 892 627 936 illi,
650 894 711 940 qui
738 895 813 939 jam
841 893 1105 940 decapitantur,
1133 904 1209 927 non
1235 893 1379 935 timent,
1406 892 1572 927 videntes
1599 892 1666 927 sibi

20 943 34 964 ²
70 948 329 984 necessitatem
349 948 479 983 mortis
492 947 707 982 imminere:
727 948 789 982 sed
809 947 854 982 ad
872 947 945 982 hoc
967 947 1065 994 quod
1080 946 1210 994 aliquis
1224 947 1364 989 timeat,
1379 955 1524 994 oportet
1539 947 1666 981 adesse

74 1001 236 1050 aliquam
257 1013 361 1049 spem
383 1001 521 1037 salutis.
546 1001 607 1037 Sic
629 1001 741 1049 igitur
763 1001 905 1036 malum
926 1011 1078 1036 naturae
1106 1012 1182 1035 non
1208 1002 1368 1044 timetur,
1396 1001 1481 1048 quia
1506 1012 1583 1036 non
1610 1012 1668 1047 ap-

72 1057 311 1104 prehenditur
332 1065 372 1091 ut
391 1055 571 1091 futurum:
595 1057 626 1091 si
647 1068 734 1091 vero
758 1056 900 1091 malum
921 1064 1085 1098 naturae,
1112 1055 1212 1102 quod
1242 1064 1296 1090 est
1322 1055 1588 1102 corruptivum,
1610 1066 1669 1101 ap-

23 1135 25 1138 <
71 1111 321 1158 prehendatur
354 1119 393 1146 ut
426 1111 688 1158 propinquum,
716 1119 751 1145 et
776 1119 901 1145 tamen
930 1122 1013 1144 cum
1050 1110 1170 1157 aliqua
1201 1121 1264 1156 spe
1293 1110 1489 1152 evasionis,
1515 1118 1601 1144 tunc
1630 1110 1669 1144 ti·

39 1199 45 1204 ,
72 1165 240 1201 mebitur.

32 1254 33 1257 ,
143 1220 205 1255 AD
226 1229 379 1256 PRIMUM
393 1230 482 1266 ergo
497 1219 708 1261 dicendum,
725 1219 823 1266 quod
843 1218 983 1253 malum
998 1226 1150 1253 naturae
1166 1219 1386 1265 quandoque
1405 1229 1480 1252 non
1499 1218 1670 1264 provenit

25 1297 26 1301 ,
72 1285 94 1308 a
112 1282 256 1317 natura,
277 1281 317 1308 ut
338 1273 477 1308 dictum
499 1281 553 1308 est
574 1274 627 1319 (in
649 1275 773 1320 corp),
797 1272 1002 1307 secundum
1023 1281 1148 1307 tamen
1171 1272 1270 1318 quod
1294 1283 1313 1306 a
1334 1281 1465 1306 natura
1486 1273 1668 1319 provenit,

21 1326 23 1330 ⁴
73 1328 142 1363 etsi
162 1339 239 1363 non
260 1339 304 1362 ex
321 1335 400 1362 toto
415 1327 523 1361 vitari
544 1327 670 1374 possit,
689 1335 810 1374 potest
831 1335 956 1361 tamen
971 1326 1118 1368 differri,
1135 1334 1170 1360 et
1188 1327 1252 1360 sub
1276 1326 1345 1360 hac
1365 1338 1428 1372 spe
1452 1335 1572 1373 potest
1590 1338 1668 1362 esse

31 1382 35 1391 “
73 1381 271 1418 consilium
293 1381 337 1416 de
358 1381 535 1416 vitatione
556 1381 680 1428 ipsius.

144 1436 206 1471 AD
228 1446 440 1471 SECUNDUM
454 1435 665 1477 dicendum,
680 1435 779 1482 quod
793 1434 935 1469 malum
949 1443 1112 1478 naturae,
1129 1436 1195 1469 etsi
1210 1447 1355 1481 semper
1372 1435 1578 1478 immineat,
1593 1447 1668 1470 non

71 1498 197 1526 tamen
218 1501 363 1537 semper
383 1490 554 1524 imminet
575 1489 619 1524 de
641 1491 869 1536 propinqu03
890 1497 928 1524 et
945 1489 1029 1524 ideo
1051 1500 1126 1524 non
1147 1500 1293 1536 semper
1313 1490 1473 1524 timetur.

147 1545 208 1579 AD
231 1555 406 1580 TERTIUM
425 1544 636 1587 dicendum,
658 1545 757 1590 quod
780 1555 892 1586 mors,
907 1552 944 1578 et
966 1544 1027 1579 alii
1045 1544 1208 1579 defectus
1229 1553 1382 1579 naturae
1404 1546 1626 1591 proveniunt
1648 1558 1667 1580 a

74 1607 205 1634 natura
219 1598 428 1641 universali,
444 1599 574 1645 quibus
592 1606 717 1632 tamen
732 1606 912 1645 repugnat
926 1607 1054 1633 natura
1070 1598 1312 1645 particularis,
1327 1608 1506 1645 quantum
1528 1608 1667 1646 potest:

73 1661 109 1688 et
130 1653 181 1688 sic
204 1664 248 1688 ex
269 1652 509 1688 inclinatione
531 1652 760 1699 particularis
781 1661 934 1687 naturae
957 1661 1012 1687 est
1032 1653 1150 1695 dolor,
1175 1662 1210 1688 et
1229 1653 1373 1688 tristitia
1393 1654 1437 1688 de
1456 1655 1668 1700 hujusmodi

74 1706 193 1750 malis,
215 1719 302 1742 cum
324 1714 408 1742 sunt
428 1707 650 1753 praesentia;
674 1715 709 1741 et
730 1707 853 1749 timor,
876 1708 906 1741 si
927 1707 1146 1742 immineant
1168 1708 1204 1741 in
1226 1706 1400 1742 futurum.

646 1827 998 1872 ARTICULUS
1034 1828 1113 1871 ΙΙΙ.

437 1925 595 1956 UTRUM
621 1926 764 1956 TIMOR
792 1926 859 1955 SIT
889 1926 946 1955 DE
969 1925 1092 1955 MALo
1119 1926 1304 1955 CCLPAE.

1602 1851 1620 1875 Μ

607 2003 691 2047 (2-2.
714 2014 745 2049 q.
768 2014 844 2048 144.
868 2008 932 2037 art.
960 2015 988 2038 1.
1017 2005 1137 2050 corp).

145 2085 207 2121 AD
222 2096 397 2121 TERTIUM
411 2087 462 2121 sic
476 2087 694 2133 proceditur.
708 2086 873 2130 Videtur,
888 2087 987 2133 quod
1002 2087 1114 2121 timor
1129 2087 1244 2133 possit
1258 2098 1337 2121 esse
1353 2087 1397 2121 de
1414 2087 1513 2122 malo
1527 2087 1668 2134 culpae:

75 2139 164 2175 dicit
187 2140 288 2174 enim
313 2140 470 2187 August.
498 2152 606 2187 super
629 2140 774 2175 Canon.
797 2141 902 2186 Joan.
921 2141 1036 2185 (tract.
1056 2154 1088 2188 9.
1104 2143 1164 2176 cir.
1186 2141 1284 2187 mad.)
1310 2142 1408 2188 quod
1435 2143 1553 2176 timore
1581 2148 1668 2177 casto

76 2195 170 2230 timet
193 2194 290 2230 homo
315 2196 558 2242 separationem
580 2207 601 2229 a
621 2195 718 2230 Deo:
745 2195 808 2230 sed
831 2195 924 2229 nihil
951 2205 1096 2242 separat
1121 2206 1189 2230 nos
1218 2207 1237 2229 a
1265 2196 1361 2238 Deo,
1379 2196 1448 2230 nisi
1472 2196 1591 2243 culpa,
1619 2208 1671 2231 se-

76 2247 239 2283 cundum
259 2247 350 2283 illud
371 2249 439 2284 Isa.
463 2259 537 2296 59.:
556 2250 694 2284 Peccata
712 2255 824 2284 vestra
843 2249 1029 2285 diviserunt
1045 2252 1130 2284 inter
1144 2262 1213 2292 1¹05,
1231 2256 1260 2285 at
1274 2251 1558 2292 Deumvestruoem
1580 2262 1668 2298 ergo

77 2301 190 2338 timor
210 2310 331 2350 potest
352 2314 431 2338 esse
454 2303 500 2338 de
521 2303 622 2338 malo
645 2303 786 2350 culpae.

149 2366 181 2391 2.
203 2356 444 2392 PRAETEREA.
469 2356 615 2392 Tullius
643 2357 731 2392 dicit
761 2358 796 2392 in
822 2368 856 2401 4.
885 2358 928 2393 de
958 2357 1181 2393 Tusculanis
1206 2358 1496 2399 Quaestionibus
1524 2359 1622 2405 (aliq.
1650 2372 1669 2393 a

71 2410 218 2458 princ),
241 2411 340 2458 quod
363 2411 407 2446 de
428 2411 500 2446 illis
521 2411 708 2454 timemus,
723 2423 808 2446 cum
830 2411 950 2446 futura
969 2421 1063 2454 sunt,
1083 2413 1127 2447 de
1150 2424 1307 2459 quorum
1330 2413 1536 2460 praesentia
1556 2414 1672 2448 trista-

78 2474 179 2499 mur:
202 2465 266 2500 sed
284 2465 329 2500 de
350 2464 451 2501 malo
467 2465 596 2512 culpae
611 2473 732 2512 potest
750 2465 880 2513 aliquis
894 2466 1031 2509 dolere,
1046 2467 1105 2501 vel
1123 2467 1274 2510 tristari3
1294 2478 1382 2514 ergo
1398 2468 1509 2502 etiam
1529 2467 1669 2502 malum
1692 2486 1696 2489 ·

79 2517 208 2566 culpae
229 2518 360 2567 aliquis
381 2527 503 2566 potest
523 2520 664 2554 timere.

153 2583 183 2620 3.
205 2572 447 2609 PRAETEREA.
471 2573 562 2620 Spes
584 2574 710 2608 timori
731 2575 946 2621 opponitur:
970 2575 1032 2610 sed
1055 2587 1136 2622 spes
1164 2584 1284 2623 potest
1311 2588 1390 2611 esse
1417 2577 1461 2611 de
1483 2577 1582 2611 bono
1605 2577 1672 2610 vir-

77 2626 175 2670 tutis,
195 2634 235 2662 ut
254 2635 355 2674 patet
373 2639 438 2675 per
458 2627 598 2662 Philos.
621 2628 659 2662 in
679 2639 712 2675 9.
736 2627 853 2663 Ethic.
877 2629 968 2676 (cap.
988 2641 1022 2674 4.
1040 2636 1170 2677 parum
1193 2635 1268 2665 ante
1290 2630 1390 2676 med.)
1412 2639 1448 2665 et
1466 2629 1670 2677 Apostolus

78 2678 167 2715 dicit
190 2680 236 2716 ad
263 2680 346 2717 Gal.
368 2692 425 2727 ‘5.:
456 2681 594 2728 Confido
621 2681 658 2717 dc
683 2683 777 2718 vobis
803 2684 839 2717 in
864 2683 1027 2725 Domino,
1056 2683 1142 2730 quod
1168 2685 1252 2718 nihil
1279 2685 1372 2719 aliud
1397 2686 1550 2731 sapidi&
1580 2696 1669 2731 ergo

79 2733 191 2770 etiam
210 2735 323 2771 timor
342 2744 466 2783 potest
486 2747 565 2771 esse
587 2736 631 2771 de
651 2735 751 2771 malo
775 2736 915 2784 culpae.

150 2798 184 2833 4.
205 2788 445 2826 PRAETEREA.
467 2789 699 2825 Verecundia
722 2798 775 2826 est
796 2792 979 2838 quaedam
1001 2793 1140 2839 species
1163 2793 1318 2835 timoris,
1341 2803 1379 2828 ut
1401 2805 1508 2840 supra
1530 2793 1669 2828 dictum

81 2849 137 2878 est
155 2841 203 2890 (q.
223 2854 277 2905 41..
299 2850 365 2879 art.
384 2844 458 2889 4.):
482 2845 545 2880 sed
563 2845 783 2879 verecundia
799 2853 853 2880 est
866 2845 910 2881 de
925 2846 1020 2893 turpi
1042 2845 1152 2888 facto,
1169 2847 1266 2893 quod
1287 2856 1341 2882 est
1360 2847 1499 2882 malum
1520 2847 1669 2894 culpae3

82 2905 170 2944 ergo
191 2905 228 2933 et
243 2905 366 2933 timor.
