<?xml version="1.0" encoding="UTF-8"?>
<!DOCTYPE html PUBLIC "-//W3C//DTD XHTML 1.0 Transitional//EN"
    "http://www.w3.org/TR/xhtml1/DTD/xhtml1-transitional.dtd">
<html xmlns="http://www.w3.org/1999/xhtml" xml:lang="en" lang="en">
 <head>
  <title>
</title>
<meta http-equiv="Content-Type" content="text/html;charset=utf-8" />
  <meta name='ocr-system' content='tesseract 3.04.00' />
  <meta name='ocr-capabilities' content='ocr_page ocr_carea ocr_par ocr_line ocrx_word'/>
</head>
<body>
  <div class='ocr_page' id='page_1' title='image "./divithomaeaquina02thomuoft_0058.png"; bbox 0 0 1955 3182; ppageno 0'>
   <div class='ocr_carea' id='block_1_1' title="bbox 297 181 1415 229">
    <p class='ocr_par' dir='ltr' id='par_1_1' title="bbox 297 181 1415 229">
     <span class='ocr_line' id='line_1_1' title="bbox 297 181 1415 229; baseline -0.004 -14"><span class='ocrx_word' id='word_1_1' title='bbox 297 188 354 229; x_wconf 70' lang='lat'>54</span> <span class='ocrx_word' id='word_1_2' title='bbox 732 182 956 219; x_wconf 85' lang='lat' dir='ltr'><strong>QUAESTIO</strong></span> <span class='ocrx_word' id='word_1_3' title='bbox 990 182 1047 211; x_wconf 87' lang='lat' dir='ltr'>IV.</span> <span class='ocrx_word' id='word_1_4' title='bbox 1081 181 1326 213; x_wconf 89' lang='lat' dir='ltr'>ARTICULUS</span> <span class='ocrx_word' id='word_1_5' title='bbox 1359 181 1415 210; x_wconf 93' lang='lat' dir='ltr'>IV.</span> 
     </span>
    </p>
   </div>
   <div class='ocr_carea' id='block_1_2' title="bbox 340 314 1867 446">
    <p class='ocr_par' dir='ltr' id='par_1_2' title="bbox 340 314 1867 446">
     <span class='ocr_line' id='line_1_2' title="bbox 831 314 1867 360; baseline -0.002 -2"><span class='ocrx_word' id='word_1_6' title='bbox 831 314 1178 360; x_wconf 90' lang='lat' dir='ltr'><strong>ARTICULUS</strong></span> <span class='ocrx_word' id='word_1_7' title='bbox 1212 314 1289 356; x_wconf 89' lang='lat' dir='ltr'>IV.</span> <span class='ocrx_word' id='word_1_8' title='bbox 1822 322 1867 357; x_wconf 88' lang='lat'>28</span> 
     </span>
     <span class='ocr_line' id='line_1_3' title="bbox 340 406 1827 446; baseline -0.005 -3"><span class='ocrx_word' id='word_1_9' title='bbox 340 413 497 443; x_wconf 85' lang='lat' dir='ltr'>UTRUM</span> <span class='ocrx_word' id='word_1_10' title='bbox 514 414 572 442; x_wconf 85' lang='lat' dir='ltr'>AD</span> <span class='ocrx_word' id='word_1_11' title='bbox 595 410 930 441; x_wconf 76' lang='lat' dir='ltr'><strong>BEATITUDINEM</strong></span> <span class='ocrx_word' id='word_1_12' title='bbox 950 410 1232 446; x_wconf 83' lang='lat' dir='ltr'><strong>REQUIRATUR</strong></span> <span class='ocrx_word' id='word_1_13' title='bbox 1252 408 1511 439; x_wconf 86' lang='lat' dir='ltr'><strong>RECTITUDO</strong></span> <span class='ocrx_word' id='word_1_14' title='bbox 1532 406 1827 438; x_wconf 83' lang='lat' dir='ltr'><strong>VOLUNTATIS.</strong></span> 
     </span>
    </p>
   </div>
   <div class='ocr_carea' id='block_1_3' title="bbox 582 475 1583 539">
    <p class='ocr_par' dir='ltr' id='par_1_3' title="bbox 582 475 1583 539">
     <span class='ocr_line' id='line_1_4' title="bbox 582 475 1583 539; baseline -0.004 -12"><span class='ocrx_word' id='word_1_15' title='bbox 582 493 684 539; x_wconf 82' lang='lat' dir='ltr'>(Infr.</span> <span class='ocrx_word' id='word_1_16' title='bbox 706 504 736 538; x_wconf 85' lang='lat' dir='ltr'>q.</span> <span class='ocrx_word' id='word_1_17' title='bbox 755 504 783 538; x_wconf 88' lang='lat'>5.</span> <span class='ocrx_word' id='word_1_18' title='bbox 807 496 871 526; x_wconf 84' lang='lat' dir='ltr'>art.</span> <span class='ocrx_word' id='word_1_19' title='bbox 893 475 926 536; x_wconf 45' lang='lat' dir='ltr'>4ss</span> <span class='ocrx_word' id='word_1_20' title='bbox 948 496 977 526; x_wconf 82' lang='lat' dir='ltr'>et</span> <span class='ocrx_word' id='word_1_21' title='bbox 997 502 1028 537; x_wconf 92' lang='lat'>7.</span> <span class='ocrx_word' id='word_1_22' title='bbox 1047 497 1138 537; x_wconf 82' lang='lat' dir='ltr'>corp.</span> <span class='ocrx_word' id='word_1_23' title='bbox 1160 495 1188 525; x_wconf 82' lang='lat' dir='ltr'>et</span> <span class='ocrx_word' id='word_1_24' title='bbox 1213 497 1322 537; x_wconf 84' lang='lat' dir='ltr'>opusc.</span> <span class='ocrx_word' id='word_1_25' title='bbox 1343 502 1375 525; x_wconf 87' lang='lat'>2.</span> <span class='ocrx_word' id='word_1_26' title='bbox 1395 496 1466 536; x_wconf 81' lang='lat' dir='ltr'>cap.</span> <span class='ocrx_word' id='word_1_27' title='bbox 1487 489 1583 535; x_wconf 68' lang='lat'><em>173).</em></span> 
     </span>
    </p>
   </div>
   <div class='ocr_carea' id='block_1_4' title="bbox 273 569 1876 2898">
    <p class='ocr_par' dir='ltr' id='par_1_4' title="bbox 298 569 1872 993">
     <span class='ocr_line' id='line_1_5' title="bbox 369 569 1870 621; baseline -0.005 -11"><span class='ocrx_word' id='word_1_28' title='bbox 369 577 428 610; x_wconf 71' lang='grc' dir='ltr'>ΑΒ</span> <span class='ocrx_word' id='word_1_29' title='bbox 444 586 632 615; x_wconf 69' lang='lat' dir='ltr'><strong>QUARTUM</strong></span> <span class='ocrx_word' id='word_1_30' title='bbox 647 575 697 609; x_wconf 91' lang='lat' dir='ltr'>sic</span> <span class='ocrx_word' id='word_1_31' title='bbox 719 574 937 621; x_wconf 83' lang='lat' dir='ltr'>proceditur.</span> <span class='ocrx_word' id='word_1_32' title='bbox 952 573 1116 615; x_wconf 89' lang='lat' dir='ltr'>Videtur,</span> <span class='ocrx_word' id='word_1_33' title='bbox 1139 572 1237 619; x_wconf 94' lang='lat' dir='ltr'>quod</span> <span class='ocrx_word' id='word_1_34' title='bbox 1251 571 1428 606; x_wconf 87' lang='lat' dir='ltr'>rectitudo</span> <span class='ocrx_word' id='word_1_35' title='bbox 1449 570 1647 605; x_wconf 84' lang='lat' dir='ltr'>volontatis</span> <span class='ocrx_word' id='word_1_36' title='bbox 1667 581 1743 604; x_wconf 92' lang='lat' dir='ltr'>non</span> <span class='ocrx_word' id='word_1_37' title='bbox 1756 569 1870 615; x_wconf 91' lang='lat' dir='ltr'>requi-</span> 
     </span>
     <span class='ocr_line' id='line_1_6' title="bbox 298 622 1871 670; baseline -0.004 -7"><span class='ocrx_word' id='word_1_38' title='bbox 298 638 395 664; x_wconf 85' lang='lat' dir='ltr'>ratur</span> <span class='ocrx_word' id='word_1_39' title='bbox 418 630 460 663; x_wconf 84' lang='lat' dir='ltr'>ad</span> <span class='ocrx_word' id='word_1_40' title='bbox 482 629 763 663; x_wconf 77' lang='lat' dir='ltr'>beatitudinem:</span> <span class='ocrx_word' id='word_1_41' title='bbox 785 627 970 661; x_wconf 84' lang='lat' dir='ltr'>beatitudo</span> <span class='ocrx_word' id='word_1_42' title='bbox 999 627 1097 661; x_wconf 89' lang='lat' dir='ltr'>enim</span> <span class='ocrx_word' id='word_1_43' title='bbox 1120 626 1283 660; x_wconf 87' lang='lat' dir='ltr'>consistit</span> <span class='ocrx_word' id='word_1_44' title='bbox 1303 626 1339 659; x_wconf 86' lang='lat' dir='ltr'>in</span> <span class='ocrx_word' id='word_1_45' title='bbox 1362 624 1573 670; x_wconf 85' lang='lat' dir='ltr'>operatione</span> <span class='ocrx_word' id='word_1_46' title='bbox 1593 622 1810 664; x_wconf 85' lang='lat' dir='ltr'>intellectus,</span> <span class='ocrx_word' id='word_1_47' title='bbox 1831 630 1871 656; x_wconf 92' lang='lat' dir='ltr'>ut</span> 
     </span>
     <span class='ocr_line' id='line_1_7' title="bbox 299 674 1871 728; baseline -0.004 -12"><span class='ocrx_word' id='word_1_48' title='bbox 299 683 435 716; x_wconf 87' lang='lat' dir='ltr'>dictum</span> <span class='ocrx_word' id='word_1_49' title='bbox 459 690 513 716; x_wconf 91' lang='lat' dir='ltr'>est</span> <span class='ocrx_word' id='word_1_50' title='bbox 536 682 580 727; x_wconf 83' lang='lat' dir='ltr'>(q.</span> <span class='ocrx_word' id='word_1_51' title='bbox 596 694 623 728; x_wconf 81' lang='lat'>3.</span> <span class='ocrx_word' id='word_1_52' title='bbox 639 686 703 715; x_wconf 76' lang='grc' dir='ltr'><strong><em>ιιι-ί.</em></strong></span> <span class='ocrx_word' id='word_1_53' title='bbox 722 681 773 726; x_wconf 87' lang='lat'>4.)</span> <span class='ocrx_word' id='word_1_54' title='bbox 783 693 796 721; x_wconf 86' lang='lat'>,·</span> <span class='ocrx_word' id='word_1_55' title='bbox 812 680 875 714; x_wconf 90' lang='lat' dir='ltr'>sed</span> <span class='ocrx_word' id='word_1_56' title='bbox 890 680 934 714; x_wconf 87' lang='lat' dir='ltr'>ad</span> <span class='ocrx_word' id='word_1_57' title='bbox 956 679 1155 726; x_wconf 83' lang='lat' dir='ltr'>perfectam</span> <span class='ocrx_word' id='word_1_58' title='bbox 1176 678 1380 713; x_wconf 83' lang='lat' dir='ltr'>intellectus</span> <span class='ocrx_word' id='word_1_59' title='bbox 1395 677 1647 723; x_wconf 88' lang='lat' dir='ltr'>operationem</span> <span class='ocrx_word' id='word_1_60' title='bbox 1666 687 1742 710; x_wconf 93' lang='lat' dir='ltr'>non</span> <span class='ocrx_word' id='word_1_61' title='bbox 1756 674 1871 721; x_wconf 78' lang='lat' dir='ltr'>requi-</span> 
     </span>
     <span class='ocr_line' id='line_1_8' title="bbox 299 729 1869 780; baseline -0.005 -10"><span class='ocrx_word' id='word_1_62' title='bbox 299 736 387 770; x_wconf 86' lang='lat' dir='ltr'>ritur</span> <span class='ocrx_word' id='word_1_63' title='bbox 405 735 581 769; x_wconf 82' lang='lat' dir='ltr'>rectitudo</span> <span class='ocrx_word' id='word_1_64' title='bbox 600 734 808 776; x_wconf 71' lang='lat' dir='ltr'>voluntatis,</span> <span class='ocrx_word' id='word_1_65' title='bbox 825 745 888 780; x_wconf 92' lang='lat' dir='ltr'>per</span> <span class='ocrx_word' id='word_1_66' title='bbox 906 744 1016 779; x_wconf 85' lang='lat' dir='ltr'>quam</span> <span class='ocrx_word' id='word_1_67' title='bbox 1037 733 1206 766; x_wconf 85' lang='lat' dir='ltr'>homines</span> <span class='ocrx_word' id='word_1_68' title='bbox 1221 731 1348 765; x_wconf 89' lang='lat' dir='ltr'>mundi</span> <span class='ocrx_word' id='word_1_69' title='bbox 1365 731 1548 765; x_wconf 86' lang='lat' dir='ltr'>dicuntur:</span> <span class='ocrx_word' id='word_1_70' title='bbox 1562 729 1649 764; x_wconf 89' lang='lat' dir='ltr'>dicit</span> <span class='ocrx_word' id='word_1_71' title='bbox 1662 729 1761 764; x_wconf 87' lang='lat' dir='ltr'>enim</span> <span class='ocrx_word' id='word_1_72' title='bbox 1773 729 1869 774; x_wconf 87' lang='lat' dir='ltr'>Aug.</span> 
     </span>
     <span class='ocr_line' id='line_1_9' title="bbox 300 782 1868 833; baseline -0.004 -10"><span class='ocrx_word' id='word_1_73' title='bbox 300 790 338 823; x_wconf 92' lang='lat' dir='ltr'>in</span> <span class='ocrx_word' id='word_1_74' title='bbox 358 788 418 822; x_wconf 89' lang='lat' dir='ltr'>lib.</span> <span class='ocrx_word' id='word_1_75' title='bbox 446 800 472 822; x_wconf 93' lang='lat'>1.</span> <span class='ocrx_word' id='word_1_76' title='bbox 495 788 755 822; x_wconf 87' lang='lat' dir='ltr'>Retractation.</span> <span class='ocrx_word' id='word_1_77' title='bbox 777 787 865 833; x_wconf 81' lang='lat' dir='ltr'>(cap.</span> <span class='ocrx_word' id='word_1_78' title='bbox 884 798 917 831; x_wconf 83' lang='lat'>4.</span> <span class='ocrx_word' id='word_1_79' title='bbox 940 799 959 820; x_wconf 86' lang='grc' dir='ltr'><em>α</em></span> <span class='ocrx_word' id='word_1_80' title='bbox 976 788 1087 833; x_wconf 77' lang='lat' dir='ltr'>princ.</span> <span class='ocrx_word' id='word_1_81' title='bbox 1109 790 1138 820; x_wconf 78' lang='lat' dir='ltr'>et</span> <span class='ocrx_word' id='word_1_82' title='bbox 1159 786 1215 820; x_wconf 84' lang='lat' dir='ltr'>lib.</span> <span class='ocrx_word' id='word_1_83' title='bbox 1233 797 1262 820; x_wconf 82' lang='lat' dir='ltr'>r.</span> <span class='ocrx_word' id='word_1_84' title='bbox 1283 784 1418 829; x_wconf 79' lang='lat' dir='ltr'>Soliloq.</span> <span class='ocrx_word' id='word_1_85' title='bbox 1441 790 1514 830; x_wconf 87' lang='lat' dir='ltr'>cap.</span> <span class='ocrx_word' id='word_1_86' title='bbox 1535 784 1604 828; x_wconf 87' lang='lat'><em>1.):</em></span> <span class='ocrx_word' id='word_1_87' title='bbox 1619 782 1868 829; x_wconf 80' lang='lat' dir='ltr'>NonapprobO,</span> 
     </span>
     <span class='ocr_line' id='line_1_10' title="bbox 300 834 1872 887; baseline -0.004 -12"><span class='ocrx_word' id='word_1_88' title='bbox 300 842 385 887; x_wconf 69' lang='lat' dir='ltr'>quod</span> <span class='ocrx_word' id='word_1_89' title='bbox 408 844 439 875; x_wconf 77' lang='lat' dir='ltr'>in</span> <span class='ocrx_word' id='word_1_90' title='bbox 463 843 611 875; x_wconf 62' lang='lat' dir='ltr'>oratione</span> <span class='ocrx_word' id='word_1_91' title='bbox 632 841 703 875; x_wconf 75' lang='lat' dir='ltr'>dixi</span> <span class='ocrx_word' id='word_1_92' title='bbox 718 853 728 874; x_wconf 92' lang='lat'>.·</span> <span class='ocrx_word' id='word_1_93' title='bbox 755 841 857 881; x_wconf 54' lang='lat' dir='ltr'>Deus,</span> <span class='ocrx_word' id='word_1_94' title='bbox 881 841 938 885; x_wconf 77' lang='lat' dir='ltr'>qui</span> <span class='ocrx_word' id='word_1_95' title='bbox 960 840 1091 873; x_wconf 77' lang='lat' dir='ltr'>nonnisi</span> <span class='ocrx_word' id='word_1_96' title='bbox 1111 838 1248 872; x_wconf 75' lang='lat' dir='ltr'>mundos</span> <span class='ocrx_word' id='word_1_97' title='bbox 1264 849 1382 872; x_wconf 78' lang='lat' dir='ltr'>verum</span> <span class='ocrx_word' id='word_1_98' title='bbox 1403 838 1486 871; x_wconf 75' lang='lat' dir='ltr'>scire</span> <span class='ocrx_word' id='word_1_99' title='bbox 1505 836 1661 870; x_wconf 82' lang='lat' dir='ltr'>voluisti:</span> <span class='ocrx_word' id='word_1_100' title='bbox 1684 834 1872 881; x_wconf 72' lang='lat' dir='ltr'>responderi</span> 
     </span>
     <span class='ocr_line' id='line_1_11' title="bbox 301 887 1871 941; baseline -0.005 -12"><span class='ocrx_word' id='word_1_101' title='bbox 301 897 386 929; x_wconf 79' lang='lat' dir='ltr'>enim</span> <span class='ocrx_word' id='word_1_102' title='bbox 402 899 519 941; x_wconf 58' lang='lat' dir='ltr'>potest,</span> <span class='ocrx_word' id='word_1_103' title='bbox 542 894 658 928; x_wconf 71' lang='lat' dir='ltr'>multos</span> <span class='ocrx_word' id='word_1_104' title='bbox 678 895 775 928; x_wconf 75' lang='lat' dir='ltr'>etiam</span> <span class='ocrx_word' id='word_1_105' title='bbox 792 905 856 926; x_wconf 83' lang='lat' dir='ltr'>non</span> <span class='ocrx_word' id='word_1_106' title='bbox 873 892 1009 926; x_wconf 72' lang='lat' dir='ltr'>mundos</span> <span class='ocrx_word' id='word_1_107' title='bbox 1028 892 1131 926; x_wconf 80' lang='lat' dir='ltr'>multa</span> <span class='ocrx_word' id='word_1_108' title='bbox 1147 892 1229 925; x_wconf 74' lang='lat' dir='ltr'>scire</span> <span class='ocrx_word' id='word_1_109' title='bbox 1252 902 1354 931; x_wconf 56' lang='lat' dir='ltr'>versu</span> <span class='ocrx_word' id='word_1_110' title='bbox 1375 900 1462 935; x_wconf 85' lang='lat' dir='ltr'>ergo</span> <span class='ocrx_word' id='word_1_111' title='bbox 1477 888 1656 923; x_wconf 85' lang='lat' dir='ltr'>rectitudo</span> <span class='ocrx_word' id='word_1_112' title='bbox 1673 887 1871 923; x_wconf 83' lang='lat' dir='ltr'>voluntatis</span> 
     </span>
     <span class='ocr_line' id='line_1_12' title="bbox 301 946 952 993; baseline -0.006 -11"><span class='ocrx_word' id='word_1_113' title='bbox 301 959 376 982; x_wconf 91' lang='lat' dir='ltr'>non</span> <span class='ocrx_word' id='word_1_114' title='bbox 403 947 594 993; x_wconf 85' lang='lat' dir='ltr'>requiritur</span> <span class='ocrx_word' id='word_1_115' title='bbox 616 947 659 980; x_wconf 90' lang='lat' dir='ltr'>ad</span> <span class='ocrx_word' id='word_1_116' title='bbox 680 946 952 980; x_wconf 78' lang='lat' dir='ltr'>beatitudinem.</span> 
     </span>
    </p>

    <p class='ocr_par' dir='ltr' id='par_1_5' title="bbox 298 993 1871 1151">
     <span class='ocr_line' id='line_1_13' title="bbox 372 993 1871 1044; baseline -0.004 -10"><span class='ocrx_word' id='word_1_117' title='bbox 372 1011 403 1034; x_wconf 87' lang='lat'>2.</span> <span class='ocrx_word' id='word_1_118' title='bbox 425 1001 662 1034; x_wconf 77' lang='lat' dir='ltr'>PRAETEREA.</span> <span class='ocrx_word' id='word_1_119' title='bbox 684 999 788 1032; x_wconf 84' lang='lat' dir='ltr'>Prius</span> <span class='ocrx_word' id='word_1_120' title='bbox 809 1010 883 1032; x_wconf 90' lang='lat' dir='ltr'>non</span> <span class='ocrx_word' id='word_1_121' title='bbox 910 997 1091 1044; x_wconf 86' lang='lat' dir='ltr'>dependet</span> <span class='ocrx_word' id='word_1_122' title='bbox 1112 1008 1131 1030; x_wconf 89' lang='lat' dir='ltr'>a</span> <span class='ocrx_word' id='word_1_123' title='bbox 1157 996 1369 1043; x_wconf 89' lang='lat' dir='ltr'>posteriori:</span> <span class='ocrx_word' id='word_1_124' title='bbox 1391 996 1454 1030; x_wconf 93' lang='lat' dir='ltr'>sed</span> <span class='ocrx_word' id='word_1_125' title='bbox 1476 995 1640 1042; x_wconf 87' lang='lat' dir='ltr'>operatio</span> <span class='ocrx_word' id='word_1_126' title='bbox 1666 993 1871 1029; x_wconf 85' lang='lat' dir='ltr'>intellectus</span> 
     </span>
     <span class='ocr_line' id='line_1_14' title="bbox 300 1047 1871 1099; baseline -0.004 -12"><span class='ocrx_word' id='word_1_127' title='bbox 300 1062 354 1088; x_wconf 90' lang='lat' dir='ltr'>est</span> <span class='ocrx_word' id='word_1_128' title='bbox 371 1054 479 1099; x_wconf 83' lang='lat' dir='ltr'>prior,</span> <span class='ocrx_word' id='word_1_129' title='bbox 494 1064 603 1098; x_wconf 81' lang='lat' dir='ltr'>quam</span> <span class='ocrx_word' id='word_1_130' title='bbox 619 1052 782 1098; x_wconf 89' lang='lat' dir='ltr'>operatio</span> <span class='ocrx_word' id='word_1_131' title='bbox 796 1050 1011 1093; x_wconf 73' lang='lat' dir='ltr'>voluntati53</span> <span class='ocrx_word' id='word_1_132' title='bbox 1034 1061 1120 1096; x_wconf 85' lang='lat' dir='ltr'>ergo</span> <span class='ocrx_word' id='word_1_133' title='bbox 1142 1049 1340 1092; x_wconf 85' lang='lat' dir='ltr'>beatitudo,</span> <span class='ocrx_word' id='word_1_134' title='bbox 1362 1060 1454 1095; x_wconf 91' lang='lat' dir='ltr'>quae</span> <span class='ocrx_word' id='word_1_135' title='bbox 1469 1058 1524 1083; x_wconf 89' lang='lat' dir='ltr'>est</span> <span class='ocrx_word' id='word_1_136' title='bbox 1534 1048 1694 1096; x_wconf 90' lang='lat' dir='ltr'>perfecta</span> <span class='ocrx_word' id='word_1_137' title='bbox 1708 1047 1871 1094; x_wconf 86' lang='lat' dir='ltr'>operatio</span> 
     </span>
     <span class='ocr_line' id='line_1_15' title="bbox 298 1103 1318 1151; baseline -0.004 -11"><span class='ocrx_word' id='word_1_138' title='bbox 298 1106 516 1147; x_wconf 86' lang='lat' dir='ltr'>intellectus,</span> <span class='ocrx_word' id='word_1_139' title='bbox 537 1117 613 1139; x_wconf 92' lang='lat' dir='ltr'>non</span> <span class='ocrx_word' id='word_1_140' title='bbox 635 1105 812 1151; x_wconf 89' lang='lat' dir='ltr'>dependet</span> <span class='ocrx_word' id='word_1_141' title='bbox 834 1116 854 1137; x_wconf 92' lang='lat' dir='ltr'>a</span> <span class='ocrx_word' id='word_1_142' title='bbox 874 1103 1089 1138; x_wconf 84' lang='lat' dir='ltr'>rectitudine</span> <span class='ocrx_word' id='word_1_143' title='bbox 1109 1103 1318 1137; x_wconf 85' lang='lat' dir='ltr'>voluntatis.</span> 
     </span>
    </p>

    <p class='ocr_par' dir='ltr' id='par_1_6' title="bbox 298 1154 1874 1406">
     <span class='ocr_line' id='line_1_16' title="bbox 375 1154 1874 1204; baseline -0.003 -11"><span class='ocrx_word' id='word_1_144' title='bbox 375 1171 402 1204; x_wconf 81' lang='lat'>3.</span> <span class='ocrx_word' id='word_1_145' title='bbox 425 1159 662 1193; x_wconf 74' lang='lat' dir='ltr'>PRAETEREA.</span> <span class='ocrx_word' id='word_1_146' title='bbox 694 1157 806 1198; x_wconf 86' lang='lat' dir='ltr'>Quod</span> <span class='ocrx_word' id='word_1_147' title='bbox 829 1157 1015 1191; x_wconf 88' lang='lat' dir='ltr'>ordinatur</span> <span class='ocrx_word' id='word_1_148' title='bbox 1037 1156 1080 1190; x_wconf 91' lang='lat' dir='ltr'>ad</span> <span class='ocrx_word' id='word_1_149' title='bbox 1111 1156 1258 1202; x_wconf 91' lang='lat' dir='ltr'>aliquid,</span> <span class='ocrx_word' id='word_1_150' title='bbox 1279 1163 1469 1201; x_wconf 84' lang='lat' dir='ltr'>tamquam</span> <span class='ocrx_word' id='word_1_151' title='bbox 1502 1155 1546 1189; x_wconf 86' lang='lat' dir='ltr'>ad</span> <span class='ocrx_word' id='word_1_152' title='bbox 1569 1154 1691 1197; x_wconf 86' lang='lat' dir='ltr'>finem,</span> <span class='ocrx_word' id='word_1_153' title='bbox 1717 1165 1792 1188; x_wconf 92' lang='lat' dir='ltr'>non</span> <span class='ocrx_word' id='word_1_154' title='bbox 1820 1161 1874 1188; x_wconf 91' lang='lat' dir='ltr'>est</span> 
     </span>
     <span class='ocr_line' id='line_1_17' title="bbox 298 1207 1870 1257; baseline -0.003 -11"><span class='ocrx_word' id='word_1_155' title='bbox 298 1212 558 1253; x_wconf 80' lang='lat' dir='ltr'>necessarium,</span> <span class='ocrx_word' id='word_1_156' title='bbox 582 1212 712 1257; x_wconf 90' lang='lat' dir='ltr'>adepto</span> <span class='ocrx_word' id='word_1_157' title='bbox 734 1212 809 1256; x_wconf 86' lang='lat' dir='ltr'>jam</span> <span class='ocrx_word' id='word_1_158' title='bbox 830 1210 925 1251; x_wconf 79' lang='lat' dir='ltr'>fine3</span> <span class='ocrx_word' id='word_1_159' title='bbox 949 1210 1042 1244; x_wconf 89' lang='lat' dir='ltr'>sicut</span> <span class='ocrx_word' id='word_1_160' title='bbox 1062 1209 1175 1252; x_wconf 89' lang='lat' dir='ltr'>navis,</span> <span class='ocrx_word' id='word_1_161' title='bbox 1195 1217 1390 1255; x_wconf 86' lang='lat' dir='ltr'>postquam</span> <span class='ocrx_word' id='word_1_162' title='bbox 1410 1208 1616 1255; x_wconf 90' lang='lat' dir='ltr'>pervenitur</span> <span class='ocrx_word' id='word_1_163' title='bbox 1642 1207 1686 1242; x_wconf 90' lang='lat' dir='ltr'>ad</span> <span class='ocrx_word' id='word_1_164' title='bbox 1706 1215 1870 1254; x_wconf 91' lang='lat' dir='ltr'>portum:</span> 
     </span>
     <span class='ocr_line' id='line_1_18' title="bbox 300 1261 1873 1310; baseline -0.003 -10"><span class='ocrx_word' id='word_1_165' title='bbox 300 1267 362 1300; x_wconf 89' lang='lat' dir='ltr'>sed</span> <span class='ocrx_word' id='word_1_166' title='bbox 389 1265 567 1299; x_wconf 89' lang='lat' dir='ltr'>rectitudo</span> <span class='ocrx_word' id='word_1_167' title='bbox 596 1264 805 1305; x_wconf 84' lang='lat' dir='ltr'>voluntatis,</span> <span class='ocrx_word' id='word_1_168' title='bbox 832 1275 924 1310; x_wconf 89' lang='lat' dir='ltr'>quae</span> <span class='ocrx_word' id='word_1_169' title='bbox 953 1271 1006 1297; x_wconf 92' lang='lat' dir='ltr'>est</span> <span class='ocrx_word' id='word_1_170' title='bbox 1026 1275 1089 1309; x_wconf 92' lang='lat' dir='ltr'>per</span> <span class='ocrx_word' id='word_1_171' title='bbox 1109 1263 1291 1305; x_wconf 84' lang='lat' dir='ltr'>virtutem,</span> <span class='ocrx_word' id='word_1_172' title='bbox 1314 1262 1500 1297; x_wconf 88' lang='lat' dir='ltr'>ordinatur</span> <span class='ocrx_word' id='word_1_173' title='bbox 1530 1262 1574 1296; x_wconf 90' lang='lat' dir='ltr'>ad</span> <span class='ocrx_word' id='word_1_174' title='bbox 1599 1261 1873 1309; x_wconf 71' lang='lat' dir='ltr'>beatitudinem,</span> 
     </span>
     <span class='ocr_line' id='line_1_19' title="bbox 299 1315 1871 1364; baseline -0.002 -12"><span class='ocrx_word' id='word_1_175' title='bbox 299 1327 488 1364; x_wconf 86' lang='lat' dir='ltr'>tamquam</span> <span class='ocrx_word' id='word_1_176' title='bbox 511 1318 554 1351; x_wconf 89' lang='lat' dir='ltr'>ad</span> <span class='ocrx_word' id='word_1_177' title='bbox 588 1317 718 1360; x_wconf 82' lang='lat' dir='ltr'>finem3</span> <span class='ocrx_word' id='word_1_178' title='bbox 741 1328 839 1363; x_wconf 82' lang='lat' dir='ltr'>ergo,</span> <span class='ocrx_word' id='word_1_179' title='bbox 869 1317 997 1363; x_wconf 88' lang='lat' dir='ltr'>adepta</span> <span class='ocrx_word' id='word_1_180' title='bbox 1018 1316 1252 1358; x_wconf 85' lang='lat' dir='ltr'>beatitudine,</span> <span class='ocrx_word' id='word_1_181' title='bbox 1275 1327 1350 1350; x_wconf 91' lang='lat' dir='ltr'>non</span> <span class='ocrx_word' id='word_1_182' title='bbox 1385 1323 1438 1350; x_wconf 88' lang='lat' dir='ltr'>est</span> <span class='ocrx_word' id='word_1_183' title='bbox 1457 1315 1664 1350; x_wconf 89' lang='lat' dir='ltr'>necessaria</span> <span class='ocrx_word' id='word_1_184' title='bbox 1693 1315 1871 1350; x_wconf 89' lang='lat' dir='ltr'>rectitudo</span> 
     </span>
     <span class='ocr_line' id='line_1_20' title="bbox 299 1371 507 1406; baseline 0 -2"><span class='ocrx_word' id='word_1_185' title='bbox 299 1371 507 1406; x_wconf 68' lang='lat' dir='ltr'>voluntatis.</span> 
     </span>
    </p>

    <p class='ocr_par' dir='ltr' id='par_1_7' title="bbox 300 1422 1874 1576">
     <span class='ocr_line' id='line_1_21' title="bbox 374 1422 1874 1469; baseline -0.001 -11"><span class='ocrx_word' id='word_1_186' title='bbox 374 1425 448 1459; x_wconf 78' lang='lat' dir='ltr'>SED</span> <span class='ocrx_word' id='word_1_187' title='bbox 471 1434 626 1458; x_wconf 68' lang='lat' dir='ltr'>CONTRA</span> <span class='ocrx_word' id='word_1_188' title='bbox 646 1432 710 1465; x_wconf 90' lang='lat' dir='ltr'>est,</span> <span class='ocrx_word' id='word_1_189' title='bbox 733 1424 829 1469; x_wconf 88' lang='lat' dir='ltr'>quod</span> <span class='ocrx_word' id='word_1_190' title='bbox 861 1423 990 1457; x_wconf 88' lang='lat' dir='ltr'>dicitur</span> <span class='ocrx_word' id='word_1_191' title='bbox 1015 1423 1143 1457; x_wconf 89' lang='lat' dir='ltr'>Matth.</span> <span class='ocrx_word' id='word_1_192' title='bbox 1171 1433 1217 1468; x_wconf 85' lang='lat'>5.:</span> <span class='ocrx_word' id='word_1_193' title='bbox 1238 1424 1332 1457; x_wconf 72' lang='lat' dir='ltr'>Beati</span> <span class='ocrx_word' id='word_1_194' title='bbox 1351 1422 1473 1457; x_wconf 82' lang='lat' dir='ltr'>mundo</span> <span class='ocrx_word' id='word_1_195' title='bbox 1495 1422 1602 1465; x_wconf 79' lang='lat' dir='ltr'>corde,</span> <span class='ocrx_word' id='word_1_196' title='bbox 1627 1423 1786 1468; x_wconf 81' lang='lat' dir='ltr'>quoniam</span> <span class='ocrx_word' id='word_1_197' title='bbox 1809 1422 1874 1468; x_wconf 84' lang='lat' dir='ltr'>ipsi</span> 
     </span>
     <span class='ocr_line' id='line_1_22' title="bbox 300 1476 1871 1522; baseline -0.002 -10"><span class='ocrx_word' id='word_1_198' title='bbox 300 1479 412 1512; x_wconf 65' lang='lat' dir='ltr'>Deum</span> <span class='ocrx_word' id='word_1_199' title='bbox 434 1477 601 1512; x_wconf 53' lang='lat' dir='ltr'>videbunt.</span> <span class='ocrx_word' id='word_1_200' title='bbox 623 1476 668 1510; x_wconf 89' lang='lat' dir='ltr'>Et</span> <span class='ocrx_word' id='word_1_201' title='bbox 690 1477 780 1511; x_wconf 87' lang='lat' dir='ltr'>Heb.</span> <span class='ocrx_word' id='word_1_202' title='bbox 807 1487 875 1510; x_wconf 88' lang='lat'>12.:</span> <span class='ocrx_word' id='word_1_203' title='bbox 904 1476 1023 1511; x_wconf 62' lang='lat' dir='ltr'>Pacem</span> <span class='ocrx_word' id='word_1_204' title='bbox 1054 1477 1229 1522; x_wconf 66' lang='lat' dir='ltr'>sequimini</span> <span class='ocrx_word' id='word_1_205' title='bbox 1250 1488 1326 1510; x_wconf 81' lang='lat' dir='ltr'>cum</span> <span class='ocrx_word' id='word_1_206' title='bbox 1354 1477 1516 1518; x_wconf 84' lang='lat' dir='ltr'>omnibus,</span> <span class='ocrx_word' id='word_1_207' title='bbox 1547 1481 1586 1517; x_wconf 40' lang='lat' dir='ltr'>et.</span> <span class='ocrx_word' id='word_1_208' title='bbox 1602 1476 1871 1518; x_wconf 85' lang='lat' dir='ltr'>sanctimoniam,</span> 
     </span>
     <span class='ocr_line' id='line_1_23' title="bbox 300 1530 859 1576; baseline -0.004 -11"><span class='ocrx_word' id='word_1_209' title='bbox 300 1533 368 1566; x_wconf 66' lang='lat' dir='ltr'>sina</span> <span class='ocrx_word' id='word_1_210' title='bbox 394 1543 457 1576; x_wconf 72' lang='lat' dir='ltr'>qna</span> <span class='ocrx_word' id='word_1_211' title='bbox 481 1543 572 1564; x_wconf 66' lang='lat' dir='ltr'>nemo</span> <span class='ocrx_word' id='word_1_212' title='bbox 593 1530 719 1564; x_wconf 66' lang='lat' dir='ltr'>videbit</span> <span class='ocrx_word' id='word_1_213' title='bbox 736 1531 859 1564; x_wconf 71' lang='lat' dir='ltr'>Deum.</span> 
     </span>
    </p>

    <p class='ocr_par' dir='ltr' id='par_1_8' title="bbox 300 1582 1876 2310">
     <span class='ocr_line' id='line_1_24' title="bbox 372 1582 1872 1629; baseline -0.003 -10"><span class='ocrx_word' id='word_1_214' title='bbox 372 1584 602 1619; x_wconf 63' lang='lat' dir='ltr'>Rfispoxnsso</span> <span class='ocrx_word' id='word_1_215' title='bbox 621 1584 826 1625; x_wconf 89' lang='lat' dir='ltr'>dicendum,</span> <span class='ocrx_word' id='word_1_216' title='bbox 842 1582 938 1629; x_wconf 90' lang='lat' dir='ltr'>quod</span> <span class='ocrx_word' id='word_1_217' title='bbox 959 1583 1109 1616; x_wconf 90' lang='lat' dir='ltr'>rectudo</span> <span class='ocrx_word' id='word_1_218' title='bbox 1128 1582 1324 1617; x_wconf 82' lang='lat' dir='ltr'>voluntatis</span> <span class='ocrx_word' id='word_1_219' title='bbox 1343 1583 1535 1629; x_wconf 89' lang='lat' dir='ltr'>requiritur</span> <span class='ocrx_word' id='word_1_220' title='bbox 1556 1582 1598 1616; x_wconf 92' lang='lat' dir='ltr'>ab</span> <span class='ocrx_word' id='word_1_221' title='bbox 1612 1582 1872 1616; x_wconf 88' lang='lat' dir='ltr'>beatitudinem</span> 
     </span>
     <span class='ocr_line' id='line_1_25' title="bbox 302 1634 1873 1682; baseline -0.002 -10"><span class='ocrx_word' id='word_1_222' title='bbox 302 1646 337 1672; x_wconf 91' lang='lat' dir='ltr'>et</span> <span class='ocrx_word' id='word_1_223' title='bbox 358 1638 589 1678; x_wconf 48' lang='lat' dir='ltr'>antecedentff,</span> <span class='ocrx_word' id='word_1_224' title='bbox 610 1645 644 1671; x_wconf 88' lang='lat' dir='ltr'>et</span> <span class='ocrx_word' id='word_1_225' title='bbox 662 1638 930 1672; x_wconf 64' lang='lat' dir='ltr'>concomituntar.</span> <span class='ocrx_word' id='word_1_226' title='bbox 950 1635 1185 1670; x_wconf 59' lang='lat' dir='ltr'>Antecedentar</span> <span class='ocrx_word' id='word_1_227' title='bbox 1199 1636 1364 1682; x_wconf 87' lang='lat' dir='ltr'>quidem:</span> <span class='ocrx_word' id='word_1_228' title='bbox 1387 1636 1472 1682; x_wconf 89' lang='lat' dir='ltr'>quia</span> <span class='ocrx_word' id='word_1_229' title='bbox 1485 1635 1663 1670; x_wconf 90' lang='lat' dir='ltr'>rectitudo</span> <span class='ocrx_word' id='word_1_230' title='bbox 1676 1634 1873 1669; x_wconf 91' lang='lat' dir='ltr'>voluntatis</span> 
     </span>
     <span class='ocr_line' id='line_1_26' title="bbox 302 1688 1872 1737; baseline -0.002 -12"><span class='ocrx_word' id='word_1_231' title='bbox 302 1700 355 1725; x_wconf 86' lang='lat' dir='ltr'>est</span> <span class='ocrx_word' id='word_1_232' title='bbox 381 1702 443 1737; x_wconf 88' lang='lat' dir='ltr'>per</span> <span class='ocrx_word' id='word_1_233' title='bbox 465 1691 626 1724; x_wconf 84' lang='lat' dir='ltr'>debitum</span> <span class='ocrx_word' id='word_1_234' title='bbox 648 1690 814 1724; x_wconf 90' lang='lat' dir='ltr'>ordinem</span> <span class='ocrx_word' id='word_1_235' title='bbox 836 1691 880 1724; x_wconf 83' lang='lat' dir='ltr'>ad</span> <span class='ocrx_word' id='word_1_236' title='bbox 906 1689 1018 1723; x_wconf 89' lang='lat' dir='ltr'>finem</span> <span class='ocrx_word' id='word_1_237' title='bbox 1039 1688 1227 1723; x_wconf 90' lang='lat' dir='ltr'>ultimum:</span> <span class='ocrx_word' id='word_1_238' title='bbox 1255 1689 1336 1724; x_wconf 88' lang='lat' dir='ltr'>finis</span> <span class='ocrx_word' id='word_1_239' title='bbox 1359 1697 1481 1724; x_wconf 91' lang='lat' dir='ltr'>autem</span> <span class='ocrx_word' id='word_1_240' title='bbox 1507 1696 1740 1735; x_wconf 85' lang='lat' dir='ltr'>comparatur</span> <span class='ocrx_word' id='word_1_241' title='bbox 1761 1688 1804 1723; x_wconf 91' lang='lat' dir='ltr'>ad</span> <span class='ocrx_word' id='word_1_242' title='bbox 1825 1688 1872 1731; x_wconf 90' lang='lat' dir='ltr'>id,</span> 
     </span>
     <span class='ocr_line' id='line_1_27' title="bbox 301 1741 1873 1790; baseline -0.001 -13"><span class='ocrx_word' id='word_1_243' title='bbox 301 1745 398 1790; x_wconf 89' lang='lat' dir='ltr'>quod</span> <span class='ocrx_word' id='word_1_244' title='bbox 421 1744 608 1777; x_wconf 85' lang='lat' dir='ltr'>ordinatur</span> <span class='ocrx_word' id='word_1_245' title='bbox 630 1743 674 1777; x_wconf 91' lang='lat' dir='ltr'>ad</span> <span class='ocrx_word' id='word_1_246' title='bbox 695 1743 817 1785; x_wconf 87' lang='lat' dir='ltr'>finem,</span> <span class='ocrx_word' id='word_1_247' title='bbox 839 1743 931 1776; x_wconf 88' lang='lat' dir='ltr'>sicut</span> <span class='ocrx_word' id='word_1_248' title='bbox 952 1741 1071 1785; x_wconf 84' lang='lat' dir='ltr'>forma</span> <span class='ocrx_word' id='word_1_249' title='bbox 1093 1742 1137 1776; x_wconf 91' lang='lat' dir='ltr'>ad</span> <span class='ocrx_word' id='word_1_250' title='bbox 1159 1743 1369 1777; x_wconf 88' lang='lat' dir='ltr'>materiam:</span> <span class='ocrx_word' id='word_1_251' title='bbox 1391 1743 1487 1777; x_wconf 92' lang='lat' dir='ltr'>unde</span> <span class='ocrx_word' id='word_1_252' title='bbox 1508 1742 1602 1777; x_wconf 90' lang='lat' dir='ltr'>sicut</span> <span class='ocrx_word' id='word_1_253' title='bbox 1621 1742 1774 1776; x_wconf 90' lang='lat' dir='ltr'>materia</span> <span class='ocrx_word' id='word_1_254' title='bbox 1798 1753 1873 1776; x_wconf 88' lang='lat' dir='ltr'>non</span> 
     </span>
     <span class='ocr_line' id='line_1_28' title="bbox 300 1794 1875 1843; baseline -0.001 -12"><span class='ocrx_word' id='word_1_255' title='bbox 300 1805 421 1843; x_wconf 85' lang='lat' dir='ltr'>potest</span> <span class='ocrx_word' id='word_1_256' title='bbox 450 1797 624 1843; x_wconf 82' lang='lat' dir='ltr'>consequi</span> <span class='ocrx_word' id='word_1_257' title='bbox 654 1796 822 1838; x_wconf 84' lang='lat' dir='ltr'>formam,</span> <span class='ocrx_word' id='word_1_258' title='bbox 845 1796 914 1830; x_wconf 92' lang='lat' dir='ltr'>nisi</span> <span class='ocrx_word' id='word_1_259' title='bbox 937 1796 981 1829; x_wconf 91' lang='lat' dir='ltr'>sit</span> <span class='ocrx_word' id='word_1_260' title='bbox 1009 1795 1130 1830; x_wconf 86' lang='lat' dir='ltr'>debito</span> <span class='ocrx_word' id='word_1_261' title='bbox 1159 1796 1271 1830; x_wconf 90' lang='lat' dir='ltr'>modo</span> <span class='ocrx_word' id='word_1_262' title='bbox 1294 1795 1469 1842; x_wconf 87' lang='lat' dir='ltr'>disposita</span> <span class='ocrx_word' id='word_1_263' title='bbox 1490 1795 1534 1829; x_wconf 91' lang='lat' dir='ltr'>ad</span> <span class='ocrx_word' id='word_1_264' title='bbox 1555 1795 1692 1842; x_wconf 87' lang='lat' dir='ltr'>ipsam:</span> <span class='ocrx_word' id='word_1_265' title='bbox 1714 1795 1763 1829; x_wconf 88' lang='lat' dir='ltr'>ita</span> <span class='ocrx_word' id='word_1_266' title='bbox 1783 1794 1875 1829; x_wconf 79' lang='lat' dir='ltr'>nihil</span> 
     </span>
     <span class='ocr_line' id='line_1_29' title="bbox 302 1848 1874 1896; baseline 0 -12"><span class='ocrx_word' id='word_1_267' title='bbox 302 1852 535 1896; x_wconf 78' lang='lat' dir='ltr'>consequitur</span> <span class='ocrx_word' id='word_1_268' title='bbox 553 1850 674 1891; x_wconf 86' lang='lat' dir='ltr'>finem,</span> <span class='ocrx_word' id='word_1_269' title='bbox 693 1850 761 1884; x_wconf 90' lang='lat' dir='ltr'>nisi</span> <span class='ocrx_word' id='word_1_270' title='bbox 784 1850 828 1884; x_wconf 89' lang='lat' dir='ltr'>sit</span> <span class='ocrx_word' id='word_1_271' title='bbox 847 1849 968 1883; x_wconf 87' lang='lat' dir='ltr'>debito</span> <span class='ocrx_word' id='word_1_272' title='bbox 995 1849 1108 1883; x_wconf 90' lang='lat' dir='ltr'>modo</span> <span class='ocrx_word' id='word_1_273' title='bbox 1139 1849 1346 1883; x_wconf 90' lang='lat' dir='ltr'>ordinatum</span> <span class='ocrx_word' id='word_1_274' title='bbox 1369 1849 1570 1895; x_wconf 70' lang='lat' dir='ltr'>ad&#39;ipsum3</span> <span class='ocrx_word' id='word_1_275' title='bbox 1593 1857 1629 1883; x_wconf 92' lang='lat' dir='ltr'>et</span> <span class='ocrx_word' id='word_1_276' title='bbox 1648 1849 1732 1883; x_wconf 92' lang='lat' dir='ltr'>ideo</span> <span class='ocrx_word' id='word_1_277' title='bbox 1753 1848 1874 1884; x_wconf 87' lang='lat' dir='ltr'>nullus</span> 
     </span>
     <span class='ocr_line' id='line_1_30' title="bbox 301 1902 1874 1950; baseline -0.001 -13"><span class='ocrx_word' id='word_1_278' title='bbox 301 1911 420 1950; x_wconf 85' lang='lat' dir='ltr'>potest</span> <span class='ocrx_word' id='word_1_279' title='bbox 441 1904 484 1937; x_wconf 82' lang='lat' dir='ltr'>ad</span> <span class='ocrx_word' id='word_1_280' title='bbox 502 1903 764 1937; x_wconf 78' lang='lat' dir='ltr'>beatitudinem</span> <span class='ocrx_word' id='word_1_281' title='bbox 786 1903 985 1949; x_wconf 75' lang='lat' dir='ltr'>pervenire,</span> <span class='ocrx_word' id='word_1_282' title='bbox 1006 1903 1076 1937; x_wconf 91' lang='lat' dir='ltr'>nisi</span> <span class='ocrx_word' id='word_1_283' title='bbox 1101 1903 1234 1936; x_wconf 87' lang='lat' dir='ltr'>habeat</span> <span class='ocrx_word' id='word_1_284' title='bbox 1254 1903 1509 1937; x_wconf 88' lang='lat' dir='ltr'>rectitudinem</span> <span class='ocrx_word' id='word_1_285' title='bbox 1541 1902 1750 1937; x_wconf 89' lang='lat' dir='ltr'>voluntatis.</span> <span class='ocrx_word' id='word_1_286' title='bbox 1785 1902 1874 1937; x_wconf 80' lang='lat' dir='ltr'>Con-</span> 
     </span>
     <span class='ocr_line' id='line_1_31' title="bbox 301 1955 1876 2002; baseline -0.001 -11"><span class='ocrx_word' id='word_1_287' title='bbox 301 1958 495 1991; x_wconf 55' lang='lat' dir='ltr'>comittmtar</span> <span class='ocrx_word' id='word_1_288' title='bbox 517 1965 650 1998; x_wconf 86' lang='lat' dir='ltr'>autem,</span> <span class='ocrx_word' id='word_1_289' title='bbox 682 1957 777 2002; x_wconf 87' lang='lat' dir='ltr'>quia,</span> <span class='ocrx_word' id='word_1_290' title='bbox 792 1956 885 1990; x_wconf 91' lang='lat' dir='ltr'>sicut</span> <span class='ocrx_word' id='word_1_291' title='bbox 895 1956 1034 1990; x_wconf 89' lang='lat' dir='ltr'>dictum</span> <span class='ocrx_word' id='word_1_292' title='bbox 1056 1964 1111 1990; x_wconf 90' lang='lat' dir='ltr'>est</span> <span class='ocrx_word' id='word_1_293' title='bbox 1125 1956 1171 2002; x_wconf 84' lang='lat' dir='ltr'>(q.</span> <span class='ocrx_word' id='word_1_294' title='bbox 1186 1968 1214 2002; x_wconf 80' lang='lat'>3.</span> <span class='ocrx_word' id='word_1_295' title='bbox 1237 1961 1300 1990; x_wconf 85' lang='lat' dir='ltr'>art.</span> <span class='ocrx_word' id='word_1_296' title='bbox 1319 1956 1381 2000; x_wconf 75' lang='grc'><strong><em>8.),</em></strong></span> <span class='ocrx_word' id='word_1_297' title='bbox 1404 1956 1590 1990; x_wconf 90' lang='lat' dir='ltr'>beatitudo</span> <span class='ocrx_word' id='word_1_298' title='bbox 1611 1955 1740 1990; x_wconf 88' lang='lat' dir='ltr'>ultima</span> <span class='ocrx_word' id='word_1_299' title='bbox 1761 1955 1876 1990; x_wconf 90' lang='lat' dir='ltr'>consi-</span> 
     </span>
     <span class='ocr_line' id='line_1_32' title="bbox 302 2008 1874 2056; baseline 0.001 -13"><span class='ocrx_word' id='word_1_300' title='bbox 302 2010 361 2044; x_wconf 85' lang='lat' dir='ltr'>stit</span> <span class='ocrx_word' id='word_1_301' title='bbox 377 2010 413 2043; x_wconf 87' lang='lat' dir='ltr'>in</span> <span class='ocrx_word' id='word_1_302' title='bbox 435 2010 575 2044; x_wconf 76' lang='lat' dir='ltr'>visione</span> <span class='ocrx_word' id='word_1_303' title='bbox 591 2010 732 2043; x_wconf 82' lang='lat' dir='ltr'>divinae</span> <span class='ocrx_word' id='word_1_304' title='bbox 747 2010 935 2051; x_wconf 85' lang='lat' dir='ltr'>essentiae,</span> <span class='ocrx_word' id='word_1_305' title='bbox 951 2021 1042 2055; x_wconf 86' lang='lat' dir='ltr'>quae</span> <span class='ocrx_word' id='word_1_306' title='bbox 1059 2016 1111 2043; x_wconf 90' lang='lat' dir='ltr'>est</span> <span class='ocrx_word' id='word_1_307' title='bbox 1125 2009 1202 2056; x_wconf 91' lang='lat' dir='ltr'>ipsa</span> <span class='ocrx_word' id='word_1_308' title='bbox 1217 2009 1349 2043; x_wconf 88' lang='lat' dir='ltr'>essenti</span> <span class='ocrx_word' id='word_1_309' title='bbox 1364 2021 1384 2043; x_wconf 92' lang='lat' dir='ltr'>a</span> <span class='ocrx_word' id='word_1_310' title='bbox 1397 2009 1579 2043; x_wconf 88' lang='lat' dir='ltr'>bonitatis:</span> <span class='ocrx_word' id='word_1_311' title='bbox 1595 2016 1629 2043; x_wconf 91' lang='lat' dir='ltr'>et</span> <span class='ocrx_word' id='word_1_312' title='bbox 1642 2009 1692 2044; x_wconf 89' lang='lat' dir='ltr'>ita</span> <span class='ocrx_word' id='word_1_313' title='bbox 1704 2008 1874 2044; x_wconf 89' lang='lat' dir='ltr'>voluntas</span> 
     </span>
     <span class='ocr_line' id='line_1_33' title="bbox 301 2062 1872 2108; baseline 0 -12"><span class='ocrx_word' id='word_1_314' title='bbox 301 2063 455 2096; x_wconf 77' lang='lat' dir='ltr'>videntis</span> <span class='ocrx_word' id='word_1_315' title='bbox 469 2063 540 2097; x_wconf 92' lang='lat' dir='ltr'>Dei</span> <span class='ocrx_word' id='word_1_316' title='bbox 554 2063 749 2096; x_wconf 88' lang='lat' dir='ltr'>essentiam</span> <span class='ocrx_word' id='word_1_317' title='bbox 759 2074 801 2096; x_wconf 75' lang='lat' dir='ltr'>ex</span> <span class='ocrx_word' id='word_1_318' title='bbox 815 2064 1029 2097; x_wconf 83' lang='lat' dir='ltr'>necessitate</span> <span class='ocrx_word' id='word_1_319' title='bbox 1046 2071 1144 2096; x_wconf 89' lang='lat' dir='ltr'>amat</span> <span class='ocrx_word' id='word_1_320' title='bbox 1158 2062 1330 2108; x_wconf 85' lang='lat' dir='ltr'>quidquid</span> <span class='ocrx_word' id='word_1_321' title='bbox 1346 2070 1444 2096; x_wconf 85' lang='lat' dir='ltr'>amat</span> <span class='ocrx_word' id='word_1_322' title='bbox 1457 2062 1521 2096; x_wconf 89' lang='lat' dir='ltr'>sub</span> <span class='ocrx_word' id='word_1_323' title='bbox 1536 2062 1663 2097; x_wconf 91' lang='lat' dir='ltr'>ordine</span> <span class='ocrx_word' id='word_1_324' title='bbox 1674 2062 1718 2096; x_wconf 92' lang='lat' dir='ltr'>ad</span> <span class='ocrx_word' id='word_1_325' title='bbox 1731 2062 1872 2096; x_wconf 89' lang='lat' dir='ltr'>Deum:</span> 
     </span>
     <span class='ocr_line' id='line_1_34' title="bbox 303 2115 1875 2162; baseline 0.001 -13"><span class='ocrx_word' id='word_1_326' title='bbox 303 2116 395 2149; x_wconf 87' lang='lat' dir='ltr'>sicut</span> <span class='ocrx_word' id='word_1_327' title='bbox 416 2116 584 2150; x_wconf 76' lang='lat' dir='ltr'>voluntas</span> <span class='ocrx_word' id='word_1_328' title='bbox 606 2127 681 2150; x_wconf 89' lang='lat' dir='ltr'>non</span> <span class='ocrx_word' id='word_1_329' title='bbox 702 2116 856 2150; x_wconf 83' lang='lat' dir='ltr'>videntis</span> <span class='ocrx_word' id='word_1_330' title='bbox 874 2116 945 2150; x_wconf 87' lang='lat' dir='ltr'>Dei</span> <span class='ocrx_word' id='word_1_331' title='bbox 961 2116 1155 2150; x_wconf 87' lang='lat' dir='ltr'>essentiam</span> <span class='ocrx_word' id='word_1_332' title='bbox 1178 2126 1219 2149; x_wconf 82' lang='lat' dir='ltr'>ex</span> <span class='ocrx_word' id='word_1_333' title='bbox 1232 2116 1449 2150; x_wconf 88' lang='lat' dir='ltr'>necessitate</span> <span class='ocrx_word' id='word_1_334' title='bbox 1464 2123 1573 2158; x_wconf 90' lang='lat' dir='ltr'>amat,</span> <span class='ocrx_word' id='word_1_335' title='bbox 1587 2115 1761 2162; x_wconf 84' lang='lat' dir='ltr'>quidquid</span> <span class='ocrx_word' id='word_1_336' title='bbox 1777 2123 1875 2150; x_wconf 90' lang='lat' dir='ltr'>amat</span> 
     </span>
     <span class='ocr_line' id='line_1_35' title="bbox 303 2168 1875 2216; baseline 0.001 -14"><span class='ocrx_word' id='word_1_337' title='bbox 303 2170 366 2203; x_wconf 91' lang='lat' dir='ltr'>sub</span> <span class='ocrx_word' id='word_1_338' title='bbox 391 2170 579 2203; x_wconf 85' lang='lat' dir='ltr'>communi</span> <span class='ocrx_word' id='word_1_339' title='bbox 600 2169 739 2203; x_wconf 88' lang='lat' dir='ltr'>ratione</span> <span class='ocrx_word' id='word_1_340' title='bbox 761 2169 858 2211; x_wconf 89' lang='lat' dir='ltr'>boni,</span> <span class='ocrx_word' id='word_1_341' title='bbox 881 2181 991 2215; x_wconf 91' lang='lat' dir='ltr'>quam</span> <span class='ocrx_word' id='word_1_342' title='bbox 1012 2170 1132 2203; x_wconf 77' lang='lat' dir='ltr'>novit:</span> <span class='ocrx_word' id='word_1_343' title='bbox 1156 2177 1190 2203; x_wconf 92' lang='lat' dir='ltr'>et</span> <span class='ocrx_word' id='word_1_344' title='bbox 1210 2169 1281 2203; x_wconf 88' lang='lat' dir='ltr'>hoc</span> <span class='ocrx_word' id='word_1_345' title='bbox 1303 2169 1420 2215; x_wconf 89' lang='lat' dir='ltr'>ipsum</span> <span class='ocrx_word' id='word_1_346' title='bbox 1439 2176 1503 2211; x_wconf 91' lang='lat' dir='ltr'>est,</span> <span class='ocrx_word' id='word_1_347' title='bbox 1525 2169 1623 2216; x_wconf 91' lang='lat' dir='ltr'>quod</span> <span class='ocrx_word' id='word_1_348' title='bbox 1643 2168 1730 2203; x_wconf 86' lang='lat' dir='ltr'>facit</span> <span class='ocrx_word' id='word_1_349' title='bbox 1748 2168 1875 2203; x_wconf 89' lang='lat' dir='ltr'>volun-</span> 
     </span>
     <span class='ocr_line' id='line_1_36' title="bbox 302 2222 1873 2270; baseline 0.001 -14"><span class='ocrx_word' id='word_1_350' title='bbox 302 2231 415 2256; x_wconf 84' lang='lat' dir='ltr'>tatem</span> <span class='ocrx_word' id='word_1_351' title='bbox 437 2230 590 2256; x_wconf 83' lang='lat' dir='ltr'>rectam:</span> <span class='ocrx_word' id='word_1_352' title='bbox 610 2223 704 2256; x_wconf 74' lang='lat' dir='ltr'>unde</span> <span class='ocrx_word' id='word_1_353' title='bbox 723 2222 957 2257; x_wconf 86' lang='lat' dir='ltr'>manifestum</span> <span class='ocrx_word' id='word_1_354' title='bbox 973 2231 1036 2265; x_wconf 87' lang='lat' dir='ltr'>est,</span> <span class='ocrx_word' id='word_1_355' title='bbox 1051 2223 1148 2269; x_wconf 90' lang='lat' dir='ltr'>quod</span> <span class='ocrx_word' id='word_1_356' title='bbox 1166 2223 1351 2258; x_wconf 87' lang='lat' dir='ltr'>beatitudo</span> <span class='ocrx_word' id='word_1_357' title='bbox 1367 2234 1443 2257; x_wconf 87' lang='lat' dir='ltr'>non</span> <span class='ocrx_word' id='word_1_358' title='bbox 1457 2231 1578 2270; x_wconf 90' lang='lat' dir='ltr'>potest</span> <span class='ocrx_word' id='word_1_359' title='bbox 1590 2234 1668 2258; x_wconf 86' lang='lat' dir='ltr'>esse</span> <span class='ocrx_word' id='word_1_360' title='bbox 1682 2223 1759 2258; x_wconf 87' lang='lat' dir='ltr'>sine</span> <span class='ocrx_word' id='word_1_361' title='bbox 1776 2231 1873 2258; x_wconf 91' lang='lat' dir='ltr'>recta</span> 
     </span>
     <span class='ocr_line' id='line_1_37' title="bbox 302 2276 500 2310; baseline 0.005 -1"><span class='ocrx_word' id='word_1_362' title='bbox 302 2276 500 2310; x_wconf 75' lang='lat' dir='ltr'>voluntate.</span> 
     </span>
    </p>

    <p class='ocr_par' dir='ltr' id='par_1_9' title="bbox 305 2329 1874 2428">
     <span class='ocr_line' id='line_1_38' title="bbox 377 2329 1874 2378; baseline 0.002 -15"><span class='ocrx_word' id='word_1_363' title='bbox 377 2330 437 2364; x_wconf 86' lang='lat' dir='ltr'>AD</span> <span class='ocrx_word' id='word_1_364' title='bbox 453 2340 603 2364; x_wconf 69' lang='lat' dir='ltr'>PRIMUM</span> <span class='ocrx_word' id='word_1_365' title='bbox 626 2341 713 2375; x_wconf 70' lang='lat' dir='ltr'>ergo</span> <span class='ocrx_word' id='word_1_366' title='bbox 736 2329 943 2371; x_wconf 87' lang='lat' dir='ltr'>dicendum,</span> <span class='ocrx_word' id='word_1_367' title='bbox 958 2330 1054 2376; x_wconf 90' lang='lat' dir='ltr'>quod</span> <span class='ocrx_word' id='word_1_368' title='bbox 1074 2330 1302 2376; x_wconf 83' lang='lat' dir='ltr'>Augustinus</span> <span class='ocrx_word' id='word_1_369' title='bbox 1322 2330 1492 2378; x_wconf 85' lang='lat' dir='ltr'>loquitur,</span> <span class='ocrx_word' id='word_1_370' title='bbox 1506 2331 1550 2366; x_wconf 90' lang='lat' dir='ltr'>de</span> <span class='ocrx_word' id='word_1_371' title='bbox 1564 2331 1775 2378; x_wconf 87' lang='lat' dir='ltr'>cognitione</span> <span class='ocrx_word' id='word_1_372' title='bbox 1787 2333 1874 2374; x_wconf 87' lang='lat' dir='ltr'>veri,</span> 
     </span>
     <span class='ocr_line' id='line_1_39' title="bbox 305 2382 1046 2428; baseline 0 -12"><span class='ocrx_word' id='word_1_373' title='bbox 305 2382 401 2428; x_wconf 89' lang='lat' dir='ltr'>quod</span> <span class='ocrx_word' id='word_1_374' title='bbox 424 2394 497 2416; x_wconf 88' lang='lat' dir='ltr'>non</span> <span class='ocrx_word' id='word_1_375' title='bbox 520 2391 573 2416; x_wconf 88' lang='lat' dir='ltr'>est</span> <span class='ocrx_word' id='word_1_376' title='bbox 595 2385 668 2428; x_wconf 79' lang='lat' dir='ltr'>ipsa</span> <span class='ocrx_word' id='word_1_377' title='bbox 690 2383 843 2417; x_wconf 81' lang='lat' dir='ltr'>essentia</span> <span class='ocrx_word' id='word_1_378' title='bbox 865 2383 1046 2417; x_wconf 80' lang='lat' dir='ltr'>bonitatis.</span> 
     </span>
    </p>

    <p class='ocr_par' dir='ltr' id='par_1_10' title="bbox 303 2436 1875 2696">
     <span class='ocr_line' id='line_1_40' title="bbox 375 2436 1872 2485; baseline 0.003 -16"><span class='ocrx_word' id='word_1_379' title='bbox 375 2436 434 2470; x_wconf 77' lang='lat' dir='ltr'>AD</span> <span class='ocrx_word' id='word_1_380' title='bbox 457 2446 664 2470; x_wconf 67' lang='lat' dir='ltr'>SECUNDUM</span> <span class='ocrx_word' id='word_1_381' title='bbox 684 2436 887 2478; x_wconf 76' lang='lat' dir='ltr'>dicendum,</span> <span class='ocrx_word' id='word_1_382' title='bbox 910 2436 1006 2482; x_wconf 91' lang='lat' dir='ltr'>quod</span> <span class='ocrx_word' id='word_1_383' title='bbox 1029 2438 1148 2470; x_wconf 85' lang='lat' dir='ltr'>omnis</span> <span class='ocrx_word' id='word_1_384' title='bbox 1171 2445 1270 2471; x_wconf 85' lang='lat' dir='ltr'>actus</span> <span class='ocrx_word' id='word_1_385' title='bbox 1291 2436 1488 2472; x_wconf 83' lang='lat' dir='ltr'>voluntatis</span> <span class='ocrx_word' id='word_1_386' title='bbox 1505 2438 1668 2485; x_wconf 90' lang='lat' dir='ltr'>procedit</span> <span class='ocrx_word' id='word_1_387' title='bbox 1686 2438 1728 2472; x_wconf 94' lang='lat' dir='ltr'>ab</span> <span class='ocrx_word' id='word_1_388' title='bbox 1751 2437 1872 2484; x_wconf 81' lang='lat' dir='ltr'>aliquo</span> 
     </span>
     <span class='ocr_line' id='line_1_41' title="bbox 305 2488 1872 2538; baseline 0.003 -17"><span class='ocrx_word' id='word_1_389' title='bbox 305 2496 386 2522; x_wconf 87' lang='lat' dir='ltr'>actu</span> <span class='ocrx_word' id='word_1_390' title='bbox 410 2488 630 2522; x_wconf 86' lang='lat' dir='ltr'>intellectus:</span> <span class='ocrx_word' id='word_1_391' title='bbox 656 2489 783 2534; x_wconf 83' lang='lat' dir='ltr'>aliquis</span> <span class='ocrx_word' id='word_1_392' title='bbox 804 2496 926 2522; x_wconf 85' lang='lat' dir='ltr'>tamen</span> <span class='ocrx_word' id='word_1_393' title='bbox 950 2497 1050 2523; x_wconf 81' lang='lat' dir='ltr'>actus</span> <span class='ocrx_word' id='word_1_394' title='bbox 1072 2489 1267 2524; x_wconf 75' lang='lat' dir='ltr'>voluntatis</span> <span class='ocrx_word' id='word_1_395' title='bbox 1290 2498 1342 2524; x_wconf 83' lang='lat' dir='ltr'>est</span> <span class='ocrx_word' id='word_1_396' title='bbox 1363 2491 1472 2537; x_wconf 87' lang='lat' dir='ltr'>prior,</span> <span class='ocrx_word' id='word_1_397' title='bbox 1493 2503 1603 2538; x_wconf 90' lang='lat' dir='ltr'>quam</span> <span class='ocrx_word' id='word_1_398' title='bbox 1625 2491 1754 2538; x_wconf 87' lang='lat' dir='ltr'>aliquis</span> <span class='ocrx_word' id='word_1_399' title='bbox 1772 2499 1872 2527; x_wconf 89' lang='lat' dir='ltr'>actus</span> 
     </span>
     <span class='ocr_line' id='line_1_42' title="bbox 304 2541 1875 2591; baseline 0.002 -16"><span class='ocrx_word' id='word_1_400' title='bbox 304 2541 528 2575; x_wconf 87' lang='lat' dir='ltr'>intellectus:</span> <span class='ocrx_word' id='word_1_401' title='bbox 551 2541 719 2575; x_wconf 77' lang='lat' dir='ltr'>voluntas</span> <span class='ocrx_word' id='word_1_402' title='bbox 742 2542 839 2575; x_wconf 85' lang='lat' dir='ltr'>enim</span> <span class='ocrx_word' id='word_1_403' title='bbox 861 2543 973 2576; x_wconf 86' lang='lat' dir='ltr'>tendit</span> <span class='ocrx_word' id='word_1_404' title='bbox 995 2543 1031 2576; x_wconf 90' lang='lat' dir='ltr'>in</span> <span class='ocrx_word' id='word_1_405' title='bbox 1054 2542 1200 2577; x_wconf 82' lang='lat' dir='ltr'>finalem</span> <span class='ocrx_word' id='word_1_406' title='bbox 1228 2551 1347 2578; x_wconf 81' lang='lat' dir='ltr'>actum</span> <span class='ocrx_word' id='word_1_407' title='bbox 1374 2543 1590 2587; x_wconf 87' lang='lat' dir='ltr'>intellectus,</span> <span class='ocrx_word' id='word_1_408' title='bbox 1611 2545 1673 2591; x_wconf 91' lang='lat' dir='ltr'>qui</span> <span class='ocrx_word' id='word_1_409' title='bbox 1694 2553 1748 2580; x_wconf 92' lang='lat' dir='ltr'>est</span> <span class='ocrx_word' id='word_1_410' title='bbox 1765 2544 1875 2579; x_wconf 88' lang='lat' dir='ltr'>beati-</span> 
     </span>
     <span class='ocr_line' id='line_1_43' title="bbox 303 2595 1873 2643; baseline 0.003 -15"><span class='ocrx_word' id='word_1_411' title='bbox 303 2595 410 2628; x_wconf 87' lang='lat' dir='ltr'>tudo:</span> <span class='ocrx_word' id='word_1_412' title='bbox 436 2603 469 2629; x_wconf 90' lang='lat' dir='ltr'>et</span> <span class='ocrx_word' id='word_1_413' title='bbox 490 2595 572 2629; x_wconf 88' lang='lat' dir='ltr'>ideo</span> <span class='ocrx_word' id='word_1_414' title='bbox 599 2603 695 2629; x_wconf 82' lang='lat' dir='ltr'>recta</span> <span class='ocrx_word' id='word_1_415' title='bbox 723 2595 908 2629; x_wconf 83' lang='lat' dir='ltr'>inclinatio</span> <span class='ocrx_word' id='word_1_416' title='bbox 937 2595 1132 2630; x_wconf 78' lang='lat' dir='ltr'>voluntatis</span> <span class='ocrx_word' id='word_1_417' title='bbox 1158 2597 1398 2643; x_wconf 78' lang='lat' dir='ltr'>praeexigitur</span> <span class='ocrx_word' id='word_1_418' title='bbox 1416 2597 1460 2632; x_wconf 88' lang='lat' dir='ltr'>ad</span> <span class='ocrx_word' id='word_1_419' title='bbox 1481 2597 1760 2634; x_wconf 84' lang='lat' dir='ltr'>beatitudinem:</span> <span class='ocrx_word' id='word_1_420' title='bbox 1781 2598 1873 2632; x_wconf 88' lang='lat' dir='ltr'>sicut</span> 
     </span>
     <span class='ocr_line' id='line_1_44' title="bbox 304 2649 1224 2696; baseline 0.002 -15"><span class='ocrx_word' id='word_1_421' title='bbox 304 2656 422 2681; x_wconf 89' lang='lat' dir='ltr'>rectus</span> <span class='ocrx_word' id='word_1_422' title='bbox 444 2655 565 2682; x_wconf 88' lang='lat' dir='ltr'>motus</span> <span class='ocrx_word' id='word_1_423' title='bbox 586 2649 736 2694; x_wconf 84' lang='lat' dir='ltr'>sagittae</span> <span class='ocrx_word' id='word_1_424' title='bbox 760 2649 802 2682; x_wconf 80' lang='lat' dir='ltr'>ad</span> <span class='ocrx_word' id='word_1_425' title='bbox 825 2649 1097 2695; x_wconf 81' lang='lat' dir='ltr'>percussionem</span> <span class='ocrx_word' id='word_1_426' title='bbox 1120 2650 1224 2696; x_wconf 86' lang='lat' dir='ltr'>signi.</span> 
     </span>
    </p>

    <p class='ocr_par' dir='ltr' id='par_1_11' title="bbox 273 2701 1873 2898">
     <span class='ocr_line' id='line_1_45' title="bbox 377 2701 1873 2750; baseline 0.005 -16"><span class='ocrx_word' id='word_1_427' title='bbox 377 2701 438 2735; x_wconf 72' lang='lat' dir='ltr'>AD</span> <span class='ocrx_word' id='word_1_428' title='bbox 462 2711 633 2735; x_wconf 76' lang='lat' dir='ltr'>TERTIUM</span> <span class='ocrx_word' id='word_1_429' title='bbox 652 2701 858 2743; x_wconf 87' lang='lat' dir='ltr'>dicendum,</span> <span class='ocrx_word' id='word_1_430' title='bbox 874 2702 969 2747; x_wconf 89' lang='lat' dir='ltr'>quod</span> <span class='ocrx_word' id='word_1_431' title='bbox 989 2713 1061 2736; x_wconf 87' lang='lat' dir='ltr'>non</span> <span class='ocrx_word' id='word_1_432' title='bbox 1077 2713 1199 2745; x_wconf 85' lang='lat' dir='ltr'>omne,</span> <span class='ocrx_word' id='word_1_433' title='bbox 1221 2704 1317 2750; x_wconf 90' lang='lat' dir='ltr'>quod</span> <span class='ocrx_word' id='word_1_434' title='bbox 1341 2705 1526 2740; x_wconf 88' lang='lat' dir='ltr'>ordinatur</span> <span class='ocrx_word' id='word_1_435' title='bbox 1547 2705 1590 2740; x_wconf 88' lang='lat' dir='ltr'>ad</span> <span class='ocrx_word' id='word_1_436' title='bbox 1612 2705 1735 2749; x_wconf 89' lang='lat' dir='ltr'>finem,</span> <span class='ocrx_word' id='word_1_437' title='bbox 1757 2713 1873 2740; x_wconf 89' lang='lat' dir='ltr'>cessat</span> 
     </span>
     <span class='ocr_line' id='line_1_46' title="bbox 273 2753 1872 2805; baseline 0.005 -19"><span class='ocrx_word' id='word_1_438' title='bbox 273 2772 276 2777; x_wconf 92' lang='lat'>·</span> <span class='ocrx_word' id='word_1_439' title='bbox 307 2753 521 2788; x_wconf 73' lang='lat' dir='ltr'>adveniente</span> <span class='ocrx_word' id='word_1_440' title='bbox 543 2754 634 2796; x_wconf 88' lang='lat' dir='ltr'>fine;</span> <span class='ocrx_word' id='word_1_441' title='bbox 657 2754 718 2788; x_wconf 84' lang='lat' dir='ltr'>sed</span> <span class='ocrx_word' id='word_1_442' title='bbox 745 2754 779 2788; x_wconf 91' lang='lat' dir='ltr'>id</span> <span class='ocrx_word' id='word_1_443' title='bbox 802 2762 954 2797; x_wconf 82' lang='lat' dir='ltr'>tantum,</span> <span class='ocrx_word' id='word_1_444' title='bbox 981 2756 1077 2801; x_wconf 89' lang='lat' dir='ltr'>quod</span> <span class='ocrx_word' id='word_1_445' title='bbox 1100 2767 1136 2790; x_wconf 89' lang='lat' dir='ltr'>se</span> <span class='ocrx_word' id='word_1_446' title='bbox 1160 2756 1268 2790; x_wconf 82' lang='lat' dir='ltr'>habet</span> <span class='ocrx_word' id='word_1_447' title='bbox 1290 2757 1324 2791; x_wconf 87' lang='lat' dir='ltr'>in</span> <span class='ocrx_word' id='word_1_448' title='bbox 1347 2759 1486 2793; x_wconf 85' lang='lat' dir='ltr'>ratione</span> <span class='ocrx_word' id='word_1_449' title='bbox 1512 2758 1808 2805; x_wconf 86' lang='lat' dir='ltr'>imperfectionis,</span> <span class='ocrx_word' id='word_1_450' title='bbox 1834 2766 1872 2793; x_wconf 91' lang='lat' dir='ltr'>ut</span> 
     </span>
     <span class='ocr_line' id='line_1_47' title="bbox 306 2808 1871 2860; baseline 0.005 -20"><span class='ocrx_word' id='word_1_451' title='bbox 306 2814 443 2841; x_wconf 85' lang='lat' dir='ltr'>motus:</span> <span class='ocrx_word' id='word_1_452' title='bbox 469 2808 562 2842; x_wconf 84' lang='lat' dir='ltr'>unde</span> <span class='ocrx_word' id='word_1_453' title='bbox 585 2808 820 2842; x_wconf 78' lang='lat' dir='ltr'>instrumenta</span> <span class='ocrx_word' id='word_1_454' title='bbox 837 2817 957 2843; x_wconf 84' lang='lat' dir='ltr'>motus</span> <span class='ocrx_word' id='word_1_455' title='bbox 973 2820 1044 2843; x_wconf 88' lang='lat' dir='ltr'>non</span> <span class='ocrx_word' id='word_1_456' title='bbox 1060 2818 1142 2843; x_wconf 85' lang='lat' dir='ltr'>sunt</span> <span class='ocrx_word' id='word_1_457' title='bbox 1156 2811 1372 2853; x_wconf 80' lang='lat' dir='ltr'>necessaria,</span> <span class='ocrx_word' id='word_1_458' title='bbox 1394 2820 1587 2859; x_wconf 87' lang='lat' dir='ltr'>postquam</span> <span class='ocrx_word' id='word_1_459' title='bbox 1608 2813 1813 2860; x_wconf 79' lang='lat' dir='ltr'>pervenitur</span> <span class='ocrx_word' id='word_1_460' title='bbox 1827 2813 1871 2848; x_wconf 88' lang='lat' dir='ltr'>ad</span> 
     </span>
     <span class='ocr_line' id='line_1_48' title="bbox 306 2859 1323 2898; baseline 0.005 -5"><span class='ocrx_word' id='word_1_461' title='bbox 306 2859 432 2894; x_wconf 79' lang='lat' dir='ltr'>finem:</span> <span class='ocrx_word' id='word_1_462' title='bbox 457 2861 519 2895; x_wconf 83' lang='lat' dir='ltr'>sed</span> <span class='ocrx_word' id='word_1_463' title='bbox 542 2861 680 2895; x_wconf 70' lang='lat' dir='ltr'>debitus</span> <span class='ocrx_word' id='word_1_464' title='bbox 702 2861 793 2895; x_wconf 90' lang='lat' dir='ltr'>ordo</span> <span class='ocrx_word' id='word_1_465' title='bbox 817 2862 859 2895; x_wconf 82' lang='lat' dir='ltr'>ad</span> <span class='ocrx_word' id='word_1_466' title='bbox 882 2862 991 2896; x_wconf 87' lang='lat' dir='ltr'>finem</span> <span class='ocrx_word' id='word_1_467' title='bbox 1014 2870 1066 2897; x_wconf 88' lang='lat' dir='ltr'>est</span> <span class='ocrx_word' id='word_1_468' title='bbox 1087 2864 1323 2898; x_wconf 82' lang='lat' dir='ltr'>necessarius.</span> 
     </span>
    </p>
   </div>
  </div>
 </body>
</html>
