1907 3198
0 273 12 474 1*

513 181 738 219 Qufflsrto
770 180 892 212 cxm.
925 180 1174 212 manemus
1205 180 1281 211 vu.
1559 169 1666 225 869

646 350 993 396 ARTICULUS
1026 350 1128 394 VII.
1596 360 1665 397 606

123 458 279 493 υτιυκ
305 458 610 503 Jusr11=1mrio
643 459 750 489 uum
783 459 883 489 mn
916 459 960 489 1x
993 459 1218 499 insum,
1247 457 1331 488 vm.
1363 457 1638 488 seccesswe.

274 546 380 594 (Insr.
401 552 467 582 art.
487 545 521 582 8.
541 550 572 581 cl
590 557 624 591 4.
646 546 736 581 Dist.
751 557 780 592 5.
799 558 830 593 q.
852 558 883 582 2.
905 552 970 582 art.
991 559 1023 582 2.
1044 551 1074 582 et
1093 547 1184 582 Dist.
1206 557 1257 594 17.
1277 558 1309 594 q.
1330 558 1358 583 ι.
1380 551 1447 582 art.
1465 558 1494 593 5.

587 604 618 635 ct
645 599 733 635 Veri.
754 611 786 646 q.
807 600 864 636 26.
886 605 951 635 art.
974 612 1005 636 2.
1027 600 1071 635 ad
1090 601 1172 646 12).

169 688 233 726 AD
253 698 448 725 mmm
465 688 517 723 sic
536 687 754 735 proceditur.
775 687 928 723 Videtur
945 689 1042 736 quod
1063 688 1271 735 justificatio
1290 689 1393 736 impii
1407 699 1482 724 non
1497 688 1559 724 fiat
1572 689 1607 723 in
1623 689 1672 724 in·

99 741 220 785 stand,
239 740 303 777 sed
323 741 549 784 successive3
569 741 666 788 quia,
687 749 726 776 ut
747 741 885 776 dictum
903 751 957 777 est
979 743 1060 787 (art.
1078 754 1107 789 3.
1130 742 1199 789 huj.
1221 744 1285 790 q.),
1308 743 1352 777 ad
1373 742 1671 788 justificationem

101 795 204 844 impii
222 795 418 843 requiritur
437 802 560 830 motus
580 794 685 830 liberi
705 795 858 830 arbitrii:
880 804 981 831 actus
1003 805 1125 831 autem
1152 796 1256 832 liberi
1282 796 1419 832 arbitrii
1444 805 1500 832 est
1525 796 1672 843 eligere,

100 848 163 897 qui
182 848 383 897 praeexigit
399 847 703 884 deliberationem
725 848 879 891 consilii,
901 858 938 884 ut
961 850 1098 884 dictum
1114 858 1167 885 est
1180 850 1228 897 (q.
1243 862 1287 897 ¹3·
1301 856 1366 885 art.
1381 851 1448 896 1.),·
1465 861 1548 884 cum
1565 850 1673 896 igitur

99 902 313 940 deliberatio
333 903 538 938 discursum
555 903 754 950 quemdam
772 903 956 950 importet,
973 905 1033 950 qui
1051 904 1323 939 successionem
1337 905 1536 951 quamdam
1550 903 1673 946 habet,

98 956 241 993 videtur
259 956 360 1004 quod
379 955 587 1003 justificatio
608 956 712 1003 impii
732 956 778 991 sit
798 957 1015 992 successiva.

171 1020 205 1047 2.
225 1009 465 1046 ΡιΑετειεΑ.
486 1009 610 1045 Motus
630 1009 733 1045 liberi
755 1010 890 1045 arbitrii
907 1021 982 1045 non
996 1019 1051 1046 est
1064 1011 1199 1058 absque
1213 1010 1347 1046 actuali
1360 1010 1672 1046 consideratione:

100 1063 166 1100 sed
183 1062 411 1112 impossibile
429 1071 484 1098 est
502 1063 611 1098 simul
633 1063 748 1098 multa
769 1063 971 1110 intelligere
992 1064 1027 1099 in
1050 1072 1145 1106 actu,
1164 1073 1202 1099 ut
1222 1065 1258 1099 in
1282 1075 1310 1099 1.
1332 1064 1471 1099 dictum
1494 1073 1548 1100 est
1561 1065 1610 1111 (q.
1624 1065 1674 1110 85.

99 1122 167 1154 art.
186 1117 262 1163 4.),·
283 1127 370 1153 cum
389 1116 501 1163 igitur
521 1117 566 1152 ad
586 1115 882 1163 justificationem
909 1118 1011 1164 impii
1036 1118 1238 1165 requiratur
1263 1127 1385 1153 motus
1411 1118 1514 1153 liberi
1540 1117 1673 1153 arbitrii

100 1171 141 1207 in
159 1170 316 1214 diversa,
334 1169 475 1207 scilicet
494 1170 531 1205 in
551 1170 686 1213 Deum,
707 1179 744 1206 et
763 1171 800 1205 in
822 1180 1027 1218 peccatum,
1048 1171 1191 1206 videtur
1212 1171 1310 1219 quod
1335 1171 1544 1218 justificatio
1570 1171 1674 1219 impii

101 1235 178 1261 non
197 1224 313 1272 possit
333 1235 412 1259 esse
433 1223 470 1258 in
491 1224 648 1259 instanti.

176 1289 208 1326 3.
228 1277 468 1314 Puerum.
489 1277 635 1320 Forma,
656 1289 750 1325 quae
771 1278 920 1325 suscipit
941 1280 1047 1325 magis
1067 1287 1104 1314 et
1123 1280 1244 1322 minus,
1271 1279 1478 1314 successive
1505 1279 1675 1326 recipitur

103 1331 143 1368 in
162 1331 339 1378 subjecto,
359 1331 453 1367 sicut
472 1339 571 1378 patet
591 1331 636 1366 de
658 1331 836 1374 albedine,
857 1340 893 1367 et
913 1332 1122 1379 nigredine:
1150 1333 1212 1368 sed
1239 1333 1354 1379 gratia
1380 1333 1530 1380 suscipit
1557 1334 1674 1379 magis,

103 1393 141 1422 et
158 1386 281 1429 minus,
303 1393 343 1421 ut
362 1395 471 1433 supra
489 1385 628 1420 dictum
649 1394 704 1420 est
724 1386 772 1432 (q.
795 1397 864 1421 112.
891 1391 956 1421 art.
983 1387 1054 1430 4.),·
1082 1397 1170 1433 ergo
1197 1398 1270 1421 non
1297 1389 1467 1434 recipitur
1493 1387 1612 1422 subito
1638 1387 1674 1421 in

102 1437 288 1485 subject03
308 1449 394 1474 cum
415 1439 524 1484 igitur
549 1438 593 1472 ad
614 1437 910 1484 justificationem
937 1439 1039 1486 impii
1066 1440 1269 1486 requiratur
1294 1441 1431 1488 gratiae
1457 1440 1602 1482 infusio,
1628 1441 1676 1475 vi·

103 1491 208 1528 denir
223 1492 322 1539 quod
341 1490 551 1538 justificatio
567 1492 669 1539 impii
690 1503 764 1527 non
783 1493 896 1540 possit
917 1504 996 1528 esse
1017 1493 1054 1527 in
1076 1494 1232 1528 instanti.

170 1555 207 1590 4.
226 1544 466 1582 Puram.
487 1545 612 1580 Motus
632 1545 734 1580 liberi
754 1546 902 1588 arbitrii,
916 1547 978 1593 qui
994 1547 1037 1581 ad
1052 1547 1350 1593 justificationem
1365 1548 1465 1596 impii
1480 1548 1675 1590 concurrit,

101 1606 160 1636 “t
182 1598 408 1642 meritorius;
429 1606 465 1634 et
484 1598 535 1634 ita
555 1607 711 1646 oportet,
732 1599 830 1646 quod
852 1600 1027 1646 procedat
1047 1612 1068 1635 a
1097 1601 1224 1647 gratia,
1247 1601 1324 1636 sine
1354 1613 1425 1648 qua
1450 1602 1592 1636 nullum
1623 1610 1676 1637 est

103 1652 289 1696 meritum,
309 1660 350 1688 ut
367 1652 462 1688 infra
479 1653 619 1688 dicetur
639 1653 688 1700 (q.
706 1665 776 1698 114.
798 1659 864 1688 are.
886 1656 956 1699 2.).·
979 1654 1042 1689 sed
1063 1654 1162 1701 prius
1185 1663 1238 1689 est
1259 1654 1394 1702 aliquid
1417 1658 1591 1703 consequi
1608 1655 1677 1691 for-

103 1716 218 1750 mam,
237 1716 350 1754 quam
370 1706 570 1742 secundum
585 1705 742 1741 formam
758 1707 920 1754 operari;
935 1718 1024 1753 ergo
1038 1708 1135 1755 prius
1149 1707 1348 1743 infunditur
1361 1709 1488 1755 gratia,
1502 1718 1537 1744 et
1551 1718 1677 1756 poste-1

103 1758 261 1795 liberum
282 1759 469 1795 arbitrium
490 1768 660 1794 movetur
681 1760 717 1794 in
738 1759 872 1802 Deum,
891 1769 926 1795 et
947 1760 982 1794 in
1005 1760 1283 1796 detestationem
1305 1763 1465 1808 peccati3
1491 1774 1565 1798 non
1588 1774 1677 1810 ergo

103 1811 314 1861 justificatio
334 1820 390 1849 ent
408 1820 486 1849 tota
507 1812 627 1848 simul.

182 1877 213 1913 5.
233 1865 474 1903 ΡιΑετειεΛ.
497 1866 537 1901 Si
557 1868 673 1913 gratia
694 1866 902 1902 infundatur
924 1867 1080 1910 animae,
1101 1877 1245 1914 oportet
1262 1868 1348 1904 dare
1367 1869 1513 1916 aliquod
1529 1870 1677 1912 instans,

106 1919 145 1956 in
168 1930 246 1968 quo
271 1919 391 1968 primo
417 1921 562 1955 animae
588 1920 690 1955 insit:
716 1920 892 1961 similiter,
920 1923 948 1957 si
975 1921 1080 1970 culpa
1105 1922 1311 1965 remittitur,
1337 1931 1481 1970 oportet
1507 1922 1676 1958 ultimum

105 1973 245 2010 instans
264 1973 364 2016 dare,
383 1973 420 2009 in
441 1984 516 2021 quo
536 1973 653 2008 homo
680 1973 808 2021 culpae
835 1975 1036 2021 subjaceat:
1063 1975 1127 2010 sed
1153 1987 1227 2010 non
1255 1985 1374 2023 potest
1400 1988 1478 2011 esse
1506 1977 1602 2011 idem
1629 1977 1679 2011 in·

106 2034 228 2071 ως
247 2027 333 2075 quia
353 2028 405 2062 sic
423 2028 591 2075 opposita
609 2027 717 2062 simul
736 2028 895 2063 inessent
909 2029 1046 2071 eidem;
1061 2040 1149 2076 ergo
1169 2039 1313 2076 oportet
1327 2042 1404 2065 esse
1419 2030 1492 2065 duo
1508 2030 1677 2065 instantia

105 2080 529 2124 &succedentiainter
538 2092 643 2128 quae,
652 2081 852 2116 secundum
862 2081 1132 2129 Philosophum
1147 2083 1182 2117 in
1193 2081 1225 2118 6.
1237 2083 1348 2131 Phys.
1362 2085 1441 2129 (tex.
1455 2095 1485 2120 2.
1483 2088 1518 2129 ),
1533 2093 1678 2131 oportet

106 2144 187 2171 esse
205 2141 350 2182 tempus
370 2133 554 2177 medium;
573 2145 648 2169 non
670 2145 760 2181 ergo
781 2135 988 2180 justificatio
1007 2135 1046 2171 fit
1065 2145 1143 2171 tota
1164 2136 1284 2179 simul,
1306 2137 1368 2172 sed
1392 2138 1608 2172 successive.

177 2186 256 2224 Su)
275 2197 434 2224 coum
454 2195 521 2230 ατ,
551 2188 649 2235 quod
670 2188 877 2234 justificatio
907 2189 1009 2237 impii
1035 2189 1075 2225 fit
1099 2201 1163 2237 per
1188 2191 1344 2238 gratiam
1370 2191 1524 2238 Spiritus
1553 2191 1678 2227 Sancti

102 2238 353 2288 justificantis:
366 2240 430 2276 sed
443 2240 598 2288 Spiritus
610 2241 765 2277 Sanctus
779 2242 897 2278 subito
905 2243 1053 2279 advenit
1065 2244 1246 2280 mentibus
1259 2245 1465 2288 hominum,
1474 2246 1677 2281 secundum

107 2292 199 2330 iilud
218 2293 303 2330 Act.
323 2303 356 2331 2.
368 2307 380 2331 ε
398 2295 525 2331 Factus
540 2300 587 2331 est
607 2301 735 2342 repente
754 2295 791 2331 dc
809 2296 896 2332 coelo
916 2309 1013 2332 sonus
1033 2302 1205 2345 tamquam
1225 2299 1428 2335 advenientis
1439 2301 1576 2347 spiritus
1589 2300 1681 2335 vehe-

107 2348 245 2384 mentis:
264 2347 327 2384 ubi
347 2348 434 2384 dicit
455 2347 577 2384 Gloss.
600 2349 725 2393 finterl.
744 2349 809 2392 hic,
830 2355 861 2385 et
880 2356 925 2386 cst
946 2351 1102 2386 Ambros.
1122 2359 1195 2400 sup.
1224 2352 1306 2387 illud
1333 2353 1414 2388 Luc.
1442 2365 1469 2388 1.
1482 2366 1493 2388 :
1520 2354 1618 2389 Abiit
1643 2355 1678 2388 in

107 2402 300 2448 mma),
313 2401 413 2449 quod
430 2402 547 2437 nescit
557 2402 659 2437 tarda
680 2402 870 2438 molimina
893 2403 1047 2451 Spiritus
1068 2404 1194 2441 Sancti
1215 2407 1453 2453 gratia;ergo
1468 2407 1676 2452 justificatio

107 2452 214 2503 impii
230 2464 309 2491 non
327 2462 383 2491 est
401 2455 619 2498 successiva,
639 2456 701 2491 sed
723 2456 961 2492 instantanea.

179 2506 411 2546 111110110εο
424 2509 633 2552 dicendum,
649 2510 748 2557 quod
765 2518 841 2546 tota
859 2510 1067 2557 justificatio
1089 2512 1190 2560 impii
1212 2512 1439 2562 originaliter
1460 2513 1625 2548 consistit
1642 2513 1678 2548 in

108 2560 249 2608 gratiae
266 2560 468 2598 infusione:
489 2574 554 2610 per
573 2574 656 2598 eam
678 2563 776 2598 enirn
797 2572 833 2599 et
853 2563 1007 2600 liberum
1029 2566 1215 2600 arbitrium
1239 2574 1418 2608 movetur,
1440 2575 1475 2601 et
1502 2566 1608 2614 culpa
1630 2578 1681 2602 re-

109 2613 281 2652 mittitur:
299 2615 438 2663 gratiae
459 2624 580 2651 autem
603 2615 735 2652 infusio
753 2616 792 2652 fit
817 2617 853 2652 in
871 2619 1017 2653 instanti
1037 2619 1172 2666 absque
1193 2621 1446 2661 successione;
1463 2621 1565 2665 cujus
1588 2620 1680 2655 ratio

109 2675 176 2711 est,
187 2667 384 2717 quiaquod
401 2668 522 2717 aliqua
535 2668 653 2704 forma
669 2681 744 2705 non
758 2670 878 2706 subito
899 2671 1129 2719 imprimatur
1147 2672 1322 2718 subjecto,
1338 2673 1517 2719 contingit
1534 2685 1578 2708 ex
1595 2673 1682 2716 hoc,

108 2720 210 2769 quod
227 2721 432 2770 subjectum
452 2733 527 2758 non
549 2731 604 2758 est
624 2723 852 2770 dispositum,
873 2734 908 2760 et
929 2736 1041 2772 agens
1062 2726 1202 2771 indiget
1222 2734 1386 2773 tempore
1409 2726 1453 2761 ad
1477 2727 1561 2769 hoc,
1582 2726 1681 2774 quod

109 2773 314 2822 subjectum
331 2775 520 2823 disponat;
540 2784 575 2811 et
589 2776 673 2811 ideo
693 2777 871 2820 videmus,
885 2778 983 2825 quod
1004 2779 1125 2814 statim
1148 2789 1233 2814 cum
1256 2780 1407 2815 materia
1431 2788 1485 2815 est
1506 2780 1681 2827 disposita

110 2838 174 2876 pet
195 2823 450 2865 strationem
475 2829 767 2877 praecedentem,
795 2829 915 2866 forma
941 2827 1186 2867 substantialis
1216 2833 1412 2880 acquiritur
1433 2834 1624 2869 materiae:
1647 2842 1682 2869 et

110 2880 240 2918 eudem
260 2881 402 2918 ratione
423 2883 508 2930 quia
527 2883 751 2930 diaphanum
773 2892 827 2920 est
847 2885 1049 2920 secundum
1076 2896 1114 2921 se
1141 2885 1356 2934 dispositum
1385 2887 1428 2921 ad
1451 2886 1575 2922 lumen
1597 2887 1682 2922 rcci-

255 2961 286 2992 8.
305 2962 429 2991 Tuom
449 2963 555 2991 Son-o
580 2964 742 3002 Thaletica.
762 2965 828 2994 vol.
850 2966 887 2994 11.
1507 2970 1540 3003 56
