1907 3198
0 178 17 206 ‘¹
539 193 763 230 QUAESTIO
797 193 898 223 xcv.
932 191 1181 222 Aimcutus
1214 191 1242 221 1.
1589 180 1673 234 677

0 269 19 378 ἱ
94 277 295 319 innocentia,
317 281 348 312 ct
368 277 403 310 in
425 276 501 322 ipsis
527 275 689 322 improbis
706 274 897 321 formidato
923 273 1087 321 supplicio
1113 272 1320 319 refraenatur
1346 271 1484 306 nocendi
1502 272 1676 318 sactsllas:

93 329 158 367 sed
186 329 280 365 haec
312 337 396 365 sunt
423 328 632 364 necessaria
659 327 818 362 maxime
849 327 1014 362 humano
1041 326 1186 373 generi3
1213 336 1302 372 ergo
1328 325 1577 360 necessarium
1607 324 1674 360 fuit

93 393 232 433 ponere
249 381 350 430 leges
375 382 569 416 humanas.

165 436 399 472 RESPoxm-:o
433 435 642 477 dicendum,
678 434 788 482 quod,
816 434 909 470 sicut
936 446 979 470 ex
1006 433 1221 481 supradictis
1247 441 1347 480 patet
1374 433 1420 479 (q.
1448 433 1498 480 63.
1526 438 1590 467 art.
1617 435 1674 477 1.),

93 490 238 527 homini
256 488 468 524 naturaliter
490 489 583 524 inest
603 489 785 536 quaedam
807 488 971 535 aptitudo
993 488 1037 523 ad
1059 488 1251 522 virtutem:
1273 487 1337 522 sed
1355 487 1432 533 ipsa
1446 487 1585 521 virtutis
1602 497 1677 533 per-

92 541 204 580 fectio
224 553 375 578 necesse
396 551 450 577 est
467 543 566 589 quod
583 542 728 577 homini
742 542 911 576 adveniat
924 553 987 587 per
1005 541 1166 588 aliquam
1185 540 1438 586 disciplinam:
1454 540 1546 575 sicut
1565 540 1675 574 etiam

92 596 273 640 videmus,
293 596 392 644 quod
415 607 479 643 per
500 595 660 642 aliquam
683 595 898 630 industriam
920 595 1131 630 subvenitur
1152 594 1298 629 homini
1320 594 1355 628 in
1383 594 1456 628 suis
1483 593 1678 628 necessita-

92 650 200 693 tibus,
220 658 307 698 puta
327 649 365 684 in
387 649 482 691 cibo,
504 657 538 684 et
560 649 703 691 vestitu,
725 659 882 696 quorum
902 649 1002 683 initia
1025 648 1207 695 quaedam
1222 648 1332 682 habet
1346 659 1366 682 a
1380 656 1520 689 natura,
1535 647 1675 682 scilicet

93 704 287 746 rationem,
304 711 340 738 et
353 713 496 745 manus,
510 713 585 737 non
601 711 723 737 autem
741 702 862 748 ipsum
877 702 1206 749 complementum,
1225 702 1318 736 sicut
1332 709 1475 736 caetera
1491 700 1676 742 animalia,

92 756 223 805 quibus
242 764 372 792 natura
391 755 492 791 dedit
511 754 733 790 sufficienter
753 763 1022 801 tegumentum,
1048 763 1083 790 et
1110 755 1251 790 cibum:
1279 755 1324 789 ad
1350 755 1445 789 hanc
1473 763 1596 789 autem
1624 753 1676 788 di·

92 809 288 858 sciplinam
306 821 383 845 non
404 809 450 844 de
470 808 570 844 facili
589 809 772 844 invenitur
790 809 906 844 homo
928 809 995 844 sibi
1016 808 1217 844 sufficiens:
1239 809 1323 856 quia
1346 807 1522 855 perfectio
1535 808 1677 842 virtutis

91 863 288 913 praecipue
308 863 475 898 consistit
494 863 530 898 in
556 863 778 898 retrahendo
804 863 997 899 hominem
1025 863 1068 897 ab
1096 863 1264 898 indebitis
1290 862 1606 904 delectationibus,
1632 862 1676 896 ad

93 928 184 966 quas
204 916 399 965 praecipue
419 916 592 952 homines
613 925 696 951 sunt
714 918 832 964 proni,
854 924 890 952 et
912 917 1072 952 maxime
1094 917 1256 962 juvenes,
1283 917 1379 950 circa
1406 927 1498 963 quos
1525 924 1579 950 est
1606 914 1678 951 effi-

93 971 218 1007 cacior
237 969 450 1018 disciplina:
472 979 508 1006 et
527 970 611 1005 ideo
633 978 790 1017 oportet,
808 970 906 1017 quod
929 970 1143 1016 hujusmodi
1164 969 1408 1017 disciplinam,
1426 981 1491 1017 per
1503 981 1616 1016 quam
1631 969 1676 1003 ad

91 1025 265 1061 virtutem
285 1024 506 1072 pervenitur,
524 1023 695 1058 homines
718 1024 760 1058 ab
784 1023 856 1058 alio
875 1024 1084 1059 sortiantur.
1107 1023 1151 1058 Et
1172 1024 1320 1070 quidem
1338 1031 1515 1070 quantum
1534 1024 1578 1058 ad
1594 1022 1677 1058 illos

91 1079 255 1127 juvenes,
274 1077 339 1125 qui
358 1085 443 1113 sunt
463 1079 568 1124 proni
591 1077 635 1112 ad
658 1085 759 1112 actus
780 1079 955 1112 virtutum
977 1089 1020 1113 ex
1041 1078 1138 1112 bona
1161 1077 1401 1124 dispositione
1427 1085 1591 1119 naturae,
1617 1076 1677 1111 vel

93 1131 372 1174 consuetudine,
392 1131 452 1166 vel
474 1131 593 1191 magis
614 1131 738 1166 divino
761 1142 924 1173 munere,
946 1130 1079 1166 sufficit
1100 1131 1291 1178 disciplina
1316 1139 1479 1191 paterna,
1506 1141 1600 1177 quae
1624 1138 1678 1165 est

92 1196 159 1233 per
178 1185 421 1221 monitiones·
441 1184 506 1220 sed
529 1184 614 1246 quia
636 1184 872 1219 inveniuntur
892 1185 1042 1231 quidam
1063 1185 1277 1231 protervi,e
1258 1193 1293 1219 et
1315 1184 1359 1218 ad
1377 1184 1464 1218 vitia
1483 1184 1602 1230 proni,
1615 1185 1677 1230 qui

92 1239 212 1276 verbis
232 1239 279 1275 de
299 1238 399 1274 facili
416 1238 558 1274 moveri
579 1249 654 1273 non
676 1247 840 1285 possunt,
861 1239 1110 1273 necessarium
1131 1237 1199 1273 fuit
1219 1238 1318 1285 quod
1341 1249 1405 1285 per
1425 1239 1513 1280 vim,
1532 1237 1591 1272 vel
1605 1249 1678 1272 me-

91 1302 172 1330 tum
190 1293 446 1329 cohiberentur
459 1303 480 1327 a
497 1291 619 1335 malo3
641 1300 680 1327 ut
692 1292 823 1327 saltem
838 1293 888 1327 sic
901 1292 1120 1327 malefacere
1134 1292 1360 1334 desistentes,
1371 1300 1406 1326 et
1422 1291 1500 1326 aliis
1514 1292 1677 1338 quietam

93 1347 208 1383 vitam
227 1347 431 1388 redderent,
452 1354 489 1381 et
507 1345 577 1392 ipsi
597 1346 746 1380 tandem
768 1357 832 1392 per
854 1346 1067 1391 hujusmodi
1091 1345 1367 1380 assuetudinem
1389 1345 1432 1379 ad
1455 1345 1527 1380 hoc
1551 1346 1677 1392 perdi>

94 1407 273 1443 cerentur,
292 1399 392 1447 quod
413 1398 618 1434 voluntarie
640 1398 812 1442 facerent,
834 1411 928 1446 quae
950 1400 1048 1447 prius
1070 1408 1170 1434 metu
1192 1399 1405 1446 implebant,
1428 1407 1463 1434 et
1485 1399 1535 1434 sic
1550 1399 1679 1434 fierent

92 1453 264 1489 virtuosi:
298 1453 513 1500 hujusmodi
546 1461 668 1488 autem
697 1453 888 1500 disciplina
915 1465 1053 1500 cogens
1086 1462 1185 1489 metu
1217 1464 1359 1501 poenae
1397 1461 1452 1488 est
1486 1453 1678 1500 disciplina

92 1506 235 1555 legum3
256 1506 353 1542 unde
369 1508 620 1542 necessarium
641 1506 708 1542 fuit
729 1507 773 1542 ad
796 1518 926 1554 pacem
947 1507 1158 1550 hominum,
1180 1516 1216 1542 et
1236 1508 1421 1549 virtutem,
1448 1507 1547 1554 quod
1574 1507 1676 1554 leges

18 1560 34 1615 ᾗ
91 1568 334 1609 ponerentur:
354 1562 452 1608 quia,
472 1561 566 1596 sicut
583 1560 800 1608 Philosoph.
823 1561 910 1596 dicit
930 1561 966 1595 in
998 1572 1026 1596 1.
1054 1561 1198 1596 Politic.
1228 1561 1317 1609 (cap.
1345 1573 1376 1597 2.
1405 1563 1438 1595 in
1464 1561 1556 1606 fin),
1585 1561 1678 1596 sicut

91 1613 210 1650 homo
230 1614 262 1650 si
282 1613 327 1650 sit
347 1613 527 1662 perfectus
549 1615 692 1657 virtute,
716 1622 769 1650 est
790 1615 972 1662 optimum
995 1614 1232 1657 animalium;
1255 1615 1306 1649 sic
1329 1615 1359 1650 si
1381 1615 1426 1649 sit
1448 1623 1633 1662 separatus
1657 1626 1676 1648 a

34 1686 44 1711 ς
91 1666 188 1716 lege,
209 1675 246 1704 et
264 1667 413 1715 justitia,
435 1675 489 1703 est
506 1669 707 1715 pessimum
729 1669 916 1703 omnium:
940 1669 1024 1716 quia
1046 1669 1164 1703 homo
1185 1669 1297 1703 habet
1325 1679 1428 1702 arma
1455 1668 1607 1703 rationis
1634 1668 1678 1702 ad

38 1741 44 1746 »
91 1721 325 1770 expellendas
351 1721 679 1769 concupiscentias,
701 1730 736 1757 et
757 1722 938 1764 saevitias,
960 1734 1052 1769 quae
1074 1733 1150 1756 non
1171 1722 1308 1757 habent
1335 1722 1404 1757 alia
1427 1721 1612 1756 animalia.

163 1775 225 1810 AD
250 1785 402 1811 prunum
424 1785 514 1822 ergo
536 1774 745 1818 dicendum,
767 1776 863 1822 quod
891 1775 1062 1810 homines
1091 1776 1184 1810 bene
1215 1775 1380 1822 dispositi
1414 1775 1546 1810 melius
1579 1775 1679 1810 indu·

89 1837 221 1865 cuntur
239 1829 285 1864 ad
306 1829 479 1864 virtutem
511 1829 776 1864 monitionibus
803 1829 1029 1871 voluntariis,
1056 1841 1167 1876 quam
1198 1830 1415 1872 coactione;
1438 1830 1502 1864 sed
1525 1829 1676 1876 quidam

90 1882 190 1919 male
209 1882 375 1931 dispositi
399 1893 476 1918 non
498 1882 681 1917 ducuntur
702 1883 745 1918 ad
768 1883 952 1925 virtutem,
973 1883 1042 1918 nisi
1064 1891 1256 1930 cogantur.

161 1936 224 1972 An
239 1946 450 1972 secuuntur
464 1936 674 1979 dicendum,
688 1937 798 1983 quod,
814 1937 907 1971 sicut
922 1936 1060 1971 Philos.
1078 1937 1165 1971 dicit
1197 1947 1224 1971 1.
1240 1936 1348 1971 Rhet.
1362 1937 1454 1984 (cap.
1470 1949 1498 1972 ι.
1513 1937 1676 1983 aliquant.

90 2000 114 2027 a
132 1991 280 2039 princ),
301 1989 436 2026 melius
456 1998 511 2025 est
531 1991 657 2024 omnia
683 1990 843 2025 ordinari
870 1989 964 2037 lege,
988 2001 1099 2037 quam
1121 1991 1305 2026 dimittere
1326 1991 1487 2036 judicum
1517 1991 1676 2025 arbitrio.

91 2042 139 2080 Et
156 2043 230 2079 hoc
250 2051 399 2091 propter
418 2043 504 2079 tria:
522 2045 639 2091 primo
653 2043 814 2090 quidem,
829 2044 913 2091 quia
928 2043 1070 2079 facilius
1085 2051 1139 2079 est
1152 2044 1316 2079 invenire
1331 2055 1469 2091 paucos
1483 2046 1677 2092 sapientes,

91 2097 155 2146 qni
174 2095 357 2133 sufficiant
382 2097 427 2132 ad
449 2105 568 2132 rectas
587 2096 688 2144 leges
710 2098 911 2144 ponendas,
933 2109 1044 2144 quam
1071 2098 1220 2140 multos,
1248 2098 1310 2145 qui
1336 2099 1606 2145 requirerentur
1632 2098 1675 2132 ad

90 2157 190 2187 recte
210 2150 450 2198 judicandum
467 2151 513 2186 de
539 2151 712 2197 singulis:
734 2151 884 2193 secundo,
912 2152 997 2199 quia
1019 2151 1071 2186 illi
1093 2152 1154 2199 qui
1182 2152 1282 2198 leges
1309 2160 1462 2199 ponunt,
1488 2163 1531 2187 ex
1559 2152 1676 2187 multo

90 2211 259 2252 tempore
285 2204 530 2247 considerant,
552 2205 638 2252 quid
672 2204 754 2252 lege
782 2204 974 2240 ferendum
1008 2205 1070 2241 sit:
1099 2207 1161 2241 sed
1194 2206 1328 2252 judicia
1363 2206 1407 2240 de
1434 2206 1676 2255 singularibus

90 2255 198 2294 factis
226 2257 318 2293 fiunt
336 2269 381 2294 ex
402 2258 546 2293 casibus
575 2258 695 2293 subito
721 2258 874 2293 exortis:
900 2258 1042 2294 facilius
1069 2267 1191 2294 autem
1213 2270 1256 2294 ex
1284 2259 1407 2294 multis
1438 2260 1676 2294 consideratis

88 2318 213 2360 potest
231 2311 351 2347 homo
369 2311 506 2354 videre,
525 2311 612 2359 quid
634 2319 775 2346 rectum
797 2312 852 2354 sit,
874 2323 985 2360 quam
999 2312 1120 2348 solum
1136 2324 1179 2348 ex
1195 2313 1319 2360 aliquo
1335 2324 1409 2348 uno
1424 2312 1542 2348 facto:
1565 2315 1675 2356 tertio,

91 2365 179 2413 qnia
202 2363 434 2412 legislatores
466 2365 628 2412 judicant
649 2365 685 2400 in
708 2365 916 2408 universali,
938 2375 974 2401 et
1003 2367 1048 2401 de
1077 2366 1224 2402 futuris:
1247 2367 1309 2401 sed
1337 2367 1507 2402 homines
1534 2367 1677 2412 judiciis

67 2439 69 2443 ·
91 2417 342 2466 praesidentes
361 2418 525 2465 judicant
550 2419 594 2454 de
622 2419 884 2466 praesentibus,
906 2419 950 2454 ad
972 2431 1066 2467 quae
1092 2419 1299 2455 afficiuntur
1325 2431 1463 2462 amore,
1489 2420 1547 2456 vel
1577 2420 1676 2462 odio,

92 2479 157 2508 ant
175 2471 298 2520 aliqua
319 2471 537 2520 cupiditate:
561 2480 597 2507 et
617 2472 668 2507 sic
691 2484 821 2507 eorum
848 2473 1066 2520 depravatur
1087 2474 1281 2520 judicium;
1308 2474 1392 2521 quia
1423 2485 1512 2520 ergo
1541 2474 1676 2519 justitia

92 2524 256 2562 animata
279 2525 412 2573 judicis
431 2536 506 2561 non
533 2525 717 2561 invenitur
743 2526 778 2560 in
800 2526 936 2570 multis,
964 2535 998 2562 et
1019 2527 1103 2574 quia
1126 2526 1290 2562 flexibilis
1313 2537 1378 2569 est,
1399 2527 1484 2562 ideo
1513 2538 1678 2563 necessa-

91 2577 191 2615 rium
208 2577 289 2622 fuit,
313 2579 352 2614 in
372 2579 665 2626 quibuscumque
687 2588 741 2614 est
762 2579 946 2627 possibile,
975 2580 1096 2627 legem
1128 2581 1385 2623 determinare,
1411 2581 1495 2628 quid
1518 2581 1678 2627 judican-

82 2630 183 2669 -ὰιι
207 2632 265 2676 sit,
285 2640 323 2668 et
341 2632 563 2681 paucissima
585 2633 734 2668 arbitrio
756 2633 951 2669 hominum
974 2635 1220 2670 committere.

163 2685 227 2722 An
249 2695 424 2722 mnuu
437 2685 646 2729 dicendum,
668 2687 766 2733 quod
787 2687 968 2734 quaedam
991 2687 1200 2735 singularia,
1223 2700 1316 2735 quae
1334 2699 1409 2723 non
1428 2697 1580 2736 possunt
1593 2688 1676 2736 lege

87 2738 375 2788 mprehendi,
394 2750 546 2775 necesse
567 2747 622 2774 est
643 2740 875 2776 committere
896 2741 1087 2787 judicibus,
1110 2750 1148 2777 ut
1166 2742 1301 2777 ibidem
1324 2742 1572 2789 Philosophus
1589 2742 1677 2778 dicit

94 2789 178 2839 βε.
192 2798 267 2842 ευρ.
285 2794 374 2837 cit),
395 2801 483 2842 puta
503 2793 548 2829 de
569 2804 616 2828 eo
643 2794 741 2840 quod
771 2802 826 2829 est
855 2793 992 2830 factum
1022 2806 1113 2838 esse,
1142 2795 1200 2830 vel
1229 2806 1303 2830 non
1332 2807 1431 2839 esse;
1462 2805 1496 2831 et
1523 2797 1567 2831 de
1596 2795 1676 2832 aliis

91 2842 321 2895 mnndi

87 2912 95 2934 l

6 777 24 836 ι’*-
4 652 26 747 “·ξκ
26 588 30 597 ,

257 2980 287 3010 S.
306 2980 432 3010 Tuom
452 2980 559 3009 &aaa
583 2981 747 3017 Πσοὶοιίω.
767 2983 834 3013 Vol.
855 2983 892 3013 11.
1496 2995 1531 3019 44
