1907 3182
256 161 340 216 380
693 173 913 208 QUAESTIO
948 173 1015 202 LV.
1043 172 1287 202 ARTICULUS
1321 172 1366 200 ΙΙ.

255 262 337 288 sunt
358 254 519 288 hominis
541 261 697 288 tantum:
721 262 755 288 et
776 254 857 288 ideo
879 254 989 288 virtus
1011 253 1184 295 humana,
1211 253 1253 287 de
1281 265 1349 299 qua
1375 253 1570 299 loquimur,
1597 265 1671 288 non
1697 261 1819 299 potest

254 308 431 353 pertinere
452 308 494 341 ad
511 319 661 352 corpus;
684 308 745 341 sed
760 315 900 341 tantum
916 307 959 340 ad
974 307 1020 348 id,
1037 308 1133 352 quod
1149 315 1203 340 est
1216 307 1399 352 proprium
1419 308 1560 340 animae
1574 319 1581 349 ;
1596 307 1689 341 unde
1704 307 1816 341 virtus

255 361 415 394 humana
437 372 511 394 non
534 361 706 406 importat
728 360 893 394 ordinem
913 360 956 393 ad
972 372 1044 402 esse,
1060 360 1122 394 sed
1138 360 1254 405 magis
1269 360 1312 393 ad
1328 371 1442 405 agere;
1466 368 1500 394 et
1520 360 1603 394 ideo
1618 360 1661 394 de
1676 362 1816 395 ratione

255 414 394 447 virtutis
416 414 583 447 hunanae
607 421 669 454 est,
692 413 788 459 quod
810 413 855 446 sit
875 413 1017 447 habitus
1040 413 1255 458 operativus.

324 467 383 501 AD
402 478 550 501 PR1MUM
573 478 658 512 ergo
681 466 885 507 dicendum,
912 466 1008 512 quod
1030 466 1160 500 modus
1183 466 1333 500 actionis
1355 466 1515 512 sequitur
1536 466 1811 512 dispositionem

256 521 412 565 agentis;
435 520 718 565 unumquodque
741 519 838 553 enim
861 519 966 565 quale
988 527 1051 561 est,
1078 519 1162 553 talia
1190 527 1380 565 operatur3
1408 527 1442 553 et
1467 519 1563 561 ideo,
1591 530 1674 553 cum
1702 519 1814 553 virtus

254 574 298 607 sit
318 574 533 619 principium
557 572 720 618 aliqualis
742 572 973 618 operationis,
989 580 1142 618 oportet,
1163 573 1258 618 quod
1280 573 1316 605 in
1339 581 1509 618 operante
1531 572 1745 618 praeexistat
1765 583 1816 606 se-

255 626 413 660 cundum
427 627 595 660 virtutem
614 625 732 671 aliqua
752 625 949 659 conformis
968 625 1173 671 dispositio:
1196 625 1281 659 facit
1296 634 1417 660 autem
1434 626 1546 660 virtus
1568 625 1818 672 operationem

255 680 476 721 ordinatam3
500 688 534 713 et
554 679 635 712 ideo
658 679 734 724 ipsa
756 679 866 712 virtus
887 686 940 713 est
958 679 1136 724 quaedam
1155 679 1343 724 dispositio
1366 679 1529 713 ordinata
1547 679 1583 712 in
1605 678 1746 721 anima;
1768 689 1819 712 se-

256 734 413 766 cundum
439 732 577 766 scilicet
604 732 700 777 quod
726 732 893 778 propriae
921 732 1103 776 potentiae
1131 732 1273 766 animae
1301 732 1512 766 ordinantur
1546 731 1747 778 aliqualiter
1774 732 1818 765 ad

255 786 423 827 invicem,
446 794 480 819 et
502 785 545 819 ad
567 785 614 827 id,
637 785 733 831 quod
756 793 809 818 est
831 793 948 827 extra3
976 793 1010 819 et
1031 786 1112 819 ideo
1134 785 1265 827 virtus3
1287 785 1502 831 inquantum
1524 793 1577 819 est
1598 785 1818 819 conveniens

255 839 441 885 dispositio
462 839 615 880 animae,
639 838 857 872 assimilatur
878 839 1032 880 sanitati,
1052 847 1085 872 et
1104 838 1373 883 pulchritudini,
1396 849 1487 884 quae
1509 846 1591 872 sunt
1612 838 1751 872 debitae
1774 838 1822 871 di-

254 893 470 937 spositiones
493 892 665 937 corporis,
688 891 749 926 sed
772 903 834 937 per
854 891 925 925 hoc
948 903 1023 925 non
1045 891 1256 933 excluditur,
1279 891 1364 937 quin
1382 892 1493 926 virtus
1513 892 1622 926 etiarn
1640 891 1685 926 sit
1699 902 1822 938 opera-

253 945 360 979 tionis
382 945 609 991 principium.

325 999 384 1032 AD
407 1009 613 1033 SECUNDUM
636 998 841 1040 dicendum,
870 998 966 1043 quod
989 998 1112 1040 virtus,
1141 1009 1233 1044 quae
1256 1006 1309 1032 est
1330 997 1373 1031 ad
1396 1009 1484 1040 esse,
1506 1009 1580 1032 non
1603 1006 1656 1032 est
1676 998 1821 1044 propria

254 1052 426 1094 hominis,
448 1051 509 1085 sed
532 1050 651 1085 solum
672 1051 795 1093 virtus,
818 1063 909 1097 quae
929 1059 981 1085 est
1003 1052 1046 1085 ad
1069 1063 1179 1098 opera
1198 1052 1359 1094 rationis,
1378 1062 1470 1098 quae
1492 1060 1574 1086 sunt
1594 1052 1737 1098 propria
1759 1052 1822 1085 ho-

254 1105 371 1139 minis.

325 1158 385 1192 AD
408 1168 579 1192 TERTIUM
606 1157 812 1199 dicendum,
840 1158 936 1203 quod
960 1170 1043 1192 cum
1064 1158 1135 1192 Dei
1157 1158 1355 1193 substantia
1382 1158 1427 1192 sit
1448 1159 1523 1203 ejus
1545 1158 1652 1200 actio,
1679 1169 1822 1192 summa

256 1211 466 1245 assimilatio
494 1212 654 1245 hominis
682 1212 724 1245 ad
751 1212 873 1245 Deum
904 1220 956 1246 est
988 1212 1189 1246 secundum
1224 1212 1383 1258 aliquam
1417 1211 1688 1258 operationem3
1715 1211 1821 1253 unde,

254 1265 346 1299 sicut
366 1277 473 1312 supra
492 1265 628 1299 dictum
648 1273 700 1299 est
718 1265 766 1311 (q.
783 1278 810 1312 3.
831 1270 893 1300 art.
912 1267 975 1311 2.),
994 1265 1157 1307 felicitas,
1180 1265 1253 1299 sive
1275 1265 1471 1307 beatitudo,
1493 1276 1556 1311 per
1576 1276 1685 1311 quam
1706 1264 1820 1298 homo

254 1318 334 1352 Deo
357 1319 514 1353 maxime
541 1317 800 1361 conformatur,
828 1330 919 1365 quae
942 1327 994 1353 est
1016 1318 1095 1353 finis
1117 1318 1300 1353 humanae
1321 1319 1428 1361 vitae,
1449 1318 1486 1352 in
1508 1319 1718 1365 operatione
1740 1329 1823 1352 con-

254 1380 355 1406 sistit.

805 1512 1150 1558 ARTICULUS
1185 1513 1264 1556 ΠΙ.
1753 1521 1818 1558 293

502 1620 654 1650 UTRUM
685 1620 842 1650 VIRTUS
870 1621 1055 1651 HUMANA
1088 1621 1155 1650 SIT
1189 1619 1376 1649 HABITUS
1411 1619 1567 1650 BONUS.

460 1707 545 1751 (2-2.
568 1719 597 1753 q.
620 1708 674 1742 28.
697 1713 760 1742 art.
783 1721 809 1743 I.
833 1714 921 1755 corp.
944 1713 983 1743 et.
1007 1720 1037 1743 2.
1061 1709 1147 1742 Dist.
1176 1708 1230 1743 26.
1259 1719 1288 1754 q.
1311 1719 1341 1742 2.
1361 1711 1424 1742 art.
1444 1719 1470 1742 1.
1494 1706 1615 1754 corp).

324 1794 384 1829 AD
408 1805 579 1829 TERTIUM
606 1796 656 1830 sic
684 1797 899 1842 proceditur.
935 1797 1097 1839 Videtur,
1121 1797 1217 1843 quod
1251 1808 1324 1830 non
1359 1796 1403 1831 sit
1437 1796 1480 1830 de
1506 1796 1646 1830 ratione
1670 1795 1822 1837 virtutis,

256 1848 352 1894 quod
375 1848 419 1882 sit
440 1849 582 1883 habitus
605 1849 738 1885 bonus:
758 1859 947 1896 peccatum
971 1851 1066 1884 enim
1089 1850 1125 1883 in
1148 1849 1246 1884 malo
1269 1861 1412 1896 semper
1434 1851 1605 1884 sumitur:
1628 1849 1690 1883 sed
1713 1849 1822 1883 etiam

256 1902 394 1947 peccati
421 1910 474 1936 est
496 1902 615 1948 aliqua
636 1903 759 1945 virtus,
782 1904 982 1938 secundum
1008 1903 1096 1937 illud
1124 1914 1150 1937 1.
1179 1904 1222 1937 ad
1251 1903 1337 1938 Cor.
1366 1913 1434 1948 15.:
1464 1903 1575 1938 Virtus
1590 1903 1720 1949 peccati
1745 1902 1821 1942 lex,-

256 1966 343 2001 ergo
365 1956 475 1990 virtus
497 1967 570 1990 non
593 1968 736 2002 semper
759 1966 811 1991 est
832 1958 974 1991 habitus
996 1958 1122 1991 bonus.

328 2018 358 2042 2.
393 2009 629 2043 PRAETEREA.
657 2009 779 2044 Virtus
811 2011 994 2057 potentiae
1020 2010 1229 2056 respondet:
1263 2010 1324 2044 sed
1355 2010 1514 2056 potentia
1540 2020 1614 2043 non
1640 2008 1759 2043 solum
1786 2019 1823 2043 se

256 2062 365 2096 habet
387 2063 429 2095 ad
452 2063 601 2105 bonum,
624 2064 685 2097 sed
707 2064 816 2098 etiam
840 2065 882 2098 ad
906 2064 1056 2106 malum,
1079 2064 1279 2098 secundum
1302 2063 1389 2098 illud
1412 2064 1478 2098 Isa.
1506 2074 1554 2108 5.:
1584 2063 1661 2106 Vae,
1687 2064 1744 2109 qni
1764 2069 1823 2109 po-

257 2120 350 2150 tentes
376 2118 446 2150 estis
472 2116 513 2150 ad
548 2117 719 2151 bilwndum
754 2119 884 2160 vinnm,
919 2123 947 2152 el
974 2119 1044 2152 viri
1070 2118 1176 2163 sortes
1203 2117 1244 2151 ad
1272 2117 1470 2152 miscendam
1497 2118 1703 2157 ebrictatem,-
1735 2127 1822 2162 ergo

257 2169 365 2202 etiam
387 2169 498 2203 virtus
521 2181 558 2203 se
581 2170 688 2204 habet
710 2178 744 2204 et
766 2171 809 2204 ad
832 2171 981 2213 bonum,
1009 2178 1043 2205 et
1066 2171 1109 2204 ad
1132 2170 1281 2204 malum.

332 2234 359 2267 3.
384 2222 620 2257 I'RAETEREAQ.
645 2224 853 2258 Secundum
874 2224 1094 2270 Apostolum
1115 2234 1147 2266 4.
1169 2224 1210 2258 ad
1235 2224 1320 2258 Cor.
1348 2234 1418 2259 12.:
1449 2224 1559 2258 Virtus
1578 2225 1611 2257 in
1632 2223 1824 2270 infirmitate

253 2277 445 2322 perficitur:
462 2276 522 2309 scd
543 2276 730 2311 infirmitas
750 2286 802 2311 est
817 2278 1001 2323 quoddam
1017 2277 1175 2319 malum3
1195 2288 1282 2323 ergo
1301 2277 1412 2312 virtus
1430 2288 1504 2311 non
1523 2276 1643 2311 solum
1661 2287 1699 2310 se
1717 2276 1824 2310 habet

259 2330 302 2362 ad
325 2329 473 2370 bonum,
497 2330 557 2363 sed
578 2330 685 2363 etiam
710 2331 752 2364 ad
777 2331 925 2365 malum.

331 2382 405 2416 SED
429 2392 582 2417 CONTRA
599 2391 662 2424 est,
685 2384 781 2429 quod
805 2385 957 2429 August.
973 2384 1059 2418 dicit
1081 2384 1115 2418 in
1138 2383 1197 2417 lib.
1221 2384 1263 2418 de
1286 2384 1447 2418 Moribus
1469 2383 1654 2418 Ecclesiae
1675 2383 1766 2429 (cap.
1790 2382 1823 2417 6.

258 2437 291 2469 in
310 2437 440 2482 princ.)
453 2449 462 2470 .·
484 2436 586 2470 Nemo
606 2442 713 2470 aulem
737 2437 911 2478 dubitabit,
931 2438 1016 2483 quod
1034 2439 1139 2472 virlns
1158 2439 1307 2471 animiam
1321 2438 1410 2484 jusit
1428 2439 1612 2484 optimam;
1632 2444 1666 2470 et
1688 2435 1822 2470 Philos.

259 2489 344 2522 dicit
366 2489 400 2522 in
425 2499 454 2522 2.
478 2489 558 2523 Eth.
582 2490 672 2536 (cup.
696 2491 746 2534 6.)
774 2491 869 2536 quod
898 2491 1008 2525 virtus
1024 2499 1086 2532 est,
1110 2502 1200 2536 quae
1216 2492 1352 2526 bonum
1367 2490 1452 2525 facit
1465 2491 1670 2532 habentem,
1686 2498 1824 2536 etopus

261 2544 336 2588 ejus
359 2543 494 2576 bonum
518 2543 642 2577 reddit.

333 2596 559 2630 Rrspommo
583 2597 787 2638 dicendum,
803 2598 910 2643 quod,
926 2598 1017 2632 sicut
1036 2609 1141 2643 supra
1161 2598 1297 2632 dictum
1317 2607 1369 2633 est
1390 2599 1475 2643 (art.
1496 2610 1522 2633 ι.
1546 2598 1613 2641 hus.
1636 2597 1697 2643 q.),
1713 2597 1823 2630 virtus

260 2650 431 2695 importat
452 2649 710 2695 perfectionem
736 2652 936 2695 potentiam
965 2652 1058 2686 unde
1081 2652 1192 2686 virtus
1215 2651 1403 2696 cujuslibet
1431 2651 1478 2686 rei
1502 2651 1758 2685 determinatur
1780 2649 1823 2683 ad

261 2702 440 2744 ultimum,
463 2703 497 2736 in
521 2703 616 2749 quod
640 2715 694 2737 res
717 2712 844 2748 potest,
869 2713 905 2738 ut
927 2705 1055 2738 dicitur
1083 2705 1117 2738 in
1151 2716 1176 2738 1.
1205 2705 1247 2739 de
1276 2705 1394 2739 Coelo
1418 2705 1495 2748 (tax.
1518 2705 1628 2749 11(›'.).·
1656 2704 1822 2738 ultimum

261 2764 393 2797 autem,
413 2756 446 2789 in
475 2757 571 2802 quod
600 2768 835 2803 unaquaeque
864 2759 1021 2802 potentia
1045 2766 1174 2803 potest,
1197 2766 1350 2804 oportet,
1373 2758 1470 2804 quod
1492 2758 1535 2792 sit
1557 2758 1716 2792 bonum:
1739 2767 1823 2791 nam

262 2821 370 2843 omne
395 2809 531 2843 mulum
554 2809 734 2844 desectum
757 2811 951 2856 quemdam
976 2811 1162 2856 importat:
1191 2812 1285 2846 unde
1307 2812 1416 2846 Dion.
1444 2811 1530 2845 dicit
1556 2811 1590 2845 in
1616 2820 1649 2854 4.
1677 2821 1753 2857 cap.
1780 2809 1824 2844 de

262 2863 343 2896 Div.
367 2863 475 2897 Nom.
499 2864 603 2910 (parl.
624 2875 655 2907 4.
684 2864 751 2898 lect.
776 2865 858 2909 22),
881 2864 977 2910 quod
1006 2876 1116 2898 omne
1144 2865 1280 2899 malum
1308 2873 1361 2900 est
1387 2865 1592 2899 infirmum:
1621 2872 1655 2899 et
1681 2871 1824 2911 propter
