1875 3198
223 185 306 238 518
636 195 858 230 QUAESTIO
891 194 1040 224 LXXIII.
1074 193 1318 224 ARTICULUS
1350 194 1378 222 Ι.

222 277 466 311 contemnitur
486 277 523 310 in
545 276 647 310 omni
668 284 831 322 peccato.
854 276 898 310 Et
916 287 959 309 ex
975 276 1044 309 hac
1067 283 1165 320 parte
1187 275 1283 316 dicit,
1306 274 1403 320 quod
1424 275 1480 320 qui
1501 274 1631 320 offendit
1647 276 1682 308 in
1702 287 1781 317 uno,

214 331 326 376 factus
347 335 390 364 est
411 331 559 364 omnium
580 342 676 364 reus:
700 329 782 374 quia
809 328 945 363 scilicet
972 339 1044 362 uno
1072 335 1221 374 peccato
1248 328 1445 374 peccando,
1470 327 1620 362 incurrit
1643 339 1784 374 poenae

221 391 362 417 reatum
385 394 427 417 ex
444 383 528 424 hoc,
544 383 641 428 quod
660 382 861 416 contemnit
877 382 1010 423 Deum,
1025 392 1068 415 ex
1086 382 1186 426 cujus
1201 389 1410 427 contemptu
1431 381 1598 427 provenit
1617 381 1783 415 omnium

219 445 453 482 peccatorum
477 444 606 470 reatus.

293 490 354 524 AD
374 499 581 524 SECUNDUM
597 488 802 528 dicendum,
825 488 934 533 quod,
956 487 1049 521 sicut
1069 498 1176 533 supra
1195 487 1331 521 dictum
1349 495 1402 521 est
1417 487 1461 533 (q.
1481 498 1529 533 71.
1545 492 1610 522 art.
1628 488 1691 533 4.),
1709 499 1784 522 non

222 554 284 588 per
306 542 504 588 quemlibet
525 550 646 575 actum
668 542 808 588 peccati
829 541 967 575 tollitur
987 541 1099 575 virtus
1121 541 1298 587 opposita,
1320 552 1405 574 nam
1431 549 1622 587 peccatum
1642 541 1784 576 veniale

223 596 393 630 virtutem
413 607 487 629 non
502 595 614 629 tollit:
631 603 823 641 peccatum
845 603 965 628 autem
980 594 1135 628 mortale
1153 594 1248 628 tollit
1264 595 1434 628 virtutem
1451 593 1620 636 infusam,
1637 595 1785 640 inquan-

220 658 299 684 tum
321 650 448 683 avertit
469 661 489 682 a
510 649 609 683 Deo:
632 650 693 683 sed
716 660 806 682 unus
829 657 929 682 actus
945 648 1085 694 peccati
1106 648 1215 682 etiam
1237 647 1400 682 mortalis
1417 659 1492 682 non
1509 647 1605 682 tollit
1619 648 1783 682 habitum

220 703 360 736 virtutis
384 702 595 748 acquisitae:
613 702 675 736 sed
689 703 718 736 si
740 701 1025 748 multiplicentur
1039 709 1151 742 actus,
1174 701 1352 734 intantum
1373 702 1470 746 quod
1489 708 1679 746 generetur
1697 712 1780 735 con-

219 757 346 789 trarius
368 756 526 797 habitus,
549 755 749 789 excluditur
763 755 906 788 habitus
923 755 1062 788 virtutis
1090 754 1305 800 acquisitae3
1321 765 1391 800 qua
1409 754 1565 796 exclusa,
1587 753 1785 788 excluditur

222 810 430 855 prudentia3
453 809 547 854 quia,
571 820 655 842 cum
676 809 791 842 homo
814 809 887 853 agit
909 816 1034 842 contra
1061 818 1329 853 quamcumque
1355 808 1537 849 virtutem,
1563 807 1637 853 agit
1657 815 1784 841 contra

219 863 458 908 prudentiam,
481 863 556 896 sine
580 874 649 908 qua
670 862 770 895 nulla
791 862 902 895 virtus
925 861 1073 895 moralis
1101 872 1178 895 esse
1197 868 1326 906 potest,
1349 869 1387 894 ut
1412 872 1518 907 supra
1544 861 1709 894 habitum
1730 869 1784 895 est

221 917 265 962 (q.
284 917 337 962 58.
367 922 433 950 art.
463 928 496 960 4.
520 921 548 950 et
568 929 598 962 q.
634 917 681 962 65.
705 921 767 950 art.
790 916 857 959 1.);
881 924 916 949 et
937 915 1019 949 ideo
1050 926 1110 961 per
1138 926 1364 960 consequens
1390 915 1627 949 excluduntur
1655 926 1783 949 omnes

217 970 365 1003 virtutes
386 970 544 1003 morales
561 978 738 1015 quantum
753 969 796 1002 ad
815 968 1028 1014 perfectum,
1047 977 1082 1002 et
1095 968 1250 1002 formale
1266 979 1343 1002 esse
1360 968 1513 1010 virtutis,
1527 968 1624 1014 quod
1638 968 1783 1010 habent,

218 1024 418 1057 secundum
452 1023 548 1068 quod
574 1023 791 1068 participant
825 1022 1068 1068 prudentiam:
1097 1030 1286 1056 remanent
1310 1030 1434 1056 tamen
1459 1021 1713 1056 inclinationes
1740 1022 1784 1055 ad

219 1085 318 1110 actus
339 1077 515 1110 virtutum
529 1088 602 1110 non
618 1077 792 1110 habentes
808 1076 988 1110 rationem
1000 1075 1156 1109 virtutis:
1177 1075 1238 1109 sed
1252 1086 1327 1109 non
1341 1075 1511 1121 sequitur,
1524 1075 1622 1120 quod
1639 1083 1785 1121 propter

218 1131 289 1164 hoc
311 1130 425 1164 homo
448 1130 607 1163 incurrat
629 1130 751 1163 omnia
774 1130 871 1171 vitia,
894 1129 953 1163 vel
974 1137 1132 1175 peccata.
1155 1129 1271 1163 Primo
1294 1129 1453 1174 quidem,
1475 1129 1559 1174 quia
1579 1129 1642 1162 uni
1661 1129 1784 1163 virtuti

217 1183 319 1229 plura
333 1184 418 1217 vitia
433 1192 683 1229 opponuntur;
698 1184 746 1217 ita
761 1184 857 1228 quod
877 1183 988 1216 virtus
1007 1190 1126 1228 potest
1138 1182 1269 1228 privari
1284 1193 1346 1228 per
1360 1193 1474 1216 unum
1487 1193 1627 1224 eorum,
1638 1182 1780 1216 etiarnsi

219 1237 371 1270 alterum
393 1248 521 1270 eorum
539 1248 613 1270 non
642 1237 743 1270 adsit.
766 1236 924 1278 Secundo,
949 1236 1031 1281 quia
1053 1244 1244 1281 peccatum
1271 1235 1404 1269 directe
1432 1235 1626 1282 opponitur
1651 1235 1784 1277 virtuti,

217 1299 392 1336 quantum
425 1292 466 1324 ad
494 1291 770 1324 inclinationem
804 1290 944 1324 virtutis
978 1290 1021 1323 ad
1057 1298 1190 1330 actum,
1221 1297 1259 1323 ut
1286 1300 1393 1335 supra
1419 1289 1557 1323 dictum
1585 1297 1639 1322 est
1659 1289 1707 1334 (q.
1735 1300 1782 1334 71.

217 1350 279 1378 art.
307 1346 372 1389 1.);
402 1344 507 1385 unde,
535 1344 802 1377 remanentibus
830 1343 1007 1389 aliquibus
1034 1342 1327 1376 inclinationibus
1359 1342 1540 1384 virtuosis,
1565 1353 1640 1376 non
1665 1350 1784 1388 potest

217 1397 299 1439 dici,
321 1397 417 1443 quod
444 1397 558 1430 homo
580 1397 712 1430 habeat
732 1396 829 1437 vitia,
852 1396 909 1430 vel
930 1404 1079 1442 peccata
1101 1396 1278 1442 opposita.

290 1451 350 1484 AD
382 1460 552 1484 TERTIUM
587 1450 793 1491 dicendum,
820 1450 917 1495 quod
948 1460 1052 1483 amor
1076 1449 1146 1483 Dei
1173 1457 1227 1483 est
1253 1449 1543 1494 congregativus,
1568 1448 1782 1494 inquantum

219 1503 391 1538 affectum
417 1504 577 1537 hominis
605 1515 624 1537 a
652 1503 774 1537 multis
801 1503 897 1537 ducit
918 1503 955 1536 in
977 1514 1111 1543 unum,
1134 1510 1169 1536 et
1186 1502 1269 1537 ideo
1291 1504 1452 1544 virtutes,
1473 1513 1565 1548 quae
1591 1513 1634 1536 ex
1656 1513 1781 1536 amore

217 1558 286 1592 Dei
311 1565 514 1598 causantur,
542 1557 810 1591 connexionem
836 1556 985 1590 habent:
1013 1555 1074 1589 sed
1102 1566 1205 1589 amor
1239 1555 1294 1589 sui
1320 1555 1502 1601 disgregat
1524 1554 1695 1589 affectum
1716 1555 1779 1589 ho-

217 1611 324 1645 minis
343 1611 378 1644 in
398 1611 550 1653 diversa,
569 1619 676 1656 prout
689 1610 828 1644 scilicet
841 1610 955 1644 homo
971 1620 1008 1643 se
1025 1617 1123 1643 amat
1136 1609 1337 1655 appetendo
1353 1609 1419 1643 sibi
1433 1609 1528 1643 bona
1549 1608 1778 1654 temporalia,

217 1676 308 1710 quae
339 1673 421 1698 sunt
446 1666 555 1706 varia,
583 1672 618 1698 et
643 1665 804 1705 diversa3
838 1672 872 1698 et
898 1664 979 1697 ideo
1005 1662 1102 1704 vitia,
1138 1671 1172 1697 et
1198 1671 1359 1708 peccata,
1392 1673 1484 1708 quae
1518 1670 1711 1697 causantur
1739 1674 1780 1696 ex

217 1729 344 1752 amore
366 1718 431 1759 sui,
454 1729 528 1752 non
550 1725 633 1752 sunt
655 1728 828 1751 connexa.

779 1833 1123 1878 ARTICULUS
1153 1833 1208 1876 ΙΙ.
1717 1847 1781 1893 383

581 1931 736 1961 UTRUM
766 1931 908 1961 OMNIA
933 1931 1137 1960 PECCATA
1163 1931 1262 1960 smr
1286 1930 1426 1960 PARIA.

293 2007 338 2051 (Ι.
358 2007 445 2041 Dist.
467 2018 522 2051 42.
545 2018 574 2053 q.
597 2018 628 2042 2.
651 2012 715 2042 art.
733 2020 761 2053 5.
785 1999 812 2041 el
833 2007 888 2041 lib.
905 2019 932 2053 3.
956 2007 1071 2042 Contr.
1089 2019 1119 2053 g.
1143 2014 1214 2054 cap.
1237 2019 1305 2054 139.
1327 2012 1356 2041 et
1377 2007 1461 2042 Mal.
1483 2018 1512 2054 q.
1532 2018 1563 2042 2.
1582 2013 1647 2042 art.
1667 2019 1699 2054 9.

786 2066 814 2095 et
835 2061 951 2095 Μαίη).
975 2073 1020 2096 11.
1045 2072 1127 2095 som.
1151 2060 1211 2105 2.).

286 2143 346 2178 AD
373 2154 580 2178 SECUNDUM
602 2143 652 2177 sic
675 2143 892 2189 proceditur.
921 2143 1086 2185 Videtur,
1113 2144 1209 2190 quod
1237 2144 1362 2178 omnia
1388 2152 1537 2190 peccata
1563 2144 1634 2179 sint
1659 2145 1780 2191 paria:

215 2208 367 2243 peccare
386 2197 483 2230 enim
507 2205 559 2230 est
584 2196 704 2231 facere
727 2198 823 2243 quod
850 2208 925 2231 non
952 2197 1052 2232 licet:
1077 2198 1139 2232 sed
1165 2197 1284 2232 facere
1311 2208 1402 2243 quae
1427 2209 1502 2232 non
1529 2197 1624 2240 licet,
1647 2209 1719 2233 uno
1745 2206 1780 2233 et

216 2251 344 2284 eodem
368 2250 480 2283 modo
503 2250 537 2283 in
561 2250 731 2284 omnibus
757 2251 1051 2296 reprelienditur;
1078 2262 1166 2295 ergo
1188 2262 1340 2297 peccare
1362 2262 1435 2286 uno
1457 2259 1492 2286 et
1513 2251 1646 2286 eodem
1668 2252 1782 2287 modo

217 2304 509 2350 reprehenditur3
531 2315 604 2337 non
628 2315 716 2349 ergo
739 2315 851 2338 unum
870 2313 1061 2350 peccatum
1084 2313 1137 2338 est
1159 2304 1230 2339 alio
1253 2304 1407 2350 gravius.

289 2368 319 2391 2.
347 2357 583 2391 PRAETEREA.
614 2357 737 2391 Omne
764 2366 955 2402 peccatum
983 2358 1146 2392 consistit
1171 2358 1207 2392 in
1234 2358 1318 2399 hoc,
1344 2358 1441 2404 quod
1467 2358 1583 2393 homo
1608 2367 1784 2405 transgre-

217 2411 311 2444 ditur
329 2411 492 2455 regulam
517 2411 685 2452 rationis;
707 2422 799 2456 quae
822 2411 869 2445 ita
892 2422 930 2445 se
953 2411 1060 2445 habet
1082 2411 1126 2445 ad
1149 2419 1250 2446 actus
1272 2411 1466 2454 humanos,
1487 2412 1580 2447 sicut
1600 2412 1725 2459 regula
1746 2412 1784 2447 li-

216 2464 334 2498 nearis
366 2464 402 2497 in
437 2464 684 2509 corporalibus
712 2465 834 2506 rebus;
861 2475 949 2509 ergo
988 2476 1138 2510 peccare
1164 2464 1281 2499 simile
1311 2473 1364 2500 est
1389 2465 1433 2506 ei,
1460 2465 1557 2511 quod
1587 2474 1642 2500 est
1668 2465 1782 2501 lineas

216 2517 411 2551 transilire:
436 2518 497 2551 scd
519 2517 631 2551 lineas
654 2517 832 2552 transilire
861 2526 913 2552 est
940 2517 1148 2564 aequaliter,
1177 2526 1211 2552 et
1237 2529 1310 2552 uno
1338 2518 1463 2560 modo,
1485 2519 1628 2554 etiamsi
1654 2519 1782 2566 aliquis

217 2571 361 2617 longius
384 2571 538 2612 recedat,
566 2571 623 2605 vel
642 2571 877 2617 propinquius
897 2580 984 2612 stet;
1007 2572 1090 2617 quia
1113 2572 1333 2617 privationes
1355 2582 1429 2606 non
1455 2572 1633 2618 recipiunt
1653 2573 1782 2619 magis,

217 2624 275 2659 vel
294 2625 433 2666 minus;
456 2636 542 2669 ergo
566 2625 689 2658 omnia
713 2634 859 2670 peccata
883 2633 964 2659 sunt
987 2625 1162 2671 aequalia.

295 2689 322 2723 3.
339 2677 573 2712 PRAETEREA.
595 2677 747 2712 Peccata
762 2678 950 2712 virtutibus
969 2687 1218 2724 opponuntur:
1235 2679 1296 2713 sed
1310 2689 1438 2714 omnes
1451 2679 1599 2714 virtutes
1613 2678 1781 2726 aequales

218 2739 310 2772 sunt,
334 2739 371 2764 ut
394 2731 536 2765 Tullius
558 2731 644 2765 dicit
658 2731 693 2764 in
711 2731 905 2764 Paradoxis
925 2731 1059 2777 (parad.
1080 2733 1144 2777 3.)‚·
1162 2743 1249 2777 ergo
1264 2733 1387 2767 omnia
1406 2741 1553 2778 peccata
1570 2741 1654 2767 sunt
1670 2733 1779 2779 paria.

289 2784 363 2818 SED
386 2795 540 2819 CONTRA
563 2793 626 2825 est,
648 2784 744 2830 quod
768 2784 948 2818 Dominus
971 2785 1055 2818 dicit
1078 2785 1121 2818 ad
1145 2785 1314 2826 Pilatum,
1332 2785 1435 2831 joan.
1460 2796 1530 2831 19.:
1552 2786 1622 2830 Qui
1642 2785 1781 2820 tradidit

220 2849 267 2871 mc
294 2839 364 2879 tihi,
388 2840 495 2883 majus
513 2844 684 2885 peccalum
709 2838 821 2872 lmlnl:
844 2846 878 2871 et
900 2846 1020 2871 tamen
1044 2846 1196 2879 constat,
1226 2839 1322 2884 quod
1352 2838 1489 2874 Pilatus
1523 2838 1668 2885 aliquod
1702 2849 1780 2885 pec-

219 2899 340 2925 catum
362 2891 505 2934 habuit3
528 2902 614 2937 crgo
637 2902 748 2926 unum
771 2899 960 2938 peccatum
983 2900 1036 2926 est
1058 2891 1173 2937 majus
1195 2891 1276 2926 alio.
