1907 3182
232 176 314 232 338
638 188 858 224 QUAESTIO
893 188 1039 218 XLVIII.
1073 188 1319 218 ARTICULUS
1353 189 1397 219 ΙΙ.

230 278 326 304 ctum
346 270 519 316 temporis
538 269 755 305 debilitatur:
775 270 861 304 dicit
879 269 976 304 enim
990 269 1082 303 Phil.
1102 269 1138 303 in
1157 279 1188 303 2.
1207 269 1312 303 Rhet.
1332 270 1422 316 (cap.
1438 282 1462 315 3.
1475 275 1551 316 post
1568 269 1680 315 med),
1696 269 1793 316 quod

230 328 354 370 tempas
375 325 499 369 quietat
518 325 626 364 iram,·
651 335 738 369 ergo
760 324 811 357 ira
833 334 905 357 non
929 323 1072 368 proprie
1095 330 1218 356 causat
1238 318 1430 357 fervorem.

304 388 332 423 3.
354 377 589 412 PRAETEREA.
612 377 745 411 Fervor
767 376 907 410 additus
928 375 1061 409 fervori
1082 383 1293 421 augmentat
1313 375 1513 411 fervorem:
1537 375 1598 411 sed
1612 378 1723 422 major
1740 377 1794 411 ira

228 431 550 476 superveniensjacit
567 432 654 464 iram
672 431 845 472 mitescere,
866 437 903 463 ut
924 428 1016 463 Phil.
1040 429 1126 462 dicit
1146 429 1182 462 in
1204 438 1235 463 2.
1258 429 1363 463 Rhet.
1384 430 1514 475 (ibid.);
1537 441 1624 476 ergo
1646 430 1698 464 ira
1719 440 1793 464 non

230 492 354 518 causat
377 483 569 518 fervorem.

301 537 374 571 SED
403 547 557 571 CONTRA
584 545 647 578 est,
675 535 771 582 quod
797 536 968 570 Damasc.
995 535 1082 569 dicit
1108 535 1186 579 (lib.
1213 547 1244 570 2.
1275 536 1371 570 Orth.
1393 536 1470 570 Fid.
1494 543 1567 583 cap.
1590 536 1674 580 16),
1697 535 1793 582 quod

229 589 280 623 ira
305 598 356 624 est
377 589 496 624 fervor
518 591 605 635 ejus,
627 590 687 635 qui
709 589 805 623 circa
831 600 894 623 cor
921 597 983 631 est,
1010 589 1206 634 sanguinis,
1228 599 1270 622 ex
1296 589 1553 634 evaporatione
1574 589 1667 624 fellis
1693 589 1793 623 fiens.

299 642 528 677 RESPONDEO
551 642 756 684 dicendum,
784 642 892 688 quod,
915 643 1007 676 sicut
1033 642 1167 675 dictum
1196 650 1249 676 est
1276 644 1321 687 (q.
1343 653 1399 686 44.
1422 647 1485 677 art.
1508 643 1567 687 L),
1595 642 1794 689 corporalis

229 696 493 737 transmutatio,
513 707 604 741 quae
625 703 678 729 est
696 695 732 729 in
750 695 976 741 passionibus
996 695 1151 737 animae,
1169 695 1462 741 proportionatur
1476 696 1593 730 motui
1607 696 1793 742 appetitus:

230 748 461 783 manifestum
484 757 536 783 est
559 757 691 790 autem,
715 749 811 794 quod
834 748 983 794 quilibet
1001 748 1189 794 appetitus,
1212 748 1321 782 etiam
1339 748 1522 791 naturalis,
1540 749 1666 784 fortius
1682 749 1796 783 tendit

230 803 265 836 in
286 802 334 844 id,
356 802 452 848 quod
476 811 528 836 est
548 802 615 836 sibi
637 802 870 844 contrarium,
890 802 919 836 si
936 801 1042 836 fuerit
1060 812 1248 848 praesens;
1270 801 1365 836 unde
1386 801 1562 844 videmus,
1584 802 1681 848 quod
1703 813 1795 848 aqua

230 855 403 889 calefacta
429 855 545 901 magis
574 854 797 900 congelatur,
825 855 927 901 quasi
951 854 1082 901 frigido
1109 855 1362 889 vehementius
1389 855 1425 888 in
1452 854 1611 889 calidum
1645 863 1794 901 agente:

229 916 350 942 motus
369 916 490 942 autem
509 909 722 954 appetitivus
737 909 811 943 irae
830 916 997 943 causatur
1015 920 1057 942 ex
1072 907 1190 954 aliqua
1204 908 1332 953 injuria
1346 908 1455 950 illata,
1470 908 1562 942 sicut
1579 919 1622 942 ex
1636 908 1794 954 quodam

230 962 410 995 contrario
433 962 634 1007 injacente3
663 969 697 996 et
722 962 804 996 ideo
828 962 1004 1008 appetitus
1030 961 1216 1007 potissime
1237 961 1352 996 tendit
1373 961 1416 995 ad
1442 961 1688 1008 repellendam
1709 962 1796 1007 inju—

228 1014 319 1048 riam
341 1026 403 1060 per
425 1015 623 1060 appetitum
643 1015 843 1057 vindictae3
867 1023 901 1049 et
923 1026 964 1049 ex
985 1015 1056 1049 hoc
1078 1015 1238 1060 sequitur
1255 1025 1389 1060 magna
1409 1015 1651 1057 vehementia,
1674 1023 1708 1050 et
1727 1015 1795 1049 im-

228 1068 423 1114 petuositas
445 1069 481 1101 in
503 1076 605 1102 motu
627 1069 712 1102 irae.
735 1068 778 1102 Et
800 1068 883 1114 quia
904 1076 1025 1102 motus
1046 1069 1119 1102 irae
1141 1079 1215 1102 non
1234 1075 1287 1102 est
1304 1079 1367 1114 per
1384 1068 1536 1102 modum
1557 1068 1795 1110 retractionis,

229 1121 286 1155 cui
308 1122 602 1167 proportionatur
622 1121 745 1167 frigus,
768 1122 829 1156 sed
852 1123 968 1167 magis
991 1133 1053 1167 per
1074 1121 1227 1155 modum
1249 1121 1494 1164 insecutionis,
1518 1123 1575 1156 cui
1596 1122 1796 1168 proportio-

227 1183 332 1209 natur
342 1175 454 1217 calor,
467 1183 730 1221 consequenter
748 1175 786 1209 fit
796 1183 916 1209 motus
931 1175 1004 1208 irae
1017 1175 1220 1209 causativus
1233 1175 1421 1220 cujusdam
1434 1174 1584 1209 fervoris
1598 1175 1795 1221 sanguinis,

228 1229 461 1274 ebspirituum
478 1230 571 1263 circa
589 1240 662 1271 cor,
678 1229 773 1275 quod
790 1236 842 1263 est
855 1229 1135 1263 instrumentum
1149 1228 1359 1274 passionum
1375 1229 1528 1263 animae.
1544 1228 1588 1263 Et
1602 1229 1728 1263 exinde
1743 1237 1796 1264 est

228 1281 324 1327 quod
346 1290 492 1328 propter
513 1294 686 1327 magnam
705 1282 1011 1328 perturbationem
1031 1281 1161 1323 cordis,
1183 1293 1274 1327 quae
1298 1289 1350 1316 est
1370 1281 1406 1315 in
1427 1282 1491 1324 ira,
1513 1282 1671 1316 maxime
1692 1293 1796 1329 appa-

228 1343 306 1369 rent
326 1336 361 1369 in
383 1335 481 1369 iratis
503 1336 636 1370 indicia
663 1336 841 1382 quaedam
866 1336 903 1369 in
930 1335 1163 1369 exterioribus
1190 1335 1380 1378 membris;
1407 1336 1501 1370 unde
1530 1335 1683 1381 Gregor.
1709 1336 1796 1370 dicit

228 1389 264 1422 in
291 1400 317 1433 5.
341 1389 469 1423 Moral.
493 1390 584 1436 (cap.
603 1402 654 1436 30.
675 1395 748 1424 ante:
766 1389 885 1434 med.):
901 1389 976 1423 Irae
989 1400 1065 1423 suae
1081 1389 1224 1424 stimulis
1241 1401 1411 1424 accensum
1430 1401 1487 1424 cor
1499 1389 1659 1436 palpitat,
1679 1395 1795 1436 corpus

229 1444 349 1484 tramit,
373 1443 487 1488 lingua
508 1455 537 1477 se
554 1444 740 1490 praepedit,
756 1444 860 1489 sarias
882 1444 1026 1488 ignescit,
1049 1448 1288 1489 exasperantur
1308 1443 1405 1484 oculi,
1427 1448 1458 1477 et
1477 1454 1684 1489 nequaquam
1708 1454 1781 1478 reso

228 1501 432 1541 gnossuntur
453 1498 541 1531 noti:
565 1509 619 1531 ore
640 1497 769 1542 quidam
788 1497 965 1531 clamorem
987 1497 1122 1539 format,
1143 1496 1194 1530 ssd
1214 1508 1319 1530 sensus
1340 1495 1419 1542 qaid
1439 1496 1594 1542 loquatur
1613 1497 1757 1541 ignorat.

301 1550 360 1583 AD
383 1561 532 1584 PRIMUM
554 1562 641 1596 ergo
664 1550 868 1592 dicendum,
887 1550 983 1596 quod
1006 1561 1102 1583 amor
1124 1551 1189 1596 ipsa
1211 1561 1275 1583 non
1301 1551 1348 1584 ita
1368 1551 1515 1591 sentitur,
1535 1551 1599 1584 nisi
1625 1561 1699 1584 cum
1719 1562 1793 1585 eum

224 1603 340 1650 prodit
361 1604 550 1649 indigentia,
572 1612 610 1638 ut
631 1604 784 1649 August.
808 1604 893 1638 dicit
913 1603 949 1637 in
973 1614 1023 1638 10.
1047 1603 1090 1637 de
1114 1602 1241 1637 Trinit.
1265 1603 1356 1650 (cap.
1376 1604 1432 1637 ult.
1452 1604 1512 1637 cir.
1522 1603 1626 1649 fin.)‚·
1647 1611 1681 1638 et
1698 1603 1793 1646 ideo,

227 1657 373 1702 quando
395 1657 509 1691 homo
536 1658 668 1703 patitur
694 1657 950 1691 detrimentum
977 1664 1117 1690 amatae
1145 1656 1376 1690 excellentiae
1399 1664 1544 1703 propter
1564 1657 1730 1702 injuriam
1757 1656 1795 1690 il-

227 1709 350 1751 latam,
372 1711 488 1755 magis
510 1711 659 1745 sentitur
678 1722 803 1745 amor:
827 1718 861 1744 et
882 1710 963 1744 ideo
982 1709 1176 1744 ferventius
1199 1721 1262 1743 cor
1283 1717 1441 1744 mutatur
1461 1709 1503 1743 ad
1530 1710 1792 1744 removendum

226 1764 528 1810 impedimentum
555 1765 605 1798 rei
633 1773 786 1806 amatae,
813 1772 851 1798 ut
879 1764 928 1798 sic
955 1763 1074 1797 fervor
1100 1763 1174 1810 ipse
1203 1764 1337 1798 amoris
1370 1775 1433 1810 per
1465 1763 1557 1798 iram
1584 1771 1732 1806 crescat,
1759 1771 1794 1798 et

226 1818 343 1863 magis
362 1818 543 1852 sentiatur.
568 1818 611 1852 Et
630 1826 752 1852 tamen
775 1817 905 1860 servor,
927 1817 988 1863 qui
1010 1816 1241 1863 consequitur
1259 1816 1431 1859 calorem,
1462 1816 1531 1851 alia
1559 1817 1697 1851 ratione
1719 1828 1794 1863 per-

225 1871 314 1905 tinet
333 1871 376 1905 ad
400 1883 575 1913 amorem,
595 1879 629 1905 et
647 1872 690 1905 ad
712 1872 801 1905 iram
819 1883 825 1904 :
848 1882 934 1904 nam
953 1870 1072 1904 fervor
1090 1870 1224 1904 amoris
1245 1878 1298 1904 est
1315 1881 1399 1904 cum
1418 1870 1573 1916 quadam
1592 1869 1793 1913 dulcedine,

227 1932 261 1958 et
282 1924 447 1960 lenitate:
471 1934 523 1959 est
545 1925 642 1959 enim
666 1926 699 1958 in
721 1925 859 1958 bonum
887 1932 1059 1965 amatum,
1087 1931 1122 1958 et
1147 1924 1229 1957 ideo
1258 1923 1475 1958 assimilatur
1496 1923 1609 1958 calori
1631 1924 1733 1966 aeris,
1760 1932 1794 1958 et

227 1979 423 2023 sanguinis,
446 1986 591 2025 propter
612 1978 708 2024 quod
730 1978 921 2023 sanguinei
942 1986 1024 2011 sunt
1049 1977 1165 2023 magis
1192 1977 1350 2019 amativi,
1373 1985 1407 2011 et
1428 1977 1568 2019 dicitur,
1589 1977 1686 2023 quod
1707 1979 1793 2024 cogit

228 2044 343 2067 amare
360 2035 467 2078 jecur,
496 2033 531 2066 in
559 2044 630 2078 quo
658 2031 696 2065 fit
722 2032 899 2077 quaedam
928 2031 1112 2077 generatio
1139 2031 1340 2076 sanguinis:
1363 2029 1482 2065 fervor
1504 2038 1625 2065 autem
1647 2032 1718 2065 irae
1741 2039 1793 2065 est

229 2098 312 2121 cum
332 2086 568 2120 amaritudine
588 2085 630 2119 ad
647 2085 955 2127 consumendum3
971 2085 1054 2131 quia
1068 2085 1181 2119 tendit
1200 2085 1242 2118 ad
1261 2084 1487 2130 punitionem
1502 2084 1682 2126 contrarii,
1697 2085 1791 2119 unde

229 2139 446 2174 assimilatur
473 2138 586 2172 calori
611 2139 716 2183 ignis,
744 2147 777 2172 et
804 2138 990 2180 cholerae3
1018 2147 1053 2172 et
1079 2146 1223 2184 propter
1248 2138 1318 2171 hoc
1346 2138 1516 2171 Damasc.
1545 2137 1631 2171 dicit
1651 2138 1732 2183 (lib.
1759 2149 1790 2172 2.

231 2194 328 2229 Orth.
351 2193 427 2228 Fid.
448 2199 519 2239 cap.
539 2193 622 2237 16),
643 2193 738 2238 quod
758 2193 921 2237 procedit
939 2204 981 2226 ex
1001 2193 1258 2238 evaporatione
1273 2191 1376 2233 fellis,
1396 2200 1430 2226 et
1448 2191 1553 2226 fellea
1570 2192 1789 2226 nominatur.

300 2248 358 2281 AD
381 2256 586 2280 SECUNDUM
605 2245 811 2286 dicendum,
834 2246 929 2291 quod
946 2257 1055 2279 omne
1077 2245 1176 2287 illud,
1196 2246 1296 2290 cujus
1316 2256 1423 2279 causa
1446 2256 1507 2291 per
1528 2253 1670 2291 tempus
1691 2245 1792 2279 dimi-

227 2300 356 2341 nuitur,
368 2311 514 2333 necesse
525 2307 577 2333 est
588 2299 684 2344 quod
696 2307 859 2344 tempore
873 2299 1085 2333 debilitetur.
1098 2298 1329 2333 Manifestum
1341 2307 1393 2332 est
1405 2306 1537 2340 autem,
1549 2299 1645 2344 quod
1656 2309 1793 2333 memo-

227 2355 278 2388 ria
294 2362 457 2399 tempore
472 2353 692 2393 diminuitur,
704 2364 794 2398 quae
811 2353 906 2386 enim
927 2353 1072 2398 antiqua
1095 2360 1186 2394 sunt,
1203 2363 1222 2386 a
1245 2353 1422 2386 memoria
1437 2352 1480 2386 de
1494 2351 1590 2386 facili
1605 2352 1788 2387 excidunt:

227 2408 277 2442 ira
294 2415 414 2441 autem
430 2414 596 2440 causatur
612 2418 652 2440 ex
673 2406 851 2440 memoria
866 2406 1015 2450 injuriae
1035 2405 1173 2446 illatae;
1193 2414 1227 2439 et
1246 2405 1326 2439 ideo
1343 2416 1450 2439 causa
1472 2405 1545 2439 irae
1564 2416 1626 2451 per
1647 2413 1790 2451 tempus

227 2461 437 2495 diminuitur
456 2459 640 2505 paulatim,
657 2470 844 2504 quousque
859 2459 1016 2493 totaliter
1038 2459 1194 2493 tollatur.
1218 2459 1336 2504 Major
1357 2459 1466 2493 etiam
1488 2459 1628 2493 videtur
1648 2459 1788 2504 injuria,

228 2513 373 2560 quando
401 2512 518 2558 primo
546 2512 713 2553 sentitur;
739 2520 772 2545 et
803 2511 974 2556 paulatim
1005 2512 1215 2546 diminuitur
1245 2513 1320 2556 ejus
1348 2511 1563 2553 aestimatio,
1589 2512 1788 2546 secundum

228 2567 324 2614 quod
352 2566 466 2611 magis
495 2565 671 2599 receditur
699 2576 716 2598 a
745 2565 922 2610 praesenti
950 2577 1054 2599 sensu
1083 2565 1254 2610 injuriae:
1283 2574 1317 2599 et
1343 2564 1507 2599 similiter
1533 2565 1642 2599 etiam
1669 2573 1721 2599 est
1747 2565 1790 2599 de

227 2632 363 2662 amore,
386 2620 412 2653 si
437 2619 570 2653 amoris
593 2629 699 2652 causa
722 2626 906 2652 remaneat
929 2619 962 2652 in
990 2618 1066 2652 sola
1095 2619 1292 2660 memoriam
1313 2618 1405 2652 unde
1428 2618 1564 2652 Philos.
1587 2618 1672 2652 dicit
1694 2619 1728 2652 in
1756 2618 1788 2652 8.

227 2674 307 2708 Eth.
331 2674 420 2720 (rap.
437 2685 464 2719 5.
484 2685 547 2706 non
564 2672 683 2718 prora!
700 2684 718 2705 u
736 2673 873 2717 priua),
895 2672 990 2717 quod
1014 2673 1040 2705 si
1064 2672 1229 2705 diuturna
1251 2671 1312 2706 fiat
1334 2672 1442 2705 amici
1461 2672 1632 2713 absentia,
1650 2671 1790 2706 videtur

228 2727 407 2761 amicitiae
423 2725 644 2759 oblivionem
660 2724 793 2758 facere:
817 2725 877 2758 sed
903 2725 935 2757 iu
960 2725 1159 2770 praesentia
1175 2725 1282 2759 amici
1305 2736 1447 2770 semper
1460 2736 1522 2771 per
1535 2732 1678 2771 tempus
1701 2723 1791 2758 mul-

226 2781 406 2826 tiplicatur
427 2791 534 2813 causa
558 2779 756 2819 amicitiae3
779 2787 812 2811 et
835 2778 915 2811 ideo
939 2779 1095 2811 amicitia
1119 2779 1256 2813 crescit.
1280 2778 1323 2812 Et
1348 2778 1512 2812 similiter
1537 2786 1629 2812 esset
1655 2777 1698 2812 de
1724 2777 1788 2819 ira,

229 2835 255 2867 si
279 2833 448 2867 continue
471 2831 769 2878 multiplicaretur
787 2842 893 2864 causa
918 2831 1039 2876 ipsius:
1064 2840 1183 2866 tamen
1204 2832 1273 2865 hoc
1291 2832 1408 2878 ipsum
1427 2831 1524 2878 quod
1544 2831 1594 2865 ira
1609 2831 1682 2865 cito
1705 2841 1788 2865 con-

230 2888 392 2929 sumitur,
425 2894 609 2921 attestatur
637 2884 841 2919 vehementi
869 2884 978 2918 furori
1007 2885 1136 2931 ipsius:
1165 2886 1256 2920 sicut
1282 2886 1377 2920 enim
1407 2885 1498 2931 ignis
1530 2895 1684 2931 magnus
1714 2884 1786 2919 cito
