1907 3198
538 168 762 204 QUAsssrto
797 167 913 198 LXVI.
948 167 1196 198 ARTICULUS
1230 167 1292 197 111.
1426 170 1429 173 ·
1611 169 1694 211 45)-

118 262 207 298 ergo
226 251 337 285 virtus
360 249 510 285 moralis
533 258 586 284 est
606 249 764 284 nobilior
786 249 987 296 prudentia,
1003 259 1095 296 quae
1111 257 1165 283 est
1185 249 1297 283 virtus
1324 247 1579 284 intellectualis
1602 250 1698 284 circa

118 304 284 340 moralia.

191 358 266 394 SED
289 368 456 393 CONTRA.
480 356 603 392 Virtus
626 355 776 391 moralis
799 364 852 391 est
872 356 908 390 in
939 355 1106 390 rationali
1133 367 1197 403 per
1224 355 1562 402 participationem3
1585 357 1697 392 virtus

117 420 240 447 autem
267 410 524 446 intellectualis
551 410 587 444 in
614 409 783 444 rationali
809 421 871 456 per
898 409 1105 451 essentiam,
1132 409 1225 443 sicut
1255 409 1385 443 dicitur
1411 410 1446 443 in
1478 420 1506 444 x.
1534 409 1698 445 Ethicor.

118 465 206 513 (cap.
225 465 284 500 ult.
307 465 368 500 cir.
382 465 485 511 fin.).·
507 464 569 498 sed
592 464 756 498 rationale
772 470 836 510 per
856 464 1025 498 essentiam
1047 471 1101 497 est
1122 462 1291 504 nobilius,
1319 474 1430 509 quam
1453 464 1616 498 rational:
1633 470 1696 510 per

110 520 422 568 participationem·
451 529 539 563 ergo
561 517 673 552 virtus
696 516 951 552 intellectualis
973 524 1026 551 cst
1047 516 1205 551 nobilior
1226 516 1356 551 virtute
1379 517 1522 551 morali.

187 573 420 609 RESPONDEO
447 571 656 614 dicendum,
678 571 774 618 quod
804 570 937 617 aliquid
964 578 1085 617 potest
1110 570 1182 604 dici
1209 571 1338 616 majus,
1360 570 1418 604 vel
1445 571 1565 605 minus
1592 570 1699 618 dupli-

116 619 219 663 cite'r:
246 638 311 661 uno
332 625 428 660 modo
450 625 681 671 simpliciter:
705 625 771 659 alio
799 624 896 658 modo
923 624 1124 659 secundum
1152 623 1255 670 quid:
1278 623 1369 658 nihil
1391 624 1489 658 enim
1517 624 1696 671 prohibet,

117 680 252 728 aliquid
274 691 352 715 esse
371 678 502 714 melius
525 678 747 726 simpliciter,
770 686 808 712 ut
829 677 1094 724 philosophari,
1109 688 1220 723 quam
1236 677 1352 719 ditari,
1367 677 1464 724 quod
1483 686 1607 712 tamen
1622 689 1696 712 non

116 742 172 770 est
191 733 323 769 melius
344 732 546 768 secundum
565 732 662 779 quid,
678 732 771 767 idest
784 731 1040 766 necessitatem
1059 730 1220 777 patienti.
1236 730 1457 778 Simpliciter
1477 739 1599 766 autem
1615 743 1698 766 con-

116 787 294 824 sideratur
315 786 614 834 unumquodque,
637 786 782 832 quando
803 785 1054 820 consideratur
1076 784 1277 819 secundum
1304 785 1489 831 propriam
1516 786 1696 820 rationem

116 853 204 877 suae
227 841 377 889 speciei:
399 840 510 876 habet
531 848 654 875 autem
675 840 788 875 virtus
810 839 969 886 speciem
993 850 1036 873 ex
1059 838 1216 885 objecto,
1230 846 1269 873 ut
1283 849 1325 873 ex
1341 839 1445 873 dictis
1464 847 1562 885 patet
1580 839 1627 886 (q.
1642 851 1696 886 54.

116 901 182 931 art.
205 907 236 931 2.
258 900 287 930 et
308 907 338 942 q.
361 895 418 930 60.
446 899 510 929 art.
538 895 598 940 1.).·
621 894 728 936 unde,
755 893 967 940 simpliciter
993 892 1192 939 loquendo,
1220 891 1281 926 illa
1307 892 1420 927 virtus
1446 892 1605 928 nobilior
1632 902 1696 936 est,

115 960 209 997 quae
230 949 340 984 habet
360 947 518 983 nobilius
533 948 728 994 objectum.
744 946 980 981 Manifestum
996 954 1049 981 est
1068 954 1202 989 autem,
1222 946 1318 993 quod
1339 946 1523 992 objectum
1546 947 1696 982 rationis

117 1011 172 1039 est
197 1002 367 1045 nobilius,
395 1013 505 1049 quam
533 1002 716 1056 objectum
749 1001 944 1048 appetitus:
973 1001 1064 1034 ratio
1092 1000 1189 1034 enirn
1218 1000 1458 1046 apprehendit
1491 1000 1626 1047 aliquid
1660 1001 1695 1035 in

117 1056 331 1099 universali3
353 1056 416 1091 sed
439 1055 616 1102 appetitus
643 1055 758 1090 tendit
783 1055 819 1089 in
847 1065 914 1097 res,
941 1065 1034 1101 quae
1063 1054 1198 1088 habent
1224 1064 1302 1088 esse
1329 1053 1565 1101 particulare3
1589 1056 1695 1097 unde,

116 1110 331 1158 simpliciter
355 1109 557 1156 loquendo,
579 1109 728 1144 virtutes
754 1107 1031 1150 intellectuales,
1058 1118 1151 1154 quae
1178 1107 1369 1154 perficiunt
1394 1108 1586 1151 rationem,
1614 1117 1697 1143 sunt

117 1163 330 1206 nobiliores,
364 1175 473 1210 quam
507 1162 679 1205 morales,
713 1174 805 1209 quae
839 1161 1030 1209 perficiunt
1057 1161 1267 1208 appetitum.
1297 1161 1369 1196 Sed
1391 1162 1420 1196 si
1448 1162 1697 1198 consideretur

117 1217 230 1252 virtus
251 1217 287 1251 in
310 1217 437 1252 ordine
460 1216 503 1250 ad
527 1224 660 1258 actum,
686 1217 731 1250 sic
757 1217 867 1250 virtus
887 1215 1037 1257 moralis,
1066 1226 1158 1261 quae
1186 1214 1327 1260 perficit
1353 1215 1566 1262 appetitum,
1593 1218 1695 1262 cujus
1743 1226 1749 1233 '

118 1279 172 1307 est
191 1282 341 1306 movere
364 1269 452 1305 alias
474 1270 652 1316 potentias
677 1270 720 1304 ad
743 1277 877 1311 actum,
896 1277 934 1303 ut
952 1280 1058 1315 supra
1080 1268 1218 1302 dictum
1242 1276 1296 1303 est
1317 1269 1365 1315 (q.
1389 1281 1422 1315 9.
1437 1274 1503 1304 art.
1523 1271 1582 1315 r.),
1604 1271 1694 1304 nobi-

116 1325 183 1360 lior
199 1329 260 1360 est:
283 1333 318 1359 et
339 1324 422 1371 quia
443 1323 556 1357 virtus
578 1323 708 1357 dicitur
730 1334 772 1357 ex
795 1333 852 1364 eo,
875 1322 971 1369 quod
991 1330 1044 1356 est
1062 1322 1278 1368 principium
1303 1322 1453 1368 alicujus
1475 1331 1587 1365 actus,
1610 1335 1694 1358 cum

115 1378 162 1413 sit
181 1377 357 1425 perfectio
378 1377 575 1424 potentiae,
589 1377 751 1423 sequitur
765 1376 875 1410 etiam
891 1376 988 1422 quod
1011 1376 1102 1409 ratio
1121 1375 1261 1409 virtutis
1284 1376 1402 1422 magis
1425 1385 1612 1423 competat
1628 1378 1695 1411 vir-

115 1431 250 1466 tutibus
273 1430 484 1472 moralibus,
503 1441 613 1476 quam
635 1429 824 1475 virtutibus
846 1429 1168 1464 intellectualibus:
1192 1429 1359 1476 quamvis
1381 1430 1530 1465 virtutes
1558 1431 1695 1466 intelle-

115 1483 254 1520 ctuales
275 1484 346 1519 sint
366 1483 564 1518 nobiliores
585 1483 728 1518 habitus
748 1482 972 1530 simpliciter.

183 1539 245 1573 AD
270 1548 420 1574 PR1MUM
440 1548 528 1584 ergo
547 1537 755 1580 dicendum,
775 1537 872 1584 quod
887 1537 1038 1572 virtutes
1058 1536 1215 1571 morales
1239 1545 1321 1572 sunt
1343 1537 1461 1584 magis
1480 1549 1692 1584 permanen-

112 1600 179 1635 tes,
200 1603 311 1640 quam
331 1590 608 1634 intellectuales,
630 1599 778 1638 propter
800 1591 1013 1626 exercitium
1036 1602 1163 1625 earum
1184 1590 1221 1625 in
1239 1590 1307 1633 his,
1330 1602 1422 1638 quae
1445 1592 1625 1638 pertinent
1647 1593 1692 1627 ad

112 1646 226 1681 vitam
259 1656 516 1681 communem:
544 1645 607 1680 sed
635 1644 869 1680 manifestum
897 1653 962 1687 est,
989 1644 1086 1691 quod
1114 1644 1257 1690 objecta
1284 1644 1570 1692 disciplinarum,
1599 1658 1691 1693 quae

113 1708 196 1736 sunt
221 1700 439 1742 necessaria,
467 1708 502 1735 et
527 1711 672 1746 semper
699 1699 832 1734 eodem
859 1699 972 1733 modo
1000 1710 1036 1733 se
1063 1698 1247 1741 habentia,
1274 1707 1356 1733 sunt
1382 1701 1691 1746 permanentiora‚

112 1765 223 1801 quam
245 1754 388 1801 objecta
409 1754 584 1789 virtutum
606 1753 816 1796 moralium,
838 1765 931 1800 quae
958 1761 1041 1788 sunt
1066 1753 1248 1799 quaedam
1275 1753 1505 1800 particularia
1534 1755 1690 1801 agibilia.

115 1807 227 1850 Quod
250 1816 371 1844 autem
398 1809 548 1843 virtutes
575 1807 736 1842 morales
763 1815 846 1842 sunt
872 1807 990 1853 magis
1016 1807 1244 1841 necessariae
1272 1807 1315 1841 ad
1342 1807 1454 1841 vitam
1478 1807 1692 1851 humanam,

111 1873 188 1897 non
209 1862 366 1897 ostendit
392 1873 452 1897 eas
480 1873 559 1896 esse
581 1861 780 1896 nobiliores
808 1860 1031 1908 simpliciter,
1053 1861 1116 1895 sed
1139 1860 1260 1907 quoad
1282 1861 1373 1895 hoc:
1398 1861 1604 1907 quinimmo
1626 1862 1693 1896 vir-

110 1923 206 1952 tutes
226 1915 490 1951 intellectuales
512 1914 757 1962 speculativae
785 1926 828 1949 ex
853 1915 925 1949 hoc
949 1914 1028 1960 ipso
1051 1915 1149 1961 quod
1171 1925 1246 1948 non
1269 1914 1482 1949 ordinantur
1509 1916 1552 1949 ad
1580 1916 1690 1959 aliud,

111 1969 204 2005 sicut
223 1969 310 2005 utile
333 1969 520 2004 ordinatur
542 1969 586 2004 ad
608 1968 733 2011 finem,
755 1977 838 2003 sunt
863 1968 1066 2015 digniores:
1090 1968 1162 2002 hoc
1186 1968 1284 2003 enim
1312 1969 1502 2015 contingit,
1530 1969 1613 2016 quia
1640 1981 1692 2005 se-

112 2023 272 2059 cundum
294 2035 355 2058 eas
376 2022 654 2070 quodammodo
676 2022 872 2057 inchoatur
889 2022 926 2056 in
944 2022 1049 2057 nobis
1070 2022 1269 2064 beatitudo,
1284 2034 1376 2069 quae
1396 2023 1560 2058 consistit
1577 2023 1613 2057 in
1633 2035 1692 2058 co-

112 2077 275 2125 gnitione
296 2077 469 2120 veritatis,
491 2077 586 2112 sicut
606 2087 715 2123 supra
737 2076 875 2110 dictum
898 2084 951 2110 est
974 2075 1019 2123 (q.
1039 2087 1065 2122 3.
1089 2081 1155 2111 art.
1179 2076 1242 2121 6.).

182 2130 243 2167 AD
265 2141 474 2167 SECUNDUM
496 2130 703 2173 dicendum,
726 2129 823 2177 quod
845 2130 1047 2164 secundum
1069 2129 1217 2164 virtutes
1240 2129 1398 2165 morales
1421 2130 1550 2165 dicitur
1571 2131 1688 2166 homo

110 2184 228 2221 bonus
259 2185 482 2233 simpliciter,
509 2193 545 2220 et
569 2196 644 2220 non
672 2185 873 2220 secundum
904 2183 1168 2218 intellectuales
1198 2184 1360 2226 virtutes,
1390 2195 1432 2218 ea
1454 2185 1594 2220 ratione
1618 2197 1687 2232 qua

111 2240 288 2287 appetitus
309 2247 436 2275 movet
458 2239 545 2274 alias
568 2239 749 2286 potentias
779 2238 823 2272 ad
854 2249 959 2272 suum
989 2246 1123 2280 actum,
1147 2246 1185 2272 ut
1206 2249 1313 2284 supra
1344 2238 1481 2273 dictum
1509 2247 1563 2273 est
1586 2239 1632 2285 (q.
1655 2252 1686 2286 9.

110 2298 176 2330 art.
197 2305 226 2330 1.
247 2298 279 2330 et
298 2305 328 2340 q.
345 2293 400 2341 56.
423 2299 488 2328 art.
509 2294 573 2340 3.),·
597 2292 692 2327 unde
720 2303 783 2339 per
809 2292 881 2326 hoc
909 2292 1020 2326 etiam
1046 2303 1121 2327 non
1148 2291 1332 2339 probatur,
1359 2292 1429 2326 nisi
1457 2293 1554 2339 quod
1576 2294 1687 2328 virtus

111 2346 260 2383 moralis
281 2347 327 2382 sit
347 2347 480 2382 melior
501 2346 703 2382 secundum
726 2345 822 2393 quid.

181 2400 243 2437 AD
264 2411 438 2437 TERTIUM
457 2401 663 2442 dicendum,
682 2399 779 2446 quod
798 2400 984 2446 prudentia
1002 2411 1076 2434 non
1091 2399 1212 2435 solum
1227 2399 1347 2445 dirigit
1361 2399 1510 2435 virtutes
1529 2401 1687 2436 morales

111 2453 149 2490 in
169 2454 338 2502 eligendo
360 2466 402 2490 ea
424 2466 515 2502 quae
537 2462 620 2489 sunt
649 2454 693 2488 ad
724 2453 848 2495 finem,
878 2454 940 2488 sed
970 2454 1080 2488 etiam
1110 2454 1146 2488 in
1176 2454 1447 2500 praestituendo
1478 2453 1606 2490 finem:
1635 2464 1689 2490 est

113 2515 234 2544 autem
254 2508 334 2544 finis
356 2509 639 2554 uniuscujusque
661 2507 800 2542 virtutis
824 2507 974 2542 moralis
997 2508 1173 2554 attingere
1196 2507 1359 2542 medium
1382 2507 1418 2541 in
1441 2508 1586 2554 propria
1615 2520 1688 2543 ma-

110 2561 220 2606 teria3
241 2562 338 2610 quod
360 2563 507 2609 quidem
530 2561 693 2596 medium
716 2561 976 2596 determinatur
997 2561 1197 2596 secundum
1229 2569 1366 2596 rectam
1398 2561 1578 2596 rationem
1609 2574 1687 2609 pru-

112 2614 266 2660 dentiae,
287 2624 327 2652 ut
347 2616 477 2652 dicitur
497 2617 531 2651 in
557 2627 587 2651 2.
607 2615 768 2650 Ethicor.
793 2615 880 2662 (cap.
903 2615 953 2661 6.)
977 2623 1012 2650 et
1035 2617 1069 2650 in
1091 2613 1123 2650 6.
1146 2615 1236 2662 (cap.
1259 2615 1348 2660 ult).
