1875 3198
203 209 286 249 662
621 220 844 256 QUAESTIO
879 221 1000 255 xom.
1036 221 1284 250 ARTICULUS
1319 221 1364 250 11.

203 310 450 348 cognoscunt,
467 301 620 348 qualiter
642 303 767 336 onmia
789 303 860 336 sint
882 302 1171 345 ordinatissima3
1195 314 1281 349 ergo
1304 315 1379 338 non
1398 315 1527 338 omnes
1550 311 1780 350 cognoscunt

202 356 324 402 legem
347 363 545 390 aeternam.

277 421 306 455 3.
329 409 567 444 PRAETEREA.
590 409 684 455 Aug.
713 409 800 443 dicit
820 410 855 443 in
878 409 937 443 lib.
958 409 1001 443 de
1023 409 1121 444 Vera
1142 409 1259 456 Relig.
1283 410 1372 457 (cap.
1391 423 1440 457 31.
1461 423 1527 445 non
1549 411 1642 457 longe
1663 411 1781 457 afin.)

202 463 299 509 quod
315 463 370 497 lex
382 471 527 497 aeterna
544 471 596 496 est
611 463 654 497 de
670 474 738 509 qua
751 463 921 497 homines
943 463 1103 508 judicare
1118 475 1193 498 non
1208 472 1377 509 possunt:
1393 464 1467 506 sed,
1487 466 1579 498 sicut
1596 465 1632 498 in
1651 475 1678 498 1.
1697 464 1779 499 Eth.

204 517 290 564 (cap.
308 529 336 563 3.
361 530 381 551 ιι
402 517 501 563 med.)
531 517 672 558 dicitur,
696 517 941 562 unusquisque
963 517 1054 551 bene
1074 517 1220 563 judicat,
1249 529 1340 564 quae
1368 519 1581 564 cognoscit3
1609 529 1696 564 ergo
1723 517 1781 552 lex

202 578 348 605 aeterna
370 582 443 605 non
467 579 520 605 est
542 571 646 604 nobis
669 578 767 604 nota.

274 625 349 659 SED
378 635 535 659 CONTRA
558 632 621 666 est,
645 624 742 669 quod
762 624 916 670 August.
937 624 1024 658 dicit
1045 625 1081 658 in
1104 624 1164 658 lib.
1196 636 1224 659 1.
1247 624 1291 659 de
1314 625 1392 659 Lib.
1420 625 1506 659 Arb.
1528 625 1616 672 (cap.
1644 625 1677 660 6.
1700 626 1779 660 circ.

193 680 273 725 fin.)
297 679 394 725 quod
418 686 586 712 aeternae
608 678 700 724 legis
722 678 824 712 notio
844 678 948 712 nobis
967 679 1143 724 impressa
1165 686 1229 712 est.

272 733 505 767 RESPONDEo
528 732 736 774 dicendum,
760 732 857 777 quod
881 732 1058 779 dupliciter
1077 731 1211 778 aliquid
1235 732 1412 778 cognosci
1433 740 1571 779 potest:
1593 744 1659 767 uno
1681 732 1778 767 modo

202 787 237 821 in
259 787 397 832 seipso:
421 787 486 820 ulio
510 786 604 820 modo
626 786 662 819 in
686 797 751 819 suo
781 785 922 828 effectu,
946 786 981 819 in
1005 797 1077 832 quo
1102 785 1222 832 aliqua
1249 786 1449 821 similitudo
1476 787 1552 832 ejus
1580 786 1779 820 invenitur:

200 840 292 874 sicut
315 840 443 886 aliquis
465 851 539 873 non
561 839 688 874 videns
711 838 829 873 solem
851 839 887 873 in
912 851 975 873 sua
1003 840 1202 873 substantia
1225 840 1417 885 cognoscit
1444 840 1563 886 ipsum
1591 840 1627 874 in
1654 851 1719 874 sua
1739 840 1782 873 ir-

200 894 413 928 radiatione.
443 894 545 928 Sicut
571 893 680 939 igitur
707 893 903 927 dicendum
932 902 996 936 est,
1031 893 1128 939 quod
1156 893 1278 939 legem
1302 901 1488 928 aeternam
1514 893 1635 928 nullus
1661 901 1782 939 potest

201 959 438 994 cognoscere,
454 947 655 982 secundum
671 948 766 993 quod
787 948 823 980 in
842 947 960 993 seipsa
983 955 1046 989 est,
1062 947 1131 981 nisi
1146 947 1244 981 solus
1263 947 1376 989 Deus,
1400 955 1434 982 et
1454 947 1562 989 beati,
1583 947 1646 994 qui
1659 947 1781 981 Deum

200 1013 263 1048 per
285 1003 479 1035 essentiam
503 1001 641 1035 vident:
666 1001 728 1035 sed
752 1001 872 1035 omnis
896 1009 1059 1035 creatura
1086 1001 1273 1035 rationalis
1296 1001 1414 1048 ipsam
1442 1002 1635 1048 cognoscit
1656 1013 1781 1036 secun-

199 1055 285 1089 dum
303 1055 463 1101 aliquam
482 1056 557 1101 ejus
577 1055 862 1097 irradiationem,
882 1055 940 1089 vel
960 1056 1151 1101 majorem,
1166 1055 1224 1089 vel
1237 1055 1430 1089 minorem.
1449 1055 1583 1090 Omnis
1605 1056 1703 1090 enim
1723 1066 1782 1089 co-

199 1109 312 1155 gnitio
334 1109 495 1143 veritatis
511 1117 564 1143 est
579 1109 760 1154 quaedam
780 1109 978 1151 irradiatio,
1002 1116 1035 1143 et
1058 1109 1287 1155 participatio
1309 1109 1400 1155 legis
1416 1117 1595 1152 aeternae,
1619 1120 1712 1155 quae
1727 1117 1781 1144 est

197 1163 329 1198 veritas
344 1162 667 1204 incommutabilis,
688 1170 726 1196 ut
744 1163 839 1209 Aug.
864 1162 950 1196 dicit
971 1163 1008 1196 in
1027 1162 1086 1198 lib.
1109 1163 1153 1197 de
1172 1162 1269 1197 Vera
1292 1162 1485 1209 Religione
1510 1164 1597 1210 (cap.
1622 1163 1702 1210 31.):
1725 1174 1782 1197 ve-

199 1217 342 1250 ritatem
365 1224 487 1250 autem
507 1228 636 1250 omnes
653 1215 858 1262 aliqualiter
880 1225 1120 1263 cognoscunt,
1138 1216 1181 1250 ad
1197 1216 1316 1250 minus
1339 1224 1515 1263 quantum
1539 1216 1583 1251 ad
1605 1216 1781 1263 principia

198 1271 411 1305 communia
434 1270 525 1317 legis
547 1270 738 1305 naturalis:
761 1271 797 1304 in
822 1270 899 1305 aliis
921 1283 1008 1305 vero
1037 1271 1185 1317 quidam
1213 1271 1305 1318 plus,
1328 1278 1363 1305 et
1384 1271 1533 1317 quidam
1559 1271 1679 1305 minus
1706 1282 1783 1317 par-

196 1325 348 1371 ticipant
375 1325 418 1359 de
440 1325 650 1371 cognitione
669 1325 849 1360 veritatis:
874 1333 908 1359 et
930 1326 1133 1359 secundum
1155 1325 1228 1359 hoc
1252 1325 1363 1359 etiam
1384 1324 1477 1372 plus,
1498 1324 1558 1359 vel
1579 1325 1699 1359 minus
1723 1336 1781 1358 co-

200 1387 382 1425 gnoscunt
402 1378 524 1424 legem
547 1387 745 1412 aeternam.

268 1433 328 1467 AD
356 1443 506 1467 PRIMUM
534 1443 621 1478 ergo
651 1433 858 1475 dicendum,
886 1433 983 1479 quod
1019 1444 1060 1467 ea
1091 1445 1183 1479 quae
1211 1441 1293 1467 sunt
1314 1433 1397 1475 Dei,
1419 1433 1456 1466 in
1478 1433 1604 1479 seipsis
1632 1432 1780 1479 quidem

196 1486 372 1533 cognosci
406 1498 425 1520 a
455 1487 559 1520 nobis
590 1497 664 1520 non
694 1495 856 1532 possunt,
888 1487 951 1521 sed
984 1495 1108 1521 tamen
1136 1487 1170 1520 in
1200 1486 1385 1521 effectibus
1408 1487 1481 1521 suis
1503 1487 1609 1520 nobis
1632 1486 1781 1521 manife-

196 1548 345 1582 stantur,
368 1540 570 1574 secundum
592 1539 679 1573 illud
702 1540 810 1574 Rom.
839 1551 886 1574 1.:
910 1541 1103 1575 Invisibilia
1122 1542 1189 1576 Dei
1205 1547 1267 1586 per
1288 1551 1337 1582 ea,
1361 1552 1443 1586 quae
1458 1541 1556 1586 sacta
1576 1545 1663 1583 sunt,
1685 1540 1780 1575 intel-

195 1595 275 1630 lecta
298 1595 559 1641 conspiciuntur.

267 1649 327 1682 AD
351 1658 560 1683 SECUNDUM
584 1647 790 1690 dicendum,
813 1648 911 1694 quod
934 1647 1054 1694 legem
1079 1656 1265 1682 aeternam
1289 1648 1355 1682 etsi
1377 1647 1624 1694 unusquisque
1647 1658 1782 1693 cogno-

195 1710 272 1736 scat
301 1713 366 1748 pro
401 1713 464 1735 sua
501 1701 701 1747 capacitate
729 1702 932 1735 secundum
960 1702 1113 1735 modum
1137 1701 1387 1747 praedictum3
1409 1700 1530 1736 nullus
1551 1709 1676 1735 tamen
1698 1712 1781 1735 eam

195 1755 506 1802 comprehendere
534 1763 674 1801 potest:
703 1766 778 1789 non
806 1757 903 1789 enim
931 1755 1091 1789 totaliter
1118 1755 1341 1789 manifestari
1368 1761 1488 1801 potest
1509 1766 1572 1800 per
1593 1766 1678 1789 suos
1701 1754 1783 1789 effe-

195 1818 272 1845 ctus
289 1823 296 1852 3
320 1818 353 1844 et
375 1809 458 1844 ideo
478 1820 552 1843 non
568 1816 723 1855 oportet,
740 1810 837 1855 quod
857 1809 1078 1855 quicumque
1099 1809 1290 1855 cognoscit
1305 1808 1425 1855 legem
1442 1817 1638 1851 aeternam,
1657 1820 1782 1843 secun-

194 1865 281 1899 dum
304 1864 457 1898 modum
479 1863 717 1909 praedictum,
742 1871 943 1909 cognoscat
964 1871 1082 1898 totum
1106 1863 1272 1897 ordinem
1294 1874 1429 1905 rerum,
1452 1874 1524 1909 quo
1548 1863 1672 1897 omnia
1699 1871 1781 1897 sunt

195 1918 476 1952 ordinatissima.

266 1973 325 2007 AD
349 1982 522 2006 TERTIUM
545 1971 753 2013 dicendum,
769 1971 867 2017 quod
886 1971 1046 2016 judicare
1063 1971 1105 2005 de
1125 1970 1248 2017 aliquo
1272 1978 1391 2017 potest
1412 1969 1566 2016 intelligi
1588 1970 1778 2017 dupliciter:

193 2038 258 2060 nizo
282 2026 388 2068 modo,
414 2026 506 2059 sicut
531 2025 584 2058 vis
613 2026 798 2070 cognitiva
825 2025 999 2070 dijudicat
1026 2025 1068 2058 de
1096 2025 1244 2071 proprio
1273 2025 1431 2070 obiecto,
1461 2024 1664 2058 secundum
1691 2023 1780 2058 illud

188 2080 255 2125 Job
284 2090 353 2115 12.:
376 2080 495 2114 Nonne
517 2080 728 2113 anrisvcrlm
743 2078 918 2125 dijudicat,
940 2079 1095 2124 ctfuzcces
1114 2078 1310 2113 commentis
1325 2079 1503 2125 saporam?
1526 2086 1560 2113 et
1578 2078 1780 2113 secundum

192 2134 302 2168 istum
334 2133 486 2167 modum
513 2132 638 2178 judicii
668 2132 915 2178 Philosophus
945 2133 1030 2166 dicit
1063 2132 1137 2176 (mr.
1166 2145 1193 2167 Ι.
1222 2133 1329 2167 Ethic.
1358 2138 1431 2179 cap.
1449 2144 1477 2179 3.
1503 2144 1523 2166 α
1544 2132 1656 2176 med),
1682 2131 1779 2178 quod

193 2187 440 2234 unusquisque
462 2187 553 2220 bene
582 2187 754 2231 dijudicat
782 2198 873 2232 quae
897 2187 1100 2231 cognoscit,
1123 2186 1318 2232 judicando
1346 2185 1486 2221 scilicet
1507 2198 1552 2220 an
1573 2186 1618 2220 sit
1639 2197 1779 2228 verum,

192 2242 290 2289 quod
321 2241 551 2288 proponitur:
587 2241 653 2274 cilio
687 2240 796 2282 modo,
826 2241 1029 2275 secundum
1056 2241 1153 2286 quod
1188 2240 1354 2286 superior
1386 2240 1521 2286 judicat
1547 2240 1591 2274 de
1618 2239 1780 2274 inferiori

192 2296 354 2343 quodam
369 2295 530 2342 practico
545 2294 692 2340 judicio,
709 2306 753 2328 an
772 2294 911 2328 scilicet
933 2294 980 2328 ita
1004 2294 1133 2328 debeat
1153 2305 1242 2336 esse,
1264 2294 1323 2328 vel
1345 2305 1419 2328 non
1441 2295 1506 2337 ita;
1529 2301 1564 2328 et
1585 2293 1635 2328 sic
1659 2293 1779 2328 nullus

192 2359 311 2397 potest
332 2350 492 2396 judicare
515 2350 558 2384 de
581 2349 662 2395 lege
686 2357 842 2383 aeterna.

752 2508 1099 2553 ARTICULUS
1130 2509 1208 2552 HI.
1599 2481 1601 2483 ¹
1707 2531 1777 2568 494

391 2620 545 2650 UTRUM
580 2619 714 2649 OMNIS
749 2619 833 2648 LEX
868 2619 893 2647 A
927 2619 1039 2648 LEGE
1073 2618 1276 2648 AETERNA
1309 2618 1576 2648 DERIVETUR.

263 2726 323 2761 AD
347 2737 518 2761 'rERTiuM
541 2726 591 2760 sic
615 2725 831 2772 proceditur.
855 2725 1018 2768 Videtur,
1042 2726 1138 2772 quod
1162 2736 1236 2759 non
1259 2726 1379 2759 omnis
1401 2724 1458 2758 lex
1481 2736 1500 2758 a
1522 2723 1602 2771 lege
1626 2731 1774 2758 aeterna

191 2780 387 2814 derivetur:
409 2788 462 2814 est
484 2780 581 2814 enim
609 2779 789 2825 quaedam
812 2779 863 2813 lex
882 2780 1021 2823 immitis,
1047 2787 1084 2813 ut
1106 2790 1212 2825 supra
1235 2778 1373 2812 dictum
1397 2786 1450 2812 est
1471 2778 1519 2824 (q.
1543 2790 1593 2825 91.
1621 2783 1686 2813 art.
1711 2777 1774 2824 6.),

190 2834 267 2879 ipsa
290 2841 411 2868 autem
435 2845 508 2867 non
532 2834 712 2868 derivatur
732 2845 751 2867 a
773 2833 853 2879 lege
873 2833 1005 2875 diviua,
1028 2845 1120 2879 quae
1140 2841 1194 2867 est
1212 2832 1267 2866 lex
1287 2840 1450 2867 aeterna:
1475 2832 1518 2866 ad
1538 2832 1655 2879 ipsam
1677 2831 1773 2866 enim

190 2888 345 2934 pertinet
366 2888 554 2934 prudentia
578 2887 707 2928 carnis,
731 2887 774 2921 de
797 2898 867 2933 qua
890 2887 1091 2933 Apostolus
1114 2887 1199 2920 dicit
1222 2886 1330 2920 Rom.
1353 2886 1384 2920 8.
1409 2886 1506 2932 quod
1534 2886 1596 2932 lugi
1617 2886 1684 2921 Dei
1709 2896 1774 2919 non

182 2946 286 2987 potest
306 2954 367 2976 essa
387 2943 553 2987 subjectam
578 2952 666 2986 ergo
688 2952 762 2975 non
785 2942 905 2975 omnis
927 2940 984 2974 lex
1007 2940 1171 2986 procedit
1195 2952 1213 2973 a
1236 2940 1316 2986 lege
1340 2948 1497 2974 aeterna.
