1875 3198
161 156 246 198 886
580 160 802 198 QUAEsTIO
837 158 954 188 cmv.
987 153 1234 185 ARTICULUS
1268 152 1326 181 1x.

232 251 292 284 AD
320 257 528 283 SECUNDUM
551 244 757 285 dicendum,
773 240 870 288 quod
892 235 1172 286 perseverantia,
1187 244 1280 280 quae
1299 232 1366 267 erit
1386 231 1422 265 in
1445 229 1573 276 gloria,
1592 239 1739 275 compa-

161 313 258 339 ratur
280 303 324 338 ad
347 309 492 336 motum
513 299 617 334 liberi
639 296 774 332 arbitrii
796 292 1037 332 meritorium,
1060 290 1153 324 sicut
1173 287 1360 328 terminus,
1382 295 1458 319 non
1480 290 1603 318 autem
1622 293 1739 329 perse-

161 358 323 394 verantia
344 356 436 398 viae,
457 354 598 389 ratione
624 350 811 398 praedicta
834 348 887 393 (in
910 352 1000 392 corp.
1022 344 1117 389 art).

234 412 278 446 Et
299 409 463 446 similiter
485 406 679 442 dicendum
703 412 756 439 est
775 413 826 437 AD
849 409 1022 435 TERTmM
1046 398 1088 432 de
1112 402 1310 442 augmento
1333 394 1482 440 gratiae,
1500 398 1540 426 ut
1557 401 1621 437 per
1642 400 1741 436 prae-

164 468 259 503 dicta
280 473 378 512 patet
399 462 497 508 (ibid.
522 467 548 496 et
570 466 634 495 art.
654 456 799 505 praem).

732 595 1080 644 ARTICULUS
1114 594 1170 637 X.
1674 597 1742 645 619

376 714 528 745 UTRUM
561 709 842 741 TEMPORALIA
877 706 995 737 BONA
1029 703 1209 734 CADANT
1244 701 1322 730 SUB
1350 697 1532 728 MERITO.

697 798 781 843 (2-2.
805 810 834 844 q.
857 808 924 831 121.
948 799 1011 829 art.
1031 805 1058 839 5.
1083 791 1126 827 ad
1147 792 1210 837 4.).

242 897 300 931 AD
324 903 501 929 DECIMUM
531 891 580 926 sic
603 889 821 937 proceditur.
844 886 1006 926 Videtur,
1034 882 1132 930 quod
1158 878 1376 927 temporalia
1401 878 1499 912 bona
1525 874 1657 910 cadant
1681 872 1746 907 sub

170 951 319 986 merito:
348 948 434 982 illud
458 946 567 987 enim,
595 944 692 991 quod
714 941 936 990 promittitur
959 937 1136 984 aliquibus
1163 943 1202 970 ut
1227 932 1433 981 praemium
1458 929 1626 977 justitiae,
1653 926 1749 961 cadit

171 1006 234 1041 sub
263 1003 412 1038 merito:
442 1001 505 1036 sed
526 997 743 1046 temporalia
764 997 861 1031 bona
888 993 1069 1041 promissa
1090 998 1173 1026 sunt
1193 989 1230 1023 in
1256 987 1338 1034 lege
1359 985 1473 1021 veteri
1494 984 1588 1019 sicut
1607 991 1749 1016 merces

171 1059 338 1106 justitiae,
361 1066 399 1091 ut
420 1063 519 1102 patet
539 1054 647 1088 Deut.
672 1052 747 1094 28.;
771 1061 858 1096 ergo
880 1048 1033 1089 videtur,
1055 1044 1153 1092 quod
1174 1044 1273 1078 bona
1293 1038 1511 1087 temporalia
1533 1036 1665 1072 cadant
1685 1034 1748 1069 sub

172 1114 314 1149 merito.

244 1178 274 1202 2.
291 1167 529 1201 PRAETEREA.
544 1162 637 1197 Illud
659 1160 800 1195 videtur
822 1158 885 1193 sub
911 1156 1040 1191 merito
1063 1153 1206 1195 cadere,
1221 1151 1319 1198 quod
1339 1150 1440 1184 Deus
1463 1147 1572 1182 alicui
1589 1144 1752 1180 retribuit

173 1234 237 1270 pro
261 1221 382 1268 aliquo
405 1218 564 1260 servitio,
587 1215 685 1263 quod
707 1214 808 1249 fecit:
832 1212 893 1247 sed
916 1212 1016 1245 Deus
1040 1207 1237 1254 aliquando
1260 1209 1518 1250 recompensat
1537 1198 1750 1235 hominibus

174 1289 238 1324 pro
262 1275 406 1311 servitio
426 1273 494 1308 sibi
510 1271 606 1306 facto
628 1270 747 1316 aliqua
769 1268 865 1302 bona
883 1263 1122 1311 temporalia:
1145 1261 1276 1295 dicitur
1298 1259 1397 1294 enim
1418 1255 1533 1291 Exod.
1555 1265 1600 1289 1.:
1616 1253 1662 1288 Et
1675 1252 1754 1298 quia

176 1333 356 1367 timuerunt
379 1328 559 1363 obstetrices
580 1326 704 1367 Deum,
727 1323 917 1366 aedificavit
939 1320 1004 1354 illis
1024 1318 1147 1359 domos,
1168 1323 1248 1359 etc„
1266 1314 1328 1349 ubi
1351 1312 1454 1348 Glos.
1474 1311 1586 1357 Greg.
1605 1309 1681 1355 (lib.
1704 1307 1754 1343 18.

176 1385 301 1420 Mor-al.
329 1389 400 1430 cap.
434 1393 465 1427 4.
494 1385 570 1415 ante
596 1379 695 1424 mad.)
731 1377 827 1419 dicit,
850 1374 949 1422 quod
975 1370 1208 1418 benignitatis
1235 1380 1362 1404 earum
1391 1376 1534 1401 merces
1569 1362 1686 1410 potuit
1719 1361 1757 1395 in

177 1449 322 1475 aeterna
343 1439 417 1473 vita
438 1435 605 1478 retribui3
628 1433 689 1468 sed
713 1432 819 1479 culpa
841 1428 1025 1465 mendacii
1045 1436 1228 1462 terrenam
1247 1420 1636 1469 recompensationem
1658 1426 1745 1451 acce

178 1495 238 1542 pit.
262 1494 304 1528 Et
325 1492 456 1527 Ezech.
480 1501 535 1537 29.
559 1489 706 1524 dicitur:
731 1488 801 1523 Rex
827 1484 1006 1530 Babylonis
1028 1482 1152 1517 servire
1171 1480 1255 1526 fecit
1276 1478 1456 1513 exercitum
1480 1485 1578 1509 sumn
1603 1472 1759 1507 servitute

178 1560 301 1595 magna
323 1547 479 1582 adversus
499 1545 638 1591 Tyrum,
652 1548 679 1577 ct
699 1552 817 1576 marces
831 1551 898 1574 non
916 1543 958 1573 est
977 1536 1105 1572 reddita
1120 1536 1170 1575 ei,
1192 1541 1227 1568 et
1244 1540 1374 1579 postea
1392 1528 1527 1565 subdit:
1543 1527 1623 1562 Erit
1639 1535 1760 1560 merces

179 1604 336 1639 tvm-citui
358 1602 458 1643 illius,
481 1604 510 1634 ct
531 1598 602 1633 dadi
620 1599 648 1632 ei
671 1601 795 1631 terram
817 1593 1046 1640 Aegypti‚pro
1069 1602 1106 1624 eo
1123 1587 1209 1635 quod
1224 1586 1430 1622 laboraverit
1442 1583 1540 1623 mihi}
1561 1591 1649 1627 ergo
1663 1579 1760 1613 bona

180 1657 397 1705 temporalia
419 1655 553 1690 cadunt
575 1653 638 1688 sub
658 1650 802 1685 merito.
1454 1663 1455 1666 η

257 1726 286 1760 3.
319 1713 559 1747 PRAETEREA.
589 1708 690 1742 Sicut
714 1706 854 1740 bonum
881 1714 919 1737 se
944 1700 1057 1736 habet
1079 1699 1123 1733 ad
1145 1696 1330 1737 meritum,
1351 1694 1401 1728 ita
1422 1690 1564 1727 malum
1589 1700 1628 1724 se
1653 1687 1764 1722 habet

183 1768 226 1803 ad
252 1766 487 1802 demeritum:
511 1763 573 1798 sed
596 1769 742 1809 propter
769 1757 988 1793 demeritum
1010 1754 1152 1801 peccati
1175 1749 1286 1797 aliqui
1312 1747 1510 1796 puniuntur
1532 1755 1552 1778 a
1571 1743 1655 1778 Deo
1676 1749 1765 1776 tem-

182 1821 365 1870 poralibus
380 1819 527 1866 poenis3
549 1817 642 1851 sicut
663 1822 762 1861 patet
777 1813 820 1847 de
837 1809 1052 1850 Sodomitis,
1070 1807 1162 1842 Gen.
1183 1817 1257 1853 19.;
1273 1813 1360 1849 ergo
1376 1809 1412 1836 et
1426 1800 1526 1835 bona
1545 1794 1764 1844 temporalia

186 1876 319 1911 cadunt
339 1875 403 1910 sub
427 1872 570 1908 merito.

257 1930 332 1965 SED
356 1938 512 1964 CONTRA
527 1933 591 1968 est,
611 1923 709 1971 quod
727 1921 789 1956 illa
809 1931 900 1967 quae
920 1918 1054 1953 cadunt
1070 1916 1133 1951 sub
1151 1913 1294 1954 merito,
1309 1922 1384 1945 non
1403 1907 1567 1944 similiter
1581 1917 1619 1941 se
1632 1903 1768 1939 habent

188 1985 231 2020 ad
254 1995 401 2019 omnes:
424 1981 487 2017 sed
513 1981 610 2014 bona
636 1975 867 2024 temporaiia,
891 1982 925 2008 et
952 1972 1051 2007 mala
1078 1968 1244 2005 similiter
1271 1977 1309 2001 se
1335 1964 1472 1999 habent
1498 1961 1542 1996 ad
1574 1960 1705 2001 bonos,
1733 1965 1767 1992 et

188 2039 318 2080 malos,
340 2036 542 2072 secundum
564 2033 652 2069 illud
671 2030 791 2066 Eccle.
813 2041 866 2077 9.:
893 2029 1060 2063 Universa
1075 2036 1174 2070 aeque
1195 2022 1352 2058 eveniunt
1369 2021 1472 2065 justo,
1488 2021 1516 2052 et
1535 2015 1655 2062 impio,
1671 2014 1768 2054 bono,

189 2100 218 2129 ct
237 2093 336 2135 malo,
358 2090 493 2133 mundo,
516 2094 546 2124 et
567 2085 752 2128 immundo,
777 2083 964 2118 immolanti
981 2082 1152 2121 victimas,
1176 2082 1206 2113 et
1225 2074 1392 2121 sacrificia
1414 2069 1654 2109 contemnenti;
1679 2076 1766 2112 ergo

189 2149 286 2182 bona
307 2144 524 2192 temporalia
545 2154 620 2177 non
641 2141 774 2175 cadunt
796 2139 859 2173 sub
883 2136 1027 2171 merito.

263 2202 494 2236 RESPONDEO
515 2195 722 2237 dicendum,
745 2192 842 2240 quod
863 2191 964 2233 illud,
987 2188 1085 2236 quod
1107 2187 1171 2222 sub
1195 2183 1326 2220 merito
1350 2181 1458 2223 cadit,
1480 2186 1534 2214 est
1554 2174 1772 2225 praemium,

192 2256 250 2291 vel
272 2266 426 2297 merces,
449 2253 547 2300 quod
568 2250 680 2286 habet
705 2248 886 2282 rationem
915 2244 1065 2290 alicujus
1086 2240 1193 2276 boni:
1215 2239 1356 2273 bonum
1383 2242 1507 2270 autem
1532 2229 1694 2266 hominis
1721 2235 1774 2262 est

194 2311 335 2358 dufflem
358 2320 461 2344 unum
483 2305 708 2353 simpliciter,
731 2301 824 2337 aliud
846 2299 1048 2335 secundum
1071 2295 1167 2343 quid.
1202 2294 1348 2328 Bonum
1376 2286 1540 2324 hominis
1562 2282 1774 2330 simpliciter

196 2373 248 2400 est
269 2364 418 2399 ultimus
439 2361 520 2396 finis
542 2362 630 2406 ejus,
652 2356 854 2393 secundum
879 2353 968 2388 illud
990 2352 1048 2386 Ps.
1072 2360 1148 2397 72.:
1172 2348 1261 2384 Mihi
1282 2350 1392 2381 autam
1419 2342 1598 2378 adhaerere
1622 2339 1696 2374 Deo
1723 2337 1777 2371 bo-

198 2432 277 2453 num
299 2423 362 2459 est‚·
387 2425 421 2451 et
442 2427 505 2463 per
528 2422 755 2459 consequens
778 2408 903 2444 omnia
925 2406 998 2449 illa,
1021 2416 1113 2452 quae
1137 2402 1350 2438 ordinantur
1368 2406 1408 2433 ut
1425 2394 1594 2431 ducentia
1616 2391 1661 2427 ad
1677 2391 1776 2425 hunc

199 2474 328 2507 finem:
348 2480 383 2506 et
404 2471 486 2506 talia
511 2468 710 2516 simpliciter
736 2463 858 2500 cadunt
882 2463 939 2497 sulz
968 2461 1107 2495 marito:
1133 2458 1274 2492 bonum
1301 2461 1424 2488 autem
1450 2448 1653 2485 secundum
1679 2443 1776 2492 quid,

200 2535 234 2561 et
255 2538 329 2561 non
350 2524 564 2572 simpliciter
586 2519 749 2556 hominis
772 2526 836 2560 est,
863 2515 961 2563 quod
985 2523 1037 2549 est
1057 2515 1197 2548 bonum
1217 2510 1250 2545 ei
1271 2516 1310 2543 ut
1331 2518 1440 2549 nunc,
1466 2503 1526 2539 vel
1551 2500 1649 2550 quod
1671 2499 1704 2534 ei
1725 2505 1779 2533 est

201 2580 401 2616 secundum
423 2578 509 2626 quid
529 2578 685 2612 bonum:
709 2582 745 2609 et
764 2570 976 2619 hujusmodi
998 2579 1073 2603 non
1089 2566 1223 2602 cadunt
1242 2564 1306 2599 sub
1323 2561 1454 2596 merito
1473 2556 1697 2604 simpliciter,
1715 2551 1779 2588 sed

202 2634 404 2670 secundum
427 2632 523 2679 quid.
547 2629 758 2665 Secundum
776 2627 849 2661 hoc
872 2635 961 2669 ergo
981 2621 1178 2657 dicendum
1197 2627 1261 2661 est,
1280 2616 1378 2664 quod
1397 2615 1427 2650 si
1443 2609 1662 2659 temporalia
1682 2607 1780 2642 bona

203 2688 487 2729 considerentur,
509 2693 617 2732 prout
638 2691 721 2719 sunt
742 2681 844 2716 utilia
867 2678 910 2713 ad
933 2689 1044 2725 opera
1065 2676 1252 2715 virtutum,
1271 2670 1401 2718 quibus
1425 2665 1657 2714 perducimur
1678 2662 1715 2696 in
1733 2660 1783 2694 vi-

202 2751 279 2777 tam
302 2749 498 2783 aeternam,
521 2738 724 2774 secundum
741 2736 814 2770 hoc
829 2734 976 2774 directe,
995 2739 1031 2765 et
1049 2728 1263 2776 simpliciter
1285 2724 1419 2760 cadunt
1437 2721 1501 2757 sub
1517 2718 1667 2760 merito;
1689 2715 1782 2750 sicut

205 2806 240 2832 et
255 2803 492 2842 augmentum
507 2793 655 2841 gratiae,
671 2800 706 2826 et
720 2789 845 2825 omnia
857 2787 930 2829 illa,
942 2785 1071 2833 quibus
1086 2784 1202 2818 homo
1223 2781 1412 2826 adjuvatur
1432 2776 1476 2810 ad
1495 2769 1781 2822 perveniendum

206 2852 242 2885 in
261 2849 523 2885 beatitudinem
545 2855 627 2894 post
644 2846 801 2893 primam
824 2841 995 2889 gratiam:
1017 2846 1161 2873 tantum
1183 2835 1282 2871 enirn
1303 2832 1365 2867 dat
1385 2831 1486 2866 Deus
1508 2827 1594 2863 viris
1615 2823 1716 2872 justis
1739 2822 1783 2856 de

204 2905 310 2939 bonis
331 2901 604 2949 temporalibus,
624 2908 658 2934 et
679 2900 789 2934 etiam
809 2897 852 2932 de
872 2887 989 2936 m'alis,
1005 2900 1182 2939 quantum
1201 2889 1252 2925 eis
1273 2885 1417 2933 expedit
1436 2883 1479 2919 ad
1498 2877 1785 2930 perveniendum
