1907 3198
521 162 745 199 QUAESTIO
780 162 850 193 XV.
884 160 1132 191 ARTICULUS
1166 160 1224 190 1V.
1578 159 1653 203 131

79 247 358 286 delectationem
386 244 618 292 cogitationis
645 244 800 291 pertinet
821 243 865 278 ad
888 243 1068 278 rationem
1096 241 1319 284 inferiorem,
1346 241 1440 276 sicut
1467 241 1511 276 ad
1538 241 1658 288 ipsam

78 303 230 352 pertinet
251 300 432 347 cogitare:
456 307 492 334 et
508 308 632 334 tamen
651 298 695 333 de
717 298 789 333 hoc
811 298 891 345 ipso
913 297 1011 344 quod
1034 305 1088 331 est
1102 298 1259 342 cogitare,
1276 294 1334 330 vel
1349 308 1414 330 non
1437 296 1594 341 cogitare,
1612 295 1661 329 in-

79 364 252 406 quantum
280 353 529 389 consideratur
555 361 593 387 ut
620 352 716 387 actio
744 351 938 399 quaedam,
966 351 1077 385 habet
1102 350 1279 397 judicium
1301 350 1468 397 superior
1490 350 1601 384 ratio:
1625 357 1660 384 et

78 410 241 448 similiter
254 408 298 443 de
313 408 555 443 delectatione
572 414 837 454 consequente:
854 406 916 441 sed
931 406 1148 452 inquantum
1166 405 1342 451 accipitur
1361 412 1398 439 ut
1417 404 1460 438 ad
1477 404 1661 439 actionem

79 465 187 501 aliam
213 463 432 505 ordinatum,
455 463 505 496 sic
529 462 684 509 pertinet
706 461 749 495 ad
772 460 983 495 inferiorem
1011 460 1203 494 rationem.
1235 458 1347 500 Quod
1375 459 1473 493 enim
1497 458 1540 493 ad
1564 458 1661 493 aliud

78 519 274 560 ordinatur,
297 516 340 550 ad
359 515 570 551 inferiorem
592 523 719 558 artem,
741 514 801 549 vel
822 516 1025 561 potentiam
1048 513 1213 561 pertinet,
1236 525 1346 560 quam
1368 513 1461 555 finis,
1485 512 1529 547 ad
1551 524 1662 559 quem

78 572 274 614 ordinatur,
296 571 391 605 unde
415 582 482 613 ars,
505 582 597 617 quae
625 577 679 604 est
706 569 748 604 de
773 569 854 611 fine,
882 569 1152 610 architae-Ionica,
1181 579 1244 602 seu
1268 567 1471 615 principalis
1497 574 1660 601 vocatur.

148 626 208 661 AD
230 636 440 662 SECUNDUM
458 625 666 667 dicendum,
681 624 778 671 quod
794 624 878 671 quia
894 623 1056 658 actiones
1080 624 1248 658 dicuntur
1271 622 1511 664 voluntariae,
1527 633 1569 656 ex
1589 622 1661 656 hoc

78 680 174 729 quod
196 680 247 715 eis
270 679 532 722 consentimus,
554 691 629 714 non
650 686 807 725 oportet,
829 678 927 725 quod
956 689 1156 712 consensus
1179 677 1224 712 sit
1246 676 1438 723 cujuslibet
1465 676 1662 723 potentiae,

78 734 140 771 sed
160 733 370 777 voluntatis,
394 745 413 768 a
435 745 506 781 qua
528 733 659 769 dicitur
684 732 946 775 voluntarium,
969 743 1061 779 quae
1089 740 1143 767 est
1164 732 1201 766 in
1228 732 1381 774 ratione,
1404 731 1498 766 sicut
1524 731 1662 765 dictum

79 797 133 826 est
159 788 205 836 (q.
228 788 261 825 6.
281 793 345 824 art.
364 789 420 833 1.).

149 843 209 878 AD
224 853 398 879 TERTIUM
421 842 629 886 dicendum,
652 842 750 889 quod
766 842 859 877 ratio
874 841 1040 887 superior
1062 841 1192 876 dicitur
1207 840 1425 882 consentire,
1447 851 1522 874 non
1541 838 1663 875 solum

77 897 162 946 quia
182 897 385 933 secundum
400 897 560 932 rationes
581 906 746 932 aeternas
765 907 910 943 semper
924 903 1050 930 movet
1066 895 1128 941 [al.
1145 895 1312 942 movetur]
1331 895 1374 930 ad
1390 894 1586 943 agendum,
1601 894 1662 929 scd

15 950 17 954 '
78 951 189 988 etiam
209 951 294 1000 quia
316 951 519 987 secundum
542 952 702 987 rationes
721 959 886 987 aeternas
907 962 982 986 non
1005 950 1179 985 dissentit.

589 1204 950 1267 QUAESTIO
991 1203 1128 1251 XVI.

397 1332 462 1364 DE
489 1331 596 1371 USU,
626 1331 711 1372 QUI
738 1331 825 1363 EST
850 1330 1002 1362 ACTUS
1028 1330 1346 1370 VOLUNTATIS,

233 1404 286 1436 IN
312 1403 690 1436 COMPARATIONE
717 1403 901 1442 EORUM,
932 1402 1063 1443 QUAE
1089 1403 1215 1435 SUNT
1240 1403 1306 1434 AD
1334 1403 1504 1451 FINEM,

466 1477 518 1508 IN
545 1475 777 1517 QUATUOR
796 1475 1063 1509 ARTICULOS
1089 1475 1266 1507 DIVISA.

149 1600 292 1637 Deinde
315 1600 623 1636 considerandum
645 1607 699 1636 est
719 1599 763 1635 de
786 1611 864 1635 usu.

544 1692 591 1728 Et
611 1693 704 1728 circa
725 1692 784 1727 hoc
806 1696 1017 1739 quaeruntur
1037 1696 1193 1738 quatuor.

149 1763 288 1799 Primo.
311 1763 446 1800 Utrum
468 1764 520 1799 uti
541 1764 586 1799 sit
607 1772 709 1799 actus
731 1763 941 1799 voluntatis.

150 1818 334 1854 Secundo.
362 1819 497 1855 Utrum
520 1819 716 1855 conveniat
737 1819 849 1854 brutis
873 1818 1103 1854 animalibus.

153 1872 294 1908 Tertio.
317 1873 452 1909 Utrum
474 1874 519 1909 sit
538 1881 682 1909 tantum
705 1885 835 1908 eorum
857 1885 950 1920 quae
972 1881 1058 1908 sunt
1080 1872 1124 1908 ad
1146 1872 1270 1916 finem,
1292 1872 1351 1908 vel
1373 1873 1484 1909 etiam
1506 1873 1598 1908 finis.

152 1927 308 1970 Quarto.
331 1929 388 1964 De
411 1928 539 1964 ordine
558 1940 644 1964 usus
668 1928 712 1963 ad
735 1927 969 1963 electionem.

665 2053 1017 2101 ARTICULus
1051 2054 1084 2098 Ι.
1620 2077 1662 2114 91

448 2153 604 2184 UTRUM
627 2153 705 2184 UTI
733 2153 801 2183 SIT
825 2153 970 2183 ACTUS
998 2152 1299 2183 VOLUNTATIS.

625 2225 671 2270 (1.
694 2226 786 2261 Dist.
809 2237 836 2260 1.
860 2236 890 2271 q.
912 2236 940 2259 1.
964 2228 1028 2259 art.
1051 2224 1110 2268 2.).

151 2307 212 2344 AD
226 2319 377 2344 PRIMUM
392 2308 443 2343 sic
457 2309 676 2356 proceditur.
700 2308 865 2352 Videtur,
888 2308 986 2356 quod
1006 2308 1057 2343 uti
1070 2319 1146 2343 non
1165 2307 1210 2342 sit
1225 2316 1326 2342 actus
1341 2306 1558 2343 voluntatis:
1581 2307 1668 2343 dicit

0 2355 1 2363 ἵ
16 2365 34 2409 ⁷„
81 2362 179 2398 enim
193 2363 348 2410 August.
363 2363 400 2398 in
418 2374 446 2398 1.
462 2363 506 2398 de
521 2364 649 2398 Doctr.
666 2363 802 2398 Christ.
819 2363 908 2411 (cap.
931 2375 964 2409 4.
988 2364 1145 2410 inprinc.
1161 2369 1191 2399 et
1204 2363 1260 2398 lib.
1276 2375 1327 2399 10.
1343 2363 1380 2398 de
1405 2363 1502 2398 Trin.
1525 2369 1598 2410 cap.
1614 2376 1666 2399 10.

27 2430 29 2434 ⁴
81 2418 256 2465 aprina),
280 2417 378 2465 quod
401 2418 453 2453 uti
475 2426 528 2453 est
549 2418 584 2452 id
607 2418 705 2465 quod
731 2418 768 2452 in
793 2430 900 2454 usum
922 2418 1032 2460 venit,
1055 2417 1099 2452 ad
1127 2417 1224 2452 aliud
1251 2417 1491 2452 obtinendum
1515 2417 1665 2452 referre:

81 2470 143 2506 sed
164 2471 295 2507 referre
318 2471 454 2520 aliquid
477 2472 521 2507 ad
544 2471 641 2507 aliud
665 2480 719 2507 est
742 2473 904 2515 rationis,
923 2473 1024 2519 cujus
1041 2480 1094 2507 est
1113 2471 1290 2515 conferre,
1311 2480 1346 2507 et
1364 2472 1553 2516 ordinare3
1576 2483 1664 2519 ergo

81 2524 134 2560 uti
153 2533 206 2561 est
227 2534 328 2562 actus
351 2527 514 2570 rationis,
536 2538 611 2561 non
634 2538 724 2573 ergo
748 2526 957 2562 voluntatis.

152 2590 184 2615 2.
206 2580 445 2617 PRAETEREA.
464 2581 639 2616 Damasc.
663 2582 750 2616 dicit
772 2582 848 2627 (lib.
876 2594 907 2617 2.
931 2581 1027 2617 Orth.
1047 2580 1122 2616 Fid.
1142 2587 1214 2628 cap.
1237 2581 1322 2627 22),
1347 2581 1444 2628 quod
1466 2581 1584 2615 homo
1604 2581 1667 2615 im-

83 2641 205 2680 petum
219 2634 306 2670 facit
324 2636 367 2670 ad
383 2637 649 2683 operationem,
673 2644 708 2670 et
729 2636 860 2671 dicitur
874 2637 1050 2682 impetus:
1073 2635 1204 2670 deinde
1224 2635 1345 2678 utitur,
1362 2643 1396 2670 et
1412 2635 1541 2670 dicitur
1564 2647 1665 2670 usus:

84 2687 145 2723 sed
167 2689 331 2736 operatio
353 2690 509 2737 pertinet
531 2690 574 2724 ad
596 2690 799 2736 potentiam
823 2691 1070 2725 executivam:
1101 2698 1202 2724 actus
1225 2699 1346 2725 autem
1371 2689 1569 2724 voluntatis
1592 2702 1665 2724 non

85 2743 243 2790 sequitur
258 2752 380 2779 actum
400 2744 611 2779 executivae
625 2745 820 2793 potentiae,
837 2745 899 2780 sed
920 2745 1085 2780 executio
1102 2753 1155 2780 est
1169 2745 1358 2787 ultimum3
1381 2756 1469 2791 ergo
1493 2757 1576 2779 usus
1592 2756 1666 2779 non

86 2803 139 2832 est
159 2805 260 2833 actus
280 2797 490 2833 voluntatis.

161 2862 190 2898 3.
210 2851 449 2888 PRAETEREA.
473 2853 627 2900 August.
656 2852 743 2888 dicit
764 2854 799 2888 in
822 2853 882 2888 lib.
907 2854 962 2900 83.
993 2853 1083 2895 QQ.
1107 2855 1155 2900 (q.
1176 2867 1226 2901 30.
1252 2854 1405 2900 infin.):
1437 2854 1563 2889 Omnia
1585 2866 1668 2901 qnae

79 2904 175 2951 jacta
199 2912 286 2950 sunt,
309 2908 343 2942 in
364 2919 459 2943 usum
487 2907 629 2943 hominis
639 2908 736 2955 sacta
758 2913 853 2943 sunl:
873 2910 953 2955 quia
975 2910 1138 2951 omnibus,
1163 2910 1271 2944 utitur
1294 2910 1392 2951 ratio,
1412 2907 1594 2955 judicando
1616 2921 1666 2952 ca,
