1907 3182
265 191 349 244 360
707 201 928 237 QUAESTIO
962 201 1017 231 LI.
1051 201 1296 230 ARTICULUS
1328 201 1373 230 II.

265 282 362 328 quod
384 283 526 328 patitur,
545 290 580 317 et
601 290 769 317 movetur
784 282 825 315 ab
842 282 925 324 alio,
948 281 1149 328 disponitur
1170 292 1233 328 per
1255 289 1377 315 actum
1392 281 1549 327 agentis;
1571 280 1665 315 unde
1682 291 1725 314 ex
1738 279 1828 314 mul-

263 335 431 381 tiplicatis
459 336 596 369 actibus
623 343 815 381 generatur
841 335 1021 380 quaedam
1047 334 1200 380 qualitas
1226 334 1263 368 in
1289 335 1450 380 potentia
1475 334 1629 380 passiva,
1651 341 1687 368 et
1711 341 1824 376 mota,

262 399 354 435 quae
379 389 588 422 nominatur
608 389 756 423 habitus:
780 388 872 422 sicut
897 387 1040 421 habitus
1061 387 1234 421 virtutum
1260 387 1457 421 moralium
1485 395 1677 421 causantur
1702 387 1740 420 in
1768 398 1830 433 ap-

262 441 418 488 petitivis
436 441 616 488 potentiis,
631 441 831 475 secundum
846 440 942 486 quod
957 448 1151 474 moventur
1165 451 1185 474 a
1200 440 1357 475 ratione:
1381 448 1415 474 et
1434 440 1577 474 habitus
1592 439 1826 474 scientiarum

263 502 456 529 causantur
475 494 512 528 in
532 493 730 535 intellectu,
752 493 953 528 secundum
975 493 1072 539 quod
1094 501 1262 527 movetur
1283 505 1303 527 a
1324 493 1449 539 primis
1471 492 1789 539 propositionibus.

333 547 394 581 AD
416 558 564 582 PRIMUM
584 557 671 592 ergo
694 546 900 587 dicendum,
919 546 1015 592 quod
1035 557 1157 592 agens,
1173 546 1386 591 inquantum
1401 553 1453 580 est
1469 557 1591 592 agens,
1605 556 1681 580 non
1702 545 1830 591 recipit

265 599 417 646 aliquid3
440 600 501 634 sed
524 600 738 645 inquantum
760 599 834 644 agit
859 607 1002 633 motum
1024 599 1066 632 ab
1090 598 1175 641 alio,
1201 599 1252 632 sic
1279 599 1407 644 recipit
1432 598 1567 645 aliquid
1594 609 1614 632 a
1639 606 1828 633 movente:

264 661 298 687 et
319 653 369 687 sic
393 661 559 686 causatur
581 652 733 686 habitus.

333 706 393 740 AD
420 716 627 740 SECUNDUM
655 704 861 746 dicendum,
888 704 985 750 quod
1011 704 1109 738 idem
1140 704 1342 738 secundum
1376 703 1474 738 idern
1499 715 1574 738 non
1599 711 1720 750 potest
1751 715 1829 738 esse

264 769 428 800 movens,
450 766 484 792 et
506 766 667 792 motum:
689 757 781 791 nihil
807 765 928 791 autem
955 757 1134 803 prohibet,
1156 757 1253 791 idem
1280 769 1300 791 a
1317 757 1436 803 seipso
1463 757 1605 792 moveri
1628 758 1828 791 secundum

264 811 415 853 diversa,
437 819 475 845 ut
496 811 531 844 in
554 811 584 844 8.
608 811 753 857 Physic.
777 811 857 855 (tex.
879 811 933 845 28.
956 816 984 845 et
1004 812 1076 857 29.)
1100 810 1282 856 probatur.

334 865 394 898 AD
423 875 594 899 TERTIUM
616 864 822 905 dicendum,
845 863 943 909 quod
966 871 1066 897 actus
1088 863 1308 909 praecedens
1322 863 1498 905 habitum,
1515 862 1731 909 inquantum
1751 874 1829 909 pro-

266 917 360 951 cedit
382 928 401 951 a
423 917 600 964 principio
624 917 754 958 activo,
776 916 941 962 procedit
962 928 981 950 a
1003 916 1175 950 nobiliori
1196 915 1386 961 principio,
1408 927 1519 962 quam
1540 916 1585 950 sit
1604 915 1747 950 habitus
1774 927 1832 962 ge-

263 979 424 1004 neratus:
452 970 544 1004 sicut
570 970 647 1016 ipsa
674 969 765 1003 ratio
793 977 846 1003 est
870 968 1027 1002 nobilius
1057 969 1288 1015 principium,
1316 979 1425 1014 quam
1452 968 1497 1003 sit
1521 968 1665 1003 habitus
1691 969 1830 1003 virtutis

263 1023 411 1058 moralis
432 1024 468 1057 in
489 1023 525 1056 vi
547 1022 740 1069 appetitiva
761 1033 825 1068 per
847 1029 994 1056 actuum
1017 1021 1299 1056 consuetudines
1326 1029 1539 1067 generatus:
1567 1030 1602 1056 et
1625 1021 1830 1057 intellectus

263 1076 524 1123 principiorum
545 1084 599 1110 est
618 1075 775 1109 nobilius
798 1075 1026 1121 principium,
1048 1086 1158 1121 quam
1180 1074 1330 1109 scientia
1352 1074 1642 1110 conclusionum.

813 1215 1158 1260 ARTICULUS
1195 1216 1273 1259 ΠΙ.
1761 1238 1828 1275 279

407 1323 561 1354 UTRUM
594 1324 671 1353 PER
698 1323 823 1354 UNUM
855 1323 1009 1353 ACTUM
1043 1323 1195 1352 POSSIT
1230 1323 1443 1354 GENERARI
1477 1323 1680 1353 HABITUS.

805 1411 908 1456 (Infr.
931 1422 960 1456 q.
984 1421 1032 1456 71.
1055 1414 1118 1445 art.
1141 1421 1174 1455 4.
1197 1416 1288 1457 corp.

453 1468 482 1499 et
502 1476 528 1498 1.
551 1464 637 1498 Dist.
660 1474 710 1509 17.
732 1475 761 1509 q.
783 1475 815 1498 2.
837 1468 901 1498 art.
916 1475 944 1510 3.
967 1468 995 1498 et
1023 1463 1111 1498 Veri.
1133 1475 1162 1509 q.
1184 1475 1212 1498 ι.
1235 1468 1299 1498 art.
1323 1475 1355 1509 9.
1377 1463 1420 1498 ad
1440 1474 1490 1499 12.
1512 1468 1543 1499 et
1562 1463 1637 1510 13).

336 1552 396 1587 AD
415 1562 586 1587 TERTIUM
607 1552 658 1586 sic
680 1552 894 1598 procedi:ur.
914 1551 1077 1594 Videtur,
1095 1551 1193 1598 quod
1209 1563 1272 1598 per
1286 1563 1400 1586 unum
1415 1560 1537 1586 actum
1555 1551 1669 1598 possit
1685 1552 1830 1587 habitus

264 1605 448 1651 generari:
472 1605 734 1640 demonstratio
762 1605 859 1639 enim
887 1614 987 1640 actus
1013 1606 1163 1640 rationis
1191 1613 1262 1640 est:
1290 1605 1353 1639 sed
1379 1616 1443 1651 per
1470 1616 1580 1639 unam
1606 1605 1832 1640 demonstra·

263 1659 401 1693 tionem
424 1667 590 1693 causatur
611 1659 772 1700 scientia,
791 1670 883 1704 quae
906 1667 960 1693 est
980 1659 1124 1693 habitus
1146 1658 1394 1693 conclusionis
1421 1658 1544 1701 unius;
1572 1669 1660 1705 ergo
1686 1659 1830 1694 habitus

263 1719 382 1757 potest
404 1712 544 1745 causari
568 1723 609 1746 ex
631 1722 704 1745 uno
724 1719 817 1746 actu.

334 1775 365 1798 2.
388 1764 623 1799 PRAETEREA.
648 1764 750 1798 Sicut
771 1764 948 1810 contingit
969 1773 1092 1799 actum
1115 1775 1276 1799 crescere
1303 1776 1367 1811 per
1393 1763 1756 1811 multiplicationem3
1782 1765 1833 1799 ita

263 1818 440 1863 contingit
461 1825 582 1851 actum
605 1828 767 1852 crescere
790 1829 852 1864 per
867 1818 1126 1852 intensionem:
1142 1817 1205 1852 sed
1220 1817 1468 1864 multiplicatis
1485 1818 1624 1853 actibus
1638 1827 1832 1864 generatur

262 1871 424 1913 habitu33
447 1882 534 1916 ergo
557 1871 667 1904 etiam
688 1871 717 1904 si
740 1871 895 1905 multum
917 1871 1121 1905 intendatur
1142 1882 1234 1905 unus
1257 1880 1370 1913 actus,
1391 1871 1526 1917 poterit
1546 1882 1624 1906 esse
1647 1882 1756 1906 causa
1775 1882 1833 1918 ge-

262 1923 423 1958 nerativa
444 1923 598 1958 habitus.

338 1987 367 2022 3.
388 1976 625 2011 PRAETEREA.
642 1977 798 2019 Sanitas,
821 1985 855 2011 et
877 1976 1064 2023 aegritudo
1079 1985 1162 2011 sunt
1174 1977 1318 2011 habitus
1333 1976 1500 2023 quidam:
1515 1976 1577 2012 sed
1593 1987 1635 2012 ex
1652 1987 1726 2011 uno
1745 1985 1827 2011 actu

264 2029 443 2076 contingit
462 2030 653 2064 hominem
671 2030 730 2064 vel
751 2032 880 2072 sanari,
901 2030 960 2064 vel
980 2029 1176 2072 infirmari3
1195 2041 1283 2076 ergo
1303 2041 1393 2064 unus
1412 2038 1513 2064 actus
1533 2037 1654 2076 potest
1668 2030 1832 2064 habitum

264 2093 423 2117 causare.

335 2135 410 2170 SED
433 2146 587 2170 CONTRA
607 2144 670 2178 est,
686 2136 783 2182 quod
805 2136 942 2170 Philos.
961 2136 1046 2170 dicit
1065 2136 1099 2170 in
1124 2147 1150 2170 1.
1174 2136 1254 2170 Eth.
1279 2136 1367 2182 (cap.
1391 2147 1420 2182 7.
1437 2141 1514 2182 par.
1537 2136 1715 2182 antefin.)‚
1734 2136 1832 2182 quod

263 2190 354 2223 sicut
375 2200 446 2222 una
467 2189 622 2223 hirundo
649 2201 711 2224 ver
736 2201 810 2224 non
836 2189 932 2232 facit,
959 2201 1026 2224 nec
1054 2201 1125 2224 una
1152 2190 1244 2233 dies;
1271 2190 1319 2224 ita
1348 2191 1468 2236 utique
1490 2201 1557 2225 nec
1584 2190 1743 2232 beatum,
1765 2201 1832 2224 nec

263 2241 407 2276 felicem
430 2253 501 2275 una
523 2242 608 2284 dies,
628 2254 693 2276 nec
717 2254 873 2288 paucum
896 2251 1060 2289 tempus:
1085 2243 1146 2277 sed
1168 2243 1352 2277 beatitudo
1375 2251 1429 2278 est
1447 2243 1610 2289 operatio
1631 2244 1832 2278 secundum

262 2294 426 2328 habitum
448 2294 627 2341 perfectae
649 2296 800 2339 virtutis,
820 2304 856 2330 ut
879 2296 1007 2330 dicitur
1025 2296 1061 2330 in
1084 2307 1111 2330 1.
1135 2295 1251 2331 Ethic.
1271 2296 1366 2341 (ibid.
1385 2302 1415 2331 et
1433 2303 1504 2343 cap.
1526 2308 1577 2332 10.
1599 2302 1630 2332 et
1642 2297 1724 2343 13.);
1745 2307 1832 2343 ergo

263 2347 405 2382 habitus
426 2348 578 2390 virtutis,
597 2356 630 2382 et
645 2349 772 2383 eadem
792 2349 931 2383 ratione
947 2349 1036 2383 alius
1051 2349 1205 2391 habitus,
1219 2360 1294 2383 non
1310 2357 1477 2384 causatur
1491 2361 1554 2396 per
1566 2361 1680 2384 unum
1699 2358 1832 2384 actum.

334 2400 563 2435 RESPONDEO
591 2401 797 2443 dicendum,
826 2402 934 2447 quod,
962 2402 1054 2436 sicut
1078 2403 1152 2447 jam
1179 2402 1317 2436 dictum
1343 2410 1397 2437 est
1420 2403 1499 2446 (art.
1521 2404 1667 2450 praec),
1689 2402 1832 2437 habitus

262 2465 325 2500 per
344 2462 465 2488 actum
484 2462 685 2499 generatur,
705 2455 918 2500 inquantum
935 2455 1095 2501 potentia
1110 2457 1252 2501 passiva
1270 2463 1438 2490 movetur
1452 2455 1495 2489 ab
1514 2455 1636 2502 aliquo
1654 2455 1832 2502 principio

263 2508 399 2542 activo:
424 2507 466 2541 ad
486 2507 556 2541 hoc
577 2515 697 2541 autem
716 2508 813 2553 quod
833 2508 951 2553 aliqua
973 2508 1125 2554 qualitas
1148 2516 1314 2542 causetur
1334 2508 1370 2542 in
1392 2509 1550 2555 passive,
1571 2516 1715 2555 oportet
1735 2509 1832 2555 quod

263 2560 420 2595 activum
439 2560 598 2594 totaliter
614 2560 735 2594 vincat
753 2561 954 2606 passivum3
977 2561 1070 2595 unde
1093 2562 1269 2602 videmus,
1289 2561 1386 2607 quod
1404 2561 1487 2607 quia
1508 2561 1602 2608 ignis
1620 2572 1697 2596 non
1716 2569 1834 2608 potest

261 2613 420 2648 totaliter
440 2613 585 2648 vincere
607 2624 711 2647 suum
735 2613 998 2655 combustibile,
1026 2625 1100 2653 non
1126 2614 1247 2648 statim
1274 2613 1478 2649 inflammat
1499 2615 1633 2661 ipsum;
1660 2615 1724 2649 sed
1750 2625 1834 2661 pau-

262 2666 363 2701 latim
387 2666 506 2712 abjicit
529 2666 726 2700 contrarias
748 2666 1014 2712 dispositiones,
1036 2675 1073 2701 ut
1094 2668 1143 2702 sic
1166 2667 1327 2702 totaliter
1347 2669 1496 2703 vincens
1518 2667 1650 2714 ipsum,
1671 2667 1834 2702 similitu-

263 2720 386 2754 dinem
407 2731 510 2754 suam
533 2720 598 2766 ipsi
621 2720 814 2765 imprimat.
837 2719 1069 2754 Manifestum
1090 2730 1142 2755 est
1160 2729 1295 2762 autem,
1310 2722 1406 2767 quod
1426 2721 1643 2767 principium
1661 2721 1832 2764 activum,

263 2773 360 2818 quod
382 2781 436 2807 est
461 2773 563 2814 ratio,
591 2784 664 2806 non
691 2772 849 2807 totaliter
875 2782 992 2818 potest
1019 2774 1274 2819 supervincere
1302 2774 1535 2820 appetitivam
1562 2774 1762 2820 potentiam
1795 2774 1831 2808 in

264 2837 336 2860 uno
359 2835 458 2868 actu3
486 2837 530 2860 eo
557 2827 652 2872 quod
681 2826 872 2872 appetitiva
901 2826 1059 2871 potentia
1087 2838 1123 2861 se
1151 2827 1259 2861 habet
1285 2827 1540 2869 diversimode,
1566 2833 1600 2862 et
1626 2827 1670 2861 ad
1697 2826 1831 2863 multa:

263 2879 440 2924 judicatur
462 2888 581 2914 autem
602 2891 663 2926 per
677 2879 854 2914 rationem
879 2880 911 2913 in
935 2888 1014 2913 actu
1035 2891 1107 2913 uno
1128 2880 1261 2926 aliquid
1284 2880 1527 2927 appetendum
1548 2881 1751 2916 secundum
1773 2881 1831 2916 de-
