1907 3198
473 183 697 220 QUAESTIO
731 183 851 213 XXXI.
886 182 1136 214 ARTICULUS
1171 182 1228 212 lv.
1558 181 1642 225 237

62 267 365 304 transmutatione
393 265 598 314 corporali;
626 266 821 302 delectatio
849 273 972 300 autem
1000 264 1178 312 appetitus
1210 263 1403 299 intellectivi
1427 262 1520 298 nihil
1547 262 1644 298 aliud

62 330 126 365 est,
148 332 257 369 quarn
279 320 432 368 simplex
453 328 575 356 motus
593 320 811 363 voluntatis;
835 328 870 355 et
888 319 1091 355 secundum
1112 319 1184 353 hoc
1200 318 1354 364 August.
1371 317 1458 352 dicit
1472 317 1508 351 in
1528 327 1580 361 14.
1600 317 1644 351 de

63 376 143 412 Civ.
165 375 236 410 Dei
259 375 346 422 (cap.
369 375 400 410 6.
424 377 483 410 cir.
502 376 645 423 princ),
669 375 767 422 quod
791 374 979 422 cupiditas,
999 382 1034 409 et
1055 373 1192 408 laetitia
1213 371 1305 407 nihil
1327 380 1380 407 est
1403 371 1512 414 aliud,
1534 382 1644 418 quam

61 429 231 465 voluntas
252 429 289 463 in
313 440 441 464 eorum
465 429 739 471 consecutione,
763 440 855 476 quae
876 428 1060 463 volumus.

133 483 194 519 AD
220 494 371 519 PRIMUM
406 494 494 529 ergo
522 483 729 526 dicendum,
757 482 855 530 quod
882 483 918 516 in
945 482 1007 516 illa
1029 481 1240 517 definitione
1260 480 1478 527 Philosophi
1498 479 1645 515 sensibile

60 537 207 586 ponitur
221 537 466 572 communiter
481 549 545 584 pro
563 549 793 584 quacumque
815 536 1125 584 apprehensione:
1150 535 1236 570 dicit
1258 536 1356 570 enim
1375 534 1512 569 Philos.
1532 534 1569 568 in
1593 545 1644 569 10.

61 592 178 627 Ethic.
204 591 293 639 (cap.
314 603 347 637 4.
376 603 396 626 a
418 593 562 638 priua),
585 591 683 639 quod
711 591 912 626 secundum
942 602 1093 625 omnem
1120 601 1269 625 sensum
1293 597 1346 624 est
1369 588 1577 631 delectatio,
1605 589 1646 623 si-

61 645 196 681 militer
218 654 340 681 autern
367 654 402 680 et
428 647 631 681 secundum
659 646 898 688 intellectum,
927 654 962 681 et
995 644 1297 692 speculationem.
1320 643 1389 678 Vel
1416 652 1536 690 potest
1562 642 1645 685 dici,

62 701 160 748 quod
181 700 257 747 ipse
279 699 405 735 definit
426 699 710 735 delactationem
735 700 912 747 appetitus
934 699 1107 735 sensitivi.

134 754 195 790 AD
217 765 426 790 SECUNDUM
450 754 657 797 dicendum,
678 754 775 801 quod
803 754 997 789 delectatio
1019 754 1128 789 habet
1150 753 1332 788 rationem
1355 751 1546 799 passionis,
1567 762 1647 798 pro-

61 808 137 856 prie
163 807 361 855 loquendo,
388 808 605 855 inquantum
632 817 686 843 est
713 820 796 843 cum
825 808 945 856 aliqua
970 808 1275 843 transmutatione
1304 806 1502 854 corporali:
1532 814 1568 841 et
1593 806 1644 840 sic

61 874 136 898 non
159 870 212 898 est
229 862 266 897 in
288 862 448 910 appetitu
469 862 706 906 intellectivo‚
735 863 796 897 sed
823 863 1026 898 secundum
1054 861 1261 909 simplicem
1288 869 1449 896 motum:
1472 861 1523 896 sic
1547 859 1645 895 enim

63 917 174 952 etiam
197 925 250 952 est
271 917 307 952 in
329 917 424 960 Deo,
448 924 483 952 et
503 917 540 951 in
563 917 735 963 Angelis3
759 918 854 952 unde
882 917 968 952 dicit
994 917 1132 952 Philos.
1160 917 1196 951 in
1224 927 1256 963 7.
1279 915 1361 951 Eth.
1387 915 1474 962 (cap.
1497 915 1555 950 ult.
1583 915 1645 950 cir.

56 972 133 1019 fin.)
162 971 260 1018 quod
287 971 380 1007 Deus
405 983 473 1006 una
498 972 646 1019 simplici
673 973 863 1019 operatione
883 971 1011 1019 gaudet.
1040 971 1084 1006 Et
1104 971 1260 1018 Dionys.
1283 970 1370 1005 dicit
1396 970 1432 1004 in
1455 969 1515 1004 fin.
1539 967 1644 1003 Coel.

62 1025 161 1061 Hier.
189 1024 287 1072 quod
310 1025 431 1072 Angeli
456 1037 522 1061 non
548 1031 622 1061 sunt
645 1026 863 1073 susceptibiles
888 1031 1017 1061 nostrae
1039 1025 1208 1074 passibilis
1235 1024 1469 1067 delectationis,
1493 1023 1545 1059 sed
1571 1035 1645 1059 con-

59 1079 205 1127 gaudent
224 1080 298 1115 Deo
319 1079 498 1115 secundum
516 1081 779 1128 incorruptionis
801 1081 973 1116 laetitiam.

132 1134 193 1169 AD
216 1144 390 1169 TERTIUM
417 1134 627 1177 dicendum,
655 1135 753 1181 quod
780 1135 816 1169 in
838 1135 944 1170 nobis
965 1146 1040 1169 non
1063 1134 1184 1169 solum
1207 1142 1261 1169 est
1282 1133 1489 1176 delectatio,
1512 1132 1548 1166 in
1576 1142 1646 1178 qua

61 1188 383 1223 communicamus
405 1199 490 1223 cum
511 1189 636 1232 brutis,
659 1189 721 1224 sed
749 1189 860 1224 etiam
883 1189 919 1224 in
942 1201 1013 1236 qua
1035 1189 1356 1223 communicamus
1380 1199 1464 1222 cum
1488 1186 1643 1233 angelis:

61 1243 157 1278 unde
179 1242 314 1278 ibidem
334 1243 490 1290 Dionys.
514 1243 610 1285 dicit,
633 1243 731 1290 quod
754 1243 870 1278 sancti
890 1243 1062 1278 homines
1085 1242 1271 1277 multoties
1291 1242 1381 1277 fiunt
1400 1242 1436 1276 in
1455 1242 1647 1289 participa-

60 1297 161 1333 tione
183 1297 471 1332 delectationum
493 1297 762 1346 angelicarum:
787 1306 821 1333 et
842 1297 892 1332 ita
914 1298 950 1332 in
969 1297 1075 1332 nobis
1089 1305 1143 1332 est
1157 1296 1351 1333 delectatio
1374 1308 1448 1331 non
1472 1295 1594 1330 solum
1610 1295 1645 1328 in

62 1351 222 1399 appetitu
244 1352 432 1395 sensitivo‚
453 1352 490 1386 in
513 1363 585 1399 quo
609 1353 931 1387 communicamus
954 1363 1038 1386 curn
1060 1352 1185 1396 brutis,
1208 1351 1270 1387 sed
1293 1351 1403 1386 etiam
1427 1351 1463 1385 in
1486 1350 1646 1398 appetitu

61 1405 298 1450 intellectivo‚
319 1405 356 1441 in
378 1417 452 1454 quo
475 1406 797 1442 communicamus
821 1418 904 1442 cum
928 1406 1079 1454 angelis.

629 1569 980 1616 ARTICULUS
1007 1569 1063 1614 V.
1580 1577 1645 1624 ηε

61 1689 216 1722 UTRUM
241 1691 612 1722 DELECTATIONES
641 1692 941 1732 CORPORALES,
969 1691 1026 1722 ET
1054 1690 1297 1722 SENSIBILES
1326 1689 1425 1721 SINT
1453 1688 1643 1732 MAJORES
1686 1669 1690 1673 ⁵

187 1757 608 1789 DELECTATIONIBUS
637 1758 983 1798 SPIRITUALIBUS,
1018 1758 1075 1788 ET
1108 1756 1522 1788 INTELLIGIBILIBUS.

109 1839 214 1888 (Infr.
236 1852 268 1887 q.
289 1841 337 1886 38.
359 1845 425 1877 art.
444 1851 477 1886 4.
497 1841 584 1876 Dist.
600 1851 657 1889 49.
681 1852 750 1889 q.3.
768 1846 873 1888 art.5.
888 1846 916 1876 et
934 1853 961 1876 1.
980 1840 1058 1876 ΕΗ).
1078 1840 1147 1876 lact.
1167 1853 1211 1888 13.
1226 1845 1255 1876 et
1275 1852 1319 1887 13.
1343 1840 1423 1875 Mat.
1442 1839 1511 1875 lect.
1532 1839 1596 1885 6.).

133 1948 193 1984 AD
220 1959 403 1989 QUINTUM
430 1951 480 1985 sic
507 1950 725 1997 proceditur.
753 1949 918 1992 Videtur,
945 1949 1043 1997 quod
1072 1948 1333 1985 delectationes
1361 1947 1583 1995 corporales,
1612 1956 1646 1983 et

62 2003 248 2038 sensibiles
267 2003 338 2038 sint
355 2004 515 2050 majores
537 2003 840 2039 delectationibus
863 2003 1121 2051 spiritualibus,
1137 2011 1171 2038 et
1192 2003 1495 2050 intelligibilibus:
1516 2014 1646 2038 omnes

19 2091 22 2093 Α
64 2057 162 2093 enim
176 2057 336 2105 aliquam
351 2057 634 2093 delectationem
648 2067 859 2105 sequuntur,
871 2058 1071 2093 secundum
1082 2057 1220 2093 Philos.
1236 2058 1272 2092 in
1288 2068 1339 2093 10.
1351 2057 1467 2092 Ethic.
1480 2058 1569 2104 (cap.
1580 2057 1641 2103 2.).

63 2111 125 2147 sed
151 2111 271 2158 plures
293 2120 493 2159 sequuntur
513 2111 776 2148 delectationes
798 2112 998 2156 sensibiles,
1022 2124 1132 2160 quam
1156 2111 1419 2148 delectationes
1442 2112 1645 2160 spirituales

63 2165 327 2213 intelligibiles;
349 2178 437 2214 ergo
460 2166 721 2202 delectationes
745 2167 954 2215 corporales
977 2176 1059 2203 sunt
1082 2169 1250 2214 majores.

135 2231 167 2256 2.
185 2221 425 2256 PRAETEREA.
440 2221 656 2268 Magnitudo
672 2233 803 2257 causae
820 2234 862 2257 ex
877 2221 1008 2257 effectu
1025 2223 1280 2269 cognoscitur:
1300 2222 1362 2257 sed
1382 2221 1645 2257 delectationes

65 2274 272 2323 corporales
290 2276 427 2311 habent
444 2275 613 2311 fortiores
633 2276 801 2312 effectus:
822 2285 1040 2311 trasmutant
1055 2277 1153 2312 enim
1169 2288 1313 2323 corpus,
1329 2285 1364 2311 et
1377 2277 1413 2310 in
1428 2276 1645 2323 quibusdam

64 2328 221 2365 insanias
242 2329 390 2373 faciunt,
410 2338 448 2366 ut
469 2331 599 2365 dicitur
618 2331 653 2365 in
673 2342 704 2377 7.
725 2331 885 2366 Ethicor.
903 2331 991 2379 (cap.
1007 2343 1035 2378 3.
1055 2332 1116 2368 cir.
1136 2331 1258 2377 nwd.);
1276 2342 1363 2378 ergo
1384 2330 1645 2366 delectationes

65 2383 272 2431 corporales
299 2393 382 2420 sunt
406 2384 585 2420 fortiores.

138 2450 168 2485 3.
189 2438 428 2475 PRAETEREA.
447 2438 722 2475 Delectationes
745 2439 954 2487 corporales
978 2448 1122 2487 oportet
1143 2448 1362 2486 temperare,
1386 2447 1420 2474 et
1441 2438 1645 2474 refraenare

64 2501 211 2540 propter
228 2504 354 2528 earum
368 2493 658 2528 vehementiam:
682 2493 745 2529 sed
768 2494 1031 2529 delectationes
1046 2493 1252 2541 spirituales
1267 2505 1343 2529 non
1359 2501 1504 2541 oportet
1518 2493 1646 2528 refrae-

64 2557 168 2590 nare3
190 2559 278 2595 ergo
301 2547 562 2584 delectationes
586 2547 797 2595 corporales
819 2556 903 2583 sunt
924 2550 1094 2595 majores.
1175 2545 1179 2548 ’

137 2601 212 2637 SED
235 2612 391 2638 CONTRA
415 2610 478 2646 est,
502 2602 600 2650 quod
622 2602 753 2637 dicitur
774 2603 810 2637 in
832 2602 890 2638 Ps.
919 2603 1012 2637 118.:
1038 2604 1153 2648 Quam
1174 2602 1286 2638 dulcia
1300 2603 1462 2649 faucibus
1483 2603 1561 2637 meis
1583 2602 1644 2637 elo-

65 2656 144 2702 quia
165 2661 223 2692 tua
243 2663 340 2704 super
364 2657 428 2692 mel
443 2659 495 2691 ori
509 2669 603 2698 meo;
627 2665 662 2692 et
680 2657 819 2692 Philos.
840 2657 926 2692 dicit
941 2657 976 2692 in
997 2668 1048 2692 10.
1064 2657 1182 2692 Ethic.
1203 2657 1293 2703 (cap.
1310 2658 1354 2703 7.)
1373 2656 1470 2703 quod
1485 2656 1646 2691 maxima

66 2709 258 2746 delectatio
281 2719 345 2754 est,
368 2722 459 2758 quae
484 2718 535 2746 est
558 2711 759 2746 secundum
783 2711 1037 2758 operationem
1060 2711 1271 2758 sapientiae.

136 2763 367 2801 RESPONDEO
395 2765 603 2808 dicendum,
625 2765 735 2812 quod,
758 2766 850 2801 sicut
877 2767 949 2812 jam
978 2766 1117 2800 dictum
1145 2774 1197 2800 est
1220 2766 1302 2811 (art.
1326 2778 1353 2800 1.
1378 2765 1446 2811 huj.
1466 2765 1529 2811 q.)‚
1553 2764 1647 2800 dele·

67 2818 176 2854 ctatio
196 2820 362 2867 provenit
388 2831 430 2855 ex
458 2820 717 2866 conjunctione
746 2820 1010 2862 convenientis,
1035 2832 1119 2855 cum
1142 2821 1306 2861 sentitur,
1335 2827 1370 2854 et
1397 2819 1644 2866 cognoscitur.

66 2870 108 2907 In
128 2873 295 2920 operibus
318 2881 440 2909 autem
463 2875 618 2917 animae,
634 2875 826 2922 praecipue
849 2875 1054 2917 sensitivae,
1071 2883 1105 2910 et
1122 2874 1380 2916 intellectivae,
1396 2882 1450 2909 est
1470 2874 1542 2909 hoc
1563 2885 1647 2908 con—

66 2925 309 2972 siderandum,
331 2927 428 2976 quod
456 2939 540 2964 cum
567 2939 641 2964 non
667 2937 852 2965 transeant
878 2930 914 2964 in
941 2929 1134 2965 materiam
1162 2928 1392 2972 exteriorem,
1420 2936 1503 2964 sunt
1532 2936 1644 2972 actus,
