1907 3198
498 182 721 219 QUAEsno
755 181 905 212 xnvm.
937 181 1186 212 Ain-motus
1220 181 1263 211 11.
1574 182 1656 225 339

81 266 310 313 extinguitur,
328 272 546 313 consumpta
560 265 732 307 materia;
753 264 804 299 ita
822 264 921 299 enim
938 264 991 299 ira
1009 271 1157 311 propter
1173 274 1278 298 suam
1297 263 1569 299 vehementiam
1585 266 1657 299 cito

81 320 211 357 deficit.

151 374 212 410 AD
238 383 412 410 TERTluM
438 373 646 415 dicendum,
673 373 771 420 quod
795 372 915 408 omnis
936 372 1049 407 virtus
1071 372 1185 407 divisa
1211 372 1247 407 in
1274 371 1394 419 plures
1416 381 1535 419 partes
1557 372 1659 406 dimi-

79 429 216 465 nuitur:
239 436 274 464 et
293 428 390 470 ideo,
411 427 558 475 quando
586 427 715 474 aliquis
741 428 853 462 iratus
880 427 990 462 alicui
1015 426 1182 461 irascitur
1209 426 1448 473 postmodum
1475 425 1589 468 alteri,
1617 437 1659 461 ex

79 483 152 518 hoc
165 482 245 530 ipso
260 482 473 517 diminuitur
485 482 539 516 ira
554 481 598 516 ad
613 481 793 528 primum;
816 489 851 516 et
872 481 1066 528 praecipue
1087 480 1117 515 si
1139 480 1183 514 ad
1206 480 1408 515 secundum
1421 479 1528 515 fuerit
1542 481 1660 526 major

79 537 149 580 ira;
169 547 255 571 nam
275 536 417 583 injuria,
439 547 531 583 quae
554 535 724 570 excitavit
745 535 837 569 iram
856 535 900 569 ad
919 535 1092 582 primum,
1111 534 1291 569 videbitur
1310 535 1587 582 comparatione
1609 546 1660 570 se-

79 592 219 628 cundae
239 591 405 638 injuriae,
426 602 519 638 quae
542 591 754 626 aestimatur
775 591 905 636 major,
928 600 1006 624 esse
1028 600 1151 636 parva,
1169 589 1229 624 vel
1249 588 1360 624 nulla.

646 733 996 779 ARTICULUS
1027 733 1107 777 ΙΙΙ.
1590 743 1655 791 265

328 846 484 878 UTRUM
506 845 578 877 IRA
601 845 772 876 ΜΑΧΙΜΕ
795 845 1008 875 lMPEDIAT
1036 844 1244 875 RATioms
1271 844 1405 874 USUM.

166 937 267 984 (Infr.
295 942 358 972 art.
385 948 418 983 4.
445 942 534 984 corp.
561 941 590 972 et
614 947 684 972 2-2.
711 948 741 982 q.
767 947 820 981 41.
847 940 910 970 art.
937 946 968 970 2.
997 934 1040 969 ad
1062 946 1089 981 3.
1117 939 1146 969 et
1171 946 1200 981 q.
1229 945 1294 981 157.
1322 938 1387 969 art.
1414 944 1447 979 4.
1475 939 1565 981 corp.

652 995 682 1026 et
704 990 789 1025 Mal.
811 1001 842 1036 q.
865 1001 915 1025 12.
938 994 1001 1024 art.
1024 988 1082 1034 1.).

149 1081 210 1117 AD
232 1091 406 1117 TERTIUM
431 1081 483 1116 sic
510 1080 730 1127 proceditur.
757 1080 922 1123 Videtur,
950 1080 1048 1127 quod
1075 1079 1128 1114 ira
1154 1090 1229 1114 non
1256 1078 1432 1126 impediat
1457 1078 1658 1114 rationem:

77 1134 166 1171 illud
187 1135 285 1170 enim
311 1135 410 1182 quod
429 1143 483 1170 est
505 1146 589 1169 cum
616 1135 769 1177 ratione,
791 1146 866 1169 non
887 1134 1030 1169 videtur
1055 1145 1134 1168 esse
1160 1133 1311 1168 rationis
1333 1133 1658 1179 impedimentum:

79 1189 142 1226 sed
161 1189 214 1225 ira
234 1197 288 1224 est
301 1200 387 1223 cum
400 1189 553 1232 ratione,
573 1197 612 1224 ut
629 1189 760 1223 dicitur
776 1189 814 1223 in
825 1200 857 1235 7.
871 1188 1060 1224 Ethichor.
1082 1188 1170 1236 (cap.
1190 1188 1224 1223 6.
1238 1189 1318 1223 circ.
1333 1188 1479 1235 princ.);
1499 1199 1587 1234 ergo
1606 1187 1659 1222 ira

79 1255 154 1279 non
173 1242 323 1291 impedit
342 1243 534 1278 rationem.

150 1307 183 1333 2.
203 1297 440 1333 PRAETEREA.
466 1296 618 1339 Quanto
646 1297 764 1343 magis
786 1296 983 1343 impeditur
1008 1296 1114 1338 ratio,
1140 1304 1243 1331 tanto
1271 1295 1484 1330 diminuitur
1511 1295 1661 1331 manife-

79 1351 204 1388 statio:
224 1351 288 1386 sed
307 1350 446 1387 Philos.
466 1351 554 1386 dicit
573 1351 610 1386 in
633 1363 665 1398 7.
687 1351 804 1386 Ethic.
832 1351 911 1397 (loc.
939 1352 1019 1395 cit),
1052 1350 1150 1397 quod
1176 1350 1371 1385 iracundus
1397 1361 1473 1385 non
1500 1359 1553 1385 est
1578 1351 1661 1385 insi-

78 1405 206 1449 diator,
227 1405 290 1441 sed
311 1405 544 1449 manifestus;
572 1417 660 1453 ergo
686 1406 740 1440 ira
766 1416 841 1440 non
868 1405 1010 1440 videtur
1031 1405 1209 1452 impedire
1238 1416 1346 1439 usum
1373 1405 1536 1447 rationis,
1566 1405 1660 1440 sicut

78 1459 385 1507 concupiscentia,
406 1471 499 1507 quae
519 1468 573 1495 est
593 1460 779 1502 insidiosa,
802 1467 841 1494 ut
860 1459 998 1494 ibidem
1020 1459 1161 1493 dicitur.

150 1525 180 1562 3.
201 1513 439 1559 PRAETEREA.
462 1514 646 1561 Judicium
671 1514 822 1549 rationis
850 1513 1052 1549 evidentius
1074 1513 1114 1548 fit
1135 1524 1177 1548 ex
1204 1513 1438 1560 adjunctione
1465 1514 1658 1557 contrarii;

67 1567 162 1615 ‘quia
181 1569 355 1604 contraria
376 1570 477 1615 juxta
496 1580 526 1604 se
541 1570 652 1616 posita
677 1570 787 1614 magis
812 1568 1015 1604 elucescunt:
1035 1568 1098 1603 sed
1126 1579 1169 1602 ex
1196 1568 1268 1602 hoc
1300 1568 1411 1602 etiarn
1435 1568 1564 1603 crescit
1585 1568 1657 1603 ira:

77 1621 165 1658 dicit
185 1622 284 1657 enirn
305 1621 443 1658 Philos.
466 1622 503 1657 in
525 1633 556 1657 2.
579 1622 686 1657 Rhet.
714 1625 806 1670 (cap.
833 1634 864 1658 2.
885 1627 962 1670 post
987 1622 1103 1667 med),
1131 1622 1230 1669 quod
1257 1622 1374 1669 magis
1396 1622 1567 1657 homines
1593 1623 1660 1657 ira-

75 1684 235 1719 scuntur,
253 1676 283 1712 si
299 1677 482 1712 contraria
507 1678 763 1724 praeexistunt,
789 1677 883 1711 sicut
903 1676 1087 1719 honorati,
1115 1676 1145 1711 si
1171 1677 1462 1712 dehonorentur:
1485 1685 1521 1711 et
1541 1677 1592 1712 sic
1614 1677 1658 1712 de

76 1729 174 1766 aliis:
197 1741 286 1777 ergo
305 1741 348 1766 ex
362 1730 494 1766 eodem
515 1731 568 1766 ira
587 1731 727 1774 crescit,
749 1739 785 1766 et
805 1731 982 1777 judicium
1000 1731 1151 1766 rationis
1173 1731 1383 1778 adjuvatur;
1401 1743 1477 1766 non
1496 1743 1584 1779 ergo
1606 1732 1660 1766 ira

74 1784 228 1832 impedit
247 1784 424 1831 judicium
444 1785 606 1820 rationis.

147 1838 223 1874 SED
247 1849 404 1874 CONTRA
422 1847 487 1882 est,
509 1839 607 1886 quod
625 1838 780 1886 Gregor.
800 1839 887 1874 dicit
907 1839 944 1873 in
970 1850 998 1885 5.
1021 1838 1152 1874 Moral.
1173 1844 1327 1887 (cap.30.
1344 1846 1470 1887 parum
1488 1852 1509 1875 α
1527 1841 1657 1887 princ.)

75 1892 172 1940 quod
191 1893 244 1927 ira
257 1892 519 1940 intelligentiae
539 1893 661 1928 lucem
679 1893 868 1936 subtrahit,
891 1905 975 1927 cum
998 1902 1161 1928 mentem
1183 1894 1434 1940 permovendo
1457 1893 1658 1928 confundit.

147 1946 379 1983 RESPONDEO
401 1947 611 1990 dicendum,
630 1947 728 1994 quod
747 1959 862 1989 mens,
883 1947 943 1981 vel
965 1947 1069 1989 ratio,
1088 1948 1256 1994 quamvis
1277 1959 1352 1982 non
1375 1956 1495 1982 utatur
1517 1959 1658 1994 organo

76 2000 258 2048 corporali
278 2001 316 2036 in
338 2012 404 2036 suo
427 2001 575 2048 proprio
604 2010 698 2043 actu,
724 2009 848 2036 tamen
875 2001 960 2048 quia
982 2001 1120 2047 indiget
1146 2002 1190 2036 ad
1217 2002 1273 2036 sui
1296 2010 1419 2036 actum
1441 2002 1659 2048 quibusdam

73 2054 208 2090 viribus
229 2055 420 2098 sensitivis,
443 2067 598 2102 quarum
621 2063 722 2090 actus
742 2055 990 2102 impediuntur
1012 2067 1166 2102 corpore
1189 2056 1411 2102 perturbato,
1433 2068 1583 2091 necesse
1605 2064 1659 2091 est

75 2108 172 2156 quod
191 2109 480 2156 perturbationes
499 2109 709 2156 corporales
724 2110 834 2144 etiam
849 2110 1026 2155 judicium
1041 2110 1191 2144 rationis
1211 2110 1431 2157 impediant;
1453 2110 1547 2145 sicut
1561 2118 1660 2157 patet

42 2159 46 2163 ’
75 2162 112 2198 in
126 2162 310 2206 ebrietate,
332 2171 368 2198 et
388 2174 538 2199 somno:
558 2164 696 2198 dictum
712 2172 765 2198 est
784 2172 906 2198 autem
931 2163 1011 2207 (art.
1030 2164 1173 2210 praec),
1197 2164 1295 2210 quod
1318 2165 1370 2198 ira
1393 2165 1552 2199 maxime
1571 2164 1659 2199 facit

77 2217 384 2263 perturbationem
400 2217 631 2265 corporalem
646 2217 743 2252 circa
758 2229 833 2259 cor,
855 2217 904 2252 ita
921 2226 958 2252 ut
976 2218 1087 2252 etiam
1106 2229 1219 2265 usque
1235 2218 1279 2252 ad
1298 2218 1477 2253 exteriora
1493 2219 1659 2253 membra

75 2269 277 2314 derivetur3
299 2271 394 2306 unde
415 2271 469 2306 ira
490 2272 583 2306 inter
605 2280 766 2306 caeteras
789 2271 977 2318 passiones
999 2271 1226 2307 manifestius
1241 2273 1394 2319 impedit
1408 2273 1585 2318 judicium
1607 2285 1658 2308 ra-

75 2323 196 2368 tionis,
217 2325 420 2361 secundum
441 2325 530 2360 illud
552 2325 688 2361 Psalm.
716 2336 788 2372 30.:
813 2326 1040 2361 Conturbatus
1057 2332 1100 2361 est
1121 2328 1155 2361 in
1178 2328 1232 2361 ira
1251 2327 1362 2362 oculus
1381 2339 1479 2362 meus.

27 2380 34 2382 ’
146 2378 208 2415 AD
225 2390 376 2416 PRIMUM
397 2391 486 2427 ergo
508 2380 716 2422 dicendum,
731 2380 829 2426 quod
852 2391 872 2414 a
894 2380 1035 2415 ratione
1058 2389 1111 2415 est
1132 2381 1351 2427 principium
1374 2381 1460 2424 irae,
1479 2390 1657 2428 quantum

77 2431 122 2467 ad
146 2441 289 2469 motum
316 2434 568 2481 appetitivum,
590 2434 651 2481 qui
670 2442 723 2468 est
743 2433 908 2469 formalis
936 2434 972 2468 in
999 2435 1069 2469 ira:
1097 2435 1160 2469 sed
1182 2434 1382 2482 perfectum
1409 2436 1585 2481 judicium
1606 2447 1658 2470 ra-

76 2485 184 2522 tionis
204 2487 325 2535 passio
347 2488 422 2523 irae
445 2496 702 2535 praeoccupat,
721 2488 823 2535 quasi
841 2499 916 2523 non
938 2488 1096 2536 perfecte
1118 2490 1298 2524 rationem
1327 2490 1489 2532 audiens,
1512 2499 1658 2537 propter

10 2541 44 2582 .'·
77 2542 368 2577 commotionem
398 2542 530 2577 caloris
559 2541 735 2577 velociter
762 2541 995 2589 impellentis,
1021 2554 1114 2590 quae
1144 2551 1198 2578 est
1227 2543 1424 2579 materialis
1448 2545 1485 2578 in
1516 2545 1588 2578 ira:
1624 2552 1659 2579 et

41 2605 53 2638 ⁴,
77 2602 251 2642 quantum
272 2595 317 2631 ad
338 2596 411 2631 hoc
430 2596 582 2643 impedit
603 2596 778 2642 judicium
800 2597 960 2631 rationis.

148 2648 209 2685 AD
229 2660 438 2686 SECUNDUM
453 2650 661 2692 dicendum,
684 2650 781 2697 quod
804 2651 998 2686 iracundus
1013 2651 1144 2686 dicitur
1157 2663 1235 2686 esse
1250 2652 1457 2698 manisfstux
1477 2663 1550 2687 non
1573 2653 1658 2699 quia

0 2695 309 2759 *ffimanisestum
335 2705 381 2740 sit
406 2705 485 2747 sibi,
512 2705 598 2751 quid
625 2703 744 2739 facere
774 2705 922 2747 debeat;
952 2706 1015 2740 sed
1043 2706 1127 2752 quia
1159 2705 1351 2741 manifesta
1378 2715 1560 2752 operatur,
1583 2718 1656 2741 non

0 2764 2 2806 Ι
23 2752 58 2803 [¹⁸
78 2765 252 2803 quaerens
267 2758 427 2806 aliquam
442 2758 742 2800 occultationem,
757 2759 1177 2806 quodpartimcontingit
1191 2769 1338 2806 propter
1352 2760 1656 2806 impedimentum

0 2818 2 2844 ι
23 2774 237 2861 ἷῦ-ῐαῐὶοηίε,
263 2823 356 2859 quae
377 2823 451 2847 non
474 2821 593 2860 potest
615 2812 832 2854 discernere,
860 2813 944 2860 quid
972 2814 1017 2848 sit
1043 2813 1317 2856 occultandum,
1340 2823 1375 2848 et
1396 2814 1480 2861 quid
1509 2814 1658 2849 manife-

78 2863 256 2908 standum,
278 2877 344 2901 nec
359 2867 470 2901 etiam
485 2867 693 2913 excogitare
709 2866 916 2901 occultandi
928 2867 1021 2902 vias:
1037 2869 1166 2915 partim
1182 2879 1268 2902 vcro
1289 2876 1342 2902 est
1357 2880 1398 2902 ex
1419 2868 1655 2915 ampliatione

28 2919 30 2922 ’
143 2917 208 2962 dis,
229 2930 322 2967 quae
339 2920 493 2968 pertinet
507 2921 551 2955 ad
570 2921 924 2967 magnanimitatem,
942 2933 1053 2968 quam
1071 2921 1158 2956 facit
1179 2923 1248 2956 ira:
1272 2922 1366 2956 unde
1387 2930 1421 2957 et
1442 2922 1486 2957 de
1510 2934 1657 2970 magna-
