1907 3182
247 191 325 220 112
674 192 896 227 QUAESTIO
930 192 1004 221 XII.
1039 192 1282 222 ARTICULUS
1316 194 1372 222 lv.

787 385 1133 430 ARTICULUS
1168 387 1244 429 IV.
1759 410 1800 447 73

268 498 420 528 UTRUM
447 499 660 530 INTENTIO
688 500 798 530 FINIS
832 501 899 530 SIT
927 501 1036 530 IDEM
1062 501 1204 531 ACTUS
1233 501 1326 531 CUM
1358 501 1629 532 VOLUNTATE
1660 503 1772 545 EJUS,

773 566 899 602 QUOD
927 567 1006 596 EST
1033 567 1091 596 AD
1119 568 1266 597 FINEM.

308 657 425 704 (Supr.
449 669 477 704 q.
500 658 531 693 8.
555 664 619 694 art.
637 671 666 705 3.
689 664 718 694 et
735 671 766 695 2.
784 661 872 696 Dist.
891 661 942 707 38.
967 666 1029 696 art.
1051 672 1083 706 4.
1107 667 1134 696 et
1151 674 1179 708 3.
1202 662 1290 696 Dist.
1313 672 1363 706 14.
1386 666 1451 696 art.
1473 674 1501 697 r.
1524 673 1553 708 q.
1580 672 1614 707 4.
1641 668 1744 710 corps

797 719 824 749 et
852 715 939 749 Veri.
962 727 992 761 q.
1011 727 1063 750 22.
1087 720 1152 750 art.
1174 715 1236 760 4.).

307 806 367 841 AD
390 817 577 846 QUARTUM
600 810 649 843 sic
673 809 886 855 proceditur.
911 810 1073 853 Videtur,
1095 810 1192 856 quod
1214 821 1289 844 non
1311 810 1356 844 sit
1377 821 1479 852 unuS,
1501 818 1536 845 et
1557 810 1655 845 idem
1680 819 1802 846 motus

235 860 386 895 intentio
408 861 500 903 finis,
523 870 557 896 et
577 862 744 897 voluntas
768 864 843 908 ejus
866 864 962 909 quod
986 871 1038 897 est
1060 864 1104 897 ad
1126 863 1254 897 finem:
1279 863 1364 897 dicit
1385 865 1482 898 enim
1503 864 1658 909 August.
1680 865 1717 898 in
1748 876 1801 901 11.

238 913 281 947 de
304 913 433 949 Trinit.
461 916 549 962 (cap.
578 916 609 951 6.
633 918 693 951 cir.
709 918 849 962 princ),
875 917 971 963 quod
993 917 1161 951 voluntas
1182 917 1327 951 videndi
1348 916 1544 951 fenestram
1565 917 1676 952 finem
1693 919 1803 954 habet

234 966 410 1002 fenestrae
432 969 622 1012 visionem,
646 978 680 1004 et
702 970 812 1004 altera
835 978 888 1004 est
908 970 1075 1004 voluntas
1096 982 1159 1017 per
1177 969 1373 1004 fenestram
1393 970 1539 1004 videndi
1558 978 1801 1008 transeuntes:

235 1021 298 1055 sed
319 1021 390 1055 hoc
410 1024 562 1068 pertinet
577 1023 619 1056 ad
634 1023 886 1066 intentionem,
902 1025 998 1070 quod
1012 1023 1123 1057 velim
1136 1024 1258 1058 videre
1272 1032 1498 1058 transeuntes
1512 1036 1576 1070 per
1588 1024 1801 1069 fenestram;

234 1074 306 1108 hoc
330 1083 451 1109 autem
474 1076 518 1110 ad
539 1076 766 1111 voluntatem
789 1079 864 1123 ejus
887 1077 984 1124 quod
1007 1086 1060 1111 est
1082 1077 1125 1111 ad
1155 1077 1277 1119 finem,
1307 1078 1404 1124 quod
1430 1077 1542 1112 velim
1562 1078 1686 1113 videre
1707 1079 1801 1114 fene-

233 1135 363 1170 stram,
387 1139 474 1174 ergo
498 1129 587 1163 alius
611 1138 664 1164 est
685 1138 805 1165 motus
827 1131 1023 1166 voluntatis
1045 1131 1197 1165 intentio
1219 1130 1311 1174 finis,
1341 1138 1375 1166 et
1397 1130 1488 1165 alius
1517 1131 1686 1167 voluntas
1713 1134 1800 1179 ejus,

233 1182 329 1227 quod
352 1190 403 1216 est
426 1183 469 1216 ad
488 1182 609 1218 finem.

303 1245 334 1269 2.
357 1235 593 1272 PRAETEREA.
610 1237 724 1272 Actus
739 1237 1007 1284 distinguuntur
1021 1238 1222 1272 secundum
1237 1238 1397 1284 objecta:
1420 1239 1482 1273 sed
1497 1238 1589 1281 finis,
1605 1247 1640 1274 et
1652 1239 1688 1273 id
1703 1240 1800 1285 quod

234 1297 287 1323 est
309 1289 351 1323 ad
374 1289 495 1333 finem,
517 1299 599 1325 sunt
625 1291 765 1326 diversa
788 1292 949 1338 obJecta3
973 1303 1059 1338 ergo
1083 1292 1173 1326 alius
1199 1300 1321 1326 motus
1346 1291 1543 1327 voluntatis
1569 1300 1623 1327 est
1646 1293 1799 1328 intentio

232 1342 323 1386 finis,
346 1352 380 1378 et
401 1343 568 1379 voluntas
591 1346 666 1391 ejus
689 1346 786 1391 quod
809 1354 863 1380 est
885 1346 928 1380 ad
950 1345 1072 1381 finem.

306 1409 334 1443 3.
357 1397 593 1433 PRAETEREA.
617 1398 795 1433 Voluntas
819 1401 894 1445 ejus
916 1399 1012 1446 quod
1036 1407 1089 1434 est
1110 1399 1153 1433 ad
1172 1399 1296 1441 finem,
1318 1399 1448 1434 dicitur
1469 1399 1616 1434 electio':
1644 1400 1706 1434 sed
1724 1411 1798 1434 non

233 1458 286 1485 est
306 1451 402 1485 idem
418 1451 558 1494 electio,
574 1460 608 1486 et
622 1453 794 1495 intentio,
817 1465 904 1499 ergo
926 1464 1000 1487 non
1022 1461 1076 1487 est
1096 1453 1193 1487 idem
1216 1461 1337 1487 motus
1358 1453 1511 1487 intentio
1532 1452 1613 1488 finis
1636 1465 1720 1488 curn
1737 1466 1799 1488 vo-

232 1504 368 1539 luntate
392 1507 466 1551 ejus
488 1506 584 1552 quod
607 1514 660 1540 est
682 1507 725 1540 ad
747 1507 868 1541 finem.

303 1558 376 1593 SED
400 1570 554 1594 CONTRA
578 1568 641 1602 est,
664 1561 761 1606 quod
785 1561 819 1595 id
841 1561 937 1607 quod
961 1569 1014 1595 est
1036 1561 1080 1594 ad
1106 1560 1229 1602 finem,
1251 1571 1289 1594 se
1310 1560 1420 1595 habet
1446 1560 1490 1594 ad
1516 1560 1639 1603 finem,
1661 1568 1700 1595 ut
1725 1573 1798 1596 me-

230 1612 330 1646 dium
353 1613 395 1646 ad
418 1614 629 1648 terminum:
653 1615 715 1648 sed
737 1615 835 1648 idem
857 1622 977 1648 motus
994 1622 1057 1656 θεῖ,
1073 1614 1134 1660 qui
1146 1626 1209 1661 per
1223 1614 1385 1648 medium
1399 1615 1525 1649 transit
1539 1614 1583 1648 ad
1600 1615 1798 1649 terminum

229 1666 266 1699 in
287 1666 392 1701 rebus
414 1667 655 1710 naturalibus,
678 1680 765 1713 ergo
794 1676 828 1702 et
849 1668 885 1702 in
921 1668 1025 1702 rebus
1053 1667 1267 1702 voluntariis
1294 1667 1392 1702 idem
1419 1676 1540 1703 motus
1568 1676 1621 1703 est
1645 1669 1797 1704 intentio

230 1719 322 1762 finis,
345 1728 378 1754 et
399 1721 567 1755 voluntas
590 1723 664 1767 ejus
688 1723 785 1768 quod
807 1730 860 1756 est
882 1722 925 1756 ad
947 1722 1069 1756 finem.

299 1773 528 1809 RESPONDEO
552 1775 758 1817 dicendum,
775 1775 871 1822 quod
893 1784 1014 1810 motus
1036 1775 1233 1810 voluntatis
1254 1775 1291 1809 in
1313 1775 1435 1818 finem,
1458 1783 1493 1810 et
1513 1775 1550 1810 in
1571 1776 1607 1810 id
1629 1777 1726 1822 quod
1746 1784 1798 1811 est

228 1826 272 1860 ad
293 1827 414 1870 finem,
437 1836 555 1874 potest
577 1829 799 1863 considerari
820 1829 1004 1876 dupliciter.
1039 1830 1110 1864 Uno
1136 1829 1246 1872 modo,
1274 1829 1475 1863 secundum
1505 1830 1602 1876 quod
1628 1829 1797 1864 voluntas

226 1880 262 1914 in
284 1889 475 1928 utrumque
489 1881 599 1916 fertur
617 1883 792 1925 absolute,
808 1892 842 1918 et
856 1883 1057 1917 secundum
1072 1894 1128 1926 se,
1151 1891 1185 1917 et
1200 1884 1249 1917 sic
1265 1890 1348 1917 sunt
1361 1882 1573 1929 simpliciter
1587 1883 1659 1918 duo
1675 1891 1796 1918 motus

226 1934 420 1969 voluntatis
442 1936 478 1969 in
501 1944 704 1983 utrumque.
727 1938 806 1972 Alio
825 1937 920 1972 modo
942 1945 1061 1983 potest
1079 1937 1311 1979 considerari,
1333 1937 1534 1971 secundum
1555 1937 1652 1983 quod
1673 1937 1799 1971 volun-

225 1996 280 2023 tas
300 1988 410 2023 fertur
431 1990 466 2023 in
485 1990 532 2031 id,
547 1991 643 2036 quod
658 1999 711 2025 est
725 1991 768 2025 ad
784 1991 894 2026 finem
908 1999 1054 2038 propter
1072 1991 1200 2026 finem:
1224 1999 1259 2025 et
1280 1990 1331 2025 sic
1353 2002 1445 2025 unus
1467 1999 1501 2025 et
1522 1991 1619 2025 idem
1634 1991 1796 2037 subjecto

226 2050 347 2077 motus
364 2042 559 2078 voluntatis
575 2052 627 2078 θεῖ
648 2045 797 2079 tendens
813 2046 857 2079 ad
878 2045 1000 2087 finem,
1020 2053 1054 2079 et
1075 2045 1110 2078 in
1124 2045 1171 2087 id,
1186 2045 1282 2091 quod
1306 2052 1359 2078 est
1376 2044 1419 2078 ad
1438 2044 1559 2079 finem.
1579 2044 1677 2079 Cum
1698 2045 1797 2079 enim

226 2096 329 2130 dico:
348 2096 434 2131 volo
457 2097 678 2132 medicinam
700 2107 846 2145 propter
867 2099 1071 2141 sanitatem,
1085 2110 1160 2133 non
1182 2098 1332 2144 designo
1354 2098 1423 2132 nisi
1441 2109 1553 2132 unum
1575 2106 1719 2133 motum
1736 2109 1798 2133 vo-

225 2149 384 2192 luntatis,
398 2151 498 2196 cujus
514 2151 604 2185 ratio
620 2160 683 2194 est,
699 2153 781 2198 quia
796 2152 876 2187 finis
898 2153 989 2187 ratio
1009 2161 1062 2187 est
1075 2151 1222 2186 volendi
1237 2163 1278 2186 ea
1294 2163 1386 2198 quae
1400 2159 1483 2186 sunt
1497 2152 1541 2186 ad
1554 2152 1677 2195 finem,
1698 2152 1796 2187 idem

227 2212 348 2238 autem
368 2212 467 2239 actus
487 2205 581 2239 cadit
595 2217 701 2252 super
716 2206 913 2252 objectum,
929 2215 963 2241 et
977 2218 1084 2253 super
1097 2206 1277 2240 rationem
1292 2206 1440 2252 objecti:
1455 2206 1548 2241 sicut
1561 2206 1689 2241 eadem
1703 2207 1795 2241 visio

226 2266 280 2291 est
301 2257 446 2300 coloris,
470 2267 503 2293 et
524 2259 682 2301 luminis,
698 2268 736 2294 ut
751 2271 857 2306 supra
872 2260 1009 2294 dictum
1032 2268 1085 2294 est
1106 2261 1151 2306 (q.
1167 2261 1198 2296 8.
1213 2265 1277 2294 art.
1297 2272 1324 2306 3.
1344 2259 1388 2294 ad
1403 2260 1465 2306 2.).
1479 2259 1524 2295 Et
1545 2268 1598 2295 est
1619 2260 1736 2295 simile
1752 2261 1795 2295 de

226 2311 427 2346 intellectu:
451 2313 533 2358 quia
555 2313 584 2347 si
607 2313 769 2348 absolute
796 2314 1025 2360 principium,
1049 2322 1083 2348 et
1110 2313 1386 2348 conclusionem
1414 2313 1628 2356 consideret,
1655 2314 1795 2348 diversa

225 2372 278 2399 θεῖ
300 2365 542 2400 consideratio
565 2367 767 2413 utriusque:
790 2368 827 2401 in
848 2368 920 2401 hoc
945 2375 1064 2402 autem
1087 2368 1184 2414 quod
1207 2367 1435 2402 conclusioni
1456 2376 1602 2415 propter
1619 2368 1795 2415 principia

225 2419 382 2462 assentit,
404 2428 456 2454 est
477 2432 568 2454 unus
591 2429 690 2455 actus
709 2421 912 2456 intellectus
935 2429 1086 2455 tantum.

295 2473 354 2507 AD
376 2484 525 2508 PR1ML'M
553 2486 640 2521 ergo
667 2475 874 2518 dicendum,
902 2476 999 2521 quod
1026 2476 1252 2521 Augustinus
1280 2475 1439 2522 loquitur
1466 2476 1509 2510 de
1534 2475 1676 2510 visione
1701 2475 1796 2511 fene-

223 2534 328 2569 strae,
356 2535 391 2562 et
416 2528 555 2562 visione
589 2529 853 2563 transeuntium
881 2541 943 2575 per
968 2528 1177 2572 fenestram,
1204 2530 1406 2564 secundum
1441 2530 1538 2577 quod
1564 2530 1732 2565 voluntas
1757 2530 1794 2564 in

224 2588 416 2627 utrumque
439 2581 603 2617 absolute
622 2582 742 2617 fertur.

295 2635 354 2669 AD
371 2646 579 2671 SECUNDUM
602 2637 807 2678 dicendum,
824 2638 919 2683 quod
936 2637 1026 2679 finis,
1043 2637 1258 2684 inquantum
1275 2646 1328 2672 est
1343 2649 1398 2672 res
1415 2639 1606 2684 quaedam,
1622 2646 1675 2673 est
1695 2637 1792 2673 aliud

223 2687 419 2723 voluntatis
448 2690 642 2735 objectum,
665 2692 774 2737 quani
802 2691 835 2725 id
863 2691 959 2737 quod
988 2699 1040 2725 θεῖ
1068 2691 1110 2724 ad
1139 2691 1266 2725 finem:
1291 2692 1352 2726 sed
1379 2691 1594 2738 inquantum
1622 2700 1675 2727 est
1701 2692 1792 2726 ratio

223 2741 371 2776 volendi
392 2743 427 2777 id
449 2744 545 2789 quod
569 2752 621 2778 est
641 2745 683 2778 ad
704 2744 825 2787 finem,
849 2753 901 2779 est
923 2757 1035 2778 unum
1059 2753 1093 2779 et
1113 2745 1211 2779 idem
1234 2746 1429 2791 objectum.

294 2796 353 2830 AD
377 2807 547 2832 TERT1UM
569 2798 775 2840 dicendum,
791 2799 887 2844 quod
906 2806 1038 2841 motus,
1061 2798 1122 2844 qui
1138 2807 1190 2833 cst
1212 2810 1303 2833 unus
1326 2799 1501 2845 subjecto,
1520 2807 1639 2845 potest
1653 2799 1792 2834 ratione

225 2848 365 2884 differre
388 2851 587 2885 secundum
615 2852 844 2898 principium,
868 2860 903 2886 et
928 2852 1049 2894 finem,
1078 2860 1115 2886 ut
1142 2853 1319 2894 ascensio,
1342 2861 1376 2887 et
1402 2854 1601 2896 descensio,
1628 2853 1720 2888 sicut
1745 2853 1793 2887 di-

225 2902 316 2936 cit-ur
337 2904 373 2937 in
399 2915 426 2950 3.
442 2904 551 2951 Phys.
576 2905 652 2950 (tex.
675 2906 754 2951 21.).
776 2906 835 2940 Sic
858 2906 965 2952 igitur
979 2906 1193 2952 inquantum
1212 2914 1333 2941 motus
1351 2907 1547 2942 voluntatis
1568 2907 1678 2942 fertur
1698 2907 1734 2942 in
1755 2907 1790 2942 id
