1907 3182
237 169 320 224 328
660 180 880 215 QUAEST1O
916 180 1031 210 XLVI.
1066 180 1311 210 ART1cuLus
1344 181 1385 210 v.

233 262 381 298 cholera
403 270 525 297 autem
545 262 638 296 inter
659 262 750 296 alios
771 262 945 296 humores
968 262 1070 296 citius
1093 270 1278 296 movetur:
1303 261 1519 296 assimilatur
1538 262 1635 296 enim
1652 262 1747 308 igni3
1765 271 1801 298 et

232 317 314 351 ideo
337 317 453 362 magis
476 325 528 351 est
549 317 584 350 in
607 325 788 362 promptu,
812 324 850 350 ut
871 315 942 358 ille,
966 316 1026 362 qui
1053 324 1106 350 est
1138 315 1332 362 dispositus
1365 316 1565 351 secundum
1597 315 1800 351 naturalem

233 370 524 416 complexionem
549 370 591 403 ad
613 370 716 411 iram,
739 370 835 415 quod
858 369 1042 411 irascatur,
1066 380 1176 415 quam
1198 369 1241 403 de
1264 380 1308 404 eo
1334 369 1394 414 [al.
1417 369 1476 415 ei],
1507 370 1568 416 qui
1601 378 1654 404 est
1685 370 1802 416 dispo-

232 424 318 458 situs
341 424 384 457 ad
408 423 752 469 concupiscendum,
775 422 871 468 quod
895 422 1148 468 concupiscat:
1172 430 1207 456 et
1227 431 1374 468 propter
1391 423 1463 456 hoc
1481 422 1695 470 philosoph.
1715 423 1801 457 dicit

231 478 267 511 in
290 488 320 523 7.
343 477 423 511 Eth.
447 477 534 522 (cap.
558 477 590 512 6.
614 482 688 511 anta
707 476 820 520 med),
841 475 937 521 quod
955 476 1007 509 ira
1027 476 1143 522 magis
1161 476 1359 510 traducitur
1378 488 1397 510 a
1415 476 1621 523 parentibus
1639 477 1676 510 in
1693 476 1800 519 filios,

231 542 341 577 quam
364 530 668 576 concupiscentia.

303 585 363 618 AD
385 594 533 619 PRIMUM
556 595 642 628 ergo
666 582 873 624 dicendum,
895 582 992 628 quod
1013 582 1050 615 in
1072 582 1222 616 homine
1245 582 1466 617 considerari
1492 591 1611 629 potest
1640 591 1674 618 et
1701 591 1801 618 natu-

232 637 315 672 ralis
336 638 517 684 complexio
541 648 582 670 ex
605 644 703 682 parte
726 636 900 682 corporis,
923 647 1015 681 quae
1038 643 1091 670 est
1111 644 1323 682 temperata,
1346 644 1380 670 et
1399 637 1477 682 ipsa
1507 638 1613 671 ratio:
1643 648 1685 671 ex
1702 643 1800 683 parte

231 691 339 737 igitur
360 690 622 736 complexionis
646 689 844 735 corporalis
866 689 1076 723 naturaliter
1094 689 1209 723 homo
1227 690 1427 723 secundum
1446 701 1550 724 suam
1568 690 1729 736 speciem
1748 699 1801 725 est

231 756 305 779 non
327 744 463 778 habens
485 743 845 789 superexcellentiam
868 754 984 789 neque
1007 743 1092 784 irae,
1114 754 1231 789 neque
1255 742 1405 788 alicujus
1435 743 1581 778 alterius
1610 743 1799 789 passionis,

231 807 377 844 propter
397 805 726 843 temperamentum
749 808 834 830 suae
858 796 1138 842 complexionis:
1163 796 1232 830 alia
1262 808 1349 831 vero
1384 796 1567 839 animalia,
1599 798 1799 831 secundum

232 853 328 899 quod
350 852 522 886 recedunt
543 851 584 885 ab
607 851 676 885 hac
699 850 870 896 qualitate
893 849 1156 896 complexionis
1176 850 1219 884 ad
1238 850 1515 896 dispositionem
1535 849 1685 896 alicujus
1704 862 1801 885 corn-

230 906 406 952 plexionis
424 913 617 946 extremae,
636 905 837 939 secundum
852 905 923 938 hoc
944 904 1054 938 etiam
1071 904 1282 938 naturaliter
1298 904 1536 950 disponuntur
1554 904 1598 938 ad
1612 915 1799 939 excessum

231 959 380 1004 alicujus
402 959 598 1005 passionis余
621 966 659 992 ut
680 957 738 992 leo
762 958 805 992 ad
828 958 1032 999 audaciam,
1055 958 1153 991 canis
1176 958 1220 992 ad
1241 958 1345 1000 iram,
1371 957 1474 1004 lepus
1496 957 1539 992 ad
1561 958 1743 1000 timorem,
1766 966 1801 993 et

230 1014 280 1048 sic
304 1014 345 1047 de
369 1013 462 1046 aliis:
486 1024 527 1046 ex
544 1017 639 1059 parta
661 1023 747 1046 vero
770 1012 920 1046 rationis
940 1019 993 1045 est
1006 1011 1168 1045 naturale
1183 1011 1327 1046 homini
1341 1020 1375 1047 et
1388 1011 1505 1054 irasci,
1521 1019 1556 1046 et
1569 1019 1800 1046 mansuetum

231 1078 327 1109 esse余
349 1066 549 1100 secundum
572 1066 668 1112 quod
692 1065 783 1100 ratio
807 1065 1082 1112 quodammodo
1118 1073 1241 1100 causat
1273 1065 1378 1108 iram,
1411 1066 1627 1112 inquantum
1660 1066 1801 1101 nuntiat

230 1132 378 1155 causam
396 1120 488 1162 irae余
505 1128 538 1153 et
552 1119 826 1166 quodammodo
842 1120 942 1154 sedat
955 1119 1058 1161 iram,
1072 1119 1287 1165 inquantum
1305 1120 1415 1154 iratus
1434 1131 1509 1154 non
1526 1119 1684 1154 totaliter
1703 1120 1802 1155 audit

231 1174 426 1221 imperium
448 1173 609 1215 rationis,
632 1181 670 1207 ut
690 1185 797 1219 supra
820 1173 956 1207 dictum
978 1181 1032 1207 est
1053 1173 1133 1218 (art.
1153 1179 1266 1220 praec.
1288 1173 1330 1208 ad
1347 1174 1405 1220 3.).

302 1229 360 1262 AD
384 1237 591 1262 SECUNDUM
613 1227 818 1268 dicendum,
842 1227 938 1272 quod
960 1227 1037 1273 ipsa
1058 1227 1149 1261 ratio
1172 1227 1327 1273 pertinet
1354 1227 1398 1261 ad
1424 1234 1590 1262 naturam
1619 1226 1798 1261 hominis:

231 1282 324 1316 unde
347 1293 388 1315 ex
410 1282 481 1315 hoc
504 1281 581 1327 ipso
605 1282 701 1326 quod
723 1281 774 1314 ira
793 1289 846 1315 est
864 1292 948 1315 curn
963 1281 1114 1323 ratione,
1129 1281 1299 1327 sequitur,
1314 1282 1411 1328 quod
1425 1281 1626 1316 secundum
1641 1280 1799 1327 aliquem

231 1335 382 1369 modum
403 1335 449 1369 sit
468 1334 612 1368 homini
632 1334 815 1369 naturalis.

302 1389 362 1424 AD
385 1400 557 1424 TERTIUM
579 1389 785 1431 dicendum,
807 1389 904 1435 quod
926 1389 1017 1423 ratio
1039 1388 1101 1422 illa
1122 1388 1287 1435 procedit
1315 1388 1358 1423 de
1387 1390 1451 1431 ira,
1486 1396 1521 1423 et
1553 1387 1596 1423 de
1630 1388 1800 1435 concupi-

231 1444 368 1478 scentia
391 1455 433 1478 ex
455 1451 554 1489 parte
577 1443 719 1488 objecti.

790 1583 1134 1629 ARTrcutus
1175 1584 1252 1628 vr.
1729 1594 1797 1641 256

538 1692 691 1722 UTRUM
723 1692 793 1722 IRA
827 1692 894 1721 SIT
929 1691 1136 1731 GRAVIOR,
1171 1691 1296 1727 QUAM
1329 1691 1488 1721 ODIUM.

608 1780 691 1825 (2-2.
714 1792 743 1825 q.
766 1792 832 1826 159.
856 1784 919 1814 art.
942 1791 975 1824 4.
997 1784 1025 1814 et
1046 1780 1129 1814 Mal.
1153 1791 1183 1825 q.
1202 1791 1252 1815 12.
1271 1784 1334 1814 art.
1352 1779 1416 1824 4.).

298 1870 357 1903 AD
380 1880 531 1904 SEXTUM
554 1869 604 1903 sic
627 1869 843 1915 proceditur.
866 1869 1029 1911 Videtur,
1052 1869 1149 1915 quod
1176 1869 1227 1903 ira
1249 1869 1294 1903 sit
1315 1868 1471 1914 gravior,
1506 1879 1617 1915 quam
1650 1868 1794 1903 odium:

226 1923 355 1958 dicitur
382 1923 479 1957 enim
501 1923 671 1957 Proverb.
694 1933 748 1968 27.
770 1923 866 1969 quod
883 1924 934 1957 ira
949 1935 1013 1957 non
1029 1923 1123 1957 habet
1136 1923 1413 1965 misaricordimn,
1429 1934 1484 1957 nec
1498 1923 1794 1969 erumpensfuror:

226 1978 351 2011 odium
373 1985 494 2011 autem
517 1977 733 2023 quandoque
755 1977 864 2011 habet
886 1977 1192 2020 misericordiam3
1228 1987 1315 2022 ergo
1349 1977 1401 2010 ira
1432 1984 1485 2010 est
1506 1976 1663 2022 gravior,
1685 1988 1794 2023 quam

225 2031 361 2065 odium.

297 2095 328 2119 2.
351 2085 587 2119 PRAETEREA.
610 2084 727 2129 Majus
750 2091 802 2118 est
823 2084 896 2130 pati
919 2083 1070 2126 malum,
1093 2092 1127 2118 et
1148 2084 1191 2118 de
1214 2083 1312 2118 malo
1347 2083 1484 2126 dolere,
1519 2095 1629 2130 quam
1662 2083 1796 2130 simpli-

226 2139 313 2172 citer
334 2138 423 2184 pati:
448 2138 509 2172 sed
531 2138 594 2179 illi,
616 2138 676 2184 qui
697 2138 807 2172 habet
829 2137 987 2184 aliquem
1010 2138 1108 2180 odio,
1131 2137 1273 2180 sufficit,
1296 2138 1393 2184 quod
1412 2137 1485 2180 ille,
1504 2149 1613 2184 quem
1632 2137 1718 2180 odit,
1737 2149 1796 2184 pa-

224 2193 331 2226 tiatur
353 2191 510 2225 malum:
533 2192 624 2225 irato
649 2200 769 2225 autem
791 2203 865 2225 non
887 2191 1029 2234 sufficit,
1052 2192 1114 2226 sed
1137 2192 1286 2237 quaerit,
1309 2191 1405 2238 quod
1425 2199 1626 2237 cognoscat
1641 2191 1741 2233 illud,
1760 2200 1795 2225 et

224 2246 267 2280 de
289 2246 352 2279 illo
375 2245 506 2287 doleat,
529 2253 566 2279 ut
588 2245 674 2279 dicit
694 2244 831 2279 Philos.
855 2245 890 2278 in
914 2255 944 2278 2.
967 2245 1116 2279 Rhetor.
1148 2246 1242 2292 (cap.
1262 2257 1295 2290 4.
1319 2247 1379 2280 cir.
1398 2245 1499 2290 fin.)余
1535 2255 1622 2291 ergo
1656 2245 1709 2279 ira
1742 2253 1795 2280 est

223 2299 380 2345 gravior,
403 2310 512 2344 quam
535 2299 670 2332 odium.

299 2365 326 2399 3.
349 2353 585 2387 PRAETEREA.
608 2352 756 2393 Quanto
777 2352 820 2386 ad
839 2353 1138 2387 constitutionem
1157 2353 1308 2399 alicujus
1326 2352 1428 2399 plura
1447 2361 1677 2395 concurrunt,
1692 2361 1792 2388 tanto

222 2406 362 2441 videtur
383 2418 460 2440 esse
483 2406 661 2441 stabilius:
685 2407 776 2440 sicut
797 2407 940 2441 habitus
971 2406 1064 2451 (ille)
1088 2407 1360 2453 permanentior
1382 2415 1445 2449 est,
1469 2407 1530 2453 qui
1559 2418 1602 2441 ex
1632 2406 1792 2453 pluribus

222 2460 359 2494 actibus
387 2468 570 2494 causatur:
594 2461 654 2494 sed
678 2460 727 2493 ira
753 2469 918 2494 causatur
941 2472 981 2494 ex
1005 2472 1183 2494 concursu
1206 2460 1363 2507 plurium
1385 2461 1608 2507 passionum,
1631 2469 1668 2495 ut
1685 2472 1792 2506 supra

222 2514 359 2548 dictum
382 2521 435 2548 est
456 2514 538 2558 (art.
561 2526 587 2548 1.
611 2514 678 2559 lmj.
702 2514 762 2559 q),
787 2525 859 2547 non
883 2522 1003 2548 autem
1034 2514 1179 2556 odium3
1210 2526 1297 2559 ergo
1319 2514 1371 2548 ira
1393 2522 1446 2549 est
1466 2514 1638 2556 stabilior,
1662 2522 1696 2549 et
1717 2526 1794 2560 gra-

220 2567 309 2609 vior,
332 2578 441 2613 quam
463 2567 599 2601 odium.

292 2621 366 2655 Slil)
390 2632 544 2655 CONTRA
567 2629 630 2663 est,
654 2621 749 2666 quod
773 2621 996 2666 Augustinus
1019 2622 1052 2655 in
1073 2621 1225 2667 Regula,
1241 2621 1366 2656 odium
1381 2630 1570 2668 comparat
1583 2622 1684 2665 trabi,
1700 2622 1789 2656 iram

221 2686 305 2708 vero
320 2680 475 2719 justusne.

290 2728 519 2763 RESPONDEO
548 2728 753 2769 dicendum,
776 2729 871 2773 quod
895 2729 1032 2774 species
1056 2729 1244 2774 passionis,
1267 2737 1301 2763 et
1324 2729 1414 2763 ratio
1449 2729 1559 2775 ipsius
1581 2740 1623 2763 ex
1645 2729 1788 2774 objecto

219 2790 403 2826 pensatur:
428 2791 481 2816 est
503 2790 622 2816 autem
647 2782 828 2827 objectum
853 2782 936 2823 irae,
960 2791 993 2816 et
1016 2783 1088 2816 odii
1111 2783 1208 2816 idem
1230 2783 1410 2827 subjecto:
1434 2794 1520 2816 nam
1542 2783 1634 2817 sicut
1661 2783 1788 2816 odiens

219 2836 353 2880 appetit
376 2836 511 2869 malum
535 2836 578 2877 ci,
601 2847 708 2881 quem
733 2835 826 2877 odit3
850 2836 897 2869 ita
925 2836 1034 2869 iratus
1058 2836 1101 2877 ei,
1125 2845 1250 2870 contra
1274 2847 1383 2882 quem
1405 2836 1590 2878 irascitur余
1621 2836 1683 2870 sed
1714 2847 1786 2870 non

221 2889 347 2923 eadem
370 2890 524 2924 ratione:
548 2901 633 2924 nam
657 2890 781 2924 odiens
805 2890 938 2935 appetit
962 2889 1098 2924 malum
1134 2890 1283 2932 inimici,
1314 2890 1527 2936 inquantum
1550 2898 1603 2924 est
1625 2889 1788 2932 malu1n3
