1875 3198
197 175 282 218 860
622 187 843 223 QUAEsrro
879 186 982 217 exn.
1016 184 1265 218 ARTICUL'US
1297 188 1338 216 v.

196 268 382 313 proprium
403 268 639 315 principium:
663 269 713 303 sic
737 269 834 303 enirn
857 268 1033 303 certitudo
1055 268 1208 303 habetur
1230 268 1273 303 de
1296 267 1592 303 conclusionibus
1614 268 1760 303 demon-

196 322 350 356 strativis
364 334 427 368 per
440 322 776 357 indemonstrabilia
798 322 1015 357 universalia
1036 323 1230 368 principia:
1252 322 1371 356 nullus
1392 330 1512 357 autem
1531 330 1654 369 posset
1671 321 1762 355 scire

197 386 234 409 se
249 375 383 410 habere
397 376 586 410 scientiam
609 375 758 421 alicujus
774 375 1031 418 conclusionis,
1047 375 1076 410 si
1094 376 1311 422 principium
1333 376 1527 422 ignoraret.
1542 375 1763 421 Principium

198 436 319 462 autem
342 429 488 475 gratiae,
512 437 546 463 et
568 429 751 474 objectum
775 430 849 474 ejus
873 437 926 463 est
952 429 1027 475 ipse
1048 429 1161 471 Deus,
1184 429 1244 475 qui
1265 437 1411 476 propter
1432 430 1487 464 sui
1513 428 1763 464 excellentiam

198 489 250 516 est
270 482 375 516 nobis
397 483 554 528 ignotus,
577 483 777 516 secundum
799 482 886 516 illud
905 483 971 528 Job
991 481 1062 528 36:
1086 484 1169 518 Ecca
1184 484 1276 517 Dens
1289 494 1429 529 magnus
1443 485 1575 518 vincens
1594 483 1762 518 scientiam

196 541 364 577 noi-{mmm
389 544 423 570 et
444 537 526 570 ideo
550 536 624 581 ejus
648 537 850 582 praesentia
871 536 907 570 in
934 537 1050 578 nobis,
1079 545 1113 570 et
1140 537 1300 570 absentia
1331 548 1393 583 per
1428 537 1680 571 certitudinem
1707 546 1764 569 co-

198 591 325 633 gnosci
347 601 421 624 non
443 598 572 635 potest,
595 591 796 624 secundum
817 589 905 623 illud
923 590 989 635 Job
1013 601 1065 637 9.:
1089 591 1124 625 Si
1141 592 1267 625 venerit
1294 591 1335 624 ad
1354 603 1415 633 me,
1434 603 1500 625 non
1526 590 1640 624 videbo
1667 601 1761 629 eum;

196 644 223 677 si
244 649 353 678 antem,
380 645 511 686 abierit,
540 655 604 677 non
633 644 832 689 intell1'grzm;
857 651 891 678 et
917 643 999 678 ideo
1027 644 1141 677 homo
1169 655 1243 678 non
1265 652 1383 690 potest
1417 656 1481 690 per
1514 643 1762 678 certitudinem

198 697 406 742 dijudicare,
433 705 554 730 utrum
580 697 655 742 ipse
689 697 821 731 habeat
855 698 1019 743 gratiam,
1055 698 1255 731 secundum
1282 697 1370 731 illud
1397 708 1424 731 1.
1449 697 1491 731 ad
1515 697 1600 732 Cor.
1622 706 1674 740 4:
1705 696 1765 731 Sed

198 762 296 796 neque
319 763 367 784 me
401 752 506 796 ipsam
523 750 660 796 judico:
683 752 739 796 qni
760 756 870 785 autum
888 750 1019 796 judicat
1036 763 1099 793 vm,
1115 752 1283 785 Dominus
1305 756 1358 786 cst.
1385 751 1495 786 Tertio
1517 750 1611 785 modo
1632 761 1765 796 cogno-

198 804 308 838 scitur
330 804 463 850 aliquid
486 803 778 849 conjecturaliter
799 816 862 850 per
883 804 1003 851 aliqua
1026 805 1148 850 signa:
1172 812 1207 839 et
1228 805 1285 839 hoc
1312 804 1406 839 modo
1434 805 1552 850 aliquis
1578 815 1766 850 cognoscere

193 862 298 904 potest
314 870 345 892 se
366 858 484 892 haban>
508 859 675 903 graticcm;
704 858 918 904 inquantum
945 858 1083 892 scilicet
1108 859 1261 904 percipit
1287 870 1324 893 se
1352 858 1523 892 delectari
1548 858 1585 892 in
1610 858 1704 899 Deo,
1732 865 1767 891 et

199 919 432 946 contemnere
454 922 510 946 res
532 912 745 954 mundanas,
761 921 795 947 et
816 912 1031 958 inquantum
1048 913 1164 947 homo
1178 924 1253 946 non
1269 920 1322 947 est
1337 913 1504 947 conscius
1526 912 1594 946 sibi
1615 911 1765 957 alicujus

198 965 338 1011 peccati
371 964 546 999 mortalis.
575 966 784 1000 Secundum
820 977 928 1012 quern
963 966 1116 1000 modum
1150 974 1269 1013 potest
1301 966 1455 1012 intelligi
1484 965 1581 1012 quod
1615 965 1767 1000 habetur

199 1018 353 1064 Apocal.
377 1029 426 1052 2.:
457 1019 605 1054 Vincenti
627 1019 710 1054 dabo
738 1031 863 1054 manna
882 1019 1120 1062 abscondimur,
1148 1020 1233 1066 qnod
1258 1032 1352 1055 nemo
1379 1021 1485 1062 novit,
1512 1021 1576 1054 nisi
1602 1020 1659 1065 qui
1685 1020 1769 1054 acci-

192 1074 266 1118 μὶ,-
291 1073 372 1118 quia
395 1072 534 1107 scilicet
556 1072 627 1115 ille,
647 1073 707 1119 qui
722 1073 853 1118 accipit
875 1073 936 1118 [al.
959 1075 1082 1120 arripit
1098 1074 1263 1119 gratiam]
1289 1085 1351 1120 per
1370 1073 1567 1120 quamdam
1588 1073 1769 1119 experien—

198 1126 285 1159 tiam
309 1125 508 1160 dulcedinis
530 1127 643 1168 novit,
666 1138 775 1173 quam
802 1139 876 1161 non
904 1128 1083 1174 experitur
1109 1127 1181 1170 ille,
1204 1129 1264 1174 qui
1286 1139 1361 1162 non
1383 1127 1524 1174 accipit.
1546 1127 1619 1162 Ista
1643 1135 1768 1162 tamen

199 1179 360 1225 cognitio
382 1179 593 1226 imperfecta
616 1188 684 1223 est3
708 1181 801 1214 unde
824 1181 1024 1227 Apostolus
1046 1181 1132 1215 dicit
1158 1193 1184 1215 1.
1213 1182 1257 1215 ad
1280 1181 1366 1216 Cor.
1393 1191 1445 1224 4:
1465 1181 1562 1216 Nihil
1587 1181 1671 1215 mihi
1696 1193 1770 1216 con-

200 1235 282 1268 scias
303 1246 386 1276 sam,
401 1233 453 1268 saci
468 1245 532 1268 non
551 1235 585 1268 in
600 1234 658 1268 hoc
680 1235 863 1281 jzcslficutzts
875 1247 969 1270 sum:
985 1235 1079 1281 quia,
1095 1243 1133 1270 ut
1147 1235 1277 1269 dicitur
1297 1235 1334 1269 in
1364 1235 1422 1269 Ps.
1449 1235 1520 1269 18.:
1543 1235 1677 1269 Delicta
1698 1235 1769 1280 quis

199 1288 379 1333 intelligit?
405 1289 445 1322 ab
469 1288 614 1330 occultis,
638 1295 705 1322 etc.

271 1341 330 1375 AD
360 1352 510 1376 PRIMUM
540 1352 627 1387 ergo
657 1342 865 1384 dicendum,
893 1342 989 1388 quod
1019 1342 1081 1376 illa
1110 1354 1202 1389 quae
1231 1350 1312 1377 sunt
1339 1353 1402 1389 per
1431 1341 1627 1377 essentiam
1649 1341 1705 1376 sui
1732 1342 1768 1375 in

200 1395 332 1437 anima,
356 1403 627 1441 cognoscuntur
650 1395 924 1442 experimentali
946 1397 1178 1441 cognitione3
1205 1396 1421 1443 inquantum
1447 1396 1562 1430 homo
1591 1395 1769 1442 experitur

199 1461 262 1495 per
285 1457 384 1483 actus
404 1449 578 1495 principia
600 1449 813 1484 intrinseca:
837 1450 929 1484 sicut
946 1449 1172 1485 voluntatem
1188 1450 1407 1496 percipimus
1422 1449 1593 1492 volendo,
1608 1457 1643 1483 et
1656 1449 1768 1484 vitam

201 1503 237 1536 in
260 1503 428 1548 operibus
450 1503 557 1536 vitae.

272 1557 332 1591 AD
359 1567 567 1591 SECUNDUM
587 1556 794 1599 dicendum,
816 1557 913 1603 quod
938 1557 980 1591 de
1002 1558 1142 1592 ratione
1165 1557 1338 1592 scientiae
1358 1565 1421 1600 est,
1444 1557 1541 1604 quod
1562 1557 1678 1591 homo
1698 1568 1770 1591 cer-

201 1611 394 1644 titudinem
416 1611 548 1644 habeat
563 1610 605 1644 de
620 1611 688 1653 his,
704 1622 860 1657 quorum
874 1611 984 1645 habet
997 1612 1206 1646 scientiam:
1231 1619 1265 1645 et
1286 1611 1451 1646 similiter
1466 1611 1509 1645 de
1527 1611 1667 1645 ratione
1686 1610 1770 1645 fidei

201 1672 264 1706 est,
292 1665 388 1710 quod
410 1665 526 1698 homo
559 1665 605 1698 sit
636 1673 754 1698 certus
789 1665 832 1698 de
854 1665 921 1706 his,
945 1677 1100 1711 quorum
1131 1665 1241 1699 habet
1262 1665 1389 1708 fidem3
1410 1673 1444 1699 et
1465 1666 1538 1699 hoc
1565 1665 1660 1708 ideo,
1687 1665 1770 1712 quia

201 1718 378 1752 certitudo
401 1718 555 1764 pertinet
570 1718 612 1752 ad
627 1718 891 1764 perfectionem
905 1718 1121 1761 intellectus,
1136 1719 1172 1753 in
1188 1730 1259 1765 quo
1275 1719 1460 1765 praedicta
1481 1719 1578 1754 dona
1596 1719 1770 1761 existunt3

200 1780 235 1805 et
256 1771 338 1806 ideo
362 1772 581 1818 quicumque
604 1772 714 1806 habet
734 1772 937 1815 scientiam,
958 1772 1017 1806 vel
1038 1772 1160 1815 fidem,
1182 1780 1300 1807 certus
1319 1780 1373 1807 est
1395 1784 1432 1807 se
1450 1773 1602 1808 habere:
1622 1784 1697 1807 non
1719 1780 1772 1807 est

201 1833 321 1859 autem
341 1825 468 1860 similis
490 1826 581 1860 ratio
605 1826 647 1860 de
671 1826 797 1872 gratia,
821 1834 855 1860 et
877 1826 1064 1869 charitate,
1080 1835 1114 1861 et
1129 1826 1206 1861 aliis
1228 1827 1451 1873 hujusmodi,
1470 1838 1562 1873 quae
1581 1826 1772 1873 perficiunt

199 1879 274 1913 vim
297 1880 540 1925 appetitivam.

272 1933 332 1967 AD
355 1944 527 1968 TERTIUM
543 1933 749 1976 dicendum,
766 1933 862 1980 quod
878 1942 1068 1981 peccatum
1082 1934 1192 1968 habet
1205 1946 1270 1981 pro
1289 1935 1478 1981 principio,
1494 1942 1529 1969 et
1547 1946 1611 1982 pro
1627 1934 1770 1981 objecto

200 1987 337 2020 bonum
354 1987 627 2029 commutabile,
639 1987 736 2033 quod
751 1988 855 2022 nobis
872 1996 924 2022 est
938 1996 1086 2022 notum:
1103 1988 1287 2034 objectum
1303 1996 1436 2031 autem,
1450 1988 1509 2023 vel
1526 1988 1607 2023 finis
1623 1989 1770 2035 gratiae,

201 2048 253 2074 est
275 2041 379 2075 nobis
401 2041 569 2087 ignotum
592 2049 738 2087 propter
760 2042 815 2075 sui
841 2041 988 2075 luminis
1015 2042 1313 2085 immensitatem,
1335 2042 1536 2077 secundum
1557 2041 1645 2076 illud
1671 2053 1699 2078 1.
1727 2042 1770 2076 ad

203 2094 300 2128 Tim.
324 2094 405 2129 ult.:
430 2096 552 2129 Lucem
572 2096 697 2130 habitat
720 2096 964 2131 [nazccsn'bilem.

273 2149 332 2182 AD
355 2159 544 2188 QUARTUM
568 2149 774 2192 dicendum,
798 2150 894 2195 quod
928 2149 1130 2196 Apostolus
1160 2150 1208 2184 ibi
1241 2149 1401 2196 loquitur
1423 2149 1467 2184 de
1489 2148 1594 2185 donis
1620 2149 1770 2197 gloriae,

202 2213 293 2247 quae
316 2210 398 2236 sunt
419 2203 522 2236 nobis
545 2203 627 2237 data
649 2203 684 2237 in
707 2215 789 2249 spe3
812 2215 904 2249 quae
936 2204 1134 2238 certissime
1158 2204 1416 2250 cognoscimus
1451 2215 1515 2251 per
1535 2204 1665 2247 fidem3
1686 2204 1772 2239 licet

201 2268 275 2289 non
299 2268 568 2302 cognoscamus
591 2269 653 2303 per
676 2257 928 2291 certitudinem
951 2269 1017 2291 nos
1039 2258 1172 2292 habere
1195 2258 1361 2303 gratiam,
1383 2269 1447 2304 per
1468 2269 1579 2304 quam
1597 2269 1663 2293 nos
1691 2270 1771 2305 pos-

201 2310 313 2344 simus
336 2321 377 2344 ea
400 2311 609 2356 promereri.
640 2310 710 2344 Vel
739 2319 857 2357 potest
887 2311 968 2353 dici,
999 2312 1096 2357 quod
1130 2311 1289 2358 loquitur
1319 2311 1362 2346 de
1384 2312 1512 2346 notitia
1533 2311 1771 2358 privilegiata,

201 2375 293 2410 quae
316 2372 368 2398 est
390 2376 452 2410 per
479 2364 759 2407 revelationem,
783 2366 876 2399 unde
909 2365 1045 2399 subdit:
1069 2366 1174 2401 Nobis
1203 2370 1311 2400 autam
1334 2366 1495 2401 revelavit
1515 2366 1607 2401 Deus
1622 2372 1684 2413 pet·
1700 2367 1772 2414 Spi-

202 2419 303 2451 ritum
324 2418 482 2452 Sanctum
507 2419 643 2464 (snum).

274 2471 332 2505 An
356 2482 536 2510 QUINTUM
559 2472 766 2514 dicendum,
789 2473 886 2518 quod
909 2472 996 2506 illud
1011 2473 1161 2507 verbum
1178 2473 1347 2507 Abrahae
1362 2473 1499 2508 dictum
1511 2481 1631 2520 potest
1649 2473 1771 2508 referri

203 2525 245 2558 ad
268 2525 435 2559 notitiam
459 2526 792 2572 experimentalem,
807 2538 898 2572 quae
914 2534 965 2560 est
981 2539 1041 2573 per
1057 2528 1319 2562 exhibitionem
1335 2528 1452 2574 operis
1467 2541 1475 2563 ι
1497 2529 1532 2562 in
1549 2539 1657 2573 opere
1673 2528 1771 2562 enim

202 2578 277 2621 illo,
300 2579 396 2624 quod
419 2579 553 2614 fecerat
575 2581 774 2622 Abraham,
797 2592 1021 2625 cognoscere
1042 2582 1157 2627 potuit
1179 2581 1510 2628 experimentaliter
1523 2593 1561 2616 se
1577 2582 1646 2616 Dei
1665 2582 1771 2617 timo-

202 2644 278 2666 rem
300 2632 451 2667 habere:
475 2633 532 2667 vel
555 2641 672 2679 potest
693 2634 763 2668 hoc
789 2634 897 2668 etiam
925 2634 968 2668 ad
992 2634 1253 2670 revelationem
1277 2634 1410 2670 referri.
