1875 3198
222 188 307 230 704
650 188 870 223 QUAESTIO
905 187 1023 217 XCIX.
1057 187 1301 218 ARTICULUS
1335 187 1362 216 I.

710 429 1067 490 QUAESTIO
1110 429 1296 476 XCIX.

270 553 333 584 DE
360 553 642 585 PRAECEPTIS
669 553 867 585 VETERIS
894 553 1045 592 LEGIS,
1076 553 1127 584 IN
1154 553 1241 585 SEX
1269 552 1532 584 ARTICULOS
1558 551 1733 584 DIVISA.

291 694 432 728 Deinde
456 693 761 728 considerandum
784 702 837 728 est
856 695 898 728 de
917 694 1119 741 praeceptis
1134 694 1266 728 veteris
1288 693 1397 739 legis:
1421 701 1456 728 et
1468 695 1582 741 primo
1605 692 1648 727 de
1670 693 1790 728 distin—

221 747 340 782 ctione
362 748 542 794 ipsorum:
565 748 703 783 secundo
726 748 769 783 de
792 748 943 795 singulis
965 748 1156 795 generibus
1178 748 1365 782 distinctis.

709 838 810 873 Circa
824 839 974 884 primum
995 843 1203 884 quaeruntur
1223 848 1287 872 sex.

290 907 426 942 Primo.
450 907 582 942 Utrum
604 908 694 955 legis
712 909 843 944 veteris
864 909 934 944 sint
955 908 1056 956 plura
1079 917 1283 956 praecepta,
1305 908 1363 943 vel
1384 919 1497 943 unum
1514 915 1668 942 tantum.

290 961 472 997 Secundo.
496 962 628 996 Utrum
650 962 707 998 lex
729 972 832 997 vetus
856 963 1041 997 contineat
1063 963 1183 1009 aliqua
1204 971 1399 1009 praecepta
1420 961 1585 996 moralia.

291 1014 430 1050 Tertio.
454 1016 586 1050 Utrum
609 1025 751 1063 praeter
769 1016 923 1051 moralia
943 1017 1128 1051 contineat
1150 1015 1442 1050 caeremonialia.

291 1068 446 1110 Quarto.
470 1070 602 1104 Utrum
627 1071 812 1105 contineat
833 1078 974 1116 praeter
995 1071 1088 1105 haec
1110 1069 1304 1116 judicialia.

290 1123 443 1164 Quinto.
466 1124 599 1158 Utrum
620 1132 761 1171 praeter
782 1125 850 1159 ista
868 1124 935 1159 tria
959 1126 1144 1159 contineat
1166 1123 1286 1170 aliqua
1309 1123 1389 1158 alia.

290 1177 411 1212 Sexto.
431 1177 488 1212 De
510 1178 635 1220 modo,
655 1189 727 1225 quo
751 1177 807 1213 lex
828 1178 1023 1213 inducebat
1045 1177 1089 1212 ad
1112 1177 1382 1213 observantiam
1400 1176 1680 1224 praedictorum.

795 1349 1143 1396 ARTICULUS
1176 1350 1210 1393 I.
1724 1370 1789 1406 524

217 1458 371 1487 UTRUM
398 1458 442 1488 IN
476 1459 588 1488 LEGE
620 1459 779 1489 VETERI
810 1459 1124 1491 CONTINEATUR
1155 1459 1304 1489 SOLUM
1331 1458 1456 1489 UNUM
1481 1457 1786 1488 PRAECEPTUM.

288 1553 348 1587 AD
379 1563 529 1588 PR1MUM
548 1553 598 1587 sic
621 1553 839 1599 proceditur.
861 1553 1025 1596 Videtur,
1048 1553 1145 1600 quod
1168 1554 1205 1587 in
1223 1552 1305 1599 lege
1326 1552 1440 1587 veteri
1461 1563 1536 1587 non
1559 1552 1788 1587 contineatur

216 1606 285 1640 nisi
307 1618 420 1640 unum
442 1614 695 1653 praeceptum:
719 1606 775 1641 lex
798 1607 895 1642 enim
909 1606 1000 1641 nihil
1023 1607 1119 1641 aliud
1142 1615 1205 1649 est,
1229 1618 1339 1653 quam
1356 1614 1601 1653 praeceptum,
1623 1614 1661 1641 ut
1681 1618 1788 1653 supra

216 1660 381 1694 habitum
405 1669 456 1694 est
478 1659 522 1706 (q.
547 1672 602 1706 90.
626 1666 691 1696 art.
713 1673 744 1696 2.
767 1661 877 1708 etj.).·
900 1661 962 1696 sed
985 1660 1041 1695 lex
1059 1669 1162 1696 vetus
1178 1669 1230 1695 est
1244 1672 1335 1703 una3
1351 1671 1438 1706 ergo
1453 1671 1527 1695 non
1546 1660 1708 1695 continet
1720 1660 1789 1695 nisi

216 1725 329 1748 unum
352 1722 598 1760 praeceptum.
1550 1752 1553 1755 μ

288 1778 319 1802 2.
343 1767 582 1802 PRAETEREA.
605 1767 805 1814 Apostolus
834 1768 921 1803 dicit
942 1768 1051 1803 Rom.
1084 1780 1156 1815 13.:
1179 1769 1215 1804 517
1235 1768 1321 1815 quod
1342 1773 1385 1804 est
1409 1768 1500 1803 aliud
1521 1768 1727 1810 mandatum,
1753 1769 1789 1802 in

216 1823 274 1857 hoc
291 1823 391 1857 verbo
408 1823 639 1857 instauratur:
655 1822 766 1868 diliges
778 1825 975 1869 proximum
992 1828 1095 1865 tuum,
1111 1824 1195 1858 sicut
1214 1824 1350 1869 teipsum
1364 1835 1373 1858 :
1389 1822 1451 1857 sed
1466 1822 1561 1857 istud
1575 1822 1789 1857 mandatum

216 1885 269 1912 est
290 1888 420 1919 unum;
444 1887 530 1922 ergo
550 1876 606 1911 lex
628 1884 730 1910 vetus
748 1888 822 1911 non
847 1877 1011 1911 continet
1031 1877 1100 1911 nisi
1122 1888 1235 1911 unum
1257 1877 1482 1911 mandatum.

291 1942 319 1978 3.
334 1931 572 1965 PRAETEREA.
589 1930 716 1964 Matth.
741 1941 772 1976 7.
797 1931 945 1966 dicitur:
971 1932 1108 1974 Omnia,
1133 1943 1355 1977 quaecumque
1372 1931 1473 1965 vultis
1494 1935 1530 1966 ut
1546 1931 1678 1976 faciant
1697 1930 1790 1965 vobis

216 1985 371 2027 homines,
392 1990 421 2020 et
446 1996 504 2019 vos
523 1985 630 2031 facita
652 1985 738 2020 illis:
767 1985 844 2020 haec
865 1990 908 2019 est
933 1986 1020 2020 enim
1048 1985 1110 2027 Iex,
1137 1990 1166 2020 et
1185 1985 1387 2032 prophetam
1416 1984 1478 2019 sed
1503 1992 1580 2019 tota
1605 1983 1662 2018 lex
1687 1991 1790 2018 vetus

217 2038 422 2073 continetur
444 2038 479 2072 in
507 2037 600 2084 lege,
624 2046 658 2073 et
679 2039 884 2085 prophetis;
913 2050 1001 2085 ergo
1024 2038 1080 2073 lex
1107 2046 1210 2073 vetus
1231 2049 1306 2073 non
1332 2038 1442 2074 habet
1463 2038 1532 2073 nisi
1558 2049 1670 2072 unum
1693 2049 1791 2085 prae-

217 2100 373 2138 ceptum.

289 2145 364 2180 SED
392 2155 547 2181 CONTRA
571 2154 635 2188 est,
658 2147 755 2192 quod
772 2147 900 2193 Apost.
917 2146 1003 2181 dicit
1026 2146 1069 2180 ad
1088 2145 1178 2192 Eph.
1203 2157 1253 2180 2.:
1274 2146 1392 2193 Legem
1407 2146 1641 2181 mandatorum
1655 2145 1790 2181 decretis
1822 2193 1823 2196 Ἴ
1853 2179 1857 2186 ,

216 2211 401 2241 εἰῑναιίιαηκ
423 2207 457 2234 et
478 2199 639 2246 loquitur
661 2200 704 2234 de
728 2199 809 2245 lege
831 2201 955 2243 veteri,
972 2208 1009 2235 ut
1028 2208 1125 2246 patet
1139 2212 1202 2246 per
1217 2199 1338 2235 Gloss.
1363 2200 1534 2246 (Ambros.
1555 2201 1591 2235 in
1612 2200 1697 2235 hunc
1711 2199 1787 2246 loc.)

216 2254 371 2297 ibidem3
392 2265 479 2299 ergo
499 2253 555 2287 lex
578 2261 680 2288 vetus
703 2255 865 2288 continet
886 2255 922 2288 in
945 2266 982 2289 se
1006 2254 1119 2288 multa
1142 2254 1324 2288 mandata.

288 2307 519 2342 RESPONDEO
543 2307 751 2350 dicendum,
775 2308 870 2354 quod
891 2317 1124 2355 praeceptum
1147 2307 1249 2354 legis,
1273 2319 1356 2342 cum
1379 2308 1423 2343 sit
1445 2307 1715 2355 obligatorium,
1737 2315 1790 2342 est

217 2363 260 2396 de
284 2361 417 2407 aliquo,
438 2361 535 2407 quod
552 2360 627 2395 fieri
651 2361 767 2403 debet,
792 2362 889 2408 quod
913 2370 1033 2396 autem
1057 2361 1191 2408 aliquid
1214 2362 1342 2397 debeat
1364 2361 1452 2404 fieri,
1474 2362 1545 2396 hoc
1565 2361 1732 2408 provenit
1747 2372 1789 2395 cx

216 2415 431 2450 necessitate
448 2415 598 2460 alicujus
620 2414 717 2448 finis:
736 2416 829 2449 unde
850 2415 1082 2450 manifestum
1102 2424 1165 2458 cst,
1185 2415 1280 2462 quod
1304 2416 1347 2449 de
1369 2416 1508 2450 ratione
1521 2415 1703 2463 praecepti
1725 2422 1789 2457 cst,

217 2469 314 2516 quod
336 2469 507 2515 importet
529 2468 694 2502 ordinem
718 2469 761 2502 ad
785 2469 914 2512 finem3
937 2470 1150 2515 inquantum
1178 2469 1316 2504 scilicet
1337 2468 1424 2503 illud
1446 2469 1673 2516 praecipitur,
1692 2468 1788 2515 quod

217 2531 270 2557 est
291 2524 548 2565 necessarium,
583 2522 640 2557 vel
663 2523 856 2568 expediens
888 2524 930 2558 ad
953 2523 1082 2558 finem:
1107 2523 1285 2569 contingit
1315 2532 1434 2558 autem
1467 2523 1510 2558 ad
1532 2535 1645 2557 unum
1679 2522 1786 2557 finem

216 2577 330 2611 multa
353 2589 431 2612 esse
454 2577 671 2619 necessaria,
694 2577 751 2612 vel
775 2578 1019 2623 expedientia:
1044 2586 1079 2612 et
1100 2578 1301 2612 secundum
1317 2577 1388 2611 hoc
1408 2585 1559 2622 possunt
1578 2577 1621 2611 de
1640 2575 1797 2611 diversis*
1823 2617 1826 2620 ⁴

216 2631 320 2666 rebus
343 2631 419 2664 dari
447 2632 587 2665 diversa
616 2639 818 2677 praecepta,
846 2632 1058 2677 inquantum
1087 2632 1298 2665 ordinantur
1325 2631 1368 2665 ad
1396 2643 1506 2665 unum
1538 2631 1666 2673 sinem;
1694 2630 1787 2664 unde

218 2685 411 2719 dicendum
436 2693 500 2726 est,
523 2685 620 2731 quod
643 2685 765 2718 omniu
791 2694 981 2731 praecepta
1004 2685 1094 2731 legis
1117 2685 1247 2719 veteris
1275 2693 1356 2719 sunt
1378 2696 1490 2719 unum
1513 2684 1712 2719 secundum
1735 2694 1788 2717 or·

217 2738 339 2772 dinem
363 2739 405 2772 ad
422 2750 534 2772 unum
551 2738 679 2772 finem:
696 2746 778 2772 sunt
794 2746 917 2773 tamen
935 2738 1047 2773 multa
1063 2739 1263 2773 secundum
1279 2739 1524 2773 diversitatem
1541 2749 1679 2780 eorum,
1695 2747 1786 2784 quae

217 2792 428 2826 ordinantur
450 2793 493 2826 ad
516 2792 618 2826 illum
643 2793 763 2826 linem.

289 2847 348 2880 An
376 2857 525 2881 mmmm
554 2858 641 2892 ergo
665 2846 871 2887 dicendum,
895 2847 990 2892 quod
1019 2846 1074 2881 lex
1097 2855 1199 2881 vetus
1227 2846 1357 2880 dicitur
1384 2857 1461 2880 esse
1489 2857 1559 2880 una
1586 2844 1784 2880 secundum

217 2900 382 2934 ordinem
406 2900 449 2934 ad
472 2899 582 2934 finem
610 2911 741 2942 unum3
765 2908 798 2934 ct
819 2908 941 2934 tamen
966 2901 1126 2935 continet
1149 2900 1288 2934 diversa
1310 2908 1502 2946 praecepta
1524 2898 1722 2934 secundum
1738 2897 1785 2932 di-
