1875 3198
198 229 282 271 570
569 228 788 263 QUAESTIO
823 227 1000 258 LXXVIII.
1033 227 1276 257 ARTICULUS
1308 226 1368 256 III.

267 311 327 345 AD
349 320 536 349 QUARTL'M
559 310 765 352 dicendum,
788 310 884 356 quod
906 321 980 344 non
1002 318 1056 344 est
1075 309 1202 343 similis
1223 309 1315 343 ratio
1337 309 1380 343 de
1402 308 1580 343 electione
1600 308 1700 351 boni,
1718 317 1753 343 et

198 365 240 399 de
263 364 438 398 electione
461 363 566 398 mali:
590 365 673 410 quia
695 363 832 397 malum
853 375 1054 409 numquam
1076 371 1129 397 est
1142 363 1217 397 sine
1235 363 1333 397 bono
1352 370 1520 405 naturae3
1538 362 1600 396 sed
1614 363 1753 396 bonum

196 426 314 464 potest
335 429 410 452 esse
433 418 508 452 sine
531 417 628 451 malo
653 417 778 463 culpae
801 416 991 463 perfectae.

766 546 1110 591 ARTICULUS
1139 547 1215 589 IV.
1683 555 1754 601 426

226 656 379 686 UTRUM
406 656 517 695 ILLE,
545 655 622 690 QUI
650 655 819 685 PECCAT
845 655 902 684 EX
935 655 1077 684 CERTA
1102 654 1299 694 MALITIA,
1329 654 1512 684 GRAVIUS
1540 654 1726 694 PECCET,

700 721 825 756 QUAM
852 721 929 756 QUI
955 721 1011 749 EX
1033 720 1250 750 PASSIONE.

486 808 601 854 (Supr.
624 819 653 854 q.
675 819 730 854 47.
753 812 815 842 art.
838 819 869 842 2.
892 813 981 853 corp.
1003 812 1033 842 et
1053 819 1118 842 2-2.
1142 819 1171 852 q.
1195 818 1223 853 7.
1246 811 1309 842 art.
1327 819 1356 853 3.
1378 813 1469 854 corp.

199 867 227 897 et
246 873 278 898 2.
300 862 388 896 Dist.
412 873 441 908 7.
462 874 491 908 q.
514 874 541 897 Ι.
560 867 625 896 art.
644 873 675 896 2.
695 862 860 908 corp.fin.
879 866 909 896 et
926 861 1010 895 Mal.
1026 873 1056 907 q.
1072 873 1099 907 3.
1119 865 1182 895 art.
1199 872 1242 907 13.
1261 866 1289 895 et
1307 860 1429 905 Quodl.
1444 872 1475 895 2.
1493 865 1558 896 art.
1572 871 1617 907 15.
1636 861 1755 907 corp).

270 949 329 984 AD
352 960 540 989 QUARTUM
562 949 612 983 sic
634 948 851 995 proceditur.
873 948 1036 990 Videtur,
1058 948 1155 994 quod
1176 947 1237 982 ille
1259 948 1320 994 qui
1340 956 1468 994 peccat
1493 959 1535 982 ex
1561 955 1658 982 certa
1683 959 1757 981 ma-

197 1002 283 1045 litia,
305 1014 379 1037 non
400 1011 526 1049 peccet
548 1003 702 1049 gravius,
729 1013 838 1048 quam
860 1001 920 1036 ille
945 1002 1005 1048 qui
1026 1009 1151 1048 peccat
1173 1013 1215 1036 ex
1232 1001 1416 1049 passione:
1436 1001 1640 1048 ignorantia
1658 1001 1755 1036 enim

198 1064 345 1090 excusat
365 1065 557 1102 peccatum
578 1055 636 1090 vel
657 1056 693 1089 in
714 1064 805 1097 toto,
826 1055 883 1089 vel
907 1055 942 1088 in
964 1063 1086 1101 parte:
1110 1055 1173 1089 sed
1199 1056 1316 1101 major
1342 1063 1395 1089 est
1419 1055 1624 1101 ignorantia
1647 1055 1686 1089 in
1711 1066 1754 1089 eo

197 1109 258 1156 qui
279 1117 405 1155 peccat
427 1121 469 1144 ex
492 1118 587 1144 certa
610 1109 758 1151 malitia,
781 1120 890 1155 quam
911 1109 947 1142 in
970 1120 1013 1143 eo
1035 1108 1096 1155 qui
1117 1116 1244 1154 peccat
1261 1119 1303 1142 ex
1317 1108 1496 1155 passione,
1513 1120 1600 1142 nam
1616 1107 1677 1143 ille
1695 1108 1757 1155 qui

198 1172 324 1210 peccat
346 1175 388 1197 ex
411 1171 507 1197 certa
535 1162 683 1205 malitia,
704 1163 836 1209 patitur
861 1162 1105 1208 ignorantiam
1131 1161 1307 1207 principii,
1334 1173 1425 1208 quae
1447 1169 1501 1196 est
1522 1162 1692 1204 maxima,
1718 1169 1757 1196 ut

199 1217 338 1251 Philos.
354 1217 440 1252 dicit
454 1218 489 1251 in
506 1228 537 1262 7.
553 1217 668 1251 Ethic.
688 1217 777 1263 (cap.
789 1217 820 1252 8.
835 1216 975 1259 amad),
994 1216 1103 1250 habet
1120 1215 1215 1249 enim
1235 1214 1372 1249 malam
1390 1215 1692 1250 existimationem
1712 1215 1756 1250 de

198 1270 278 1314 fine,
301 1271 362 1317 qui
383 1279 436 1306 est
457 1271 673 1317 principium
694 1271 731 1305 in
754 1269 966 1316 operativis3
989 1280 1075 1315 ergo
1099 1269 1214 1315 magis
1241 1277 1432 1303 excusatur
1458 1280 1478 1303 a
1504 1277 1668 1315 peccato,
1695 1268 1757 1315 qui

198 1332 325 1371 peccat
346 1336 388 1359 ex
411 1333 507 1359 certa
529 1324 677 1366 malitia,
700 1335 810 1370 quam
830 1323 890 1357 ille
913 1323 973 1369 qui
994 1330 1122 1369 peccat
1142 1334 1184 1356 ex
1206 1322 1384 1369 passione.

270 1388 301 1412 2.
316 1378 552 1412 PRAETEREA.
574 1377 724 1418 Quanto
741 1376 868 1423 aliquis
883 1377 992 1410 habet
1007 1377 1123 1422 majus
1137 1375 1327 1422 impellens
1343 1375 1386 1410 ad
1401 1375 1640 1422 peccandum,
1653 1383 1756 1411 tanto

202 1432 320 1466 minus
336 1440 481 1478 peccat;
504 1432 596 1466 sicut
608 1439 706 1478 patet
720 1431 763 1465 de
778 1442 834 1473 eo,
857 1430 917 1477 qui
938 1430 1068 1476 majori
1089 1431 1227 1476 impetu
1249 1430 1426 1476 passionis
1448 1430 1614 1476 dejicitur
1627 1430 1664 1464 in
1678 1441 1759 1476 pec-

202 1493 340 1520 catum:
363 1486 424 1519 sed
446 1484 507 1520 ille
530 1485 590 1531 qui
610 1492 737 1531 peccat
759 1496 801 1518 ex
828 1492 924 1518 certa
951 1483 1100 1525 malitia,
1127 1483 1323 1530 impellitur
1349 1483 1391 1517 ab
1414 1483 1550 1526 habitu,
1578 1484 1678 1529 cujus
1705 1491 1758 1518 est

199 1538 328 1573 fortior
340 1538 524 1585 impulsio,
539 1550 648 1585 quarn
662 1538 857 1585 passionis3
877 1549 964 1584 ergo
983 1537 1042 1572 ille
1061 1537 1122 1583 qui
1138 1545 1265 1584 peccat
1279 1549 1323 1572 ex
1336 1537 1471 1580 habitu,
1486 1537 1606 1572 minus
1619 1545 1757 1584 peccat,

200 1604 310 1639 quam
331 1591 390 1626 ille
414 1593 474 1638 qui
496 1600 622 1639 peccat
644 1604 686 1626 ex
707 1592 885 1638 passione.

273 1658 301 1692 3.
324 1646 558 1681 PRAETEREA.
586 1646 743 1680 Peccare
771 1657 812 1679 ex
834 1653 930 1680 certa
956 1645 1094 1680 malitia
1121 1653 1174 1679 est
1198 1656 1349 1691 peccare
1376 1656 1418 1679 ex
1445 1644 1623 1680 electione
1649 1644 1755 1680 mali:

199 1700 261 1735 sed
283 1699 343 1734 ille
365 1700 425 1746 qui
446 1708 573 1746 peccat
594 1711 635 1734 ex
656 1699 835 1745 passione,
858 1699 967 1733 etiam
989 1698 1089 1745 eligit
1109 1698 1268 1741 malum;
1287 1709 1374 1745 ergo
1392 1709 1467 1732 non
1485 1698 1604 1733 minus
1618 1707 1756 1746 peccat,

199 1765 309 1800 quam
330 1752 389 1787 ille
412 1753 472 1799 qui
493 1761 619 1800 peccat
641 1764 683 1787 ex
705 1761 801 1787 certa
828 1752 975 1787 malitia.

270 1807 344 1841 SED
360 1817 515 1841 CONTRA
539 1815 601 1849 est,
624 1806 720 1852 quod
743 1814 944 1852 peccatum,
967 1806 1063 1852 quod
1085 1817 1128 1840 ex
1149 1805 1323 1840 industria
1345 1805 1594 1848 committitur,
1615 1817 1659 1841 ex
1683 1805 1756 1840 hoc

198 1861 276 1907 ipso
299 1860 504 1906 graviorem
527 1871 685 1907 poenam
707 1868 876 1902 meretur,
900 1859 1099 1894 secundum
1121 1859 1209 1893 illud
1226 1859 1294 1905 Job
1320 1870 1391 1906 34:
1415 1860 1523 1905 Quasi
1543 1861 1663 1907 impios
1681 1866 1758 1907 per-

198 1916 294 1949 cussit
314 1926 364 1949 eos
385 1916 420 1948 ¹in
441 1914 510 1949 loco
531 1914 726 1956 videntimn,
750 1915 806 1959 qui
831 1915 924 1959 quasi
945 1913 980 1948 de
1002 1913 1165 1948 industria
1186 1917 1382 1948 recesserunt
1403 1914 1443 1948 ab
1469 1925 1528 1948 eo:
1555 1913 1618 1948 sed
1639 1924 1756 1959 poena

197 1979 271 2002 non
294 1976 443 2013 augetur
464 1967 532 2002 nisi
553 1975 698 2014 propter
720 1967 934 2013 gravitatem
961 1966 1108 2013 culpae;
1135 1977 1222 2013 ergo
1249 1974 1441 2013 peccatum
1467 1977 1509 2001 ex
1535 1966 1606 2001 hoc
1633 1978 1758 2014 aggra-

196 2029 310 2063 vatur,
332 2021 429 2067 quod
456 2029 509 2055 est
530 2033 571 2055 ex
593 2021 777 2063 industria,
799 2032 861 2055 seu
883 2028 979 2054 certa
1001 2020 1150 2055 malitia.

268 2075 496 2109 RESPONDEO
531 2074 736 2116 dicendum,
766 2074 862 2120 quod
890 2082 1093 2120 peccatum,
1121 2073 1218 2120 quod
1247 2082 1300 2109 est
1325 2085 1368 2109 ex
1395 2082 1493 2109 certa
1522 2073 1672 2117 malitia,
1700 2082 1755 2109 est

199 2129 341 2175 gravius
362 2136 525 2174 peccato,
547 2128 643 2174 quod
667 2136 719 2162 est
741 2139 781 2162 ex
808 2128 988 2174 passione,
1015 2127 1147 2174 triplici
1174 2127 1324 2162 ratione.
1351 2128 1466 2163 Primo
1488 2127 1647 2174 quidem,
1673 2128 1757 2175 quia

199 2194 281 2217 cum
304 2190 493 2228 peccatum
516 2182 759 2228 principaliter
780 2182 816 2215 in
838 2181 1022 2216 voluntate
1046 2182 1229 2223 consistat,
1252 2189 1386 2228 quanto
1409 2189 1530 2216 motus
1551 2181 1690 2228 peccati
1705 2190 1758 2217 est

199 2237 314 2281 magis
336 2236 500 2282 proprius
521 2235 708 2277 voluntati,
730 2243 830 2269 tanto
853 2243 1043 2281 peccatum
1065 2244 1119 2270 est
1139 2235 1294 2281 gravius,
1317 2235 1467 2270 caeteris
1488 2235 1642 2282 paribus.
1660 2234 1757 2270 Cum

200 2298 320 2325 autem
343 2301 384 2324 ex
407 2297 502 2323 certa
525 2289 661 2323 malitia
681 2298 861 2335 peccatur,
875 2298 997 2324 motus
1015 2289 1155 2336 peccati
1177 2297 1230 2324 est
1251 2290 1367 2335 magis
1385 2290 1550 2336 proprius
1567 2289 1756 2332 voluntati,

199 2355 290 2390 quae
313 2355 355 2377 ex
376 2343 492 2389 seipsa
514 2343 550 2376 in
572 2342 710 2376 malum
731 2351 908 2385 movetur,
924 2355 1032 2389 quarn
1051 2343 1195 2389 quando
1219 2354 1259 2377 ex
1274 2343 1442 2389 passione
1459 2351 1640 2390 peccatur,
1655 2343 1757 2390 quasi

199 2408 241 2431 ex
262 2396 422 2443 quodam
445 2396 645 2431 extrinseco
668 2396 823 2442 impulsa
847 2397 889 2430 ad
913 2397 1158 2443 peccandum;
1186 2397 1279 2431 unde
1307 2405 1498 2443 peccatum
1520 2408 1562 2431 ex
1583 2397 1654 2431 hoc
1677 2397 1756 2444 ipso

199 2451 295 2496 quod
318 2458 369 2484 est
392 2462 432 2484 ex
455 2449 603 2491 malitia,
626 2458 865 2495 aggravatur:
889 2459 921 2484 et
943 2458 1043 2484 tanto
1066 2451 1193 2497 magis,
1215 2459 1350 2496 quanto
1376 2449 1481 2485 fuerit
1505 2450 1757 2486 vehementior

198 2503 352 2538 malitia:
376 2516 418 2538 ex
441 2515 484 2538 eo
507 2514 607 2545 vero,
630 2504 725 2549 quod
749 2512 801 2537 cst
823 2516 863 2537 ex
892 2504 1070 2550 passione,
1098 2504 1309 2538 diminuitur
1334 2512 1435 2539 tanto
1463 2504 1591 2550 magis,
1620 2512 1755 2551 quanto

198 2558 316 2603 passio
339 2556 444 2591 suerit
466 2557 581 2603 magis
601 2557 810 2591 vehemens.
830 2557 988 2599 scr-undo,
1009 2557 1090 2603 quia
1111 2557 1241 2603 passio,
1260 2569 1351 2604 quae
1370 2557 1518 2592 inclinat
1530 2557 1755 2592 voluntatem

198 2611 240 2644 ad
262 2610 499 2657 peccandum,
523 2611 594 2644 cito
621 2610 758 2651 transit,
786 2619 819 2644 et
847 2611 895 2644 sic
925 2611 1039 2644 homo
1068 2611 1140 2645 cito
1168 2611 1258 2645 redit
1284 2611 1327 2645 ad
1361 2611 1498 2646 bonum
1529 2611 1753 2658 propositum

197 2664 385 2710 poenitens
413 2664 455 2698 de
478 2671 647 2710 peccato:
671 2663 731 2698 sed
756 2664 908 2705 habitus,
930 2675 1001 2710 quo
1024 2664 1138 2698 homo
1162 2676 1204 2698 ex
1227 2664 1363 2699 malitia
1385 2672 1522 2711 peccat,
1537 2673 1590 2699 est
1603 2664 1755 2711 qualitas

197 2729 423 2764 permanens,
447 2727 481 2752 ct
502 2718 583 2752 ideo
607 2717 665 2763 qui
689 2730 729 2751 ex
754 2717 888 2752 maliti-„1
911 2726 1047 2763 peccat,
1067 2717 1265 2753 diuturnius
1285 2726 1429 2764 peccat3
1451 2718 1545 2753 unde
1564 2717 1700 2752 Philos.
1719 2717 1754 2752 in

198 2782 228 2817 7.
253 2771 367 2805 Ethic.
389 2772 478 2818 (cap.
501 2772 531 2806 S.
557 2773 588 2805 ιἰι
613 2771 755 2817 prinu),
786 2779 972 2816 comparat
1000 2771 1289 2817 intemperatum,
1312 2771 1372 2818 qui
1395 2779 1521 2818 peccat
1541 2782 1583 2806 ex
1606 2771 1754 2812 malitia,

198 2824 354 2867 infirmo,
375 2825 434 2871 qui
458 2825 628 2858 continue
651 2824 807 2865 laboratu
832 2824 1117 2858 incontinentem
1142 2834 1274 2867 autem,
1290 2825 1350 2871 qui
1374 2833 1500 2871 peccat
1518 2836 1560 2859 ex
1574 2825 1753 2871 passione,

198 2878 229 2912 ei
251 2878 310 2924 qui
333 2878 472 2912 laborat
494 2877 718 2924 interpolate.
754 2878 876 2920 'liv-tio,
905 2880 986 2924 quia
1014 2877 1073 2912 ille
1099 2878 1158 2924 qui
1187 2887 1312 2924 peccat
1338 2891 1379 2913 ex
1407 2886 1503 2913 certa
1530 2878 1678 2919 malitia,
1700 2886 1754 2912 est

199 2932 294 2965 male
318 2932 396 2977 disp
409 2932 522 2966 ositus
547 2940 719 2978 quantum
743 2931 784 2965 ad
809 2931 925 2977 ipsum
943 2931 1063 2973 sznem,
1080 2933 1137 2977 qui
1155 2940 1207 2966 est
1225 2932 1439 2978 principium
1458 2931 1492 2966 in
1511 2931 1752 2978 operabilibus

1839 2228 1852 2337 ἓ
