1875 3198
231 185 316 238 716
667 196 888 232 QUAESTIO
923 197 963 226 C.
997 196 1241 226 ARTICULUS
1275 195 1334 224 111.

230 288 311 310 rum
332 288 406 310 non
425 285 568 323 oportet
583 277 743 323 aliquam
765 277 963 311 editionem
982 288 1072 318 esse,
1090 277 1159 311 nisi
1177 275 1274 322 quod
1289 283 1371 310 sunt
1384 275 1516 322 scripta
1533 275 1570 309 in
1583 275 1722 310 ratione
1735 286 1794 309 na-

229 330 348 372 turali,
370 330 472 376 quasi
493 342 556 376 per
577 342 615 365 se
636 338 742 372 nota;
764 330 857 364 sicut
871 331 967 376 quod
981 330 1077 364 homo
1092 330 1175 364 nulli
1196 329 1284 364 debet
1304 330 1513 375 malefacere,
1532 336 1567 363 et
1587 328 1658 363 alia
1676 329 1796 374 hujus-

230 384 346 418 modi:
375 392 410 418 et
438 386 568 418 iterum
594 383 667 425 illa,
695 395 787 429 quae
821 395 884 429 per
918 383 1131 429 diligentem
1165 383 1438 429 inquisitionem
1468 382 1672 428 sapientum
1700 382 1795 416 inve-

229 437 376 471 niuntur
396 437 527 471 rationi
543 437 756 471 convenire:
778 437 867 470 haec
886 437 982 471 enim
1002 437 1218 482 proveniunt
1237 447 1255 469 a
1269 437 1350 470 Deo
1366 436 1409 469 ad
1423 435 1600 482 populum
1613 435 1794 470 mediante

230 490 419 536 disciplina
448 491 663 536 sapientum.
693 489 855 535 Utraque
882 498 1005 524 tamen
1031 491 1164 524 horum
1196 497 1474 536 praeceptorum
1501 489 1730 523 continentur
1758 489 1794 522 in

230 544 429 590 praeceptis
457 543 635 588 decalogi,
662 543 724 577 sed
752 543 1015 578 diversimode:
1042 555 1128 577 nam
1155 543 1228 585 illa,
1255 554 1346 589 quae
1376 550 1458 577 sunt
1483 542 1610 589 prima,
1638 550 1674 576 et
1699 553 1796 576 com-

230 598 365 639 munia,
381 598 611 631 continentur
624 597 661 630 in
676 597 737 638 eis,
753 597 845 633 sicut
858 597 1033 643 principia
1048 597 1084 630 in
1103 596 1398 630 conclusionibus
1412 596 1603 642 proximis:
1621 595 1684 629 illa
1696 607 1794 637 vero,

231 663 321 697 quae
343 663 404 698 per
423 651 602 696 sapientes
619 659 902 696 cognoscuntur,
925 651 1156 685 continentur
1177 650 1213 684 in
1236 651 1286 685 eis
1301 662 1320 684 e
1335 661 1524 692 converso,
1539 650 1632 684 sicut
1653 649 1796 684 conclu-

229 705 350 739 siones
371 705 407 738 in
430 704 624 750 principiis.

300 759 360 792 AD
382 768 532 792 PRIMUM
554 769 640 804 ergo
660 757 866 800 dicendum,
890 758 987 804 quod
1007 757 1069 792 illa
1090 758 1162 792 duo
1184 765 1377 804 praecepta
1398 765 1480 792 sunt
1500 758 1628 804 prima,
1647 764 1683 791 et
1699 767 1796 791 com-

229 812 354 846 munia
375 819 568 857 praecepta
589 811 680 857 legis
700 820 862 853 naturae,
885 823 976 857 quae
998 819 1081 845 sunt
1101 823 1164 857 per
1191 823 1228 845 se
1254 819 1342 845 nota
1367 811 1499 845 rationi
1519 811 1712 853 humanae,
1737 809 1796 844 vel

230 877 293 912 per
314 873 493 907 naturam,
514 864 573 899 vel
594 877 658 911 per
679 864 807 907 fidem;
835 874 869 899 et
893 865 976 899 ideo
1005 865 1129 899 omnia
1155 872 1346 911 praecepta
1373 863 1541 911 decalogi
1566 864 1610 898 ad
1635 863 1698 898 illa
1723 863 1794 898 duo

230 918 443 961 referuntur,
465 919 558 953 sicut
584 918 840 953 conclusiones
863 919 907 952 ad
928 918 1104 965 principia
1127 918 1349 953 communia.

301 973 361 1007 AD
388 983 595 1007 SECUNDUM
623 972 828 1015 dicendum,
851 972 947 1018 quod
970 979 1205 1018 praeceptum
1227 972 1272 1007 de
1294 971 1547 1007 observatione
1575 970 1722 1006 Sabbati
1743 979 1796 1005 est

228 1026 429 1060 secundum
445 1025 578 1072 aliquid
594 1025 746 1067 morale,
758 1025 974 1071 inquantum
989 1025 1128 1060 scilicet
1141 1037 1204 1072 per
1217 1025 1290 1060 hoc
1309 1025 1538 1072 praecipitur,
1560 1024 1658 1071 quod
1679 1024 1795 1058 homo

230 1079 351 1125 aliquo
373 1087 538 1125 tempore
560 1088 665 1113 vacet
679 1079 783 1114 rebus
803 1079 944 1121 divinis,
960 1079 1161 1113 secundum
1175 1079 1263 1113 illud
1277 1078 1372 1113 Psal.
1387 1089 1460 1124 45.:
1483 1079 1614 1121 Vacate,
1633 1083 1661 1113 et
1677 1077 1795 1120 videte,

229 1134 387 1179 quoniam
413 1145 469 1179 ego
490 1145 562 1167 sum
588 1133 700 1167 Deus:
729 1140 763 1166 et
789 1132 990 1167 secundum
1017 1133 1088 1167 hoc
1115 1133 1208 1167 inter
1237 1140 1429 1179 praecepta
1457 1132 1625 1179 decalogi
1650 1143 1797 1178 compu-

228 1195 338 1229 tatur3
360 1198 435 1220 non
453 1194 576 1221 autem
598 1194 774 1232 quantum
797 1186 840 1220 ad
858 1187 1082 1221 taxationem
1103 1186 1299 1233 temporis;
1321 1186 1405 1232 quia
1426 1186 1627 1221 secundum
1647 1185 1720 1226 hoc
1742 1193 1797 1220 est

230 1240 508 1274 caeremoniale.

298 1294 359 1328 AD
390 1305 561 1329 TERTHJM
588 1293 795 1336 dicendum,
825 1293 922 1340 quod
952 1294 1043 1328 ratio
1071 1293 1179 1328 debiti
1208 1293 1244 1328 in
1272 1293 1350 1328 aliis
1379 1293 1568 1328 virtutibus
1596 1301 1649 1328 est
1677 1292 1795 1338 magis

228 1347 355 1390 latens,
378 1359 486 1394 quam
508 1348 544 1381 in
566 1347 719 1393 justitia;
743 1355 777 1381 et
798 1347 880 1381 ideo
903 1355 1096 1394 praecepta
1118 1347 1161 1382 de
1189 1347 1326 1382 actibus
1349 1347 1501 1381 aliarum
1520 1347 1696 1381 virtutum
1721 1357 1796 1380 non

228 1410 309 1436 sunt
331 1402 380 1436 ita
397 1410 484 1436 nota
506 1401 654 1448 populo,
669 1401 760 1436 sicut
778 1409 970 1447 praecepta
990 1401 1033 1435 de
1053 1401 1188 1435 actibus
1203 1401 1376 1446 justitiae:
1393 1409 1428 1435 et
1446 1408 1594 1448 propter
1606 1400 1678 1434 hoc
1695 1407 1795 1434 actus

228 1455 382 1500 justitiae
416 1454 621 1502 specialiter
647 1454 781 1489 cadunt
807 1454 871 1489 sub
906 1454 1105 1501 praeceptis
1133 1453 1310 1501 decalogi,
1338 1465 1429 1501 quae
1455 1461 1538 1489 sunt
1563 1453 1679 1501 prima
1705 1452 1796 1499 legis

229 1508 419 1543 elementa.

776 1637 1122 1683 ARTICULUS
1152 1638 1228 1682 iv.
1731 1659 1792 1694 533

286 1746 440 1776 UTRUM
462 1747 714 1776 PRAECEPTA
738 1747 961 1776 DECALOGI
990 1747 1328 1777 CONVENIENTER
1348 1746 1724 1778 DISTINGUANTUR.

561 1840 665 1887 (Infr.
688 1845 752 1875 art.
770 1853 799 1887 5.
822 1846 892 1888 et3.
916 1842 1005 1876 Dist.
1028 1852 1076 1888 17.
1101 1842 1135 1875 in
1155 1847 1229 1888 exp.
1252 1841 1313 1876 litt.
1329 1841 1471 1888 princ).

297 1936 357 1970 AD
377 1946 565 1975 QUARTUM
588 1935 638 1970 sic
660 1936 877 1982 proceditur.
900 1936 1062 1978 Videtur,
1085 1936 1182 1982 quod
1203 1935 1503 1970 inconvenienter
1523 1943 1717 1982 praecepta
1739 1935 1796 1970 de-

227 1989 347 2035 calogi
369 1990 649 2035 distinguantur:
671 1990 775 2024 latria
795 1990 892 2024 enim
915 1998 968 2024 est
986 1989 1055 2024 alia
1080 1990 1192 2024 virtus
1215 2001 1234 2023 a
1256 1989 1344 2024 fide:
1367 1989 1431 2024 sed
1452 1997 1644 2036 praecepta
1666 1989 1796 2023 dantur

226 2043 269 2077 de
292 2043 428 2077 actibus
450 2043 639 2078 virtutum:
663 2052 698 2078 et
723 2044 793 2078 hoc
817 2043 914 2090 quod
948 2043 1078 2078 dicitur
1098 2043 1135 2078 in
1162 2043 1339 2090 principio
1361 2042 1548 2089 decalogi:
1568 2043 1647 2078 Non
1665 2043 1796 2078 habebis

227 2098 314 2132 Deos
334 2097 457 2132 alienos
477 2109 592 2132 coram
620 2109 683 2140 me,
713 2097 867 2143 pertinet
889 2097 933 2131 ad
960 2097 1088 2131 fidem:
1111 2097 1209 2143 quod
1237 2104 1358 2131 autem
1379 2096 1563 2131 subditur:
1592 2097 1670 2132 Non
1689 2097 1796 2143 facies

224 2151 382 2197 sculptile,
395 2158 461 2185 etc.
478 2151 631 2196 pertinet
653 2150 696 2184 ad
715 2151 878 2194 latriam3
893 2162 980 2197 ergo
996 2159 1078 2185 sunt
1099 2151 1170 2185 duo
1186 2159 1390 2198 praecepta,
1412 2158 1447 2186 et
1459 2161 1534 2185 non
1555 2161 1681 2193 unum,
1702 2150 1796 2185 sicut

226 2204 452 2249 Augustinus
472 2204 558 2238 dicit
575 2205 620 2250 (q.
644 2215 691 2250 71.
717 2206 751 2238 in
773 2204 879 2239 Exod.
899 2216 920 2239 α
936 2206 1079 2251 princ).
1823 2199 1827 2206 ¹

296 2267 327 2291 2.
354 2257 592 2292 PRAETEREA.
616 2258 814 2304 Praecepta
845 2257 1060 2292 affirmativa
1087 2258 1123 2292 in
1149 2257 1230 2304 lege
1253 2258 1520 2304 distinguuntur
1547 2269 1567 2292 a
1592 2257 1793 2304 negativis;

225 2310 333 2345 sicut:
355 2311 654 2358 Honorapatram,
675 2317 705 2346 et
726 2317 888 2353 ηιιιίνεηι]
912 2320 963 2346 et:
987 2313 1065 2347 Non
1087 2312 1228 2348 occidas:
1253 2313 1317 2347 sed
1337 2312 1410 2347 hoc
1433 2312 1531 2359 quod
1553 2312 1700 2348 dicitur:
1723 2313 1794 2358 Ego

223 2376 294 2398 sum
316 2365 484 2399 Dominus
505 2366 596 2400 Deus
622 2370 706 2408 tuus,
730 2374 783 2399 est
805 2365 1079 2400 affirmativum:
1103 2366 1200 2412 quod
1221 2374 1343 2401 autem
1365 2366 1544 2401 subditur:
1567 2366 1646 2401 Non
1664 2367 1794 2401 habebis

224 2418 312 2452 Deos
338 2418 458 2453 alienos
476 2430 590 2453 coram
611 2431 672 2461 ma,
696 2427 749 2453 est
770 2420 998 2464 negativum3
1020 2431 1108 2466 ergo
1135 2427 1217 2454 sunt
1238 2419 1310 2454 duo
1332 2427 1538 2466 praecepta,
1559 2428 1594 2454 et
1614 2431 1689 2454 non
1712 2431 1795 2455 con-

224 2471 382 2506 tinentur
405 2472 468 2506 sub
493 2483 577 2514 uno,
596 2480 634 2506 ut
655 2473 880 2518 Augustinus
903 2473 1005 2519 ponit
1026 2474 1105 2518 (loc.
1129 2475 1213 2519 cit.).

300 2537 328 2571 3.
362 2525 599 2561 PRAETEREA.
627 2526 827 2572 Apostolus
850 2526 957 2560 Rom.
981 2538 1012 2572 7.
1036 2527 1139 2562 dicit:
1170 2527 1478 2574 Concupiscentiam
1511 2528 1704 2571 nesciebam,
1731 2528 1795 2563 nisi

223 2579 274 2613 Iex
296 2579 440 2614 diceret:
463 2580 540 2614 Non
563 2581 786 2626 concupisces:
810 2588 844 2614 ct
870 2582 919 2614 sic
942 2580 1094 2622 videtur,
1116 2581 1213 2627 quod
1235 2581 1306 2615 hoc
1337 2588 1587 2628 praeceptum:
1617 2582 1695 2617 Non
1721 2593 1795 2617 con-

225 2633 376 2679 cupisces,
400 2633 444 2667 sit
466 2645 578 2667 unum
601 2641 852 2679 praeceptum3
875 2645 947 2667 non
972 2646 1059 2680 ergo
1081 2634 1203 2668 debuit
1225 2634 1396 2681 distingui
1417 2635 1453 2669 in
1475 2634 1559 2669 duo.

296 2686 370 2721 SED
395 2698 549 2722 CONTRA
572 2696 626 2722 est
647 2687 841 2721 auctoritas
864 2688 1058 2733 Augustini
1072 2689 1107 2722 in
1131 2687 1264 2723 Glossa
1285 2699 1392 2735 super
1406 2687 1519 2723 Exod.
1542 2689 1620 2734 (loc.
1637 2689 1718 2734 cit),
1734 2689 1793 2724 ubi

224 2741 326 2786 ponit
345 2741 412 2774 tria
435 2749 626 2787 praecepta
649 2741 862 2787 pertinentia
886 2741 928 2775 ad
951 2742 1083 2783 Deum,
1107 2750 1141 2776 et
1162 2750 1302 2788 septem
1329 2742 1373 2776 ad
1395 2742 1614 2788 proximum.

295 2794 525 2829 Respoxnro
560 2795 766 2836 dicendum,
797 2795 894 2841 quod
918 2803 1109 2841 praecepta
1136 2795 1305 2842 decalogi
1331 2795 1575 2831 diversimode
1598 2807 1617 2830 a
1643 2796 1792 2832 diversis

223 2846 510 2893 distinguuntur:
528 2848 732 2895 Hesychius
748 2849 844 2884 enim
860 2848 973 2883 Levit.
991 2848 1044 2885 26.
1062 2849 1136 2894 (lib.
1152 2861 1182 2896 7.
1197 2855 1368 2886 comment.
1385 2856 1457 2897 cap.
1470 2850 1542 2895 26.)
1560 2861 1667 2896 super
1683 2849 1791 2886 illud:

226 2902 347 2937 Decem
370 2902 520 2938 mulieres
543 2904 576 2937 in
592 2915 656 2937 uno
675 2903 804 2938 clibano
820 2908 966 2948 coquunt
981 2910 1094 2949 panes,
1117 2903 1214 2946 dicit,
1229 2911 1463 2950 praeceptum
1481 2903 1524 2938 de
1539 2903 1791 2939 observatione
