1875 3198
215 135 298 191 778
646 146 864 182 QUAEsTro
898 146 987 176 cm.
1021 145 1266 176 ARTICULUS
1298 145 1343 174 11.

286 230 346 265 AD
362 239 568 264 SECUNDUM
591 229 796 270 dicendum,
812 228 908 274 quod
932 227 1149 262 Sacerdotes
1172 226 1364 273 placebant
1377 227 1458 260 Deo
1480 227 1516 260 in
1539 225 1777 260 caeremoniis

215 291 361 330 propter
383 283 639 325 obedientiam,
661 291 696 316 et
717 282 963 324 devotionem,
987 289 1021 315 et
1041 281 1149 315 fidem
1178 280 1229 314 rei
1250 279 1524 327 praefiguratae,
1553 290 1628 314 non
1656 286 1779 314 autem

214 345 360 383 propter
380 337 475 383 ipsas
498 348 553 371 res
575 336 775 370 secundum
798 346 835 369 se
859 335 1115 369 consideratas.

285 390 344 424 AD
367 400 539 425 TERTIUM
567 389 772 431 dicendum,
794 389 890 434 quod
914 388 1166 423 caeremoniae
1189 387 1283 429 illae,
1306 398 1398 433 quae
1420 395 1521 421 erant
1542 386 1723 421 institutae
1744 386 1781 419 in

215 444 472 479 emundatione
494 443 639 489 leprosi,
661 454 735 476 non
767 442 1026 476 ordinabantur
1048 442 1091 476 ad
1113 441 1315 476 tollendam
1344 441 1615 474 immunditiam
1635 439 1782 474 infirmi-

214 499 295 532 tatis
317 497 456 544 leprae:
480 497 577 543 quod
599 504 696 542 patet
718 508 760 530 ex
782 496 852 530 hoc
875 496 972 542 quod
991 507 1065 529 non
1089 495 1351 529 adhibebantur
1368 494 1579 540 hujusmodi
1598 504 1781 528 caeremo-

215 551 296 586 niae
311 551 380 585 nisi
394 552 467 597 jam
483 550 700 584 emundato:
720 549 813 584 unde
825 549 954 584 dicitur
968 549 1082 583 Levit.
1103 559 1166 593 14,
1178 548 1275 595 quod
1288 548 1448 583 Sacerdos
1461 559 1600 594 egressus
1610 547 1646 582 de
1656 549 1782 589 castris,

216 617 290 641 cum
312 606 474 639 ἰἠυεηενίί
493 604 619 650 lepram
634 616 693 638 essa
713 603 919 646 mundatam,
932 604 1114 649 praecipiet
1139 604 1168 637 ei
1186 603 1471 648 qnipurszficatur,
1486 607 1524 637 ut
1544 602 1670 647 offerat,
1694 609 1780 636 etc.:

218 670 259 693 ex
282 669 353 705 quo
369 665 477 704 patet,
493 657 589 703 quod
605 656 773 691 sacerdos
789 657 1074 690 constituebatur
1088 656 1193 702 judex
1208 655 1329 702 leprae
1345 655 1551 697 mundatae,
1566 666 1641 689 non
1663 662 1784 689 autem

218 711 488 747 emundandae:
512 711 773 745 adhibebantur
795 719 917 744 autem
938 709 1149 756 hujusmodi
1171 709 1425 744 caeremoniae
1448 709 1491 743 ad
1505 708 1708 743 tollendam
1721 709 1786 742 im-

220 766 435 800 munditiam
457 764 746 810 irregularitatis:
769 764 894 798 dicunt
914 773 1049 806 tamen,
1072 763 1168 809 quod
1191 763 1408 809 quandoque
1430 763 1460 797 si
1477 762 1710 808 *contingeret
1735 774 1787 796 sa-

219 819 404 864 cerdotem
427 830 545 853 errare
566 818 603 852 in
624 817 830 863 judicando,
849 817 1068 851 miraculose
1090 817 1254 863 leprosus
1269 817 1509 851 mundabatur
1524 827 1543 850 a
1557 816 1638 850 Deo
1656 816 1786 850 virtute

219 873 351 915 divina,
370 884 444 907 non
460 880 582 906 autem
595 872 725 906 virtute
740 871 1021 906 sacrificiorum:
1042 871 1135 906 sicut
1149 871 1259 905 etiam
1274 869 1493 904 miraculose
1508 869 1670 904 mulieris
1691 869 1787 904 adul-

217 934 315 961 terae
339 926 652 972 computrescebat
672 924 790 959 femur
810 925 928 959 bibitis
951 925 1064 971 aquis,
1086 925 1122 958 in
1144 924 1272 971 quibus
1294 924 1464 959 sacerdos
1485 922 1680 958 maledicta
1703 935 1786 958 con-

219 987 390 1027 gesserat,
409 988 447 1014 ut
468 979 620 1014 habetur
641 979 751 1014 Num.
779 990 805 1024 5.

765 1109 1111 1155 ARTICULUS
1149 1109 1229 1152 ΙΙΙ.
1724 1128 1790 1164 554

416 1219 570 1249 UTRUM
598 1218 909 1249 CAEREMONIAE
935 1218 1116 1248 VETERIS
1146 1217 1269 1247 LEGIS
1299 1216 1593 1247 CESSAVERINT

757 1285 802 1315 IN
829 1284 1039 1315 ADVENTU
1068 1284 1255 1314 CHRISTI.

222 1373 309 1418 (2-2.
333 1384 362 1418 q.
385 1372 441 1408 86.
461 1377 524 1407 art.
546 1383 579 1417 4.
602 1372 644 1406 ad
658 1385 686 1408 Ι.
709 1378 737 1408 et
758 1383 788 1407 2.
816 1373 906 1408 Dist.
928 1383 985 1417 44.
1005 1384 1035 1418 q.
1057 1384 1089 1407 2.
1109 1377 1174 1407 art.
1193 1383 1224 1407 2.
1240 1371 1282 1406 ad
1292 1383 1320 1418 3.
1339 1376 1367 1406 et
1387 1381 1421 1416 4.
1449 1371 1537 1405 Dist.
1556 1382 1583 1406 Ι.
1603 1381 1633 1416 q.
1652 1381 1683 1405 2.
1706 1368 1749 1404 ad
1762 1380 1791 1415 5.

509 1432 539 1462 et
561 1426 683 1471 Quodl.
703 1438 734 1462 2.
757 1431 820 1461 art.
840 1428 872 1462 8.
892 1433 981 1474 corp.
1009 1431 1037 1461 et
1060 1427 1155 1462 Rom.
1178 1437 1229 1471 14.
1253 1425 1322 1460 lect.
1345 1437 1372 1460 r.
1396 1430 1426 1460 et
1445 1425 1506 1471 2.).

298 1516 357 1550 AD
380 1525 553 1551 TERTIUM
575 1516 626 1550 sic
648 1515 867 1562 proceditur.
883 1515 1045 1557 Videtur,
1065 1515 1163 1561 quod
1182 1514 1438 1549 caeremoniae
1459 1513 1590 1548 veteris
1607 1512 1698 1559 legis
1719 1523 1794 1546 non

226 1570 447 1604 cessaverint
467 1570 504 1604 in
527 1570 664 1605 Christi
687 1570 861 1604 adventu:
890 1569 1019 1604 dicitur
1041 1569 1138 1603 enim
1162 1569 1304 1603 Baruch
1326 1579 1380 1612 4:
1399 1569 1468 1604 Hic
1494 1573 1536 1603 est
1554 1568 1637 1603 liber
1657 1566 1796 1602 manda-

227 1629 335 1658 torum
364 1625 440 1665 Dei,
463 1629 491 1658 et
510 1624 573 1667 lex,
593 1635 674 1669 quaa
696 1629 740 1658 est
762 1625 795 1658 in
811 1628 978 1658 aeternum
994 1636 1004 1658 .·
1027 1623 1089 1657 sed
1112 1623 1155 1657 ad
1179 1623 1300 1669 legem
1321 1622 1548 1669 pertinebant
1568 1620 1659 1668 legis
1681 1632 1799 1656 caere-

226 1678 392 1720 moniae3
415 1689 502 1724 ergo
525 1678 615 1724 legis
638 1678 882 1712 caerimoniae
904 1678 941 1712 in
964 1686 1151 1712 aeternum
1174 1677 1365 1712 duraturae
1392 1685 1504 1711 erant.

298 1741 329 1765 2.
352 1732 590 1766 PRAETEREA.
616 1731 765 1767 Oblatio
785 1732 949 1766 mundati
970 1731 1105 1778 leprosi
1128 1731 1171 1765 ad
1193 1731 1284 1777 legis
1307 1730 1556 1766 caeremonias
1578 1729 1796 1777 pertinebat:

227 1785 288 1820 sed
311 1785 420 1820 etiam
442 1786 478 1819 in
494 1785 695 1831 Evangelio
711 1786 928 1832 praecipitur
950 1785 1096 1832 leproso
1119 1785 1329 1827 emundato,
1356 1792 1395 1819 ut
1415 1783 1627 1830 hujusmodi
1649 1783 1800 1818 oblatio-

225 1839 343 1873 tiones
366 1839 512 1882 offerat3
536 1851 623 1886 ergo
655 1840 909 1874 caeremoniae
937 1839 1067 1874 veteris
1094 1839 1185 1886 legis
1214 1850 1289 1874 non
1316 1846 1549 1874 cessaverunt
1571 1837 1719 1872 Christo
1742 1848 1799 1872 ve-

227 1901 359 1928 mente.

303 1959 331 1993 3.
354 1947 591 1982 PRAETEREA.
623 1947 793 1982 Manente
825 1958 933 1982 causa
965 1954 1088 1981 manet
1110 1946 1277 1982 effectus:
1300 1946 1362 1981 sed
1386 1947 1641 1981 caeremoniae
1670 1944 1800 1980 veteris

228 2001 319 2047 legis
340 2001 522 2035 habebant
549 2001 724 2047 quasdam
747 2000 979 2035 rationabiles
999 2012 1137 2043 causas,
1159 2001 1375 2047 inquantum
1398 1999 1658 2034 ordinabantur
1684 1999 1726 2034 ad
1754 1998 1802 2032 di-

229 2055 354 2088 vinum
390 2054 539 2097 cultum,
574 2055 683 2089 etiam
718 2063 857 2101 praeter
891 2055 961 2089 hoc
991 2055 1088 2101 quod
1120 2054 1379 2089 ordinabantur
1405 2054 1442 2088 in
1463 2053 1619 2100 figuram
1646 2052 1801 2095 Christi;

231 2119 319 2154 ergo
343 2108 596 2143 caeremoniae
614 2110 744 2143 veteris
767 2108 857 2154 legis
881 2120 1022 2143 cessare
1044 2120 1119 2143 non
1142 2108 1353 2143 debuerunt.

302 2172 334 2205 4.
358 2163 594 2197 PRAETEREA.
615 2162 860 2197 Circumcisio
876 2171 952 2197 erat
972 2163 1133 2197 instituta
1155 2163 1191 2197 in
1214 2163 1360 2209 signum
1374 2161 1459 2196 fidei
1473 2161 1662 2204 Abrahae3
1685 2161 1803 2196 obser-

231 2216 328 2250 vatio
357 2224 479 2250 autem
503 2216 650 2250 Sabbati
673 2216 716 2250 ad
739 2216 975 2251 recolendum
997 2216 1216 2251 beneficium
1239 2216 1450 2251 creationis:
1473 2223 1508 2250 et
1529 2215 1620 2250 aliae
1634 2214 1803 2250 solemni-

231 2278 322 2305 tates
344 2269 434 2315 legis
457 2270 500 2304 ad
522 2270 760 2304 recolendum
792 2270 861 2305 alia
888 2270 1063 2305 beneficia
1085 2271 1166 2313 Dei,
1194 2278 1233 2305 ut
1254 2282 1360 2317 supra
1387 2270 1525 2304 dictum
1547 2277 1600 2304 est
1622 2270 1670 2316 (q.
1688 2275 1801 2316 praec.

233 2330 297 2359 czrt.
321 2335 353 2369 4.
381 2324 423 2358 ad
444 2324 536 2369 ro.):
559 2325 621 2358 sed
644 2324 731 2359 fides
754 2325 923 2359 Abrahae
947 2333 999 2359 est
1021 2336 1163 2371 semper
1182 2324 1356 2358 imitanda
1379 2324 1488 2358 etiam
1511 2335 1531 2358 a
1551 2323 1668 2366 nobis,
1691 2330 1725 2358 et
1746 2322 1804 2357 be-

231 2377 403 2412 neficium
427 2378 631 2420 creationis,
663 2386 696 2412 et
725 2378 793 2412 alia
824 2379 893 2413 Dei
922 2378 1099 2413 beneficia
1130 2389 1274 2424 semper
1303 2386 1386 2412 sunt
1406 2376 1621 2420 recolenda3
1644 2388 1732 2424 ergo
1760 2375 1803 2410 ad

234 2432 352 2465 minus
377 2432 619 2474 circumcisio,
642 2440 676 2466 et
694 2431 943 2466 solemnitates
966 2431 1055 2478 legis
1079 2443 1219 2467 cessare
1241 2443 1315 2466 non
1338 2431 1548 2466 debuerunt.

306 2486 379 2519 Suu
407 2496 563 2520 CONTRA
592 2493 655 2527 est,
687 2485 781 2531 quod
811 2485 1010 2531 Apostolus
1041 2485 1127 2520 dicit
1158 2485 1201 2519 ad
1234 2485 1316 2520 Col.
1341 2495 1389 2521 2.:
1412 2485 1518 2520 Nemo
1540 2496 1598 2520 vos
1619 2484 1745 2531 judicet
1767 2485 1801 2518 ⁴in

234 2541 317 2582 cibo,
345 2545 403 2574 aut
430 2541 463 2573 in
485 2545 579 2586 polu,
608 2544 663 2573 ant
691 2541 722 2573 itz
746 2545 845 2586 pam
872 2540 935 2574 dici
954 2540 1044 2586 susti,
1073 2545 1131 2574 <ult
1157 2541 1354 2582 neomeniae,
1383 2545 1441 2574 aut
1465 2540 1694 2582 sabbatorum,
1723 2549 1806 2584 quae

233 2599 305 2627 suut
328 2594 447 2627 umbra
461 2594 660 2639 futurorum
679 2606 688 2626 .·
712 2600 745 2627 et
767 2593 809 2626 ad
834 2593 941 2626 Hebr.
959 2594 989 2627 8.
1010 2593 1150 2635 dicitur,
1169 2593 1266 2639 quod
1281 2593 1415 2628 dicendo
1434 2604 1558 2627 novum
1579 2596 1806 2627 tastamentum

234 2648 398 2682 vetas-avit
414 2648 510 2693 prins
524 2659 535 2687 ‚·
555 2646 640 2692 quod
661 2652 770 2681 autam
793 2648 1000 2692 ‹zfztiqattzlmg
1025 2653 1052 2682 ct
1073 2648 1217 2689 senescit,
1236 2653 1341 2694 prope
1363 2647 1535 2681 interitum
1561 2651 1615 2680 est.

308 2700 538 2735 ersponmzo
558 2700 763 2741 dicendum,
791 2701 886 2746 quod
910 2701 1033 2734 omnia
1054 2708 1245 2747 praecepta
1264 2699 1546 2735 caeremonialia
1564 2698 1695 2733 veteris
1717 2697 1806 2744 legis

238 2755 280 2788 ad
306 2754 442 2788 cultum
466 2754 535 2788 Dei
557 2762 639 2788 sunt
661 2754 837 2796 ordinata,
861 2762 897 2788 ut
920 2766 1024 2800 supra
1049 2755 1185 2788 dictum
1209 2762 1260 2789 est
1282 2754 1326 2800 (q.
1350 2766 1418 2789 101.
1441 2759 1506 2789 art.
1529 2766 1557 2788 1.
1578 2758 1608 2788 ct
1625 2751 1694 2798 2.):
1717 2759 1809 2786 exte-

239 2808 311 2842 rior
333 2816 454 2842 autem
483 2807 598 2842 cultus
627 2808 892 2854 proportionari
921 2808 1025 2842 debet
1052 2808 1212 2842 interiori
1240 2807 1362 2850 cultui,
1390 2807 1451 2855 qui
1478 2807 1641 2842 consistit
1664 2807 1698 2840 in
1726 2805 1808 2846 fide,

241 2873 316 2908 spe,
340 2870 374 2895 et
397 2862 589 2896 charitate:
613 2862 707 2896 unde
730 2861 928 2896 secundum
953 2862 1197 2896 diversitatem
1222 2861 1402 2896 interioris
1421 2860 1538 2896 cultus
1559 2859 1681 2895 debuit
1699 2859 1810 2894 diver-
