1875 3198
193 191 277 233 880
613 205 835 239 QUAESTIO
871 205 986 234 CXIV.
1021 204 1266 234 ARTICULUS
1301 204 1357 234 IV.

262 284 492 319 RESPONDEO
516 284 723 328 dicendum,
751 286 848 332 quod
870 285 962 320 sicut
984 296 1026 319 ex
1048 285 1151 319 dictis
1174 285 1290 332 accipi
1311 293 1432 332 potest
1453 286 1536 331 (art.
1559 299 1586 322 r.
1609 287 1678 334 lmj.
1698 288 1759 333 q.),

189 337 371 372 humanus
394 346 494 372 actus
516 339 624 372 habet
652 339 832 373 rationem
855 339 1018 372 merendi
1041 350 1082 372 ex
1109 339 1254 373 duobus:
1270 341 1385 386 primo
1400 340 1558 386 quidem,
1582 348 1617 374 et
1637 341 1765 387 princi-

189 391 317 437 paliter
339 403 381 425 ex
403 392 525 426 divina
559 393 808 434 ordinatione,
830 392 1032 426 secundum
1054 392 1152 438 quod
1179 401 1279 426 actus
1302 393 1432 427 dicitur
1454 405 1531 428 esse
1559 394 1763 429 meritorius

190 444 285 479 illius
307 445 404 487 boni,
427 445 471 479 ad
499 446 595 491 quod
621 446 737 480 homo
766 445 935 479 divinitus
963 446 1169 480 ordinatur:
1196 446 1334 480 secundo
1356 457 1444 481 vero
1467 458 1509 481 ex
1535 455 1636 494 parte
1662 447 1765 482 liberi

190 499 345 541 arbitrii3
360 499 575 545 inquantum
590 500 729 534 scilicet
749 500 864 533 homo
883 500 992 534 habet
1006 511 1091 546 prae
1114 500 1265 534 caeteris
1281 501 1464 543 creaturis,
1486 509 1526 535 ut
1545 513 1608 547 per
1630 512 1667 535 se
1683 510 1765 547 agat

187 551 392 586 voluntarie
416 564 537 598 agens.
560 553 604 587 Et
626 561 802 599 quantum
825 553 868 587 ad
891 561 1085 599 utrumque
1112 553 1359 600 principalitas
1381 554 1500 588 meriti
1522 566 1630 600 penes
1653 555 1766 588 chari-

188 614 300 639 tatem
335 606 517 640 consistit:
541 606 659 652 primo
689 607 786 640 enim
817 606 1121 640 considerandum
1151 614 1214 648 est,
1237 607 1334 653 quod
1355 607 1429 641 vita
1452 615 1596 642 aeterna
1630 608 1667 642 in
1695 608 1764 642 Dei

187 658 357 693 fruitione
380 660 562 694 consistit:
586 668 706 694 motus
730 668 852 694 autem
879 660 1063 694 humanae
1085 661 1217 695 mentis
1241 661 1284 694 ad
1310 660 1521 695 fruitionem
1544 661 1656 695 divini
1677 661 1765 695 boni

189 721 242 747 est
262 713 427 759 proprius
447 721 547 748 actus
579 714 774 756 charitatis,
798 725 861 760 per
883 725 992 760 quem
1020 725 1148 748 omnes
1178 722 1278 748 actus
1302 714 1454 748 aliarum
1475 715 1650 749 virtutum
1673 716 1766 749 ordi-

188 775 319 800 nantur
339 767 375 800 in
394 767 490 800 hunc
513 766 635 808 finem,
659 768 859 801 secundum
882 768 979 814 quod
1003 767 1094 801 aliae
1112 768 1261 802 virtutes
1283 767 1508 814 imperantur
1531 780 1551 802 a
1571 768 1764 811 charitate3

189 828 224 854 et
248 820 330 854 ideo
358 820 529 854 meritum
551 820 645 854 vitae
669 829 835 855 aeternae
854 821 972 867 primo
996 822 1149 867 pertinet
1171 821 1214 855 ad
1231 821 1458 864 charitatem,
1475 821 1516 855 ad
1541 821 1628 856 alias
1644 830 1765 856 autem

186 873 334 907 virtutes
356 874 585 916 secundario,
608 875 810 908 secundum
833 874 929 920 quod
953 886 1077 908 earum
1099 882 1198 909 actus
1221 887 1240 909 a
1259 875 1434 909 charitate
1457 875 1697 921 imperantur:
1721 875 1766 909 si-

188 926 321 961 militer
342 927 451 961 etiam
476 927 707 962 manifestum
732 936 796 970 est,
824 928 921 974 quod
943 928 977 961 id
1001 928 1098 974 quod
1121 939 1164 962 ex
1186 939 1310 962 amore
1333 927 1499 971 facimus,
1522 929 1680 962 maxime
1703 940 1765 962 vo-

186 979 340 1014 luntarie
362 980 534 1023 facimus;
559 981 652 1015 unde
675 982 784 1015 etiam
808 981 1008 1015 secundum
1031 982 1128 1027 quod
1149 981 1191 1015 ad
1214 983 1396 1016 rationem
1418 982 1538 1016 meriti
1557 982 1762 1028 requiritur,

186 1034 283 1079 quod
305 1034 349 1068 sit
376 1034 634 1076 voluntarium,
662 1034 908 1081 principaliter
930 1035 1101 1069 meritum
1124 1035 1289 1070 charitati
1313 1036 1525 1070 attribuitur.

257 1088 317 1122 AD
344 1099 493 1122 PRIMUM
522 1100 608 1134 ergo
643 1089 849 1130 dicendum,
878 1089 974 1135 quod
1003 1089 1172 1131 charitas,
1206 1089 1422 1135 inquantum
1447 1089 1557 1124 habet
1594 1088 1764 1123 ultimum

185 1141 295 1175 finem
318 1153 382 1188 pro
406 1142 562 1186 objecto,
577 1150 702 1176 movet
724 1142 812 1177 alias
833 1142 982 1176 virtutes
999 1143 1042 1176 ad
1058 1143 1304 1189 operandum:
1325 1154 1469 1189 semper
1488 1143 1586 1177 enim
1604 1143 1761 1185 habitus,

186 1195 229 1229 ad
253 1207 362 1241 quem
384 1196 537 1241 pertinet
559 1195 650 1237 finis,
667 1196 821 1242 imperat
842 1196 1036 1238 habitibus,
1060 1196 1103 1230 ad
1127 1208 1218 1242 quos
1238 1196 1418 1243 pertinent
1439 1207 1482 1231 ea
1504 1208 1595 1243 quae
1618 1204 1701 1231 sunt
1721 1196 1764 1230 ad

185 1249 307 1291 finem,
330 1257 368 1283 ut
390 1261 432 1283 ex
454 1261 561 1295 supra
584 1249 686 1284 dictis
714 1258 812 1296 patet
834 1250 880 1295 (q.
910 1262 941 1295 9.
962 1254 1025 1284 art.
1048 1250 1105 1294 L).

259 1303 318 1337 AD
335 1314 543 1337 SECUNDUM
559 1303 766 1345 dicendum,
782 1303 890 1349 quod,
907 1315 997 1349 opus
1014 1303 1160 1349 aliquod
1175 1311 1294 1350 potest
1312 1315 1389 1338 esse
1404 1303 1641 1346 laboriosum,
1660 1312 1694 1339 et
1705 1302 1767 1338 dif-

186 1355 280 1390 ficile
310 1357 508 1403 dupliciter:
536 1369 600 1391 imo
629 1357 723 1390 modo
754 1368 794 1391 ex
823 1357 1073 1402 magnitudine
1102 1357 1240 1404 operis:
1265 1365 1299 1391 et
1325 1358 1374 1392 sic
1402 1357 1616 1404 magnitudo
1631 1357 1765 1392 laboris

184 1410 338 1456 pertinet
365 1410 407 1443 ad
435 1410 643 1456 augendum
671 1411 805 1444 meriti:
842 1418 876 1444 et
902 1411 951 1445 sic
994 1411 1150 1445 charitas
1175 1423 1251 1445 non
1278 1411 1447 1445 diminuit
1484 1411 1661 1454 laborem,
1687 1412 1764 1446 imo

185 1462 271 1497 facit
293 1464 441 1509 aggredi
464 1475 573 1510 opera
599 1464 770 1506 maxima,
794 1476 914 1510 magna
941 1466 1026 1498 anim
1055 1470 1220 1511 operatur,
1247 1466 1275 1499 si
1295 1470 1349 1507 ast,
1377 1473 1416 1499 ut
1443 1465 1598 1510 Gregor.
1620 1465 1706 1500 dicit
1728 1465 1764 1499 in

186 1517 343 1563 quadam
365 1517 519 1551 homilia
536 1518 638 1563 (30.).·
663 1518 727 1551 alio
748 1518 842 1552 modo
866 1530 908 1552 ex
926 1517 1069 1552 defectu
1092 1518 1202 1565 ipsius
1227 1518 1428 1565 operantis:
1449 1519 1643 1565 unicuique
1667 1519 1764 1553 enim

185 1579 239 1605 est
260 1569 496 1613 laboriosum,
520 1579 553 1605 et
575 1570 732 1612 difficile,
756 1572 852 1617 quod
875 1583 949 1605 non
972 1580 1141 1618 prompta
1163 1572 1351 1606 voluntate
1373 1571 1476 1606 facit:
1501 1580 1536 1606 et
1558 1572 1639 1606 talis
1662 1572 1765 1606 labor

186 1624 354 1658 diminuit
376 1624 559 1665 meritum,
584 1632 618 1658 et
641 1636 659 1658 a
683 1625 858 1659 charitate
880 1625 1028 1659 tollitur.

259 1677 319 1712 AD
336 1688 507 1712 TERTIUM
531 1678 738 1719 dicendum,
757 1678 855 1724 quod
875 1678 958 1712 fidei
981 1686 1081 1713 actus
1103 1690 1178 1712 non
1201 1687 1253 1713 est
1275 1679 1494 1722 meritorius,
1509 1678 1579 1713 nisi
1597 1678 1684 1713 fides
1703 1690 1766 1725 per

186 1730 422 1765 dilectionem
446 1740 625 1777 operetur,
648 1739 687 1765 ut
713 1731 843 1766 dicitur
865 1732 908 1766 ad
930 1732 1011 1766 Gal.
1040 1743 1088 1777 5.:
1112 1732 1277 1767 similiter
1300 1733 1409 1767 etiam
1433 1740 1533 1767 actus
1554 1733 1760 1779 patientiae,

186 1792 219 1818 et
240 1784 459 1819 fortitudinis
493 1796 567 1819 non
591 1793 643 1819 est
666 1785 906 1827 meritorium,
933 1786 1002 1820 nisi
1037 1786 1165 1832 aliquis
1188 1798 1230 1820 ex
1259 1786 1434 1821 charitate
1456 1786 1547 1821 haec
1584 1795 1762 1833 operetur.

185 1838 388 1873 secundum
411 1838 497 1873 illud
530 1850 556 1872 1.
582 1839 624 1873 ad
653 1839 740 1873 Cor.
765 1850 835 1885 13.:
860 1840 895 1874 δι’
917 1840 1085 1875 tradidero
1108 1847 1229 1887 corpus
1254 1853 1375 1883 meum,
1399 1841 1445 1875 ita
1468 1847 1502 1875 ut
1523 1840 1671 1882 ardeam,
1693 1841 1766 1876 cha-

185 1894 316 1927 ritatem
337 1898 446 1927 emtam
469 1904 534 1927 non
557 1893 716 1935 lmlmero,
744 1894 829 1927 nihil
851 1894 934 1927 mibi
949 1893 1093 1940 prodest.

766 2036 1115 2081 ARTICULUS
1142 2037 1196 2078 V.
1695 2047 1763 2091 614

364 2146 520 2175 UTRUM
547 2145 677 2175 HOMO
706 2145 859 2175 possm
888 2146 967 2174 SIBI
991 2145 1150 2175 MERERI
1177 2144 1344 2175 PRIMAM
1371 2144 1581 2175 GRATIAM.

433 2234 542 2278 (Part.
563 2246 590 2281 3.
615 2246 644 2280 q.
667 2246 697 2269 2.
722 2240 787 2269 art.
810 2247 855 2269 H.
879 2241 968 2281 corp.
992 2240 1020 2269 et
1042 2246 1073 2269 2.
1096 2235 1185 2269 Dist.
1207 2245 1256 2281 17.
1279 2239 1342 2268 art.
1365 2245 1398 2278 4.
1421 2233 1464 2268 ad
1489 2233 1522 2269 6.

184 2293 215 2322 et
237 2288 292 2323 lib.
311 2300 339 2335 3.
366 2288 484 2324 Contr.
502 2299 532 2333 g.
553 2294 626 2335 cap.
647 2299 721 2334 149.
740 2293 768 2322 et
786 2300 853 2334 150.
874 2292 901 2322 et
928 2288 1015 2322 Veri.
1036 2300 1065 2333 q.
1089 2299 1139 2334 19.
1160 2293 1224 2323 art.
1249 2288 1281 2323 6.
1301 2293 1331 2322 ct
1355 2298 1384 2334 7.
1407 2292 1434 2322 et
1451 2288 1551 2332 joan.
1569 2299 1620 2323 ιο.
1640 2287 1710 2323 lert.
1729 2299 1761 2331 4.

778 2352 806 2381 εἰ
828 2347 944 2393 Ephas.
967 2359 998 2382 2.
1020 2348 1088 2382 lact.
1112 2348 1171 2392 2.).

256 2437 315 2471 AD
338 2447 519 2476 QUINTUM
542 2437 592 2471 sic
615 2437 832 2484 proceditur.
855 2437 1018 2479 Videtur,
1041 2437 1139 2484 quod
1162 2438 1277 2472 homo
1307 2437 1420 2484 possit
1446 2438 1513 2472 sibi
1536 2437 1666 2472 mereri
1696 2438 1763 2484 pri-

186 2501 285 2523 mam
305 2491 478 2536 gratiam:
499 2492 593 2537 quia,
609 2498 647 2525 ut
667 2491 891 2536 Augustinus
911 2491 998 2525 dicit
1016 2492 1067 2536 (in
1086 2492 1198 2538 praef.
1214 2491 1301 2526 Psal.
1320 2492 1399 2538 3r.)‚
1417 2491 1493 2536 fides
1511 2496 1656 2526 merctur
1667 2493 1763 2538 justi-

173 2544 389 2589 ficationem:
413 2544 626 2589 justificatur
649 2554 771 2578 autem
794 2544 909 2578 homo
933 2556 996 2590 per
1018 2545 1175 2591 primam
1198 2545 1372 2591 gratiam;
1395 2556 1482 2592 ergo
1505 2545 1621 2579 homo
1644 2554 1763 2592 potest

186 2598 317 2632 mereri
340 2598 404 2632 sibi
429 2598 586 2644 primam
609 2599 774 2643 gratiam.

256 2662 287 2685 2.
310 2651 548 2686 Pimnmnm.
571 2652 671 2686 Deus
693 2663 767 2685 non
791 2651 851 2685 dat
874 2652 1029 2697 gratiam
1052 2653 1120 2686 nisi
1143 2653 1279 2699 dignis:
1303 2652 1367 2687 sed
1386 2663 1460 2687 non
1483 2652 1612 2686 dicitur
1634 2651 1762 2699 aliquis

182 2704 313 2749 dignus
336 2705 458 2751 aliquo
481 2705 591 2747 bono,
614 2705 681 2739 nisi
704 2705 763 2751 qui
788 2706 907 2751 ipsum
932 2707 1132 2751 promeruit
1155 2717 1197 2740 ex
1220 2707 1424 2752 condigno3
1452 2717 1540 2753 ergo
1568 2705 1696 2753 aliquis
1719 2718 1762 2741 ex

183 2759 368 2804 condigno
391 2767 510 2805 potest
532 2759 663 2794 mereri
686 2759 842 2805 primam
867 2759 1033 2804 gratiam.

258 2824 286 2857 3.
310 2813 548 2847 PRAli'rliREA.
580 2813 687 2859 Apud
711 2813 880 2846 homines
905 2812 1033 2858 aliquis
1057 2821 1175 2859 potest
1205 2813 1405 2860 promereri
1434 2813 1573 2848 donum
1604 2815 1677 2859 jam
1709 2824 1765 2847 ac-

184 2874 348 2912 ceptum:
373 2867 465 2900 sicut
488 2867 548 2912 qui
572 2867 712 2912 accepit
735 2878 870 2912 equum
895 2878 912 2900 a
936 2867 1100 2909 domino,
1125 2876 1283 2902 meretur
1306 2870 1422 2915 ipsum
1445 2868 1536 2902 bene
1560 2868 1694 2902 utendo
1717 2879 1761 2902 eo

183 2919 218 2952 in
242 2920 388 2954 servitio
412 2921 570 2954 domini:
594 2921 655 2954 sed
679 2921 779 2954 Deus
802 2920 986 2954 liberalior
1010 2929 1073 2963 est,
1098 2933 1207 2967 quam
1230 2922 1366 2964 homo;
1394 2933 1482 2968 ergo
1505 2921 1621 2957 multo
1644 2921 1762 2968 magis
