1907 3198
556 193 775 231 Quiu-:srio
808 192 881 224 cu.
915 192 1160 223 Alimentus
1193 192 1250 222 ιν.
1589 191 1669 234 751

109 283 225 314 status
243 275 374 324 prioris
392 274 614 310 tabernaculi
636 275 869 310 ordinabatur
886 273 931 309 ad
949 273 1227 320 significandum
1248 280 1406 307 mortem
1421 272 1569 314 Christi,
1584 282 1676 319 quae

109 329 284 380 figuratur
295 340 359 378 per
371 339 558 373 occasum,
571 329 771 365 secundum
792 327 880 363 illud
903 327 1036 363 Psalm.
1056 326 1132 373 67.:
1154 327 1226 373 Qui
1243 326 1385 362 ascendit
1401 333 1497 374 super
1511 337 1676 367 occasum,

109 383 280 421 Dominus
298 383 498 418 nomen-illi.

181 437 244 474 AD
267 446 420 473 ⁵13wa
442 436 649 479 dicendum,
670 435 768 483 quod
789 447 929 478 eorum,
951 446 1044 482 quae
1066 435 1102 469 in
1123 433 1359 469 tabernaculo
1386 433 1676 474 continebantur,

109 491 204 528 ratio
222 491 326 528 reddi
345 498 463 539 potest
485 499 520 526 et
540 491 689 533 literalis,
709 499 744 526 et
754 490 922 537 figuralis.
946 489 1111 525 Literalis
1133 488 1279 536 quidem
1301 499 1365 534 per
1391 487 1606 522 relationem
1634 487 1678 521 ad

110 544 250 582 cultum
270 544 452 580 divinum:
474 552 510 579 et
535 546 618 592 quia
645 544 782 580 dictum
808 552 862 579 est
884 544 935 588 (in
957 550 1038 591 resp.
1060 542 1103 577 ad
1122 543 1187 588 4.),
1206 542 1304 589 quod
1323 553 1386 588 per
1403 541 1679 576 tabernaculum

109 598 272 642 interius,
290 598 390 646 quod
410 598 598 634 dicebatur
616 598 738 634 Sancta
753 598 964 639 Sanctorum,
988 595 1257 643 significabatur
1278 594 1442 630 seculum
1466 594 1570 629 altius
1585 595 1683 641 spiri-

108 651 263 689 tualium
282 651 578 694 substantiarum,
599 651 682 686 ideo
702 652 739 686 in
761 650 825 686 illo
846 650 1083 686 tabernaculo
1106 651 1172 684 tria
1195 649 1493 691 continebantur;
1521 648 1679 683 scilicet:

109 716 194 744 arca
212 707 407 749 testamenti,
428 705 465 740 in
486 717 558 753 qua
578 714 655 740 erat
675 716 766 740 urna
786 716 895 740 aurea
917 705 1054 740 habens
1076 715 1230 746 manna3
1252 711 1287 738 et
1307 704 1406 748 virga
1429 703 1562 745 Aaron,
1588 713 1681 749 quae

109 759 340 804 fronduerm
361 767 398 796 et
418 760 562 803 tabulae,
583 759 620 794 in
641 759 770 807 quibus
791 767 893 795 erant
918 759 1049 806 scripta
1075 758 1204 793 decem
1231 765 1422 805 praecepta
1449 756 1550 803 legis.
1580 756 1679 791 Haec

112 821 235 852 amem
253 824 338 849 arca
357 813 425 850 sita
438 821 515 848 erat
531 813 622 848 inter
640 813 732 849 duos
747 812 960 856 Cherubim,
974 812 1036 860 qui
1050 824 1088 847 se
1103 811 1238 847 mutuis
1252 810 1409 846 vultibus
1425 810 1682 857 respiciebant:

110 876 151 906 et
172 878 282 916 super
306 877 430 903 arcam
456 874 533 902 erat
558 866 738 914 quaedam
764 865 898 908 tabula,
924 877 1017 914 quae
1043 865 1229 900 dicebatur
1254 865 1534 912 Propitiatorium
1562 863 1684 898 subter

110 921 177 970 [al.
195 921 310 971 sapor]
324 920 400 957 alas
414 920 628 964 Cherubim,
643 921 744 968 quasi
767 921 811 956 ab
832 920 918 968 ipsis
937 920 1138 956 Cherubim
1161 926 1375 967 portaretur,
1397 929 1438 953 ac
1461 919 1490 953 si
1511 917 1686 964 imagina-

110 980 222 1020 retur,
241 975 341 1024 quod
357 974 420 1010 illa
439 973 562 1010 tabula
581 983 675 1010 esset
688 974 791 1009 sedes
805 974 894 1018 Dei;
916 974 1011 1009 unde
1025 982 1060 1009 et
1074 974 1351 1021 Propitiatorium
1366 971 1564 1013 dicebatur,
1580 970 1684 1018 quasi

112 1029 244 1066 exinde
262 1027 402 1077 populo
418 1028 672 1076 propitiaretur
693 1028 737 1062 ad
759 1039 884 1075 preces
906 1027 1040 1062 summi
1063 1026 1292 1067 Sacerdotis;
1314 1034 1349 1061 et
1367 1025 1451 1060 ideo
1477 1024 1580 1072 quasi
1606 1035 1686 1071 por·

110 1083 256 1120 tabatur
286 1093 308 1118 a
335 1081 551 1124 Cherubim,
575 1081 679 1129 quasi
707 1081 788 1116 Deo
817 1080 1109 1128 obsequentibus.
1131 1080 1230 1115 Arca
1256 1090 1344 1114 vero
1373 1078 1582 1114 testamenti
1609 1085 1686 1113 erat

111 1144 303 1185 tamquam
323 1135 524 1173 scabellum
544 1135 703 1171 sedentis
723 1146 830 1183 supra
852 1135 1164 1182 propitiatorium:
1185 1145 1248 1181 per
1273 1133 1365 1168 haec
1393 1140 1515 1168 autem
1541 1133 1608 1167 tria
1629 1131 1687 1166 de-

114 1189 351 1238 signabantur
370 1191 451 1233 tn'a,
472 1200 566 1236 quae
586 1197 671 1224 sunt
694 1188 731 1223 in
756 1187 821 1223 illo
850 1188 970 1223 altiori
1000 1187 1145 1223 seculo:
1176 1187 1329 1222 scilicet:
1359 1187 1462 1228 Deus,
1493 1185 1553 1232 qui
1579 1195 1687 1232 super

114 1243 243 1280 omnia
261 1250 328 1287 est,
347 1251 384 1279 et
403 1241 782 1290 incomprehensibilis
804 1241 906 1276 omni
928 1249 1132 1276 creaturae:
1154 1249 1190 1276 et
1211 1249 1358 1288 propter
1374 1240 1447 1274 hoc
1469 1238 1568 1274 nulla
1590 1238 1687 1274 simi-

114 1295 231 1335 litudo
243 1297 321 1345 ejus
339 1295 544 1345 ponebatur
555 1296 600 1331 ad
615 1295 958 1342 repraesentandam
980 1296 1057 1342 ejus
1078 1294 1384 1336 invisibilitatem3
1405 1293 1467 1328 sed
1486 1292 1688 1340 ponebatur

115 1350 295 1400 quaedam
315 1347 430 1398 figura
447 1349 543 1385 sedis
563 1350 659 1395 ejus;
679 1349 764 1396 quia
786 1348 925 1384 scilicet
938 1356 1066 1384 natura
1083 1347 1144 1394 [al.
1160 1347 1331 1393 creatura]
1347 1345 1687 1394 comprehensibilis

113 1411 182 1448 eet,
199 1412 295 1452 quae
313 1410 369 1439 est
387 1402 548 1450 subjecta
567 1402 664 1445 Deo,
685 1402 777 1437 sicut
798 1402 902 1437 sedes
924 1402 1074 1438 sedenti.
1098 1402 1190 1436 Sunt
1211 1401 1322 1436 etiam
1343 1400 1380 1435 in
1402 1399 1466 1435 illo
1488 1399 1606 1434 altiori
1633 1410 1685 1434 se-

113 1455 202 1494 culo
217 1456 404 1506 spirituales
422 1457 633 1497 substantiae,
659 1467 752 1503 quae
775 1456 896 1502 Angeli
912 1456 1099 1490 dicuntur:
1122 1463 1158 1490 et
1177 1455 1215 1489 hi
1237 1453 1487 1501 significantur
1507 1465 1571 1501 per
1591 1453 1684 1488 duos

114 1509 317 1548 Cherubim
333 1517 464 1546 mutuo
483 1521 523 1546 se
543 1509 789 1557 respicientes,
811 1510 855 1544 ad
877 1509 1141 1556 designandam
1160 1507 1396 1543 concordiam
1421 1518 1548 1542 eorum
1571 1507 1615 1541 ad
1638 1507 1688 1541 in-

112 1563 246 1608 vicem,
265 1563 467 1600 secundum
486 1562 575 1599 illud
591 1562 660 1610 Job
683 1572 756 1608 25,:
781 1563 853 1608 Qui
872 1563 956 1608 facit
977 1562 1188 1598 concordiam
1208 1563 1242 1596 in
1264 1561 1459 1596 sublimibus
1465 1573 1478 1603 ‚·
1494 1569 1528 1596 et
1539 1569 1686 1608 propter

112 1617 187 1654 hoc
207 1618 318 1654 etiam
338 1628 415 1653 non
435 1616 502 1653 fuit
522 1628 615 1652 unus
631 1624 774 1652 tantum
796 1616 1010 1659 Cherubim,
1033 1625 1071 1651 ut
1092 1616 1342 1663 designaretur
1362 1614 1556 1649 multitudo
1571 1614 1688 1649 coele-

112 1671 224 1709 snum
244 1671 447 1719 spirituum,
468 1679 505 1707 et
524 1670 774 1706 excluderetur
792 1671 910 1706 cultus
925 1681 1053 1706 eorum
1068 1670 1111 1704 ab
1125 1670 1194 1712 his,
1209 1669 1337 1716 quibus
1351 1676 1584 1716 praeceptum
1599 1676 1687 1710 erat,

114 1733 155 1763 ut
173 1723 295 1761 solum
316 1735 431 1761 unum
450 1723 573 1760 Deum
595 1723 776 1759 colerent:
798 1733 881 1759 sunt
902 1724 1011 1759 etiam
1034 1724 1069 1758 in
1092 1723 1155 1758 illo
1169 1722 1386 1770 intelligibili
1401 1722 1529 1757 seculo
1544 1723 1688 1757 rationes

113 1779 267 1816 omnium
286 1790 415 1822 eorum,
436 1790 520 1826 quae
545 1779 580 1813 in
606 1778 665 1813 hoc
691 1778 819 1813 sacculo
841 1779 1074 1825 perficiuntur,
1102 1776 1379 1824 quodammodo
1406 1775 1569 1811 clausae:
1597 1776 1689 1811 sicut

114 1833 274 1870 rationes
294 1831 491 1869 effectuum
513 1832 730 1868 clauduntur
751 1832 786 1867 in
808 1833 883 1867 suis
905 1832 1035 1874 causis,
1057 1840 1092 1867 et
1112 1831 1271 1866 rationes
1293 1830 1567 1865 artificiatorum
1586 1830 1622 1865 in
1638 1841 1690 1864 ar·

112 1885 231 1924 tifice:
251 1894 288 1923 et
306 1886 379 1922 hoc
400 1885 672 1934 significabatur
690 1897 755 1932 per
774 1897 897 1920 arcam
924 1886 961 1920 in
979 1897 1050 1932 qua
1078 1884 1439 1932 repraesentabantur
1464 1896 1527 1931 per
1548 1885 1615 1919 tria
1641 1883 1690 1918 ibi

115 1947 287 1978 contene-
307 1941 389 1984 tn‘a,
410 1951 504 1988 quae
525 1948 609 1976 sunt
626 1939 814 1987 potissima
837 1940 872 1974 in
895 1939 1002 1975 rebus
1024 1939 1211 1981 humanis;
1233 1937 1391 1973 scilicet:
1405 1939 1581 1986 sapientia,
1595 1948 1688 1984 quae

113 1994 451 2043 repraesentabatur
471 2004 534 2042 per
554 1993 695 2030 tabulas
716 1995 942 2029 testamenti:
964 1998 1105 2041 potestas
1127 1993 1309 2039 regiminis,
1332 2003 1424 2039 quae
1447 1998 1690 2039 repraesenta-

113 2047 220 2085 Batur
238 2059 304 2096 per
322 2047 464 2095 virgam
485 2047 634 2090 Aaron3
654 2049 739 2091 vita,
760 2059 854 2094 quae
879 2046 1216 2094 repraesentabatur
1242 2057 1305 2093 per
1330 2057 1477 2087 manna,
1504 2045 1601 2093 quod
1624 2043 1689 2079 fuit

115 2108 445 2139 mnenoementum
466 2102 581 2137 vitae:
603 2101 661 2136 vel
688 2112 751 2148 per
776 2101 868 2136 haec
895 2102 962 2135 tria
988 2099 1285 2147 significabantur
1311 2101 1378 2135 tria
1405 2099 1474 2134 Dei
1501 2098 1688 2140 attributa;

114 2153 272 2193 scilicet:
291 2155 454 2204 sapientia
474 2154 512 2190 in
532 2154 684 2197 tabulis;
702 2155 850 2203 potentia
871 2154 907 2188 in
929 2153 1054 2200 virga;
1076 2155 1205 2188 bonitas
1225 2153 1260 2187 in
1283 2164 1429 2195 manna,
1443 2161 1520 2188 tum
1542 2159 1689 2200 propter

115 2207 360 2252 dulcedhem,
379 2216 458 2244 tum
478 2208 563 2256 quia
584 2220 627 2244 ex
647 2207 718 2243 Dei
736 2207 984 2243 misericordia
1007 2216 1060 2242 est
1080 2206 1216 2255 populo
1238 2218 1305 2242 suo
1326 2206 1471 2241 datum:
1494 2215 1529 2241 et
1550 2206 1632 2241 ideo
1651 2205 1686 2240 in

114 2263 337 2299 memoriam
357 2261 501 2298 divinae
523 2261 795 2297 misericordiae
818 2261 1117 2297 conservabatur:
1140 2269 1175 2296 et
1196 2261 1286 2296 haec
1309 2262 1374 2296 tria
1398 2261 1507 2296 etiam
1535 2259 1687 2306 figurata

114 2323 201 2354 sunt
214 2315 253 2352 in
270 2315 412 2352 visione
433 2315 560 2351 Isaiae.
582 2314 682 2350 Vidit
702 2315 800 2350 enim
824 2315 1010 2350 Dominum
1032 2314 1191 2350 sedentem
1209 2321 1305 2362 super
1324 2314 1442 2349 solium
1464 2314 1636 2355 excelsum,
1659 2318 1688 2348 ct

114 2369 293 2413 elevatum
314 2374 345 2406 et
366 2369 540 2418 Seraphim
562 2370 749 2412 assistentes,
772 2373 801 2404 et
820 2368 954 2404 domum
977 2368 1111 2416 impleri
1133 2380 1153 2403 a
1173 2368 1281 2415 gloria
1306 2369 1372 2403 Dei
1383 2381 1392 2403 :
1415 2367 1509 2402 unde
1531 2376 1566 2402 et
1588 2367 1688 2402 Sera-

115 2422 220 2473 phim
239 2422 428 2461 dicebant:
450 2423 552 2459 Plena
577 2428 624 2458 est
647 2423 753 2458 munis
779 2427 867 2458 terra
879 2422 988 2469 gloria
1005 2424 1094 2468 ejus:
1111 2430 1146 2458 et
1159 2422 1208 2456 sic
1224 2421 1478 2457 similitudines
1494 2420 1688 2467 Seraphim

116 2485 194 2514 non
214 2476 442 2526 ponebantur
463 2476 508 2512 ad
534 2475 672 2512 cultum
695 2475 811 2523 (quod
833 2475 1091 2523 prohibebatur
1111 2475 1231 2523 primo
1252 2475 1343 2521 legis
1369 2479 1600 2522 praecept0);
1627 2474 1688 2509 scd

115 2529 155 2569 in
174 2530 321 2579 signum
341 2530 543 2572 ministerii,
566 2538 603 2565 ut
623 2530 761 2565 dictum
782 2537 837 2565 est
856 2530 925 2576 (bic
944 2530 1085 2577 supra):
1105 2531 1140 2565 in
1156 2529 1324 2565 exteriori
1339 2540 1425 2564 vero
1441 2527 1689 2569 tabernaculo,

116 2583 216 2635 quod
236 2583 465 2633 significabat
484 2594 655 2632 praesens
677 2582 855 2626 seculum,
877 2583 1156 2619 continebantur
1174 2583 1282 2618 etiam
1302 2584 1384 2622 triu,-
1404 2582 1560 2618 scilicet:
1584 2583 1689 2618 altare

116 2636 357 2687 thymiamatis,
376 2638 474 2686 quod
494 2637 630 2673 directe
644 2645 720 2673 erat
734 2645 859 2673 contra
875 2648 998 2673 arcam
1013 2651 1022 2680 ;
1037 2650 1146 2672 mensu
1163 2645 1282 2672 autem
1299 2636 1570 2683 propositionis,
1584 2647 1691 2684 super

114 2700 229 2741 quam
249 2690 446 2728 duodecim
467 2701 579 2739 panes
600 2691 886 2739 apponebantur,
912 2699 989 2726 erat
1014 2691 1130 2738 posita
1158 2703 1200 2725 ex
1228 2699 1328 2737 parte
1368 2689 1587 2736 aqusslonarh
1615 2701 1690 2725 can-

308 2754 398 2781 vero
417 2754 463 2784 ea
483 2751 583 2792 parte
612 2743 780 2780 australi:
808 2755 901 2792 quae
922 2745 988 2780 triu
1015 2745 1182 2779 videntur
1208 2743 1425 2791 respondere
1454 2744 1568 2785 tribus,
1596 2754 1688 2790 quae

118 2805 223 2835 mm
241 2796 280 2850 ip
300 2806 386 2834 arca
406 2787 548 2841 efausu
575 2797 637 2833 sed
664 2797 783 2844 magis
809 2797 978 2834 manifest
1026 2797 1154 2833 eadem
1183 2796 1518 2844 repraesentabant:
1545 2805 1690 2844 oportet

116 2850 219 2889 enim
238 2849 400 2888 udones
418 2861 541 2887 rerum
564 2851 607 2887 ad
629 2849 917 2888 manifestiorem
939 2809 1288 2887 deilionstrationcm
1313 2850 1472 2898 perduci,
1494 2861 1605 2898 quam
1619 2850 1689 2885 sint

117 2904 297 2945 hmeme
314 2903 448 2949 divina,
468 2911 504 2941 et
524 2903 753 2952 angelorum,
773 2905 816 2941 ad
843 2905 914 2941 hoc
942 2905 1038 2952 quod
1067 2905 1235 2940 homines
1262 2905 1442 2952 sapientes
1467 2914 1529 2940 eas
1555 2915 1689 2950 cogno-
