1875 3198
204 159 286 213 692
579 169 799 204 QUAESTIO
832 169 966 198 XCVII.
1000 168 1246 198 ARTICULUS
1280 168 1325 197 ΙΙ.

273 251 505 285 RESPONDEo
529 251 737 292 dicendum,
762 251 871 296 quod,
890 250 984 284 sicut
1011 250 1149 284 dictum
1178 258 1232 284 est
1259 250 1338 294 (art.
1361 251 1506 297 praec),
1535 250 1594 285 lex
1619 251 1783 285 humana

202 305 383 339 intantum
405 313 501 339 recte
524 313 696 346 mutatur,
719 306 935 350 inquantum
958 315 1020 350 per
1047 305 1123 349 ejus
1150 304 1395 338 mutationem
1422 305 1613 338 communi
1638 304 1784 339 utilitati

202 358 429 404 providetur:
453 359 563 392 habet
585 366 708 393 autem
730 358 807 403 ipsa
829 357 919 402 legis
942 358 1108 399 mutatio,
1132 366 1308 403 quantum
1330 358 1367 391 in
1388 369 1426 392 se
1446 366 1510 400 est,
1525 358 1784 393 detrimentum

203 412 388 458 quoddam
420 412 627 446 communis
658 411 800 445 salutis:
830 411 913 457 quia
943 411 986 444 ad
1017 411 1286 445 observantiam
1316 410 1441 457 legum
1463 411 1662 458 plurimum
1687 411 1785 446 valet

203 465 449 507 consuetud03
473 466 652 499 intantum
671 464 768 511 quod
784 476 838 506 ea,
853 476 945 510 quae
961 473 1088 498 contra
1103 476 1343 499 communem
1358 465 1662 500 consuetudinem
1682 465 1784 508 fiunt,

203 520 314 553 etiam
336 519 365 553 si
387 519 458 553 sint
480 519 619 552 leviora
643 518 686 552 de
709 529 761 560 se,
784 518 953 564 graviora
975 517 1162 560 videntur;
1185 518 1280 553 unde
1304 518 1449 564 quando
1473 527 1634 553 mutatur
1654 518 1723 562 lex,
1737 519 1786 553 di-

203 572 379 606 minuitur
400 573 453 606 vis
477 571 711 605 constrictiva
733 571 837 617 legis,
860 571 1076 617 inquantum
1098 571 1238 606 tollitur
1261 572 1506 607 consuetudo:
1527 580 1562 607 et
1582 572 1666 607 ideo
1684 584 1787 607 num-

204 637 315 672 quam
337 626 442 659 debet
464 625 598 659 mutari
627 624 685 659 lex
713 625 889 667 humana,
920 625 990 659 nisi
1017 637 1060 659 ex
1091 625 1160 659 alia
1190 633 1290 670 parte
1314 634 1458 660 tantum
1486 634 1787 672 recompensetur

204 679 395 714 communi
417 678 535 720 saluti,
558 686 736 724 quantum
765 691 807 712 ex
833 679 901 712 ista
927 687 1027 724 parte
1055 679 1261 724 derogatur.
1291 678 1403 719 Quod
1431 679 1580 725 quidem
1607 679 1786 725 contingit

202 734 255 767 vel
277 744 319 766 ex
341 733 412 766 hoc
437 732 534 777 quod
567 731 687 777 aliqua
718 725 891 774 maxima,
922 740 957 766 et
985 732 1257 766 evidentissima
1289 732 1422 767 utilitas
1452 744 1495 767 ex
1524 743 1623 767 novo
1651 740 1785 767 statuto

202 786 388 833 provenit:
410 786 463 819 ⁴ch
486 797 529 819 ex
551 797 595 819 eo
620 785 718 831 quod
741 794 794 820 est
815 786 977 820 maxima
998 787 1210 828 necessitas,
1231 787 1284 821 vel
1305 798 1348 821 ex
1363 798 1407 821 eo
1428 787 1524 833 quod
1539 787 1598 821 lex
1612 795 1787 821 consueta

205 848 266 873 aut
287 838 520 873 manifestam
542 839 773 885 iniquitatem
796 840 969 882 continet,
995 848 1055 873 aut
1082 841 1157 885 ejus
1186 839 1392 874 observatio
1422 848 1476 875 est
1500 840 1700 887 plurimum
1725 851 1788 874 no-

205 893 304 935 civa3
327 893 421 926 unde
445 892 576 926 dicitur
599 904 618 926 a
635 893 848 939 jurisperito
873 892 1033 939 Ulpiano
1055 893 1130 938 (tila.
1149 906 1176 928 1.
1193 894 1232 939 ff.
1255 893 1291 928 de
1313 893 1450 929 Constit.
1473 895 1618 940 Pritzc),
1639 894 1737 940 quod
1751 895 1787 928 in

204 947 298 981 rebus
325 948 420 980 novis
448 946 682 981 constituendis
703 947 835 981 evidens
857 946 944 981 debet
965 959 1026 982 esse
1052 947 1191 990 utilitas,
1218 952 1256 982 ut
1278 947 1450 983 recedatur
1470 948 1511 982 ab
1533 959 1568 982 eo
1581 949 1660 994 jure
1669 960 1682 989 ;
1701 947 1788 994 qnod

204 999 262 1033 diu
283 1011 425 1045 aequum
447 1001 557 1034 *oisnnz
579 1006 634 1034 est.

276 1054 336 1088 AD
364 1065 514 1088 PRIMUM
538 1065 625 1100 ergo
649 1054 855 1097 dicendum,
879 1054 976 1100 quod
1000 1065 1042 1088 ea
1065 1066 1158 1100 quae
1181 1062 1264 1088 sunt
1295 1054 1391 1097 artis,
1418 1054 1555 1089 habent
1584 1053 1788 1089 efficaciam

205 1118 248 1142 ex
266 1107 345 1141 sola
367 1107 526 1150 ratione3
550 1115 584 1141 et
603 1107 686 1141 ideo
703 1107 924 1154 ubicumque
947 1107 1153 1142 melioratio
1177 1108 1346 1150 occurrit,
1366 1115 1420 1142 est
1438 1107 1668 1150 mutandum,
1690 1108 1786 1154 quod

204 1162 302 1206 prius
324 1161 530 1195 tenebatur:
559 1161 622 1195 sed
649 1160 748 1207 leges
777 1161 913 1195 habent
939 1162 1142 1195 maximam
1170 1162 1343 1196 virtutem
1373 1173 1418 1196 ex
1446 1161 1723 1203 consuetudine,
1750 1169 1788 1195 ut

205 1214 343 1249 Philos.
367 1215 453 1249 dicit
480 1215 516 1248 in
544 1225 575 1248 2.
603 1214 711 1249 Polit.
742 1215 829 1261 (cap.
858 1215 890 1250 6.
919 1216 979 1250 cir.
999 1216 1103 1261 fin.);
1133 1225 1168 1250 et
1193 1215 1277 1249 ideo
1304 1226 1379 1249 non
1405 1223 1489 1250 sunt
1514 1215 1558 1249 de
1584 1214 1684 1249 facili
1708 1226 1787 1249 mu-

205 1268 349 1302 tandae.

277 1322 337 1356 AD
361 1333 570 1356 SECUNDUM
590 1322 798 1364 dicendum,
821 1322 918 1368 quod
941 1322 1033 1356 ratio
1053 1321 1115 1356 illa
1139 1321 1338 1364 concludit,
1361 1321 1459 1368 quod
1481 1321 1582 1368 leges
1604 1329 1688 1356 sunt
1713 1333 1790 1355 mu-

206 1376 350 1418 tandae,
371 1388 446 1410 non
469 1385 592 1410 tamen
615 1387 679 1422 pro
703 1387 934 1422 quacumque
957 1376 1224 1421 melioratione,
1243 1375 1306 1410 sed
1321 1387 1387 1422 pro
1401 1387 1537 1422 magna
1550 1375 1715 1418 utilitate,
1729 1374 1789 1409 vel

206 1430 434 1472 necessitate,
457 1438 495 1464 ut
517 1430 655 1464 dictum
679 1437 732 1464 est
755 1431 805 1474 (in
828 1436 917 1475 corp.
940 1431 1034 1475 nrt).

280 1485 324 1519 Et
345 1485 511 1519 similiter
532 1484 728 1519 dicendum
751 1492 804 1518 est
823 1495 874 1518 AD
898 1494 1084 1519 TERTIUM.

767 1620 1115 1666 ARTICULUS
1145 1621 1226 1663 ΠΙ.
1725 1630 1789 1677 516

406 1725 560 1755 UTRUM
589 1724 893 1756 CONSUETUDO
918 1724 1071 1754 POSSIT
1100 1723 1320 1753 OBTINERE
1342 1722 1421 1752 VIM
1448 1722 1588 1752 LEGIS.

220 1821 301 1865 (2-2.
324 1833 354 1866 q.
377 1831 431 1866 79.
454 1824 518 1854 art.
541 1831 573 1854 2.
595 1819 638 1854 ad
659 1831 690 1854 2.
714 1824 742 1854 et
763 1831 794 1865 q.
815 1831 890 1854 100.
914 1823 978 1853 nrt.
998 1830 1029 1853 2.
1049 1824 1141 1864 corp.
1164 1822 1192 1852 et
1212 1816 1336 1862 Quodl.
1358 1828 1390 1852 2.
1410 1821 1476 1851 art.
1499 1816 1531 1851 8.
1554 1821 1645 1862 corp.
1663 1816 1776 1862 princ.

790 1878 820 1908 et
843 1872 967 1918 Qnodl.
991 1884 1023 1919 9.
1047 1877 1111 1906 art.
1132 1871 1205 1918 15).

280 1971 340 2004 AD
364 1980 538 2004 TERTIUM
561 1969 612 2003 sic
635 1969 855 2016 proceditur.
872 1968 1037 2010 Videtur,
1053 1967 1151 2014 quod
1167 1965 1395 2001 consuetudo
1409 1976 1485 1999 non
1498 1964 1614 2012 possit
1627 1964 1789 1999 obtinere

208 2025 285 2058 vim
313 2024 415 2070 legis,
438 2036 505 2058 nec
529 2023 651 2069 legem
675 2034 866 2057 amovere:
890 2023 948 2057 lex
971 2023 1069 2056 enim
1090 2022 1253 2056 humana
1275 2020 1458 2055 derivatur
1479 2031 1499 2054 a
1519 2018 1602 2066 lege
1627 2026 1791 2060 naturae,

210 2086 245 2113 et
260 2090 280 2112 a
302 2077 384 2124 lege
408 2078 541 2119 divina,
557 2085 596 2111 ut
611 2089 654 2111 ex
676 2077 890 2122 supradictis
913 2084 1011 2122 patet
1034 2075 1079 2122 (q.
1096 2088 1144 2122 93.
1168 2080 1232 2110 art.
1244 2087 1273 2122 3.
1288 2079 1317 2110 et
1338 2086 1368 2120 q.
1384 2085 1432 2121 95.
1447 2078 1512 2108 art.
1534 2074 1607 2119 2.):
1629 2072 1692 2107 sed
1708 2083 1792 2107 con—

209 2131 363 2167 suetudo
386 2131 583 2165 hominum
604 2142 679 2164 non
702 2138 821 2176 potest
847 2138 989 2164 mutare
1011 2129 1132 2176 legem
1162 2137 1325 2171 naturae,
1354 2139 1423 2163 nec
1453 2126 1577 2174 legem
1606 2126 1790 2169 divinam3

210 2197 298 2232 ergo
322 2185 432 2219 etiam
454 2196 521 2218 nec
547 2184 668 2230 legem
690 2185 893 2218 humanam
916 2184 1112 2217 immutare
1134 2191 1264 2230 potest.

283 2249 314 2273 2.
338 2239 577 2273 PRAETEREA.
597 2238 650 2272 Ex
678 2237 800 2272 multis
830 2237 936 2271 malis
964 2249 1040 2271 non
1062 2245 1182 2283 potest
1203 2236 1280 2270 fieri
1309 2246 1423 2269 unum
1444 2235 1604 2270 bonum:
1627 2234 1691 2269 sed
1716 2233 1790 2276 ille,

210 2293 271 2340 qui
292 2293 419 2339 incipit
440 2292 559 2338 primo
579 2300 705 2327 contra
728 2291 850 2337 legem
866 2303 985 2337 agere,
1001 2290 1098 2325 male
1112 2289 1217 2333 facit3
1240 2301 1328 2336 ergo
1344 2288 1593 2336 multiplicatis
1612 2287 1791 2323 similibus

211 2347 349 2381 actibus
376 2358 451 2380 non
475 2345 649 2380 efficietur
676 2345 824 2391 aliquod
846 2345 1003 2379 bonum:
1027 2344 1083 2379 lex
1107 2352 1230 2379 autem
1249 2352 1303 2378 est
1329 2343 1515 2390 quoddam
1537 2343 1688 2385 bonum,
1705 2353 1789 2376 cum

211 2402 255 2436 sit
269 2400 395 2447 regula
410 2401 660 2434 humanorum
676 2408 823 2433 actuum
840 2413 848 2442 3
872 2411 960 2445 ergo
983 2411 1045 2445 per
1061 2398 1367 2433 consuetudinem
1380 2408 1456 2432 non
1474 2404 1595 2444 potest
1608 2395 1791 2431 removeri

210 2456 280 2497 lex,
302 2464 341 2489 ut
363 2455 439 2500 ipsa
463 2454 689 2489 consuetudo
712 2454 786 2487 vim
809 2454 899 2500 legis
925 2453 1098 2487 obtineat.

286 2509 568 2554 3.PRAET13REA.
592 2507 700 2541 Ferre
722 2506 822 2553 leges
845 2507 1000 2553 pertinet
1023 2507 1067 2540 ad
1090 2505 1252 2553 publicas
1268 2515 1454 2551 personas,
1470 2504 1515 2539 ad
1533 2514 1623 2550 quas
1637 2502 1792 2550 pertinet

213 2575 337 2610 regere
362 2563 686 2597 communitatem:
717 2562 811 2595 unde
838 2561 998 2607 privatae
1030 2571 1206 2607 personae
1237 2559 1358 2605 legem
1379 2557 1500 2593 facere
1521 2568 1597 2592 non
1619 2563 1790 2604 possunt:

212 2617 274 2652 sed
298 2616 526 2651 consuetudo
539 2615 729 2650 invalescit
743 2626 805 2661 per
821 2622 922 2648 actus
937 2615 1159 2660 privatarum
1178 2624 1437 2660 personarum3
1459 2622 1547 2658 ergo
1563 2608 1790 2646 consuetudo

212 2683 287 2706 non
310 2679 431 2718 potest
453 2671 616 2705 obtinere
639 2670 715 2703 vim
741 2669 832 2715 legis
852 2681 915 2715 per
937 2680 1047 2714 quam
1070 2667 1127 2702 lex
1150 2675 1393 2702 removeatur.

284 2724 359 2759 SED
388 2735 544 2759 CONTRA
572 2732 635 2765 est,
658 2722 755 2769 quod
778 2722 1004 2768 Augustinus
1028 2722 1114 2756 dicit
1136 2721 1171 2755 in
1200 2719 1354 2767 epistola
1377 2719 1421 2754 acl
1444 2717 1672 2755 Casulanum
1693 2717 1792 2763 (quae

211 2785 255 2814 est
276 2779 332 2814 86.
356 2780 415 2813 cir.
433 2780 547 2825 princ.
569 2782 597 2812 et
618 2778 692 2812 hab.
716 2782 808 2823 sap:
831 2776 870 2811 In
893 2776 941 2810 his
969 2777 1034 2810 retr.
1053 2775 1124 2810 dist.
1152 2775 1237 2819 11.):
1257 2774 1332 2810 iWos
1350 2773 1465 2821 populi
1485 2774 1565 2816 Dei,
1587 2777 1619 2808 et
1638 2772 1791 2807 instituta

213 2835 382 2879 majorum
401 2839 464 2879 pro
484 2833 548 2878 lege
573 2837 649 2866 sunt
671 2830 807 2866 tenenda
820 2843 830 2865 .·
849 2835 877 2864 εἰ
902 2831 985 2864 sicut
1002 2831 1296 2877 praevaricatores
1323 2829 1430 2875 legum
1451 2827 1662 2869 divinarum,
1689 2827 1736 2861 ita
1761 2830 1791 2861 et

212 2891 448 2933 contemptores
467 2885 736 2921 consuetudinum
759 2884 1054 2920 ecclesiasticarum
1077 2882 1247 2918 coercendi
1267 2887 1352 2917 sunt.
