1907 3198
529 187 754 224 QUAESTIO
787 190 860 221 xx.
895 192 1143 224 ARTICULUS
1177 194 1235 225 1v.
1598 202 1676 246 177

93 268 258 315 pejorem
279 269 316 303 in
337 268 456 312 malis,
472 271 569 317 quod
589 272 735 318 quidem
754 273 898 309 videtur
915 286 1023 322 posse
1043 278 1256 325 contingere
1275 280 1465 325 tripliciter.
1489 284 1561 319 Uno
1577 286 1675 321 modo

93 321 294 356 secundum
307 334 522 358 numerum:
543 333 628 372 puta
648 338 732 361 cum
753 327 882 374 aliquis
900 329 978 364 vult
993 330 1127 377 aliquid
1142 331 1264 368 facere
1277 334 1376 370 bono
1391 335 1473 379 fine,
1489 337 1547 372 vel
1564 339 1676 383 malo,

91 382 127 410 et
146 382 232 409 tunc
255 375 403 422 quidem
425 389 500 413 non
522 378 619 422 facit,
642 381 883 426 postmodum
907 391 1028 418 autem
1047 385 1135 427 vult,
1159 395 1194 421 et
1214 386 1312 430 facit,
1339 389 1545 436 duplicatur
1573 402 1674 429 actus

89 427 309 472 voluntatis3
337 438 373 465 et
394 431 445 466 sic
467 431 506 466 fit
527 432 659 480 duplex
680 434 832 478 bonum,
858 436 917 471 vel
940 437 1071 484 duplex
1094 440 1253 475 malum:
1283 443 1349 477 alio
1376 445 1473 480 modo
1496 456 1674 493 quantum

89 481 133 516 ad
155 483 426 519 extensionem:
449 494 535 532 puta
558 498 643 521 cum
665 487 794 535 aliquis
816 490 893 525 vult
914 490 1034 526 facere
1057 492 1192 540 aliquid
1211 495 1310 531 bono
1330 496 1413 540 fine,
1432 499 1492 534 vel
1511 501 1624 544 malo,
1640 511 1675 537 et

87 543 232 583 propter
254 537 401 584 aliquod
423 539 731 587 impedimentum
751 543 906 587 desistit;
931 545 1022 580 alius
1045 556 1168 582 autem
1185 550 1374 586 continuat
1388 562 1532 589 motum
1547 556 1675 591 volun-

85 589 179 633 tatis,
201 602 392 639 quousque
414 604 505 640 opus
528 595 710 641 perficiat3
733 598 968 633 manifestum
992 609 1056 643 est,
1079 603 1177 648 quod
1200 603 1413 650 hujusmodi
1434 608 1604 645 voluntas
1620 620 1674 646 est

84 643 288 680 diuturnior
308 646 345 680 in
367 646 478 690 bono,
500 648 559 683 vel
582 650 701 686 malo:
726 659 762 686 et
783 653 986 688 secundum
1008 655 1081 689 hoc
1104 665 1158 691 est
1180 659 1294 704 pejor,
1321 660 1380 694 vel
1401 662 1551 698 melior:
1575 667 1671 700 tertio

83 698 286 733 secundum
307 700 573 737 intensionem:
607 713 690 739 sunt
711 706 810 740 enim
833 707 982 753 quidam
1005 718 1106 745 actus
1129 713 1337 756 exteriores,
1366 716 1427 761 qui
1454 718 1670 764 inquantum

82 759 166 787 sunt
186 752 433 798 delectabiles,
455 756 513 791 vel
532 759 698 804 poenosi,
718 760 794 794 nati
815 769 899 796 sunt
919 763 1107 799 intendere
1126 766 1367 811 voluntatem,
1386 770 1445 805 vel
1463 773 1668 809 remittere:

81 813 225 841 constat
245 815 381 851 autern,
403 811 502 856 quod
526 821 662 857 quanto
685 814 856 849 voluntas
878 816 1054 852 intensius
1077 820 1192 854 tendit
1212 821 1249 855 in
1271 822 1423 867 bonum,
1438 826 1497 860 vel
1514 827 1667 873 malum,

79 866 181 894 tanto
203 868 257 895 est
278 861 420 905 melior,
447 863 506 898 vel
528 866 640 911 pejor.
661 867 703 901 Si
727 875 848 903 autern
867 869 1065 917 loquamur
1087 874 1130 908 de
1152 874 1314 911 bonitate
1335 886 1436 914 actus
1465 882 1666 926 exterioris,

69 917 190 959 ‘quam
211 914 321 950 habet
341 918 545 953 secundum
567 921 773 965 materiam,
797 932 832 958 et
853 924 991 960 debitas
1016 927 1319 974 circumstantias,
1347 933 1398 968 sic
1419 946 1665 983 comparatur,

77 967 123 1002 ad
142 967 371 1004 voluntatem
394 980 432 1006 ut
453 973 643 1017 terminus,
675 984 709 1010 et
738 976 837 1012 finis:
866 987 901 1013 et
927 979 998 1015 hoc
1027 982 1140 1017 modo
1169 985 1267 1019 addit
1295 987 1339 1021 ad
1366 988 1580 1034 bonitatem,
1607 993 1666 1028 vel

76 1020 256 1057 malitiam
278 1023 496 1061 voluntatis:
520 1028 604 1074 quia
627 1031 748 1065 omnis
764 1031 964 1076 inclinatio,
984 1035 1043 1069 vel
1064 1046 1186 1073 motus
1206 1040 1389 1086 perficitur
1406 1043 1443 1077 in
1464 1044 1550 1088 hoc,
1565 1048 1663 1093 quod

75 1077 311 1124 consequitur
336 1078 460 1123 finem,
487 1081 547 1116 vel
574 1083 718 1131 attingit
744 1087 954 1123 terminum.
983 1089 1091 1126 Unde
1118 1104 1193 1127 non
1225 1103 1278 1129 est
1300 1096 1459 1142 perfecta
1480 1100 1662 1145 voluntas,

72 1129 143 1165 nisi
163 1130 209 1165 sit
228 1131 322 1175 talis,
344 1145 438 1180 quae
460 1138 732 1182 opportunitate
755 1140 838 1175 data
861 1152 1047 1189 operetur:
1071 1146 1100 1180 si
1121 1159 1209 1182 vero
1232 1151 1453 1196 possibilitas
1476 1155 1579 1198 desit,
1598 1168 1663 1192 vo-

71 1182 209 1220 luntate
231 1186 406 1223 existente
427 1189 598 1236 perfecta,
622 1200 660 1227 ut
681 1204 903 1240 operaretur,
922 1198 952 1231 si
970 1208 1105 1244 posset,
1125 1201 1287 1238 defectus
1307 1205 1552 1252 perfectionis,
1569 1222 1661 1257 quae

71 1245 125 1273 est
145 1250 188 1274 ex
210 1248 293 1276 actu
312 1243 492 1286 exteriori,
512 1253 566 1280 est
583 1246 798 1293 simpliciter
816 1250 1100 1290 involuntarius:
1122 1257 1410 1295 involuntarium
1430 1271 1553 1298 autem
1568 1265 1662 1301 sicut

69 1303 145 1327 non
168 1303 330 1330 meretur
355 1308 527 1344 poenam,
554 1300 612 1335 vel
638 1303 844 1348 praemium
871 1306 907 1339 in
936 1309 1123 1354 operando
1151 1311 1302 1355 bonum,
1331 1323 1392 1350 aut
1419 1317 1582 1355 malurn:
1610 1320 1660 1354 ita

68 1357 143 1382 non
165 1348 262 1384 tollit
283 1350 418 1398 aliquid
441 1353 485 1388 de
507 1355 684 1401 praemio,
703 1357 763 1392 vel
781 1358 824 1393 de
844 1370 976 1406 poena,
996 1362 1026 1396 si
1043 1362 1160 1399 homo
1180 1365 1425 1404 involuntarie
1445 1371 1659 1419 simpliciter

69 1400 215 1438 deficiat
235 1404 280 1438 ad
301 1403 509 1441 faciendum
532 1408 684 1453 bonum,
705 1411 765 1446 vel
788 1413 939 1448 malum.

140 1456 202 1492 AD
223 1467 374 1494 PRIMUM
405 1471 494 1508 ergo
522 1462 731 1508 dicendum,
760 1468 857 1513 quod
887 1468 1079 1516 Chrysost.
1111 1472 1284 1520 loquitur,
1311 1478 1458 1523 quando
1486 1481 1656 1518 voluntas

65 1509 227 1546 hominis
249 1520 304 1548 est
325 1525 594 1560 consummata,
617 1526 652 1553 et
672 1531 747 1554 non
770 1530 932 1557 cessatur
953 1524 996 1558 ab
1020 1534 1114 1569 actu,
1137 1527 1207 1562 nisi
1227 1539 1376 1577 propter
1393 1533 1651 1581 impotentiam

66 1563 235 1600 faciendi.

133 1619 195 1655 AD
216 1631 427 1658 SECUNDUM
449 1624 658 1670 dicendum,
681 1630 779 1675 quod
801 1630 894 1666 ratio
917 1631 979 1667 illa
1001 1635 1168 1679 procedit
1189 1638 1233 1673 de
1255 1639 1418 1677 bonitate
1435 1652 1536 1679 actus
1560 1654 1654 1681 exte-

60 1671 178 1716 rioris,
199 1686 311 1721 quam
332 1677 444 1713 habet
464 1690 484 1713 a
505 1679 667 1716 bonitate
690 1682 788 1718 finis:
812 1685 875 1719 sed
898 1687 1041 1723 bonitas
1064 1698 1164 1726 actus
1188 1694 1387 1738 exterioris,
1410 1709 1521 1744 quam
1541 1699 1652 1737 habet

61 1737 81 1762 a
102 1728 267 1772 materia,
290 1738 326 1765 et
346 1731 639 1778 circumstantiis,
662 1745 716 1772 est
737 1737 807 1772 alia
830 1750 849 1773 a
870 1740 1034 1778 bonitate
1056 1744 1267 1790 voluntatis,
1289 1761 1383 1796 quae
1406 1761 1460 1786 est
1488 1765 1530 1788 ex
1557 1754 1649 1799 fine;

58 1791 134 1816 non
156 1790 280 1818 autem
306 1784 378 1820 alia
399 1797 419 1820 a
440 1787 603 1824 bonitate
630 1790 842 1835 voluntatis,
869 1806 980 1841 quam
1004 1797 1116 1833 habet
1137 1811 1180 1834 ex
1202 1801 1282 1847 ipso
1315 1813 1397 1839 actu
1425 1807 1560 1851 volit03
1583 1811 1648 1845 sed

59 1846 292 1883 comparatur
314 1840 359 1874 ad
379 1840 510 1886 ipsam,
533 1851 572 1878 ut
592 1845 697 1888 ratio,
721 1854 756 1881 et
778 1859 888 1883 causa
911 1850 1000 1896 ejus,
1023 1852 1117 1888 sicut
1134 1865 1242 1901 supra
1271 1858 1410 1894 dictum
1432 1870 1486 1896 est
1513 1862 1595 1908 (art.
1618 1877 1645 1900 ι.

57 1888 126 1937 huj.
148 1891 207 1937 q.).

126 1944 172 1980 Et
192 1957 256 1993 per
276 1947 349 1983 hoc
371 1949 485 1985 etiam
505 1959 605 1999 patet
626 1953 761 1990 solutio
783 1967 834 1991 AD
858 1968 1043 1995 TERTluM.

625 2102 976 2152 ARTICULUS
1012 2110 1064 2153 v.
1575 2145 1638 2182 129

164 2216 320 2248 UTRUM
344 2219 546 2252 EVENTUS
574 2223 770 2261 SEQUENS
800 2228 986 2265 ALIQUID
1014 2232 1169 2264 ADDAT
1198 2237 1255 2266 DE
1283 2238 1523 2283 BONITATE,

403 2286 486 2317 VEL
509 2289 695 2321 MALITIA
721 2294 780 2323 AD
804 2295 1090 2330 EXTERIOREM
1112 2302 1281 2334 ACTUM.

170 2384 273 2432 (Infr.
296 2398 326 2434 q.
350 2398 397 2435 73.
419 2394 484 2427 art.
507 2391 539 2426 8.
562 2397 593 2427 et
614 2394 698 2428 Mal.
721 2407 751 2442 q.
774 2409 801 2431 1.
824 2403 889 2433 art.
907 2411 935 2446 3.
959 2400 1002 2435 ad
1022 2413 1065 2448 15.
1089 2408 1118 2438 et
1135 2416 1165 2451 q.
1185 2418 1213 2453 3.
1236 2413 1302 2443 art.
1322 2422 1372 2445 10.
1396 2411 1440 2446 ad
1456 2413 1516 2459 5·)·

45 2699 200 2737 malum:
215 2714 302 2739 nam
315 2706 429 2742 virtus
443 2716 508 2751 est,
523 2721 615 2757 quae
633 2713 755 2749 bonum
765 2716 857 2762 facit
870 2719 1054 2765 habentem,
1073 2733 1111 2759 ut
1125 2725 1257 2762 dicitur
1271 2729 1306 2764 in
1323 2740 1354 2766 2.
1367 2731 1483 2768 Ethic.
1496 2736 1584 2783 (cap.
1596 2737 1629 2773 6.

43 2752 81 2788 in
94 2757 245 2802 princ.)‚·
267 2770 356 2807 ergo
379 2770 530 2798 eventus
553 2765 688 2802 addunt
710 2768 845 2817 aliquid
869 2774 912 2808 ad
935 2775 1150 2822 bonitatem,
1173 2781 1232 2816 vel
1254 2784 1434 2820 malitiam
1457 2797 1569 2825 actus.

114 2818 147 2844 2.
168 2809 407 2850 PRAETEREA.
430 2816 545 2860 Bona,
568 2830 660 2866 quae
682 2821 819 2860 faciunt
841 2828 1036 2874 auditores,
1057 2842 1139 2868 sunt
1162 2835 1312 2872 effectus
1334 2840 1483 2886 quidam
1504 2855 1628 2881 consc-

34 2868 194 2952 ·zntes
216 2877 259 2901 ex
279 2869 552 2914 praedicatione
580 2873 771 2912 Doctoris:
800 2881 861 2915 sed
889 2882 1101 2929 hujusmodi
1128 2888 1225 2924 bona
1253 2893 1456 2930 redundant
1483 2898 1526 2932 ad
1554 2911 1627 2935 me-

36 2938 41 2946 ,
113 2928 151 2954 m
170 2918 449 2968 Praedicatoris,
471 2934 510 2961 ut
527 2935 625 2974 patet
645 2941 710 2977 per
726 2932 762 2967 id
776 2936 874 2981 quod
896 2937 1027 2975 dicitur
1048 2941 1205 2991 Philipp.
1232 2956 1285 2990 4.:
1309 2948 1445 2986 Fratres
1465 2954 1532 2989 mei
1551 2955 1626 2991 cha-
