<?xml version="1.0" encoding="UTF-8"?>
<!DOCTYPE html PUBLIC "-//W3C//DTD XHTML 1.0 Transitional//EN"
    "http://www.w3.org/TR/xhtml1/DTD/xhtml1-transitional.dtd">
<html xmlns="http://www.w3.org/1999/xhtml" xml:lang="en" lang="en">
 <head>
  <title>
</title>
<meta http-equiv="Content-Type" content="text/html;charset=utf-8" />
  <meta name='ocr-system' content='tesseract 3.04.00' />
  <meta name='ocr-capabilities' content='ocr_page ocr_carea ocr_par ocr_line ocrx_word'/>
</head>
<body>
  <div class='ocr_page' id='page_1' title='image "./divithomaeaquina02thomuoft_0349.png"; bbox 0 0 1907 3198; ppageno 0'>
   <div class='ocr_carea' id='block_1_1' title="bbox 525 193 1678 237">
    <p class='ocr_par' dir='ltr' id='par_1_1' title="bbox 525 193 1678 237">
     <span class='ocr_line' id='line_1_1' title="bbox 525 193 1678 237; baseline -0.002 -13"><span class='ocrx_word' id='word_1_1' title='bbox 525 194 749 230; x_wconf 75' lang='lat' dir='ltr'><strong>QUAESTIO</strong></span> <span class='ocrx_word' id='word_1_2' title='bbox 782 193 900 224; x_wconf 85' lang='lat' dir='ltr'>XLIX.</span> <span class='ocrx_word' id='word_1_3' title='bbox 934 193 1182 223; x_wconf 87' lang='lat' dir='ltr'>ARTICULUS</span> <span class='ocrx_word' id='word_1_4' title='bbox 1215 193 1260 223; x_wconf 91' lang='lat'>11.</span> <span class='ocrx_word' id='word_1_5' title='bbox 1596 193 1678 237; x_wconf 72' lang='lat'>345</span> 
     </span>
    </p>
   </div>
   <div class='ocr_carea' id='block_1_2' title="bbox 81 274 1681 1458">
    <p class='ocr_par' dir='ltr' id='par_1_2' title="bbox 81 274 1681 1458">
     <span class='ocr_line' id='line_1_2' title="bbox 96 274 1680 324; baseline -0.001 -12"><span class='ocrx_word' id='word_1_6' title='bbox 96 277 241 324; x_wconf 90' lang='lat' dir='ltr'>quando</span> <span class='ocrx_word' id='word_1_7' title='bbox 260 276 420 324; x_wconf 83' lang='lat' dir='ltr'>perfecte</span> <span class='ocrx_word' id='word_1_8' title='bbox 439 276 544 318; x_wconf 90' lang='lat' dir='ltr'>inest,</span> <span class='ocrx_word' id='word_1_9' title='bbox 567 284 606 311; x_wconf 88' lang='lat' dir='ltr'>ut</span> <span class='ocrx_word' id='word_1_10' title='bbox 626 287 701 310; x_wconf 91' lang='lat' dir='ltr'>non</span> <span class='ocrx_word' id='word_1_11' title='bbox 721 276 765 311; x_wconf 92' lang='lat' dir='ltr'>de</span> <span class='ocrx_word' id='word_1_12' title='bbox 780 275 880 310; x_wconf 89' lang='lat' dir='ltr'>facili</span> <span class='ocrx_word' id='word_1_13' title='bbox 902 275 1106 310; x_wconf 86' lang='lat' dir='ltr'>amittatur:</span> <span class='ocrx_word' id='word_1_14' title='bbox 1127 283 1162 309; x_wconf 91' lang='lat' dir='ltr'>et</span> <span class='ocrx_word' id='word_1_15' title='bbox 1179 275 1229 309; x_wconf 89' lang='lat' dir='ltr'>sic</span> <span class='ocrx_word' id='word_1_16' title='bbox 1253 274 1442 322; x_wconf 70' lang='lat' dir='ltr'>dispositio</span> <span class='ocrx_word' id='word_1_17' title='bbox 1464 274 1502 309; x_wconf 86' lang='lat' dir='ltr'>fit</span> <span class='ocrx_word' id='word_1_18' title='bbox 1517 275 1680 318; x_wconf 88' lang='lat' dir='ltr'>habitus;</span> 
     </span>
     <span class='ocr_line' id='line_1_3' title="bbox 93 329 1680 378; baseline -0.001 -12"><span class='ocrx_word' id='word_1_19' title='bbox 93 331 187 367; x_wconf 90' lang='lat' dir='ltr'>sicut</span> <span class='ocrx_word' id='word_1_20' title='bbox 212 342 302 378; x_wconf 93' lang='lat' dir='ltr'>puer</span> <span class='ocrx_word' id='word_1_21' title='bbox 327 330 366 365; x_wconf 85' lang='lat' dir='ltr'>fit</span> <span class='ocrx_word' id='word_1_22' title='bbox 390 330 455 364; x_wconf 84' lang='lat' dir='ltr'>vir.</span> <span class='ocrx_word' id='word_1_23' title='bbox 483 330 563 365; x_wconf 81' lang='lat' dir='ltr'>Alio</span> <span class='ocrx_word' id='word_1_24' title='bbox 586 330 681 364; x_wconf 79' lang='lat' dir='ltr'>modo</span> <span class='ocrx_word' id='word_1_25' title='bbox 710 338 862 377; x_wconf 84' lang='lat' dir='ltr'>possunt</span> <span class='ocrx_word' id='word_1_26' title='bbox 883 329 1067 376; x_wconf 85' lang='lat' dir='ltr'><strong>distingui,</strong></span> <span class='ocrx_word' id='word_1_27' title='bbox 1096 329 1190 364; x_wconf 84' lang='lat' dir='ltr'>sicut</span> <span class='ocrx_word' id='word_1_28' title='bbox 1216 329 1380 363; x_wconf 83' lang='lat' dir='ltr'>diversae</span> <span class='ocrx_word' id='word_1_29' title='bbox 1409 329 1548 375; x_wconf 89' lang='lat' dir='ltr'>species</span> <span class='ocrx_word' id='word_1_30' title='bbox 1574 329 1680 364; x_wconf 91' lang='lat' dir='ltr'>unius</span> 
     </span>
     <span class='ocr_line' id='line_1_4' title="bbox 94 382 1679 432; baseline -0.001 -13"><span class='ocrx_word' id='word_1_31' title='bbox 94 385 238 432; x_wconf 87' lang='lat' dir='ltr'>generis</span> <span class='ocrx_word' id='word_1_32' title='bbox 267 383 483 426; x_wconf 79' lang='lat' dir='ltr'>subalterni3</span> <span class='ocrx_word' id='word_1_33' title='bbox 513 392 551 418; x_wconf 93' lang='lat' dir='ltr'>ut</span> <span class='ocrx_word' id='word_1_34' title='bbox 579 384 746 418; x_wconf 87' lang='lat' dir='ltr'>dicantur</span> <span class='ocrx_word' id='word_1_35' title='bbox 775 383 1000 431; x_wconf 71' lang='lat' dir='ltr'>dispositiones</span> <span class='ocrx_word' id='word_1_36' title='bbox 1030 383 1114 417; x_wconf 89' lang='lat' dir='ltr'>illae</span> <span class='ocrx_word' id='word_1_37' title='bbox 1145 382 1338 429; x_wconf 83' lang='lat' dir='ltr'>qualitates</span> <span class='ocrx_word' id='word_1_38' title='bbox 1365 383 1504 429; x_wconf 80' lang='lat' dir='ltr'>primae</span> <span class='ocrx_word' id='word_1_39' title='bbox 1532 383 1679 429; x_wconf 88' lang='lat' dir='ltr'>speciei,</span> 
     </span>
     <span class='ocr_line' id='line_1_5' title="bbox 93 435 1680 486; baseline -0.002 -13"><span class='ocrx_word' id='word_1_40' title='bbox 93 439 223 486; x_wconf 91' lang='lat' dir='ltr'>quibus</span> <span class='ocrx_word' id='word_1_41' title='bbox 245 438 418 474; x_wconf 90' lang='lat' dir='ltr'>convenit</span> <span class='ocrx_word' id='word_1_42' title='bbox 439 438 643 473; x_wconf 88' lang='lat' dir='ltr'>secundum</span> <span class='ocrx_word' id='word_1_43' title='bbox 666 438 851 485; x_wconf 85' lang='lat' dir='ltr'>propriam</span> <span class='ocrx_word' id='word_1_44' title='bbox 874 437 1066 478; x_wconf 86' lang='lat' dir='ltr'>rationem,</span> <span class='ocrx_word' id='word_1_45' title='bbox 1089 445 1127 471; x_wconf 90' lang='lat' dir='ltr'>ut</span> <span class='ocrx_word' id='word_1_46' title='bbox 1154 437 1198 470; x_wconf 87' lang='lat' dir='ltr'>de</span> <span class='ocrx_word' id='word_1_47' title='bbox 1221 435 1319 470; x_wconf 84' lang='lat' dir='ltr'>facili</span> <span class='ocrx_word' id='word_1_48' title='bbox 1341 437 1574 479; x_wconf 80' lang='lat' dir='ltr'>amittantur3</span> <span class='ocrx_word' id='word_1_49' title='bbox 1596 437 1680 483; x_wconf 84' lang='lat' dir='ltr'>quia</span> 
     </span>
     <span class='ocr_line' id='line_1_6' title="bbox 91 490 1677 537; baseline -0.001 -10"><span class='ocrx_word' id='word_1_50' title='bbox 91 493 228 528; x_wconf 84' lang='lat' dir='ltr'>habent</span> <span class='ocrx_word' id='word_1_51' title='bbox 253 503 380 526; x_wconf 86' lang='lat' dir='ltr'>causas</span> <span class='ocrx_word' id='word_1_52' title='bbox 407 491 719 534; x_wconf 86' lang='lat' dir='ltr'>transmutabiles;</span> <span class='ocrx_word' id='word_1_53' title='bbox 742 500 780 526; x_wconf 90' lang='lat' dir='ltr'>ut</span> <span class='ocrx_word' id='word_1_54' title='bbox 802 492 1003 537; x_wconf 84' lang='lat' dir='ltr'>aegritudo,</span> <span class='ocrx_word' id='word_1_55' title='bbox 1026 499 1060 525; x_wconf 89' lang='lat' dir='ltr'>et</span> <span class='ocrx_word' id='word_1_56' title='bbox 1082 491 1235 533; x_wconf 88' lang='lat' dir='ltr'>sanitas;</span> <span class='ocrx_word' id='word_1_57' title='bbox 1254 491 1383 525; x_wconf 73' lang='lat' dir='ltr'>habitus</span> <span class='ocrx_word' id='word_1_58' title='bbox 1402 502 1489 524; x_wconf 77' lang='lat' dir='ltr'>vero</span> <span class='ocrx_word' id='word_1_59' title='bbox 1510 490 1677 525; x_wconf 88' lang='lat' dir='ltr'>dicantur</span> 
     </span>
     <span class='ocr_line' id='line_1_7' title="bbox 92 543 1680 594; baseline -0.003 -12"><span class='ocrx_word' id='word_1_60' title='bbox 92 547 177 582; x_wconf 88' lang='lat' dir='ltr'>illae</span> <span class='ocrx_word' id='word_1_61' title='bbox 198 547 402 594; x_wconf 61' lang='lat' dir='ltr'>qualitates„</span> <span class='ocrx_word' id='word_1_62' title='bbox 435 558 527 593; x_wconf 82' lang='lat' dir='ltr'>quae</span> <span class='ocrx_word' id='word_1_63' title='bbox 550 546 753 581; x_wconf 90' lang='lat' dir='ltr'>secundum</span> <span class='ocrx_word' id='word_1_64' title='bbox 780 558 883 580; x_wconf 89' lang='lat' dir='ltr'>suam</span> <span class='ocrx_word' id='word_1_65' title='bbox 906 546 1088 580; x_wconf 89' lang='lat' dir='ltr'>rationem</span> <span class='ocrx_word' id='word_1_66' title='bbox 1114 545 1261 586; x_wconf 89' lang='lat' dir='ltr'>habent,</span> <span class='ocrx_word' id='word_1_67' title='bbox 1289 545 1388 591; x_wconf 89' lang='lat' dir='ltr'>quod</span> <span class='ocrx_word' id='word_1_68' title='bbox 1414 555 1488 578; x_wconf 92' lang='lat' dir='ltr'>non</span> <span class='ocrx_word' id='word_1_69' title='bbox 1517 544 1560 578; x_wconf 93' lang='lat' dir='ltr'>de</span> <span class='ocrx_word' id='word_1_70' title='bbox 1582 543 1680 579; x_wconf 87' lang='lat' dir='ltr'>facili</span> 
     </span>
     <span class='ocr_line' id='line_1_8' title="bbox 91 598 1681 647; baseline -0.001 -11"><span class='ocrx_word' id='word_1_71' title='bbox 91 609 398 643; x_wconf 84' lang='lat' dir='ltr'>transmutentur;</span> <span class='ocrx_word' id='word_1_72' title='bbox 421 601 505 647; x_wconf 90' lang='lat' dir='ltr'>quia</span> <span class='ocrx_word' id='word_1_73' title='bbox 527 601 664 635; x_wconf 89' lang='lat' dir='ltr'>habent</span> <span class='ocrx_word' id='word_1_74' title='bbox 679 611 806 634; x_wconf 84' lang='lat' dir='ltr'>causas</span> <span class='ocrx_word' id='word_1_75' title='bbox 825 599 1055 641; x_wconf 78' lang='lat' dir='ltr'>immobiles3</span> <span class='ocrx_word' id='word_1_76' title='bbox 1077 599 1171 633; x_wconf 88' lang='lat' dir='ltr'>sicut</span> <span class='ocrx_word' id='word_1_77' title='bbox 1191 599 1377 640; x_wconf 80' lang='lat' dir='ltr'>scientiae,</span> <span class='ocrx_word' id='word_1_78' title='bbox 1400 606 1435 632; x_wconf 94' lang='lat' dir='ltr'>et</span> <span class='ocrx_word' id='word_1_79' title='bbox 1455 598 1621 633; x_wconf 81' lang='lat' dir='ltr'>virtutes:</span> <span class='ocrx_word' id='word_1_80' title='bbox 1645 607 1681 634; x_wconf 88' lang='lat' dir='ltr'>et</span> 
     </span>
     <span class='ocr_line' id='line_1_9' title="bbox 91 652 1680 701; baseline -0.003 -11"><span class='ocrx_word' id='word_1_81' title='bbox 91 655 295 691; x_wconf 89' lang='lat' dir='ltr'>secundum</span> <span class='ocrx_word' id='word_1_82' title='bbox 315 655 388 690; x_wconf 91' lang='lat' dir='ltr'>hoc</span> <span class='ocrx_word' id='word_1_83' title='bbox 412 654 602 701; x_wconf 85' lang='lat' dir='ltr'>dispositio</span> <span class='ocrx_word' id='word_1_84' title='bbox 622 665 696 688; x_wconf 92' lang='lat' dir='ltr'>non</span> <span class='ocrx_word' id='word_1_85' title='bbox 716 653 755 688; x_wconf 85' lang='lat' dir='ltr'>fit</span> <span class='ocrx_word' id='word_1_86' title='bbox 772 654 928 688; x_wconf 86' lang='lat' dir='ltr'>habitus.</span> <span class='ocrx_word' id='word_1_87' title='bbox 951 652 995 688; x_wconf 90' lang='lat' dir='ltr'>Et</span> <span class='ocrx_word' id='word_1_88' title='bbox 1014 653 1085 688; x_wconf 92' lang='lat' dir='ltr'>hoc</span> <span class='ocrx_word' id='word_1_89' title='bbox 1104 653 1247 687; x_wconf 89' lang='lat' dir='ltr'>videtur</span> <span class='ocrx_word' id='word_1_90' title='bbox 1267 652 1384 699; x_wconf 87' lang='lat' dir='ltr'>magis</span> <span class='ocrx_word' id='word_1_91' title='bbox 1405 664 1612 687; x_wconf 86' lang='lat' dir='ltr'>consonum</span> <span class='ocrx_word' id='word_1_92' title='bbox 1631 654 1680 687; x_wconf 85' lang='lat' dir='ltr'>in-</span> 
     </span>
     <span class='ocr_line' id='line_1_10' title="bbox 91 706 1679 753; baseline -0.003 -9"><span class='ocrx_word' id='word_1_93' title='bbox 91 709 248 745; x_wconf 89' lang='lat' dir='ltr'>tentioni</span> <span class='ocrx_word' id='word_1_94' title='bbox 269 709 421 744; x_wconf 89' lang='lat' dir='ltr'>Aristot.</span> <span class='ocrx_word' id='word_1_95' title='bbox 435 721 443 751; x_wconf 95' lang='lat'>;</span> <span class='ocrx_word' id='word_1_96' title='bbox 466 708 561 742; x_wconf 89' lang='lat' dir='ltr'>unde</span> <span class='ocrx_word' id='word_1_97' title='bbox 577 707 621 742; x_wconf 88' lang='lat' dir='ltr'>ad</span> <span class='ocrx_word' id='word_1_98' title='bbox 636 708 743 753; x_wconf 86' lang='lat' dir='ltr'>hujus</span> <span class='ocrx_word' id='word_1_99' title='bbox 759 707 1001 742; x_wconf 88' lang='lat' dir='ltr'>distinctionis</span> <span class='ocrx_word' id='word_1_100' title='bbox 1015 707 1269 753; x_wconf 84' lang='lat' dir='ltr'>probationem</span> <span class='ocrx_word' id='word_1_101' title='bbox 1286 706 1424 741; x_wconf 83' lang='lat' dir='ltr'>inducit</span> <span class='ocrx_word' id='word_1_102' title='bbox 1439 717 1679 741; x_wconf 90' lang='lat' dir='ltr'>communem</span> 
     </span>
     <span class='ocr_line' id='line_1_11' title="bbox 91 761 1679 810; baseline -0.003 -12"><span class='ocrx_word' id='word_1_103' title='bbox 91 762 266 810; x_wconf 89' lang='lat' dir='ltr'>loquendi</span> <span class='ocrx_word' id='word_1_104' title='bbox 280 762 596 803; x_wconf 88' lang='lat' dir='ltr'>consuetudinem,</span> <span class='ocrx_word' id='word_1_105' title='bbox 611 761 814 796; x_wconf 90' lang='lat' dir='ltr'>secundum</span> <span class='ocrx_word' id='word_1_106' title='bbox 829 773 941 808; x_wconf 82' lang='lat' dir='ltr'>quam</span> <span class='ocrx_word' id='word_1_107' title='bbox 957 761 1159 807; x_wconf 88' lang='lat' dir='ltr'>qualitates,</span> <span class='ocrx_word' id='word_1_108' title='bbox 1175 771 1268 807; x_wconf 90' lang='lat' dir='ltr'>quae</span> <span class='ocrx_word' id='word_1_109' title='bbox 1283 761 1486 794; x_wconf 89' lang='lat' dir='ltr'>secundum</span> <span class='ocrx_word' id='word_1_110' title='bbox 1497 761 1679 795; x_wconf 90' lang='lat' dir='ltr'>rationem</span> 
     </span>
     <span class='ocr_line' id='line_1_12' title="bbox 91 814 1677 862; baseline -0.003 -10"><span class='ocrx_word' id='word_1_111' title='bbox 91 828 197 852; x_wconf 90' lang='lat' dir='ltr'>suam</span> <span class='ocrx_word' id='word_1_112' title='bbox 223 825 307 852; x_wconf 90' lang='lat' dir='ltr'>sunt</span> <span class='ocrx_word' id='word_1_113' title='bbox 332 815 438 851; x_wconf 89' lang='lat' dir='ltr'>facile</span> <span class='ocrx_word' id='word_1_114' title='bbox 466 815 634 857; x_wconf 90' lang='lat' dir='ltr'>mobiles,</span> <span class='ocrx_word' id='word_1_115' title='bbox 662 815 691 850; x_wconf 91' lang='lat' dir='ltr'>si</span> <span class='ocrx_word' id='word_1_116' title='bbox 713 826 756 849; x_wconf 83' lang='lat' dir='ltr'>ex</span> <span class='ocrx_word' id='word_1_117' title='bbox 779 815 901 862; x_wconf 91' lang='lat' dir='ltr'>aliquo</span> <span class='ocrx_word' id='word_1_118' title='bbox 930 815 1110 850; x_wconf 88' lang='lat' dir='ltr'>accidenti</span> <span class='ocrx_word' id='word_1_119' title='bbox 1128 814 1275 849; x_wconf 86' lang='lat' dir='ltr'>difficile</span> <span class='ocrx_word' id='word_1_120' title='bbox 1296 814 1452 850; x_wconf 87' lang='lat' dir='ltr'>mobiles</span> <span class='ocrx_word' id='word_1_121' title='bbox 1471 815 1677 858; x_wconf 90' lang='lat' dir='ltr'>reddantur,</span> 
     </span>
     <span class='ocr_line' id='line_1_13' title="bbox 90 869 1679 916; baseline -0.001 -11"><span class='ocrx_word' id='word_1_122' title='bbox 90 871 222 906; x_wconf 81' lang='lat' dir='ltr'>habitus</span> <span class='ocrx_word' id='word_1_123' title='bbox 235 870 423 905; x_wconf 89' lang='lat' dir='ltr'>dicuntur:</span> <span class='ocrx_word' id='word_1_124' title='bbox 439 877 475 905; x_wconf 91' lang='lat' dir='ltr'>et</span> <span class='ocrx_word' id='word_1_125' title='bbox 489 880 508 904; x_wconf 92' lang='lat' dir='ltr'>e</span> <span class='ocrx_word' id='word_1_126' title='bbox 524 880 705 904; x_wconf 88' lang='lat' dir='ltr'>converso</span> <span class='ocrx_word' id='word_1_127' title='bbox 728 877 782 904; x_wconf 87' lang='lat' dir='ltr'>est</span> <span class='ocrx_word' id='word_1_128' title='bbox 796 869 840 903; x_wconf 89' lang='lat' dir='ltr'>de</span> <span class='ocrx_word' id='word_1_129' title='bbox 862 869 1107 916; x_wconf 84' lang='lat' dir='ltr'>qualitatibus,</span> <span class='ocrx_word' id='word_1_130' title='bbox 1127 880 1220 915; x_wconf 90' lang='lat' dir='ltr'>quae</span> <span class='ocrx_word' id='word_1_131' title='bbox 1236 869 1438 903; x_wconf 87' lang='lat' dir='ltr'>secundum</span> <span class='ocrx_word' id='word_1_132' title='bbox 1454 880 1556 903; x_wconf 89' lang='lat' dir='ltr'>suam</span> <span class='ocrx_word' id='word_1_133' title='bbox 1574 869 1679 903; x_wconf 88' lang='lat' dir='ltr'>ratio-</span> 
     </span>
     <span class='ocr_line' id='line_1_14' title="bbox 90 922 1679 970; baseline -0.001 -11"><span class='ocrx_word' id='word_1_134' title='bbox 90 935 177 959; x_wconf 88' lang='lat' dir='ltr'>nem</span> <span class='ocrx_word' id='word_1_135' title='bbox 203 931 287 959; x_wconf 89' lang='lat' dir='ltr'>sunt</span> <span class='ocrx_word' id='word_1_136' title='bbox 313 922 459 958; x_wconf 90' lang='lat' dir='ltr'>difficile</span> <span class='ocrx_word' id='word_1_137' title='bbox 487 922 662 958; x_wconf 81' lang='lat' dir='ltr'>mobiles:</span> <span class='ocrx_word' id='word_1_138' title='bbox 690 934 778 958; x_wconf 89' lang='lat' dir='ltr'>nam</span> <span class='ocrx_word' id='word_1_139' title='bbox 800 923 829 957; x_wconf 89' lang='lat' dir='ltr'>si</span> <span class='ocrx_word' id='word_1_140' title='bbox 852 922 981 970; x_wconf 87' lang='lat' dir='ltr'>aliquis</span> <span class='ocrx_word' id='word_1_141' title='bbox 1009 922 1222 970; x_wconf 87' lang='lat' dir='ltr'>imperfecte</span> <span class='ocrx_word' id='word_1_142' title='bbox 1249 923 1384 957; x_wconf 84' lang='lat' dir='ltr'>habeat</span> <span class='ocrx_word' id='word_1_143' title='bbox 1410 922 1618 965; x_wconf 83' lang='lat' dir='ltr'>scientiam,</span> <span class='ocrx_word' id='word_1_144' title='bbox 1641 930 1679 957; x_wconf 89' lang='lat' dir='ltr'>ut</span> 
     </span>
     <span class='ocr_line' id='line_1_15' title="bbox 90 971 1676 1024; baseline -0.001 -12"><span class='ocrx_word' id='word_1_145' title='bbox 90 977 134 1012; x_wconf 88' lang='lat' dir='ltr'>de</span> <span class='ocrx_word' id='word_1_146' title='bbox 160 971 259 1012; x_wconf 82' lang='lat' dir='ltr'>fac&#39;ili</span> <span class='ocrx_word' id='word_1_147' title='bbox 285 977 401 1024; x_wconf 86' lang='lat' dir='ltr'>possit</span> <span class='ocrx_word' id='word_1_148' title='bbox 425 977 544 1024; x_wconf 89' lang='lat' dir='ltr'>ipsam</span> <span class='ocrx_word' id='word_1_149' title='bbox 573 977 751 1019; x_wconf 87' lang='lat' dir='ltr'>amittere,</span> <span class='ocrx_word' id='word_1_150' title='bbox 779 978 898 1023; x_wconf 88' lang='lat' dir='ltr'>magis</span> <span class='ocrx_word' id='word_1_151' title='bbox 931 977 1063 1011; x_wconf 89' lang='lat' dir='ltr'>dicitur</span> <span class='ocrx_word' id='word_1_152' title='bbox 1089 977 1234 1024; x_wconf 88' lang='lat' dir='ltr'>disponi</span> <span class='ocrx_word' id='word_1_153' title='bbox 1262 977 1305 1011; x_wconf 92' lang='lat' dir='ltr'>ad</span> <span class='ocrx_word' id='word_1_154' title='bbox 1332 977 1538 1018; x_wconf 88' lang='lat' dir='ltr'>scientiam,</span> <span class='ocrx_word' id='word_1_155' title='bbox 1565 988 1676 1023; x_wconf 92' lang='lat' dir='ltr'>quam</span> 
     </span>
     <span class='ocr_line' id='line_1_16' title="bbox 89 1030 1677 1078; baseline -0.001 -12"><span class='ocrx_word' id='word_1_156' title='bbox 89 1031 281 1066; x_wconf 87' lang='lat' dir='ltr'>scientiam</span> <span class='ocrx_word' id='word_1_157' title='bbox 302 1031 454 1067; x_wconf 87' lang='lat' dir='ltr'>habere:</span> <span class='ocrx_word' id='word_1_158' title='bbox 475 1042 518 1066; x_wconf 83' lang='lat' dir='ltr'>ex</span> <span class='ocrx_word' id='word_1_159' title='bbox 541 1042 614 1077; x_wconf 94' lang='lat' dir='ltr'>quo</span> <span class='ocrx_word' id='word_1_160' title='bbox 638 1039 747 1078; x_wconf 88' lang='lat' dir='ltr'>patet,</span> <span class='ocrx_word' id='word_1_161' title='bbox 767 1031 864 1078; x_wconf 92' lang='lat' dir='ltr'>quod</span> <span class='ocrx_word' id='word_1_162' title='bbox 887 1042 1025 1066; x_wconf 91' lang='lat' dir='ltr'>nomen</span> <span class='ocrx_word' id='word_1_163' title='bbox 1040 1031 1172 1066; x_wconf 79' lang='lat' dir='ltr'>habitus</span> <span class='ocrx_word' id='word_1_164' title='bbox 1185 1031 1458 1065; x_wconf 82' lang='lat' dir='ltr'>diuturnitatem</span> <span class='ocrx_word' id='word_1_165' title='bbox 1479 1030 1677 1077; x_wconf 87' lang='lat' dir='ltr'>quamdam</span> 
     </span>
     <span class='ocr_line' id='line_1_17' title="bbox 88 1084 1676 1133; baseline -0.001 -13"><span class='ocrx_word' id='word_1_166' title='bbox 88 1085 274 1133; x_wconf 87' lang='lat' dir='ltr'>importat,</span> <span class='ocrx_word' id='word_1_167' title='bbox 296 1096 371 1120; x_wconf 91' lang='lat' dir='ltr'>non</span> <span class='ocrx_word' id='word_1_168' title='bbox 395 1093 517 1120; x_wconf 89' lang='lat' dir='ltr'>autem</span> <span class='ocrx_word' id='word_1_169' title='bbox 531 1096 670 1120; x_wconf 89' lang='lat' dir='ltr'>nomen</span> <span class='ocrx_word' id='word_1_170' title='bbox 689 1085 911 1132; x_wconf 77' lang='lat' dir='ltr'>dispositionis</span> <span class='ocrx_word' id='word_1_171' title='bbox 920 1098 932 1126; x_wconf 87' lang='lat'>,·</span> <span class='ocrx_word' id='word_1_172' title='bbox 957 1096 1024 1119; x_wconf 92' lang='lat' dir='ltr'>nec</span> <span class='ocrx_word' id='word_1_173' title='bbox 1040 1085 1248 1131; x_wconf 86' lang='lat' dir='ltr'>impeditur,</span> <span class='ocrx_word' id='word_1_174' title='bbox 1267 1085 1354 1131; x_wconf 88' lang='lat' dir='ltr'>quin</span> <span class='ocrx_word' id='word_1_175' title='bbox 1373 1084 1575 1119; x_wconf 91' lang='lat' dir='ltr'>secundum</span> <span class='ocrx_word' id='word_1_176' title='bbox 1591 1085 1676 1126; x_wconf 88' lang='lat' dir='ltr'>hoc,</span> 
     </span>
     <span class='ocr_line' id='line_1_18' title="bbox 81 1138 1678 1188; baseline -0.003 -12"><span class='ocrx_word' id='word_1_177' title='bbox 81 1140 199 1187; x_wconf 76' lang='lat' dir='ltr'>facile,</span> <span class='ocrx_word' id='word_1_178' title='bbox 222 1145 252 1176; x_wconf 76' lang='lat' dir='ltr'>et</span> <span class='ocrx_word' id='word_1_179' title='bbox 269 1140 400 1188; x_wconf 65' lang='lat' dir='ltr'>difficile:</span> <span class='ocrx_word' id='word_1_180' title='bbox 421 1140 541 1175; x_wconf 78' lang='lat' dir='ltr'>mobile</span> <span class='ocrx_word' id='word_1_181' title='bbox 563 1139 634 1174; x_wconf 90' lang='lat' dir='ltr'>sint</span> <span class='ocrx_word' id='word_1_182' title='bbox 660 1139 854 1186; x_wconf 86' lang='lat' dir='ltr'>specificae</span> <span class='ocrx_word' id='word_1_183' title='bbox 877 1138 1102 1174; x_wconf 82' lang='lat' dir='ltr'>differentiae</span> <span class='ocrx_word' id='word_1_184' title='bbox 1130 1147 1278 1185; x_wconf 89' lang='lat' dir='ltr'>propter</span> <span class='ocrx_word' id='word_1_185' title='bbox 1299 1139 1370 1173; x_wconf 93' lang='lat' dir='ltr'>hoc</span> <span class='ocrx_word' id='word_1_186' title='bbox 1394 1139 1491 1185; x_wconf 91' lang='lat' dir='ltr'>quod</span> <span class='ocrx_word' id='word_1_187' title='bbox 1514 1140 1580 1174; x_wconf 91' lang='lat' dir='ltr'>ista</span> <span class='ocrx_word' id='word_1_188' title='bbox 1602 1150 1678 1185; x_wconf 88' lang='lat' dir='ltr'>per-</span> 
     </span>
     <span class='ocr_line' id='line_1_19' title="bbox 88 1192 1678 1241; baseline -0.001 -12"><span class='ocrx_word' id='word_1_189' title='bbox 88 1194 205 1229; x_wconf 89' lang='lat' dir='ltr'>tinent</span> <span class='ocrx_word' id='word_1_190' title='bbox 226 1194 270 1228; x_wconf 91' lang='lat' dir='ltr'>ad</span> <span class='ocrx_word' id='word_1_191' title='bbox 293 1195 516 1241; x_wconf 85' lang='lat' dir='ltr'>passionem,</span> <span class='ocrx_word' id='word_1_192' title='bbox 539 1201 575 1228; x_wconf 92' lang='lat' dir='ltr'>et</span> <span class='ocrx_word' id='word_1_193' title='bbox 596 1201 752 1235; x_wconf 89' lang='lat' dir='ltr'>motum,</span> <span class='ocrx_word' id='word_1_194' title='bbox 776 1201 810 1227; x_wconf 93' lang='lat' dir='ltr'>et</span> <span class='ocrx_word' id='word_1_195' title='bbox 832 1204 907 1227; x_wconf 91' lang='lat' dir='ltr'>non</span> <span class='ocrx_word' id='word_1_196' title='bbox 930 1193 974 1227; x_wconf 91' lang='lat' dir='ltr'>ad</span> <span class='ocrx_word' id='word_1_197' title='bbox 997 1204 1112 1239; x_wconf 87' lang='lat' dir='ltr'>genus</span> <span class='ocrx_word' id='word_1_198' title='bbox 1133 1193 1334 1239; x_wconf 85' lang='lat' dir='ltr'>qualitatis:</span> <span class='ocrx_word' id='word_1_199' title='bbox 1358 1204 1445 1227; x_wconf 90' lang='lat' dir='ltr'>nam</span> <span class='ocrx_word' id='word_1_200' title='bbox 1467 1193 1557 1227; x_wconf 91' lang='lat' dir='ltr'>istae</span> <span class='ocrx_word' id='word_1_201' title='bbox 1579 1192 1678 1227; x_wconf 87' lang='lat' dir='ltr'>diffe-</span> 
     </span>
     <span class='ocr_line' id='line_1_20' title="bbox 89 1247 1676 1295; baseline -0.001 -12"><span class='ocrx_word' id='word_1_202' title='bbox 89 1249 238 1291; x_wconf 86' lang='lat' dir='ltr'>rentiae,</span> <span class='ocrx_word' id='word_1_203' title='bbox 265 1248 432 1295; x_wconf 88' lang='lat' dir='ltr'>quamvis</span> <span class='ocrx_word' id='word_1_204' title='bbox 457 1258 521 1295; x_wconf 92' lang='lat' dir='ltr'>per</span> <span class='ocrx_word' id='word_1_205' title='bbox 543 1247 713 1282; x_wconf 89' lang='lat' dir='ltr'>accidens</span> <span class='ocrx_word' id='word_1_206' title='bbox 734 1247 925 1281; x_wconf 85' lang='lat' dir='ltr'>videantur</span> <span class='ocrx_word' id='word_1_207' title='bbox 947 1258 985 1281; x_wconf 94' lang='lat' dir='ltr'>se</span> <span class='ocrx_word' id='word_1_208' title='bbox 1007 1247 1142 1281; x_wconf 88' lang='lat' dir='ltr'>habere</span> <span class='ocrx_word' id='word_1_209' title='bbox 1166 1247 1209 1280; x_wconf 86' lang='lat' dir='ltr'>ad</span> <span class='ocrx_word' id='word_1_210' title='bbox 1233 1247 1460 1293; x_wconf 86' lang='lat' dir='ltr'>qualitatem,</span> <span class='ocrx_word' id='word_1_211' title='bbox 1484 1247 1676 1294; x_wconf 88' lang='lat' dir='ltr'>designant</span> 
     </span>
     <span class='ocr_line' id='line_1_21' title="bbox 89 1300 1678 1349; baseline -0.001 -12"><span class='ocrx_word' id='word_1_212' title='bbox 89 1309 213 1338; x_wconf 89' lang='lat' dir='ltr'>tamen</span> <span class='ocrx_word' id='word_1_213' title='bbox 240 1302 418 1349; x_wconf 89' lang='lat' dir='ltr'>proprias,</span> <span class='ocrx_word' id='word_1_214' title='bbox 440 1310 476 1337; x_wconf 93' lang='lat' dir='ltr'>et</span> <span class='ocrx_word' id='word_1_215' title='bbox 496 1313 559 1348; x_wconf 93' lang='lat' dir='ltr'>per</span> <span class='ocrx_word' id='word_1_216' title='bbox 580 1312 618 1336; x_wconf 89' lang='lat' dir='ltr'>se</span> <span class='ocrx_word' id='word_1_217' title='bbox 640 1300 864 1335; x_wconf 86' lang='lat' dir='ltr'>differentias</span> <span class='ocrx_word' id='word_1_218' title='bbox 880 1300 1119 1347; x_wconf 88' lang='lat' dir='ltr'>qualitatum:</span> <span class='ocrx_word' id='word_1_219' title='bbox 1143 1301 1237 1335; x_wconf 87' lang='lat' dir='ltr'>sicut</span> <span class='ocrx_word' id='word_1_220' title='bbox 1259 1301 1369 1335; x_wconf 83' lang='lat' dir='ltr'>etiam</span> <span class='ocrx_word' id='word_1_221' title='bbox 1392 1302 1427 1335; x_wconf 89' lang='lat' dir='ltr'>in</span> <span class='ocrx_word' id='word_1_222' title='bbox 1450 1312 1582 1347; x_wconf 88' lang='lat' dir='ltr'>genere</span> <span class='ocrx_word' id='word_1_223' title='bbox 1598 1302 1678 1336; x_wconf 90' lang='lat' dir='ltr'>sub-</span> 
     </span>
     <span class='ocr_line' id='line_1_22' title="bbox 87 1353 1674 1403; baseline 0 -13"><span class='ocrx_word' id='word_1_224' title='bbox 87 1357 240 1391; x_wconf 85' lang='lat' dir='ltr'>stantiae</span> <span class='ocrx_word' id='word_1_225' title='bbox 261 1355 470 1403; x_wconf 88' lang='lat' dir='ltr'>frequenter</span> <span class='ocrx_word' id='word_1_226' title='bbox 491 1355 719 1402; x_wconf 86' lang='lat' dir='ltr'>accipiuntur</span> <span class='ocrx_word' id='word_1_227' title='bbox 740 1353 967 1390; x_wconf 89' lang='lat' dir='ltr'>differentiae</span> <span class='ocrx_word' id='word_1_228' title='bbox 991 1354 1236 1389; x_wconf 88' lang='lat' dir='ltr'>accidentales</span> <span class='ocrx_word' id='word_1_229' title='bbox 1255 1354 1341 1389; x_wconf 90' lang='lat' dir='ltr'>loco</span> <span class='ocrx_word' id='word_1_230' title='bbox 1360 1355 1674 1399; x_wconf 81' lang='lat' dir='ltr'>substantialium3</span> 
     </span>
     <span class='ocr_line' id='line_1_23' title="bbox 87 1408 1173 1458; baseline -0.002 -13"><span class='ocrx_word' id='word_1_231' title='bbox 87 1410 303 1458; x_wconf 88' lang='lat' dir='ltr'>inquantum</span> <span class='ocrx_word' id='word_1_232' title='bbox 327 1422 391 1457; x_wconf 90' lang='lat' dir='ltr'>per</span> <span class='ocrx_word' id='word_1_233' title='bbox 413 1421 474 1445; x_wconf 86' lang='lat' dir='ltr'>eas</span> <span class='ocrx_word' id='word_1_234' title='bbox 496 1409 732 1457; x_wconf 88' lang='lat' dir='ltr'>designantur</span> <span class='ocrx_word' id='word_1_235' title='bbox 753 1409 931 1456; x_wconf 88' lang='lat' dir='ltr'>principia</span> <span class='ocrx_word' id='word_1_236' title='bbox 954 1408 1173 1444; x_wconf 85' lang='lat' dir='ltr'>essentialia.</span> 
     </span>
    </p>
   </div>
   <div class='ocr_carea' id='block_1_3' title="bbox 310 1571 1672 1842">
    <p class='ocr_par' dir='ltr' id='par_1_3' title="bbox 310 1571 1672 1842">
     <span class='ocr_line' id='line_1_24' title="bbox 637 1571 1672 1631; baseline 0.003 -15"><span class='ocrx_word' id='word_1_237' title='bbox 637 1571 988 1618; x_wconf 83' lang='lat' dir='ltr'><strong>ARTICULUS</strong></span> <span class='ocrx_word' id='word_1_238' title='bbox 1024 1572 1104 1615; x_wconf 72' lang='grc' dir='ltr'>ΠΙ.</span> <span class='ocrx_word' id='word_1_239' title='bbox 1604 1582 1672 1631; x_wconf 70' lang='lat'>259</span> 
     </span>
     <span class='ocr_line' id='line_1_25' title="bbox 310 1693 1452 1725; baseline -0.001 -1"><span class='ocrx_word' id='word_1_240' title='bbox 310 1694 465 1724; x_wconf 86' lang='lat' dir='ltr'><strong>UTRUM</strong></span> <span class='ocrx_word' id='word_1_241' title='bbox 492 1693 681 1724; x_wconf 84' lang='lat' dir='ltr'>HABITUS</span> <span class='ocrx_word' id='word_1_242' title='bbox 709 1694 933 1725; x_wconf 81' lang='lat' dir='ltr'>IMPORTET</span> <span class='ocrx_word' id='word_1_243' title='bbox 962 1694 1166 1724; x_wconf 76' lang='lat' dir='ltr'>ORDINEM</span> <span class='ocrx_word' id='word_1_244' title='bbox 1193 1694 1253 1724; x_wconf 90' lang='lat' dir='ltr'>AD</span> <span class='ocrx_word' id='word_1_245' title='bbox 1282 1694 1452 1724; x_wconf 76' lang='lat' dir='ltr'>ACTUM.</span> 
     </span>
     <span class='ocr_line' id='line_1_26' title="bbox 473 1794 1284 1842; baseline 0.004 -14"><span class='ocrx_word' id='word_1_246' title='bbox 473 1794 575 1841; x_wconf 82' lang='lat' dir='ltr'>(Insr.</span> <span class='ocrx_word' id='word_1_247' title='bbox 594 1799 659 1829; x_wconf 83' lang='lat' dir='ltr'>art.</span> <span class='ocrx_word' id='word_1_248' title='bbox 681 1806 715 1840; x_wconf 86' lang='lat'>4.</span> <span class='ocrx_word' id='word_1_249' title='bbox 738 1802 829 1842; x_wconf 83' lang='lat' dir='ltr'>corp.</span> <span class='ocrx_word' id='word_1_250' title='bbox 851 1800 879 1830; x_wconf 72' lang='lat' dir='ltr'>et</span> <span class='ocrx_word' id='word_1_251' title='bbox 900 1807 930 1842; x_wconf 83' lang='lat' dir='ltr'>q.</span> <span class='ocrx_word' id='word_1_252' title='bbox 950 1807 1003 1842; x_wconf 82' lang='lat'>50.</span> <span class='ocrx_word' id='word_1_253' title='bbox 1026 1801 1092 1831; x_wconf 85' lang='lat' dir='ltr'>art.</span> <span class='ocrx_word' id='word_1_254' title='bbox 1114 1808 1142 1831; x_wconf 85' lang='lat'>1.</span> <span class='ocrx_word' id='word_1_255' title='bbox 1165 1795 1208 1830; x_wconf 86' lang='lat' dir='ltr'>ad</span> <span class='ocrx_word' id='word_1_256' title='bbox 1226 1795 1284 1842; x_wconf 75' lang='lat'>3.).</span> 
     </span>
    </p>
   </div>
   <div class='ocr_carea' id='block_1_4' title="bbox 0 1895 1671 2977">
    <p class='ocr_par' dir='ltr' id='par_1_4' title="bbox 82 1895 1671 2159">
     <span class='ocr_line' id='line_1_27' title="bbox 156 1895 1671 1945; baseline 0.002 -15"><span class='ocrx_word' id='word_1_257' title='bbox 156 1895 218 1931; x_wconf 88' lang='lat' dir='ltr'>AD</span> <span class='ocrx_word' id='word_1_258' title='bbox 240 1905 415 1930; x_wconf 79' lang='lat' dir='ltr'>TERTIUM</span> <span class='ocrx_word' id='word_1_259' title='bbox 433 1895 483 1930; x_wconf 91' lang='lat' dir='ltr'>sic</span> <span class='ocrx_word' id='word_1_260' title='bbox 502 1896 720 1942; x_wconf 89' lang='lat' dir='ltr'>proceditur.</span> <span class='ocrx_word' id='word_1_261' title='bbox 743 1895 907 1939; x_wconf 85' lang='lat' dir='ltr'>Videtur,</span> <span class='ocrx_word' id='word_1_262' title='bbox 929 1897 1029 1944; x_wconf 88' lang='lat' dir='ltr'>quod</span> <span class='ocrx_word' id='word_1_263' title='bbox 1049 1897 1192 1932; x_wconf 89' lang='lat' dir='ltr'>habitus</span> <span class='ocrx_word' id='word_1_264' title='bbox 1213 1909 1288 1932; x_wconf 93' lang='lat' dir='ltr'>non</span> <span class='ocrx_word' id='word_1_265' title='bbox 1310 1899 1483 1945; x_wconf 90' lang='lat' dir='ltr'>importet</span> <span class='ocrx_word' id='word_1_266' title='bbox 1503 1899 1671 1933; x_wconf 83' lang='lat' dir='ltr'>ordinem</span> 
     </span>
     <span class='ocr_line' id='line_1_28' title="bbox 84 1949 1670 2000; baseline 0.001 -15"><span class='ocrx_word' id='word_1_267' title='bbox 84 1949 130 1985; x_wconf 94' lang='lat' dir='ltr'>ad</span> <span class='ocrx_word' id='word_1_268' title='bbox 156 1957 298 1985; x_wconf 89' lang='lat' dir='ltr'>actum:</span> <span class='ocrx_word' id='word_1_269' title='bbox 320 1949 577 1996; x_wconf 73' lang='lat' dir='ltr'>unumquodque</span> <span class='ocrx_word' id='word_1_270' title='bbox 603 1951 690 1984; x_wconf 76' lang='lat' dir='ltr'>enim</span> <span class='ocrx_word' id='word_1_271' title='bbox 718 1951 798 1996; x_wconf 80' lang='lat' dir='ltr'>agit,</span> <span class='ocrx_word' id='word_1_272' title='bbox 821 1951 1001 1985; x_wconf 58' lang='lat' dir='ltr'>secundum</span> <span class='ocrx_word' id='word_1_273' title='bbox 1028 1951 1114 1998; x_wconf 81' lang='lat' dir='ltr'>quod</span> <span class='ocrx_word' id='word_1_274' title='bbox 1135 1957 1179 1987; x_wconf 71' lang='lat' dir='ltr'>est</span> <span class='ocrx_word' id='word_1_275' title='bbox 1200 1957 1299 1987; x_wconf 78' lang='lat' dir='ltr'>actu:</span> <span class='ocrx_word' id='word_1_276' title='bbox 1327 1953 1391 1987; x_wconf 91' lang='lat' dir='ltr'>sed</span> <span class='ocrx_word' id='word_1_277' title='bbox 1421 1952 1670 2000; x_wconf 87' lang='lat' dir='ltr'>Philosophus</span> 
     </span>
     <span class='ocr_line' id='line_1_29' title="bbox 84 2003 1670 2052; baseline 0.003 -14"><span class='ocrx_word' id='word_1_278' title='bbox 84 2003 170 2039; x_wconf 90' lang='lat' dir='ltr'>dicit</span> <span class='ocrx_word' id='word_1_279' title='bbox 183 2003 219 2038; x_wconf 90' lang='lat' dir='ltr'>in</span> <span class='ocrx_word' id='word_1_280' title='bbox 237 2015 266 2050; x_wconf 88' lang='lat'>3.</span> <span class='ocrx_word' id='word_1_281' title='bbox 286 2003 330 2038; x_wconf 90' lang='lat' dir='ltr'>de</span> <span class='ocrx_word' id='word_1_282' title='bbox 348 2003 484 2038; x_wconf 89' lang='lat' dir='ltr'>Anima</span> <span class='ocrx_word' id='word_1_283' title='bbox 507 2003 584 2048; x_wconf 68' lang='lat' dir='ltr'>(tex.</span> <span class='ocrx_word' id='word_1_284' title='bbox 603 2004 668 2049; x_wconf 84' lang='lat'>8.),</span> <span class='ocrx_word' id='word_1_285' title='bbox 692 2004 790 2051; x_wconf 91' lang='lat' dir='ltr'>quod</span> <span class='ocrx_word' id='word_1_286' title='bbox 807 2015 892 2039; x_wconf 90' lang='lat' dir='ltr'>cum</span> <span class='ocrx_word' id='word_1_287' title='bbox 911 2004 1039 2052; x_wconf 87' lang='lat' dir='ltr'>aliquis</span> <span class='ocrx_word' id='word_1_288' title='bbox 1063 2007 1107 2040; x_wconf 85' lang='lat' dir='ltr'>sit</span> <span class='ocrx_word' id='word_1_289' title='bbox 1129 2006 1246 2040; x_wconf 91' lang='lat' dir='ltr'>sciens</span> <span class='ocrx_word' id='word_1_290' title='bbox 1266 2006 1469 2041; x_wconf 89' lang='lat' dir='ltr'>secundum</span> <span class='ocrx_word' id='word_1_291' title='bbox 1492 2006 1670 2050; x_wconf 88' lang='lat' dir='ltr'>habitum,</span> 
     </span>
     <span class='ocr_line' id='line_1_30' title="bbox 83 2057 1669 2107; baseline 0.002 -14"><span class='ocrx_word' id='word_1_292' title='bbox 83 2065 138 2093; x_wconf 90' lang='lat' dir='ltr'>est</span> <span class='ocrx_word' id='word_1_293' title='bbox 158 2057 269 2092; x_wconf 90' lang='lat' dir='ltr'>etiam</span> <span class='ocrx_word' id='word_1_294' title='bbox 295 2065 381 2092; x_wconf 92' lang='lat' dir='ltr'>tunc</span> <span class='ocrx_word' id='word_1_295' title='bbox 400 2057 436 2091; x_wconf 89' lang='lat' dir='ltr'>in</span> <span class='ocrx_word' id='word_1_296' title='bbox 459 2058 639 2105; x_wconf 83' lang='lat' dir='ltr'>potentia3</span> <span class='ocrx_word' id='word_1_297' title='bbox 661 2057 764 2092; x_wconf 91' lang='lat' dir='ltr'>aliter</span> <span class='ocrx_word' id='word_1_298' title='bbox 782 2067 918 2101; x_wconf 87' lang='lat' dir='ltr'>tamen,</span> <span class='ocrx_word' id='word_1_299' title='bbox 946 2071 1057 2106; x_wconf 91' lang='lat' dir='ltr'>quam</span> <span class='ocrx_word' id='word_1_300' title='bbox 1081 2068 1162 2094; x_wconf 88' lang='lat' dir='ltr'>ante</span> <span class='ocrx_word' id='word_1_301' title='bbox 1186 2060 1392 2103; x_wconf 87' lang='lat' dir='ltr'>addiscere;</span> <span class='ocrx_word' id='word_1_302' title='bbox 1412 2072 1500 2107; x_wconf 88' lang='lat' dir='ltr'>ergo</span> <span class='ocrx_word' id='word_1_303' title='bbox 1524 2061 1669 2097; x_wconf 86' lang='lat' dir='ltr'>habitus</span> 
     </span>
     <span class='ocr_line' id='line_1_31' title="bbox 82 2111 1039 2159; baseline 0.001 -13"><span class='ocrx_word' id='word_1_304' title='bbox 82 2122 159 2147; x_wconf 90' lang='lat' dir='ltr'>non</span> <span class='ocrx_word' id='word_1_305' title='bbox 179 2111 355 2158; x_wconf 89' lang='lat' dir='ltr'>importat</span> <span class='ocrx_word' id='word_1_306' title='bbox 375 2111 627 2146; x_wconf 90' lang='lat' dir='ltr'>habitudinem</span> <span class='ocrx_word' id='word_1_307' title='bbox 650 2112 818 2159; x_wconf 82' lang='lat' dir='ltr'>principii</span> <span class='ocrx_word' id='word_1_308' title='bbox 841 2113 884 2147; x_wconf 89' lang='lat' dir='ltr'>ad</span> <span class='ocrx_word' id='word_1_309' title='bbox 906 2121 1039 2147; x_wconf 88' lang='lat' dir='ltr'>actum.</span> 
     </span>
    </p>

    <p class='ocr_par' dir='ltr' id='par_1_5' title="bbox 80 2165 1671 2486">
     <span class='ocr_line' id='line_1_32' title="bbox 155 2165 1671 2217; baseline 0.004 -17"><span class='ocrx_word' id='word_1_310' title='bbox 155 2175 187 2200; x_wconf 91' lang='lat'>2.</span> <span class='ocrx_word' id='word_1_311' title='bbox 209 2165 450 2201; x_wconf 71' lang='lat' dir='ltr'>PRAETEREA.</span> <span class='ocrx_word' id='word_1_312' title='bbox 472 2165 578 2209; x_wconf 90' lang='lat' dir='ltr'>Illud,</span> <span class='ocrx_word' id='word_1_313' title='bbox 601 2167 699 2213; x_wconf 90' lang='lat' dir='ltr'>quod</span> <span class='ocrx_word' id='word_1_314' title='bbox 722 2167 869 2213; x_wconf 90' lang='lat' dir='ltr'>ponitur</span> <span class='ocrx_word' id='word_1_315' title='bbox 891 2168 927 2202; x_wconf 91' lang='lat' dir='ltr'>in</span> <span class='ocrx_word' id='word_1_316' title='bbox 944 2167 1156 2203; x_wconf 85' lang='lat' dir='ltr'>definitione</span> <span class='ocrx_word' id='word_1_317' title='bbox 1173 2168 1337 2215; x_wconf 90' lang='lat' dir='ltr'>alicujus,</span> <span class='ocrx_word' id='word_1_318' title='bbox 1360 2181 1424 2217; x_wconf 92' lang='lat' dir='ltr'>per</span> <span class='ocrx_word' id='word_1_319' title='bbox 1445 2181 1482 2205; x_wconf 90' lang='lat' dir='ltr'>se</span> <span class='ocrx_word' id='word_1_320' title='bbox 1499 2171 1671 2206; x_wconf 80' lang='lat' dir='ltr'>convenit</span> 
     </span>
     <span class='ocr_line' id='line_1_33' title="bbox 81 2219 1669 2272; baseline 0.004 -18"><span class='ocrx_word' id='word_1_321' title='bbox 81 2219 153 2255; x_wconf 90' lang='lat' dir='ltr'>illi:</span> <span class='ocrx_word' id='word_1_322' title='bbox 176 2220 239 2255; x_wconf 91' lang='lat' dir='ltr'>sed</span> <span class='ocrx_word' id='word_1_323' title='bbox 259 2231 337 2255; x_wconf 87' lang='lat' dir='ltr'>esse</span> <span class='ocrx_word' id='word_1_324' title='bbox 359 2220 579 2267; x_wconf 89' lang='lat' dir='ltr'>principium</span> <span class='ocrx_word' id='word_1_325' title='bbox 602 2221 757 2256; x_wconf 90' lang='lat' dir='ltr'>actionis</span> <span class='ocrx_word' id='word_1_326' title='bbox 779 2222 926 2268; x_wconf 90' lang='lat' dir='ltr'>ponitur</span> <span class='ocrx_word' id='word_1_327' title='bbox 947 2222 983 2256; x_wconf 91' lang='lat' dir='ltr'>in</span> <span class='ocrx_word' id='word_1_328' title='bbox 1005 2222 1216 2257; x_wconf 84' lang='lat' dir='ltr'>definitione</span> <span class='ocrx_word' id='word_1_329' title='bbox 1238 2224 1435 2270; x_wconf 87' lang='lat' dir='ltr'>potentiae,</span> <span class='ocrx_word' id='word_1_330' title='bbox 1455 2233 1493 2259; x_wconf 90' lang='lat' dir='ltr'>ut</span> <span class='ocrx_word' id='word_1_331' title='bbox 1514 2233 1612 2272; x_wconf 86' lang='lat' dir='ltr'>patet</span> <span class='ocrx_word' id='word_1_332' title='bbox 1632 2225 1669 2260; x_wconf 90' lang='lat' dir='ltr'>in</span> 
     </span>
     <span class='ocr_line' id='line_1_34' title="bbox 85 2273 1668 2326; baseline 0.003 -17"><span class='ocrx_word' id='word_1_333' title='bbox 85 2285 114 2320; x_wconf 84' lang='lat'>5.</span> <span class='ocrx_word' id='word_1_334' title='bbox 133 2274 295 2321; x_wconf 78' lang='lat' dir='ltr'>Metaph.</span> <span class='ocrx_word' id='word_1_335' title='bbox 319 2273 399 2320; x_wconf 84' lang='lat' dir='ltr'>(tex.</span> <span class='ocrx_word' id='word_1_336' title='bbox 422 2275 515 2321; x_wconf 84' lang='lat'>17.)‚·</span> <span class='ocrx_word' id='word_1_337' title='bbox 539 2285 628 2321; x_wconf 86' lang='lat' dir='ltr'>ergo</span> <span class='ocrx_word' id='word_1_338' title='bbox 652 2286 731 2310; x_wconf 91' lang='lat' dir='ltr'>esse</span> <span class='ocrx_word' id='word_1_339' title='bbox 754 2276 974 2323; x_wconf 85' lang='lat' dir='ltr'>principium</span> <span class='ocrx_word' id='word_1_340' title='bbox 998 2284 1098 2311; x_wconf 88' lang='lat' dir='ltr'>actus</span> <span class='ocrx_word' id='word_1_341' title='bbox 1122 2288 1186 2324; x_wconf 91' lang='lat' dir='ltr'>per</span> <span class='ocrx_word' id='word_1_342' title='bbox 1208 2289 1244 2312; x_wconf 91' lang='lat' dir='ltr'>se</span> <span class='ocrx_word' id='word_1_343' title='bbox 1269 2279 1443 2313; x_wconf 77' lang='lat' dir='ltr'>convenit</span> <span class='ocrx_word' id='word_1_344' title='bbox 1465 2280 1668 2326; x_wconf 90' lang='lat' dir='ltr'>potentiae:</span> 
     </span>
     <span class='ocr_line' id='line_1_35' title="bbox 81 2328 1667 2380; baseline 0.004 -18"><span class='ocrx_word' id='word_1_345' title='bbox 81 2328 180 2376; x_wconf 92' lang='lat' dir='ltr'>quod</span> <span class='ocrx_word' id='word_1_346' title='bbox 199 2335 323 2363; x_wconf 87' lang='lat' dir='ltr'>autem</span> <span class='ocrx_word' id='word_1_347' title='bbox 345 2336 399 2364; x_wconf 87' lang='lat' dir='ltr'>est</span> <span class='ocrx_word' id='word_1_348' title='bbox 419 2340 484 2376; x_wconf 89' lang='lat' dir='ltr'>per</span> <span class='ocrx_word' id='word_1_349' title='bbox 505 2340 555 2372; x_wconf 90' lang='lat' dir='ltr'>se,</span> <span class='ocrx_word' id='word_1_350' title='bbox 578 2337 631 2364; x_wconf 89' lang='lat' dir='ltr'>est</span> <span class='ocrx_word' id='word_1_351' title='bbox 652 2329 872 2376; x_wconf 86' lang='lat' dir='ltr'>principium</span> <span class='ocrx_word' id='word_1_352' title='bbox 899 2330 935 2364; x_wconf 88' lang='lat' dir='ltr'>in</span> <span class='ocrx_word' id='word_1_353' title='bbox 962 2342 1186 2378; x_wconf 91' lang='lat' dir='ltr'>unoquoque</span> <span class='ocrx_word' id='word_1_354' title='bbox 1213 2343 1366 2378; x_wconf 76' lang='lat' dir='ltr'>genere,</span> <span class='ocrx_word' id='word_1_355' title='bbox 1390 2333 1419 2367; x_wconf 89' lang='lat' dir='ltr'>si</span> <span class='ocrx_word' id='word_1_356' title='bbox 1441 2345 1530 2380; x_wconf 87' lang='lat' dir='ltr'>ergo</span> <span class='ocrx_word' id='word_1_357' title='bbox 1558 2335 1667 2369; x_wconf 86' lang='lat' dir='ltr'>etiam</span> 
     </span>
     <span class='ocr_line' id='line_1_36' title="bbox 80 2382 1669 2434; baseline 0.003 -16"><span class='ocrx_word' id='word_1_358' title='bbox 80 2382 225 2418; x_wconf 89' lang='lat' dir='ltr'>habitus</span> <span class='ocrx_word' id='word_1_359' title='bbox 246 2382 291 2418; x_wconf 89' lang='lat' dir='ltr'>sit</span> <span class='ocrx_word' id='word_1_360' title='bbox 311 2383 533 2430; x_wconf 90' lang='lat' dir='ltr'>principium</span> <span class='ocrx_word' id='word_1_361' title='bbox 556 2391 669 2425; x_wconf 87' lang='lat' dir='ltr'>actus,</span> <span class='ocrx_word' id='word_1_362' title='bbox 696 2384 858 2430; x_wconf 88' lang='lat' dir='ltr'>sequitur</span> <span class='ocrx_word' id='word_1_363' title='bbox 879 2385 976 2431; x_wconf 92' lang='lat' dir='ltr'>quod</span> <span class='ocrx_word' id='word_1_364' title='bbox 1005 2385 1050 2419; x_wconf 87' lang='lat' dir='ltr'>sit</span> <span class='ocrx_word' id='word_1_365' title='bbox 1075 2386 1267 2432; x_wconf 88' lang='lat' dir='ltr'>posterior,</span> <span class='ocrx_word' id='word_1_366' title='bbox 1291 2398 1401 2433; x_wconf 86' lang='lat' dir='ltr'>quam</span> <span class='ocrx_word' id='word_1_367' title='bbox 1423 2388 1604 2434; x_wconf 90' lang='lat' dir='ltr'>potentia:</span> <span class='ocrx_word' id='word_1_368' title='bbox 1634 2386 1669 2424; x_wconf 85' lang='lat' dir='ltr'>et</span> 
     </span>
     <span class='ocr_line' id='line_1_37' title="bbox 81 2436 1307 2486; baseline 0.002 -14"><span class='ocrx_word' id='word_1_369' title='bbox 81 2436 132 2472; x_wconf 91' lang='lat' dir='ltr'>sic</span> <span class='ocrx_word' id='word_1_370' title='bbox 150 2447 226 2471; x_wconf 91' lang='lat' dir='ltr'>non</span> <span class='ocrx_word' id='word_1_371' title='bbox 248 2436 316 2471; x_wconf 91' lang='lat' dir='ltr'>erit</span> <span class='ocrx_word' id='word_1_372' title='bbox 336 2436 454 2484; x_wconf 89' lang='lat' dir='ltr'>prima</span> <span class='ocrx_word' id='word_1_373' title='bbox 476 2437 616 2484; x_wconf 89' lang='lat' dir='ltr'>species</span> <span class='ocrx_word' id='word_1_374' title='bbox 639 2437 822 2484; x_wconf 85' lang='lat' dir='ltr'>qualitatis</span> <span class='ocrx_word' id='word_1_375' title='bbox 844 2438 1001 2481; x_wconf 87' lang='lat' dir='ltr'>habitus,</span> <span class='ocrx_word' id='word_1_376' title='bbox 1023 2438 1082 2474; x_wconf 93' lang='lat' dir='ltr'>vel</span> <span class='ocrx_word' id='word_1_377' title='bbox 1104 2439 1307 2486; x_wconf 88' lang='lat' dir='ltr'>dispositio.</span> 
     </span>
    </p>

    <p class='ocr_par' dir='ltr' id='par_1_6' title="bbox 81 2490 1669 2593">
     <span class='ocr_line' id='line_1_38' title="bbox 155 2490 1669 2544; baseline 0.004 -19"><span class='ocrx_word' id='word_1_378' title='bbox 155 2502 184 2538; x_wconf 85' lang='lat'>3.</span> <span class='ocrx_word' id='word_1_379' title='bbox 200 2490 439 2526; x_wconf 73' lang='lat' dir='ltr'>PRAETEREA.</span> <span class='ocrx_word' id='word_1_380' title='bbox 463 2490 608 2526; x_wconf 89' lang='lat' dir='ltr'>Sanitas</span> <span class='ocrx_word' id='word_1_381' title='bbox 630 2491 850 2538; x_wconf 88' lang='lat' dir='ltr'>quandoque</span> <span class='ocrx_word' id='word_1_382' title='bbox 873 2500 927 2527; x_wconf 91' lang='lat' dir='ltr'>est</span> <span class='ocrx_word' id='word_1_383' title='bbox 945 2493 1110 2536; x_wconf 82' lang='lat' dir='ltr'>habitus;</span> <span class='ocrx_word' id='word_1_384' title='bbox 1130 2501 1165 2528; x_wconf 88' lang='lat' dir='ltr'>et</span> <span class='ocrx_word' id='word_1_385' title='bbox 1183 2494 1350 2529; x_wconf 88' lang='lat' dir='ltr'>similiter</span> <span class='ocrx_word' id='word_1_386' title='bbox 1371 2495 1521 2539; x_wconf 88' lang='lat' dir='ltr'>macies,</span> <span class='ocrx_word' id='word_1_387' title='bbox 1541 2505 1576 2531; x_wconf 83' lang='lat' dir='ltr'>et</span> <span class='ocrx_word' id='word_1_388' title='bbox 1594 2497 1669 2544; x_wconf 93' lang='lat' dir='ltr'>pul-</span> 
     </span>
     <span class='ocr_line' id='line_1_39' title="bbox 81 2544 1669 2595; baseline 0.004 -16"><span class='ocrx_word' id='word_1_389' title='bbox 81 2544 270 2588; x_wconf 88' lang='lat' dir='ltr'>chritudo;</span> <span class='ocrx_word' id='word_1_390' title='bbox 291 2545 355 2580; x_wconf 90' lang='lat' dir='ltr'>sed</span> <span class='ocrx_word' id='word_1_391' title='bbox 377 2545 445 2580; x_wconf 90' lang='lat' dir='ltr'>ista</span> <span class='ocrx_word' id='word_1_392' title='bbox 466 2556 541 2580; x_wconf 92' lang='lat' dir='ltr'>non</span> <span class='ocrx_word' id='word_1_393' title='bbox 567 2545 737 2580; x_wconf 88' lang='lat' dir='ltr'>dicuntur</span> <span class='ocrx_word' id='word_1_394' title='bbox 757 2557 821 2593; x_wconf 91' lang='lat' dir='ltr'>per</span> <span class='ocrx_word' id='word_1_395' title='bbox 842 2546 1010 2581; x_wconf 88' lang='lat' dir='ltr'>ordinem</span> <span class='ocrx_word' id='word_1_396' title='bbox 1032 2547 1076 2581; x_wconf 92' lang='lat' dir='ltr'>ad</span> <span class='ocrx_word' id='word_1_397' title='bbox 1099 2556 1242 2592; x_wconf 87' lang='lat' dir='ltr'>actum;</span> <span class='ocrx_word' id='word_1_398' title='bbox 1265 2559 1340 2583; x_wconf 91' lang='lat' dir='ltr'>non</span> <span class='ocrx_word' id='word_1_399' title='bbox 1363 2561 1452 2595; x_wconf 89' lang='lat' dir='ltr'>ergo</span> <span class='ocrx_word' id='word_1_400' title='bbox 1476 2558 1529 2585; x_wconf 84' lang='lat' dir='ltr'>est</span> <span class='ocrx_word' id='word_1_401' title='bbox 1550 2551 1594 2586; x_wconf 89' lang='lat' dir='ltr'>de</span> <span class='ocrx_word' id='word_1_402' title='bbox 1617 2562 1669 2586; x_wconf 91' lang='lat' dir='ltr'>ra—</span> 
     </span>
    </p>

    <p class='ocr_par' dir='ltr' id='par_1_7' title="bbox 2 2598 917 2651">
     <span class='ocr_line' id='line_1_40' title="bbox 2 2598 917 2651; baseline 0.001 -17"><span class='ocrx_word' id='word_1_403' title='bbox 2 2621 22 2651; x_wconf 54' lang='grc'>1,</span> <span class='ocrx_word' id='word_1_404' title='bbox 78 2598 179 2634; x_wconf 88' lang='lat' dir='ltr'>tione</span> <span class='ocrx_word' id='word_1_405' title='bbox 197 2598 354 2642; x_wconf 87' lang='lat' dir='ltr'>habitus,</span> <span class='ocrx_word' id='word_1_406' title='bbox 373 2599 472 2646; x_wconf 93' lang='lat' dir='ltr'>quod</span> <span class='ocrx_word' id='word_1_407' title='bbox 494 2599 539 2634; x_wconf 87' lang='lat' dir='ltr'>sit</span> <span class='ocrx_word' id='word_1_408' title='bbox 560 2599 781 2646; x_wconf 87' lang='lat' dir='ltr'>principium</span> <span class='ocrx_word' id='word_1_409' title='bbox 804 2608 917 2635; x_wconf 87' lang='lat' dir='ltr'>actus.</span> 
     </span>
    </p>

    <p class='ocr_par' dir='ltr' id='par_1_8' title="bbox 20 2652 1668 2856">
     <span class='ocr_line' id='line_1_41' title="bbox 154 2652 1666 2705; baseline 0.004 -17"><span class='ocrx_word' id='word_1_410' title='bbox 154 2652 230 2688; x_wconf 78' lang='lat' dir='ltr'>SED</span> <span class='ocrx_word' id='word_1_411' title='bbox 253 2663 411 2689; x_wconf 81' lang='lat' dir='ltr'>CONTRA</span> <span class='ocrx_word' id='word_1_412' title='bbox 434 2661 499 2696; x_wconf 90' lang='lat' dir='ltr'>est,</span> <span class='ocrx_word' id='word_1_413' title='bbox 530 2653 628 2700; x_wconf 87' lang='lat' dir='ltr'>quod</span> <span class='ocrx_word' id='word_1_414' title='bbox 651 2654 807 2700; x_wconf 85' lang='lat' dir='ltr'>August.</span> <span class='ocrx_word' id='word_1_415' title='bbox 830 2655 950 2690; x_wconf 88' lang='lat' dir='ltr'>dicit</span> <span class='ocrx_word' id='word_1_416' title='bbox 943 2667 979 2689; x_wconf 89' lang='lat' dir='ltr'>1n</span> <span class='ocrx_word' id='word_1_417' title='bbox 1005 2654 1066 2690; x_wconf 94' lang='lat' dir='ltr'>lib.</span> <span class='ocrx_word' id='word_1_418' title='bbox 1089 2655 1132 2690; x_wconf 91' lang='lat' dir='ltr'>de</span> <span class='ocrx_word' id='word_1_419' title='bbox 1155 2656 1262 2691; x_wconf 92' lang='lat' dir='ltr'>Bono</span> <span class='ocrx_word' id='word_1_420' title='bbox 1290 2658 1478 2704; x_wconf 88' lang='lat' dir='ltr'>conjugali</span> <span class='ocrx_word' id='word_1_421' title='bbox 1506 2658 1593 2705; x_wconf 80' lang='lat' dir='ltr'>(cap.</span> <span class='ocrx_word' id='word_1_422' title='bbox 1616 2671 1666 2695; x_wconf 83' lang='lat'>21.</span> 
     </span>
     <span class='ocr_line' id='line_1_42' title="bbox 20 2706 1668 2758; baseline 0.005 -17"><span class='ocrx_word' id='word_1_423' title='bbox 20 2706 29 2728; x_wconf 55' lang='lat'>⁸*</span> <span class='ocrx_word' id='word_1_424' title='bbox 75 2706 182 2754; x_wconf 80' lang='lat' dir='ltr'>paulo</span> <span class='ocrx_word' id='word_1_425' title='bbox 203 2708 384 2754; x_wconf 62' lang='lat' dir='ltr'>aprina),</span> <span class='ocrx_word' id='word_1_426' title='bbox 406 2707 504 2754; x_wconf 92' lang='lat' dir='ltr'>quod</span> <span class='ocrx_word' id='word_1_427' title='bbox 526 2707 671 2742; x_wconf 78' lang='lat' dir='ltr'>habitus</span> <span class='ocrx_word' id='word_1_428' title='bbox 695 2716 758 2750; x_wconf 87' lang='lat' dir='ltr'>est,</span> <span class='ocrx_word' id='word_1_429' title='bbox 781 2720 853 2755; x_wconf 94' lang='lat' dir='ltr'>quo</span> <span class='ocrx_word' id='word_1_430' title='bbox 877 2709 1012 2756; x_wconf 91' lang='lat' dir='ltr'>aliquid</span> <span class='ocrx_word' id='word_1_431' title='bbox 1035 2710 1164 2756; x_wconf 85' lang='lat' dir='ltr'>agitur,</span> <span class='ocrx_word' id='word_1_432' title='bbox 1185 2722 1270 2745; x_wconf 91' lang='lat' dir='ltr'>cum</span> <span class='ocrx_word' id='word_1_433' title='bbox 1292 2723 1384 2758; x_wconf 92' lang='lat' dir='ltr'>opus</span> <span class='ocrx_word' id='word_1_434' title='bbox 1407 2721 1478 2747; x_wconf 90' lang='lat' dir='ltr'>est:</span> <span class='ocrx_word' id='word_1_435' title='bbox 1503 2722 1538 2748; x_wconf 90' lang='lat' dir='ltr'>et</span> <span class='ocrx_word' id='word_1_436' title='bbox 1556 2713 1668 2749; x_wconf 90' lang='lat' dir='ltr'>Com-</span> 
     </span>
     <span class='ocr_line' id='line_1_43' title="bbox 27 2760 1668 2816; baseline 0.005 -21"><span class='ocrx_word' id='word_1_437' title='bbox 27 2790 33 2795; x_wconf 92' lang='lat'>.</span> <span class='ocrx_word' id='word_1_438' title='bbox 80 2768 264 2796; x_wconf 88' lang='lat' dir='ltr'>mentator</span> <span class='ocrx_word' id='word_1_439' title='bbox 284 2760 400 2796; x_wconf 89' lang='lat' dir='ltr'>dicit</span> <span class='ocrx_word' id='word_1_440' title='bbox 392 2773 428 2795; x_wconf 90' lang='lat' dir='ltr'>m</span> <span class='ocrx_word' id='word_1_441' title='bbox 454 2772 482 2808; x_wconf 87' lang='lat'>3.</span> <span class='ocrx_word' id='word_1_442' title='bbox 502 2761 546 2796; x_wconf 92' lang='lat' dir='ltr'>de</span> <span class='ocrx_word' id='word_1_443' title='bbox 570 2761 706 2796; x_wconf 88' lang='lat' dir='ltr'>Anima</span> <span class='ocrx_word' id='word_1_444' title='bbox 729 2761 869 2807; x_wconf 85' lang='lat' dir='ltr'>(comm</span> <span class='ocrx_word' id='word_1_445' title='bbox 863 2764 1008 2809; x_wconf 80' lang='lat' dir='ltr'>nl.18.)</span> <span class='ocrx_word' id='word_1_446' title='bbox 1028 2765 1126 2810; x_wconf 90' lang='lat' dir='ltr'>quod</span> <span class='ocrx_word' id='word_1_447' title='bbox 1149 2765 1292 2800; x_wconf 90' lang='lat' dir='ltr'>habitus</span> <span class='ocrx_word' id='word_1_448' title='bbox 1315 2774 1379 2808; x_wconf 85' lang='lat' dir='ltr'>est,</span> <span class='ocrx_word' id='word_1_449' title='bbox 1402 2778 1475 2813; x_wconf 89' lang='lat' dir='ltr'>quo</span> <span class='ocrx_word' id='word_1_450' title='bbox 1498 2768 1577 2814; x_wconf 88' lang='lat' dir='ltr'>quis</span> <span class='ocrx_word' id='word_1_451' title='bbox 1592 2769 1668 2816; x_wconf 87' lang='lat' dir='ltr'>agit</span> 
     </span>
     <span class='ocr_line' id='line_1_44' title="bbox 28 2814 355 2856; baseline 0 -6"><span class='ocrx_word' id='word_1_452' title='bbox 28 2831 41 2856; x_wconf 78' lang='grc'>,·</span> <span class='ocrx_word' id='word_1_453' title='bbox 81 2824 167 2850; x_wconf 90' lang='lat' dir='ltr'>cum</span> <span class='ocrx_word' id='word_1_454' title='bbox 186 2814 355 2850; x_wconf 86' lang='lat' dir='ltr'>voluerit.</span> 
     </span>
    </p>

    <p class='ocr_par' dir='ltr' id='par_1_9' title="bbox 0 2867 1665 2977">
     <span class='ocr_line' id='line_1_45' title="bbox 0 2867 1665 2923; baseline 0.007 -24"><span class='ocrx_word' id='word_1_455' title='bbox 0 2868 1 2899; x_wconf 62' lang='lat' dir='ltr'>l</span> <span class='ocrx_word' id='word_1_456' title='bbox 151 2867 385 2904; x_wconf 64' lang='lat' dir='ltr'>Responozo</span> <span class='ocrx_word' id='word_1_457' title='bbox 404 2868 614 2911; x_wconf 90' lang='lat' dir='ltr'>dicendum,</span> <span class='ocrx_word' id='word_1_458' title='bbox 637 2869 735 2915; x_wconf 90' lang='lat' dir='ltr'>quod</span> <span class='ocrx_word' id='word_1_459' title='bbox 756 2869 891 2905; x_wconf 90' lang='lat' dir='ltr'>habere</span> <span class='ocrx_word' id='word_1_460' title='bbox 914 2871 1081 2905; x_wconf 89' lang='lat' dir='ltr'>ordinem</span> <span class='ocrx_word' id='word_1_461' title='bbox 1102 2872 1147 2907; x_wconf 89' lang='lat' dir='ltr'>ad</span> <span class='ocrx_word' id='word_1_462' title='bbox 1168 2881 1291 2907; x_wconf 84' lang='lat' dir='ltr'>actum</span> <span class='ocrx_word' id='word_1_463' title='bbox 1313 2882 1433 2920; x_wconf 89' lang='lat' dir='ltr'>potest</span> <span class='ocrx_word' id='word_1_464' title='bbox 1455 2884 1665 2923; x_wconf 87' lang='lat' dir='ltr'>competere</span> 
     </span>
     <span class='ocr_line' id='line_1_46' title="bbox 27 2917 1664 2977; baseline 0.004 -19"><span class='ocrx_word' id='word_1_465' title='bbox 27 2917 38 2959; x_wconf 62' lang='lat'>⁴.</span> <span class='ocrx_word' id='word_1_466' title='bbox 80 2919 220 2957; x_wconf 80' lang='lat' dir='ltr'>habitui</span> <span class='ocrx_word' id='word_1_467' title='bbox 238 2929 274 2957; x_wconf 91' lang='lat' dir='ltr'>et</span> <span class='ocrx_word' id='word_1_468' title='bbox 291 2921 494 2957; x_wconf 90' lang='lat' dir='ltr'>secundum</span> <span class='ocrx_word' id='word_1_469' title='bbox 517 2922 698 2958; x_wconf 89' lang='lat' dir='ltr'>rationem</span> <span class='ocrx_word' id='word_1_470' title='bbox 716 2923 872 2967; x_wconf 86' lang='lat' dir='ltr'>habitus,</span> <span class='ocrx_word' id='word_1_471' title='bbox 895 2933 929 2959; x_wconf 89' lang='lat' dir='ltr'>et</span> <span class='ocrx_word' id='word_1_472' title='bbox 943 2926 1145 2960; x_wconf 83' lang='lat' dir='ltr'>secundum</span> <span class='ocrx_word' id='word_1_473' title='bbox 1161 2927 1342 2962; x_wconf 82' lang='lat' dir='ltr'>rationem</span> <span class='ocrx_word' id='word_1_474' title='bbox 1357 2928 1547 2974; x_wconf 90' lang='lat' dir='ltr'>subjecti,&#39;</span> <span class='ocrx_word' id='word_1_475' title='bbox 1539 2942 1575 2964; x_wconf 88' lang='lat' dir='ltr'>m</span> <span class='ocrx_word' id='word_1_476' title='bbox 1591 2942 1664 2977; x_wconf 92' lang='lat' dir='ltr'>quo</span> 
     </span>
    </p>
   </div>
  </div>
 </body>
</html>
