1907 3198
516 165 740 201 QUAESTIO
775 164 860 194 LIV.
895 162 1142 193 ARTICULUS
1175 162 1202 192 1.
1562 161 1641 204 373

68 259 151 287 cato
173 261 259 293 uno,
285 248 548 296 multiplicatur
570 255 604 282 et
631 247 748 289 aliud;
775 246 838 282 sed
865 245 1066 281 secundum
1094 244 1192 279 idem
1219 243 1416 290 potentiae,
1444 251 1479 277 et
1504 242 1648 276 habitus

69 304 350 352 distinguuntur,
380 302 520 337 scilicet
547 301 750 336 secundum
779 309 893 342 actus,
921 308 956 334 et
982 300 1142 345 objecta3
1170 297 1337 333 similiter
1364 308 1451 343 ergo
1479 295 1650 343 multipli-

69 367 216 401 cantur;
237 368 312 392 non
331 368 419 403 ergo
442 364 594 403 possunt
616 366 693 390 esse
717 354 822 390 multi
843 354 986 389 habitus
1008 353 1044 387 in
1064 364 1133 387 una
1157 352 1329 399 potentia.

140 422 172 447 2.
195 411 434 446 PRAETEREA.
455 409 624 444 Potentia
647 417 701 443 est
718 409 830 443 virtus
853 408 1034 454 quaedam
1053 406 1225 453 simplex:
1249 406 1311 440 sed
1334 405 1369 439 in
1392 416 1465 439 uno
1484 404 1648 450 subjecto

68 465 225 513 simplici
251 476 326 499 non
354 472 473 511 potest
499 474 578 498 esse
605 463 794 497 diversitas
822 461 1088 503 accidentium3
1115 460 1199 506 quia
1226 460 1432 505 subjectum
1460 466 1514 493 est
1540 469 1650 492 causa

70 519 284 555 accidentis:
309 518 351 552 ab
371 529 443 552 uno
465 526 587 552 autem
607 517 764 563 simplici
783 527 857 551 non
879 515 1020 550 videtur
1040 514 1238 562 procedere
1261 514 1329 548 nisi
1348 524 1484 556 unum;
1507 523 1595 559 ergo
1614 512 1650 546 in

71 585 143 609 una
164 573 326 621 potentia
348 583 424 606 non
445 579 598 618 possunt
620 582 697 605 esse
720 570 825 605 multi
847 569 1002 604 habitus.

146 638 175 674 3.
197 627 438 662 PRAETEREA.
463 625 566 660 Sicut
589 636 721 671 corpus
744 624 922 658 formatur
940 634 1003 670 per
1025 622 1200 669 figuram3
1219 622 1268 656 ita
1289 621 1452 668 potentia
1473 620 1652 656 formatur

70 692 133 729 per
154 681 336 716 habitum:
356 679 419 715 sed
442 690 555 714 unum
575 690 707 725 corpus
721 689 797 713 non
811 685 930 725 potest
944 676 1052 712 simul
1066 675 1216 711 formari
1232 676 1382 710 diversis
1404 675 1548 722 figuri53
1564 686 1651 721 ergo

70 746 191 782 neque
213 746 284 769 una
307 733 470 781 potentia
489 740 609 780 potest
629 731 739 767 simul
756 731 908 766 formari
930 730 1080 766 diversis
1102 730 1302 772 habitibus;
1323 741 1398 764 non
1421 741 1508 775 ergo
1531 728 1652 775 plures

73 789 216 824 habitus
238 795 390 836 possunt
408 787 518 822 simul
539 798 617 822 esse
640 787 675 821 in
698 798 769 820 una
792 786 964 833 potentia.

144 842 220 878 SED
247 852 405 878 CONTRA
433 849 496 883 est,
519 840 616 887 quod
645 839 849 875 intellectus
878 847 932 874 est
965 850 1035 874 una
1064 838 1238 885 potentia,
1260 838 1296 872 in
1323 849 1394 885 qua
1421 846 1545 872 tamen
1571 845 1655 872 sunt

74 897 299 932 diversarum
321 895 556 930 scientiarum
577 895 733 929 habitus.

143 950 374 985 RESPONDEO
393 949 602 990 dicendum,
617 948 728 995 quod,
743 948 836 982 sicut
857 959 964 994 supra
980 947 1118 981 dictum
1133 955 1187 982 est
1208 948 1257 993 (q.
1276 958 1333 994 49.
1348 951 1411 981 art.
1423 946 1486 992 4.)‚
1509 946 1654 980 habitus

73 1011 156 1039 sunt
177 1003 434 1050 dispositiones
456 1002 636 1049 quaedam
660 1001 812 1047 alicujus
834 1002 871 1035 in
890 1001 1053 1048 potentia
1075 1001 1259 1036 existentis
1282 1001 1326 1034 ad
1349 1000 1496 1047 aliquid,
1514 1000 1591 1035 sive
1611 1000 1655 1034 ad

73 1066 255 1099 naturam,
269 1057 345 1091 sive
359 1056 403 1090 ad
418 1056 685 1103 operationem,
700 1056 758 1090 vel
780 1055 891 1090 finem
910 1064 1079 1091 naturae:
1099 1064 1134 1090 et
1149 1056 1192 1090 de
1207 1055 1277 1090 illis
1293 1055 1439 1102 quidem
1462 1055 1656 1096 habitibus,

72 1113 134 1160 qui
154 1119 236 1146 sunt
250 1111 509 1158 dispositiones
532 1111 576 1144 ad
598 1119 778 1152 naturam,
802 1110 1037 1145 manifestum
1058 1118 1122 1152 est,
1145 1111 1242 1157 quod
1265 1118 1417 1156 possunt
1438 1109 1558 1157 plures
1578 1121 1656 1144 esse

72 1167 110 1202 in
132 1176 204 1200 uno
226 1165 409 1211 subjecto;
432 1176 477 1199 eo
500 1164 598 1211 quod
621 1165 725 1199 unius
755 1164 908 1210 subjecti
934 1172 1086 1211 possunt
1113 1164 1358 1199 diversimode
1381 1172 1500 1211 partes
1527 1163 1656 1210 accipi,

76 1219 274 1256 secundum
290 1230 445 1266 quarum
460 1218 738 1264 dispositionem
755 1219 886 1253 habitus
902 1219 1087 1252 dicuntur:
1104 1219 1197 1252 sicut
1211 1218 1241 1252 si
1263 1219 1487 1264 accipiantur
1504 1218 1658 1252 humani

76 1273 236 1320 corporis
257 1262 377 1320 partes
399 1273 562 1315 humores,
583 1280 692 1318 prout
706 1272 948 1318 disponuntur
962 1272 1165 1306 secundum
1187 1281 1355 1306 naturam
1374 1272 1589 1315 humanam,
1605 1280 1658 1307 est

73 1329 227 1370 habitus,
248 1327 307 1362 vel
328 1327 517 1374 dispositio
541 1327 722 1361 sanitatis:
746 1327 776 1361 si
797 1338 886 1361 vero
915 1327 1140 1372 accipiantur
1166 1335 1285 1372 partes
1312 1326 1462 1368 similes,
1485 1334 1523 1360 ut
1544 1326 1658 1368 nervi,

74 1390 110 1418 et
129 1393 223 1425 ossa,
242 1389 278 1416 et
298 1392 437 1424 carnes,
461 1392 587 1416 earum
609 1381 799 1427 dispositio
823 1381 859 1415 in
882 1381 1008 1415 ordine
1036 1381 1080 1415 ad
1108 1389 1276 1415 naturam
1304 1388 1357 1414 est
1383 1379 1569 1422 fortitudo,
1598 1388 1659 1414 aut

75 1436 227 1472 macies:
250 1435 280 1470 si
299 1446 389 1471 vero
413 1435 638 1482 accipiantur
660 1435 837 1477 membra,
860 1442 899 1469 ut
920 1446 1062 1477 manus,
1086 1442 1120 1469 et
1137 1446 1212 1481 pes,
1232 1442 1267 1469 et
1285 1434 1508 1480 hujusmodi,
1531 1446 1658 1469 earum

77 1489 266 1537 dispositio
284 1498 435 1524 naturae
459 1489 681 1523 conveniens
705 1497 757 1523 est
780 1488 1035 1536 pulchritudo;
1060 1497 1094 1523 et
1108 1489 1159 1523 sic
1182 1496 1265 1524 sunt
1287 1489 1407 1535 plures
1430 1489 1586 1530 habitus,
1601 1487 1660 1522 vel

75 1543 332 1591 dispositiones
354 1543 389 1578 in
409 1543 553 1578 eodem.
570 1542 609 1577 Si
630 1554 718 1577 vero
738 1542 934 1589 loquamur
949 1543 991 1577 de
1015 1543 1208 1585 habitibus,
1224 1543 1285 1589 qui
1299 1551 1382 1577 sunt
1403 1543 1661 1588 dispositiones

76 1598 120 1633 ad
143 1609 265 1646 opera,
287 1598 348 1645 qui
370 1599 514 1644 proprie
536 1599 716 1644 pertinent
741 1598 786 1632 ad
808 1598 1000 1644 potentias,
1016 1598 1065 1631 sic
1082 1598 1191 1632 etiam
1216 1597 1396 1643 contingit
1417 1597 1523 1631 unius
1537 1605 1663 1643 poten-

73 1653 144 1688 tiae
166 1663 244 1688 esse
266 1652 410 1687 habitus
432 1651 572 1699 plures;
596 1652 697 1697 cujus
720 1651 811 1686 ratio
835 1660 899 1694 est,
922 1652 1006 1698 quia
1029 1652 1232 1697 subjectum
1256 1651 1399 1685 habitus
1423 1660 1476 1685 est
1497 1651 1661 1697 potentia

74 1707 229 1754 passiva,
250 1714 289 1741 ut
309 1717 418 1753 supra
440 1706 579 1740 dictum
595 1713 647 1740 est
668 1707 713 1752 (q.
729 1718 776 1752 51.
799 1711 865 1741 art.
888 1706 960 1751 2.):
984 1706 1147 1752 potentia
1170 1706 1269 1740 enirn
1288 1706 1406 1740 activa
1428 1714 1570 1739 tantum
1584 1716 1659 1739 non

75 1769 129 1796 est
149 1760 302 1806 alicujus
323 1760 467 1794 habitus
489 1760 706 1806 subjectum,
722 1768 760 1794 ut
778 1771 821 1794 ex
843 1760 1056 1806 supradictis
1076 1768 1174 1806 patet
1195 1759 1333 1805 (il›id.).·
1356 1759 1519 1806 potentia
1538 1767 1660 1794 autem

74 1814 218 1862 passiva
240 1823 475 1861 comparatur
498 1814 542 1848 ad
565 1821 688 1848 actum
715 1813 998 1848 determinatum
1022 1814 1126 1848 unius
1145 1814 1292 1860 speciei,
1320 1814 1414 1848 sicut
1435 1813 1588 1848 materia
1616 1813 1660 1847 ad

74 1868 251 1904 formam:
275 1879 319 1903 eo
346 1868 444 1915 quod
471 1868 566 1903 sicut
593 1868 745 1902 materia
773 1868 1035 1903 determinatur
1063 1869 1106 1903 ad
1134 1880 1245 1903 unam
1272 1867 1430 1902 formam
1458 1879 1520 1914 per
1547 1879 1661 1902 unum

75 1933 206 1970 agens;
228 1922 279 1957 ita
299 1922 410 1957 etiam
433 1922 596 1969 potentia
618 1922 762 1969 passiva
785 1933 804 1956 a
826 1923 966 1957 ratione
990 1923 1095 1957 unius
1111 1923 1246 1968 objecti
1267 1922 1376 1957 activi
1399 1921 1662 1957 determinatur

77 1977 120 2012 ad
142 1988 257 2011 unum
279 1984 403 2011 actum
421 1976 624 2011 secundum
643 1976 825 2023 speciem3
844 1976 939 2010 unde
961 1976 1054 2011 sicut
1068 1976 1170 2023 plura
1185 1977 1327 2022 objecta
1343 1984 1494 2022 possunt
1512 1986 1662 2010 movere

75 2042 187 2066 unam
213 2030 416 2078 potentiam
442 2030 644 2077 passivam:
672 2031 719 2065 ita
747 2041 818 2064 una
846 2030 1007 2077 potentia
1033 2030 1176 2077 passiva
1204 2038 1324 2077 potest
1350 2041 1428 2065 esse
1457 2029 1661 2076 subjectum

76 2084 306 2120 diversorum
340 2092 500 2127 actuum,
527 2083 586 2118 vel
618 2083 886 2131 perfectionum
925 2084 1128 2118 secundum
1161 2084 1338 2131 speciem:
1367 2084 1512 2118 habitus
1540 2092 1662 2118 autem

76 2146 159 2174 sunt
180 2138 361 2185 quaedam
380 2137 584 2184 qualitates,
607 2146 667 2172 aut
689 2137 828 2173 formae
849 2138 1077 2173 inhaerentes
1099 2138 1296 2185 potentiae,
1318 2138 1446 2185 quibus
1468 2137 1663 2172 inclinatur

78 2193 240 2240 potentia
262 2192 306 2227 ad
329 2192 591 2227 determinatos
615 2192 677 2238 [al.
699 2192 1021 2235 determinationem,
1051 2200 1086 2227 et
1113 2191 1157 2229 al.
1181 2192 1464 2237 terminationem]
1489 2200 1590 2226 actus
1613 2203 1664 2226 se-

79 2246 239 2282 cundum
257 2246 417 2293 speciem
431 2258 438 2280 2
459 2246 554 2281 unde
577 2247 621 2281 ad
636 2258 746 2280 unam
762 2247 964 2292 potentiam
980 2255 1131 2293 possunt
1147 2246 1207 2292 [al.
1223 2246 1366 2293 possent]
1385 2245 1504 2293 plures
1519 2245 1663 2280 habitus

79 2300 268 2348 pertinere,
290 2300 384 2335 sicut
405 2308 440 2336 et
461 2300 581 2347 plures
604 2309 705 2334 actus
727 2299 847 2346 specie
871 2299 1092 2335 differentes.

150 2354 211 2389 AD
244 2364 395 2390 PRIMUM
422 2366 511 2401 ergo
538 2354 746 2396 dicendum,
775 2354 873 2401 quod
899 2354 992 2390 sicut
1018 2355 1055 2389 in
1082 2355 1188 2390 rebus
1222 2354 1447 2390 naturalibus
1474 2354 1663 2389 diversitas

79 2407 285 2455 specierum
312 2416 366 2443 est
392 2408 594 2443 secundum
622 2407 802 2450 formam;
829 2409 1018 2444 diversitas
1041 2417 1164 2444 autem
1187 2420 1363 2453 generum
1387 2417 1439 2443 est
1461 2408 1664 2443 secundum

81 2461 284 2505 materiam,
311 2470 350 2497 ut
376 2462 506 2497 dicitur
527 2462 564 2496 in
595 2473 623 2507 5.
651 2462 812 2508 Metaph.
835 2464 913 2506 (tex.
933 2464 1016 2509 339:
1045 2474 1087 2497 ea
1115 2464 1212 2498 enim
1241 2471 1323 2498 sunt
1349 2462 1490 2497 diversa
1518 2473 1664 2507 genere,

81 2526 235 2562 quorum
252 2523 307 2551 est
328 2516 481 2551 materia
496 2516 656 2551 diversa:
680 2516 729 2550 ita
745 2516 855 2550 etiam
879 2517 1067 2551 diversitas
1083 2517 1313 2562 objectorum
1329 2516 1531 2551 secundum
1550 2527 1664 2562 genus

81 2568 166 2604 facit
179 2569 452 2605 distinctionem
475 2570 740 2617 potentiarum:
765 2571 859 2605 unde
883 2571 1020 2606 Philos.
1043 2571 1129 2605 dicit
1151 2571 1185 2605 in
1205 2570 1236 2605 6.
1260 2571 1341 2605 Eth.
1361 2571 1452 2617 (cap.
1475 2583 1502 2605 ι.
1525 2582 1545 2604 α
1565 2570 1663 2615 med.)

82 2623 179 2670 quod
197 2623 242 2658 ad
268 2635 322 2667 ea,
341 2636 434 2671 quae
456 2633 539 2660 sunt
557 2636 691 2671 genere
714 2624 837 2667 altera,
857 2633 939 2659 sunt
962 2625 1072 2660 etiam
1096 2625 1240 2660 animae
1264 2625 1462 2671 particulae
1486 2624 1594 2659 aliae:
1618 2624 1667 2659 di-

82 2677 230 2713 versitas
254 2689 342 2714 vero
374 2678 604 2724 objectorum
634 2678 835 2713 secundum
866 2679 1024 2726 speciem
1052 2678 1136 2714 facit
1165 2679 1409 2713 diversitatem
1438 2686 1587 2712 actuum
1613 2689 1667 2713 sc-

83 2730 243 2766 cundum
263 2732 436 2779 speciem,
459 2740 493 2767 et
515 2744 578 2779 per
600 2743 828 2779 consequens
855 2733 1064 2768 habituum:
1093 2745 1346 2779 quaecumque
1369 2740 1491 2767 autem
1514 2740 1597 2766 sunt
1619 2732 1667 2766 di-

83 2795 186 2820 versa
212 2796 356 2832 genere,
378 2795 462 2822 sunt
482 2788 592 2822 etiam
615 2786 735 2833 specie
757 2787 914 2822 diversa:
943 2787 1004 2821 sed
1027 2798 1102 2822 non
1125 2787 1368 2829 convertitur3
1392 2794 1427 2821 et
1448 2786 1530 2820 ideo
1553 2786 1668 2820 diver-

83 2848 207 2875 sarum
226 2841 469 2887 potentiarum
498 2848 582 2876 sunt
607 2840 739 2875 diversi
766 2849 866 2875 actus
889 2843 1022 2888 specie,
1045 2850 1080 2876 et
1101 2841 1232 2875 diversi
1263 2841 1422 2875 habitus:
1446 2851 1520 2875 non
1544 2848 1665 2874 autem

86 2900 240 2940 oportet,
262 2895 359 2941 quod
381 2895 514 2930 diversi
541 2894 684 2929 habitus
703 2894 774 2929 sint
792 2894 1018 2930 diversarum
1041 2895 1306 2942 potentiarum3
1329 2895 1390 2929 sed
1414 2901 1566 2941 possunt
1588 2905 1665 2929 esse

233 2974 262 3003 S.
282 2975 406 3004 Tuoiuu
427 2976 531 3004 Summa
558 2976 720 3013 Theologica.
742 2977 806 3004 Vol.
829 2976 866 3004 11.
1488 2985 1517 3009 25
