1907 3182
285 173 368 216 288
703 184 922 220 QUAESTIO
955 183 1105 212 XXXIX.
1140 181 1382 212 ARTICULUS
1415 180 1443 210 Ι.

740 413 1095 474 QUAESTIO
1137 412 1381 459 XXXIX.

366 539 429 570 DE
470 538 722 577 BONITATE,
764 537 823 568 ET
860 537 1062 567 MALITIA
1098 535 1376 574 TRISTITIAE,
1418 535 1506 567 SEU
1544 533 1762 573 DOLORIS,

647 609 697 639 IN
738 608 966 648 QUATUOR
1003 607 1265 639 ARTICULOS
1301 606 1475 638 DIVISA.

354 742 495 777 Deinde
517 742 820 777 considerandum
842 750 896 776 est
916 741 960 776 de
981 742 1152 784 bonitate,
1175 749 1210 776 et
1229 740 1368 775 malitia
1389 739 1536 783 doloris,
1556 739 1615 774 vel
1634 739 1807 775 tristitiae.

747 830 793 864 Et
811 830 902 864 circa
922 830 980 864 hoc
1002 834 1209 875 quaeruntur
1229 833 1381 875 quatuor.

354 901 490 935 Primo.
514 901 645 935 Utrum
667 900 786 934 omnis
806 900 948 934 tristitia
969 900 1013 934 sit
1033 899 1182 934 malum.

357 954 537 989 Secundo.
560 954 692 988 Utrum
713 954 827 1000 possit
848 964 925 988 esse
946 953 1084 987 bonum
1106 953 1312 988 honestum.

356 1007 492 1042 Tertio.
520 1008 651 1041 Utrum
672 1007 785 1053 possit
805 1018 883 1041 esse
904 1007 1041 1041 bonum
1063 1006 1160 1041 utile.

357 1061 510 1102 Quarto.
534 1061 667 1096 Utrum
689 1060 794 1095 dolor
815 1060 977 1107 corporis
999 1060 1044 1094 sit
1061 1071 1247 1095 summum
1268 1059 1417 1094 malum.

859 1203 1206 1248 ARTICULUS
1240 1203 1274 1246 1.
1777 1224 1845 1262 219

656 1312 809 1342 UTRUM
835 1312 968 1343 OMNIS
996 1312 1218 1342 TRISTITIA
1244 1312 1311 1342 SIT
1339 1311 1471 1341 MALA.

346 1399 448 1446 (Insr.
472 1411 501 1445 q.
520 1411 572 1445 59.
595 1404 659 1434 art.
677 1411 705 1446 3.
728 1405 758 1434 et
774 1412 802 1446 3.
823 1411 853 1446 q.
875 1412 918 1446 15.
941 1405 1005 1434 art.
1023 1411 1052 1446 5.
1074 1405 1102 1434 et
1123 1399 1156 1435 6.
1178 1404 1208 1434 et
1228 1411 1256 1446 3.
1282 1400 1371 1434 Dist.
1392 1410 1436 1445 15.
1458 1410 1488 1445 q.
1514 1409 1545 1434 2.
1567 1402 1632 1433 art.
1653 1409 1685 1434 2.
1706 1397 1749 1432 ad
1764 1409 1792 1444 3.

519 1457 547 1487 et
565 1458 629 1487 art.
647 1465 675 1500 3.
698 1465 727 1499 q.
750 1465 780 1488 2.
797 1459 886 1500 corp.
900 1454 964 1499 fin.
987 1458 1016 1488 et
1036 1465 1069 1498 4.
1085 1454 1240 1499 Dist.49.
1263 1465 1292 1499 q.
1312 1465 1340 1500 3.
1364 1457 1428 1488 art.
1450 1463 1524 1498 4.q.
1547 1452 1609 1498 2.).

358 1542 417 1576 AD
438 1551 588 1576 PRIMUM
609 1541 659 1575 sic
681 1541 897 1588 proceditur.
919 1541 1082 1583 Videtur,
1109 1540 1207 1587 quod
1241 1540 1360 1575 omnis
1393 1540 1534 1575 tristitia
1559 1539 1605 1574 sit
1625 1538 1739 1574 mala:
1762 1538 1848 1573 dicit

286 1595 382 1629 enim
395 1594 504 1640 Greg.
521 1595 627 1640 Nyss.
641 1595 707 1639 (sau
725 1596 836 1641 potius
856 1595 983 1629 Namsss.
1006 1595 1060 1629 lib.
1073 1594 1108 1629 de
1119 1595 1198 1629 Nat.
1220 1595 1323 1629 Hom.
1346 1600 1417 1640 cap.
1433 1605 1484 1640 19.
1498 1595 1534 1627 in
1556 1593 1707 1640 princ.):
1729 1592 1849 1628 Omm's

286 1650 419 1682 tristitia
440 1649 565 1682 malum
587 1653 628 1682 est
656 1650 706 1682 sui
726 1650 825 1694 ipsius
845 1653 986 1682 natm-a.-
1017 1648 1079 1682 sed
1101 1648 1198 1694 quod
1218 1647 1428 1681 naturaliter
1449 1654 1502 1681 est
1522 1645 1672 1690 malurn,
1693 1656 1848 1692 semper,

287 1709 320 1735 et
342 1701 473 1747 ubique
496 1709 549 1735 est
570 1701 727 1743 malum,
750 1713 836 1747 ergo
859 1701 977 1735 omnis
999 1701 1140 1735 tristitia
1163 1708 1216 1735 est
1237 1700 1345 1734 mala.

358 1765 389 1788 2.
411 1754 647 1789 PRAETEREA.
663 1754 766 1796 Illud,
782 1755 877 1800 quod
901 1766 1029 1788 omnes
1050 1753 1201 1800 fugiunt,
1224 1754 1334 1788 etiam
1354 1753 1515 1796 virtuosi,
1537 1761 1591 1788 est
1610 1752 1764 1788 malum:
1787 1751 1849 1787 sed

285 1808 466 1842 tristitiam
484 1819 612 1842 omnes
630 1807 782 1853 fugiunt,
806 1809 915 1842 etiam
935 1808 1104 1843 virtuosi:
1129 1809 1222 1854 quia,
1237 1815 1276 1842 ut
1297 1808 1425 1842 dicitur
1440 1807 1476 1841 in
1496 1818 1527 1853 7.
1542 1806 1659 1841 Ethic.
1683 1806 1769 1854 (cap.
1784 1806 1849 1852 11.)

285 1863 343 1896 etsi
358 1861 501 1908 prudens
521 1873 586 1896 non
608 1861 756 1896 intendat
781 1861 946 1905 delectari,
963 1867 1072 1897 tamen
1098 1861 1236 1896 intendit
1262 1873 1327 1896 non
1354 1862 1482 1896 tristari
1490 1873 1503 1902 ;
1527 1871 1614 1907 ergo
1635 1860 1776 1895 tristitia
1798 1868 1850 1895 est

287 1915 436 1949 malum.

361 1980 389 2015 3.
412 1969 648 2003 PRAETEREA.
677 1968 779 2003 Sicut
815 1968 954 2002 malum
989 1968 1177 2015 corporale
1211 1976 1265 2003 est
1297 1968 1492 2014 objectum,
1513 1975 1548 2002 et
1569 1978 1678 2002 causa
1714 1966 1850 2002 doloris

287 2021 510 2068 corporalis3
532 2022 581 2056 ita
607 2021 744 2056 malum
763 2022 945 2068 spirituale
974 2031 1026 2056 est
1048 2023 1244 2068 objectum,
1266 2029 1300 2056 et
1327 2033 1435 2056 causa
1456 2021 1619 2056 tristitiae
1641 2020 1848 2067 spiritualis:

287 2075 348 2109 sed
383 2076 502 2109 omnis
529 2075 634 2109 dolor
665 2075 863 2121 corporalis
890 2083 943 2111 est
964 2076 1102 2111 malum
1136 2076 1316 2123 corporis;
1339 2087 1425 2122 ergo
1448 2075 1568 2110 omnis
1587 2075 1728 2110 tristitia
1754 2075 1852 2122 spiri-

286 2128 393 2162 tualis
412 2137 465 2163 est
485 2129 622 2162 malum
652 2129 805 2163 animae.

360 2182 434 2216 SED
458 2193 624 2217 CONTRA.
652 2182 813 2217 Tristitia
847 2183 890 2217 de
928 2183 1027 2218 malo
1056 2184 1296 2218 contrariatur
1317 2182 1549 2218 delectationi
1574 2182 1618 2217 de
1648 2182 1766 2218 malo:
1788 2181 1849 2217 sed

289 2235 480 2270 delectatio
518 2236 561 2270 de
595 2235 692 2270 malo
729 2244 781 2270 est
813 2236 927 2270 mala:
962 2237 1057 2271 unde
1088 2238 1123 2271 in
1157 2237 1436 2271 delectationem
1458 2236 1700 2283 quorumdam
1721 2235 1851 2270 dicitur

288 2289 459 2323 Proverb.
483 2299 513 2323 2.
537 2289 632 2334 quod
653 2290 831 2332 laetantur,
856 2302 927 2324 (nm
950 2291 1035 2324 mals
1049 2291 1211 2336 fecerim,-
1229 2302 1316 2336 ergo
1337 2289 1477 2325 tristitia
1500 2290 1543 2324 de
1559 2289 1656 2324 malo
1678 2297 1732 2324 est
1743 2289 1850 2324 bona.
1888 2321 1895 2332 ,

360 2342 588 2376 Rnspoxmzo
611 2342 816 2384 dicendum,
839 2343 935 2389 quod
958 2343 1090 2389 aliquid
1114 2355 1191 2378 esse
1213 2344 1364 2385 bonum,
1385 2343 1443 2378 vel
1469 2343 1608 2378 malum
1634 2350 1753 2390 potest
1778 2342 1850 2376 dici

288 2396 470 2442 dupliciter.
501 2396 572 2430 Uno
590 2396 685 2429 modo
707 2395 930 2441 simpliciter,
953 2405 987 2431 et
1008 2398 1208 2431 secundum
1231 2409 1287 2432 se:
1311 2405 1345 2432 et
1365 2398 1410 2432 sic
1425 2398 1529 2432 omnis
1543 2398 1676 2432 tristitia
1694 2401 1738 2432 cst
1755 2395 1852 2443 quod-

289 2449 363 2483 dam
383 2449 530 2483 mulum:
553 2449 623 2482 hoc
648 2449 745 2483 enim
764 2449 880 2494 ipsum
908 2450 1004 2495 quod
1032 2458 1085 2484 est
1112 2451 1310 2496 appetitum
1335 2450 1495 2485 hominis
1521 2450 1657 2484 anxiari
1683 2450 1725 2484 de
1752 2448 1850 2484 malo

289 2502 479 2548 praesenti,
501 2502 679 2536 rationem
703 2502 788 2536 mali
811 2503 934 2537 habet:
958 2503 1150 2549 impeditur
1173 2504 1270 2538 enim
1297 2515 1360 2550 per
1386 2504 1456 2538 hoc
1484 2504 1585 2550 quies
1612 2503 1789 2550 appetitus
1815 2503 1850 2537 in

289 2557 398 2590 bono.
421 2556 498 2590 Alio
517 2555 611 2589 modo
634 2556 762 2589 dicitur
784 2555 916 2601 aliquid
939 2557 1088 2598 bonum,
1111 2557 1168 2591 vel
1191 2556 1328 2591 malum
1351 2569 1393 2592 ex
1415 2557 1665 2604 suppositione
1685 2556 1849 2591 alterius:

290 2611 380 2643 sicut
401 2609 617 2642 verecundia
640 2609 769 2642 dicitur
791 2620 867 2643 esse
889 2609 1024 2643 bonum
1042 2622 1081 2643 ex
1098 2611 1346 2656 suppositione
1362 2609 1513 2656 alicujus
1526 2610 1637 2656 turpis
1653 2609 1851 2651 commissi,

290 2671 328 2697 ut
350 2663 478 2696 dicitur
500 2663 534 2696 in
557 2672 589 2704 4.
612 2662 691 2696 Eth.
716 2663 806 2709 (cap.
826 2663 910 2707 ull).
937 2663 995 2696 Sic
1025 2663 1131 2708 igitur
1158 2664 1345 2710 supposito
1373 2663 1494 2710 aliquo
1521 2663 1768 2706 contristabili,
1793 2661 1852 2697 vel

290 2716 476 2758 doloroso,
498 2716 540 2750 ad
561 2717 737 2750 bonilalcm
755 2717 907 2762 pertinet,
931 2716 1015 2761 qnod
1037 2718 1155 2762 aliquis
1170 2717 1206 2751 dc
1222 2718 1654 2764 mulopracscntitristetur,
1668 2716 1849 2758 wldeham

291 2771 386 2816 quod
409 2770 503 2804 enim
527 2781 600 2803 non
622 2770 831 2811 tristaretur,
854 2769 909 2803 vel
932 2781 1004 2803 non
1028 2770 1176 2812 doleret,
1199 2781 1272 2804 non
1288 2778 1409 2817 posset
1423 2781 1513 2812 esse,
1527 2770 1594 2805 nisi
1609 2770 1692 2816 quia
1705 2769 1763 2804 vel
1776 2780 1850 2804 non

291 2824 448 2865 sentiret,
462 2823 519 2857 vel
535 2824 616 2869 quia
633 2834 703 2857 non
722 2831 899 2870 reputaret
914 2823 978 2856 sibi
994 2835 1214 2869 repugnans:
1232 2832 1265 2858 et
1280 2832 1470 2871 utrumque
1484 2824 1636 2859 istorum
1650 2831 1704 2858 est
1713 2823 1850 2858 malum

291 2876 496 2919 manifeste3
519 2885 552 2911 et
579 2877 660 2911 ideo
689 2877 731 2910 ad
760 2877 956 2911 bonitatem
985 2877 1148 2922 pertinet,
1176 2886 1213 2912 ut
1240 2877 1423 2924 supposita
1450 2877 1651 2924 praesentia
1678 2876 1777 2919 mali,
1802 2886 1853 2911 se-
