1955 3182
267 220 320 262 72
717 218 938 253 QUAESTIO
973 218 1030 247 VI.
1065 217 1309 247 ARTICULUS
1342 217 1369 247 Ι.

746 335 847 369 Circa
862 336 1015 381 primum
1038 339 1246 380 quaeruntur
1267 339 1347 369 octo.

332 407 468 441 Primo.
492 406 624 441 Utrum
646 406 681 440 in
702 406 872 440 humanis
895 405 1031 439 actibus
1053 405 1256 440 inveniatur
1276 405 1533 440 voluntarium.

335 460 516 494 Secundo.
540 460 672 494 Utrum
694 460 896 493 inveniatur
917 459 952 492 in
976 458 1191 493 animalibus
1213 459 1337 494 brutis.

334 513 471 548 Tertio.
495 514 627 548 Utrum
648 512 893 547 voluntarium
917 523 994 546 esse
1016 513 1130 558 possit
1151 512 1284 559 absque
1308 513 1408 547 omni
1432 521 1525 548 actu.

336 567 489 607 Quarto.
512 567 643 600 Utrum
666 566 838 599 violentia
859 565 1038 599 voluntati
1059 566 1173 612 possit
1193 566 1326 600 inferri.

336 620 487 661 Quinto.
510 620 642 654 Utrum
664 619 837 653 violentia
860 627 983 653 causet
1003 619 1301 654 involuntarium.

335 674 456 708 Sexto.
479 675 612 708 Utrum
634 681 750 707 metus
774 681 897 707 causet
918 672 1214 707 involuntarium.

335 728 510 774 Septimo.
534 727 666 761 Utrum
689 726 982 772 concupiscentia
1005 726 1289 761 involuntarium
1311 735 1444 761 causet.

337 781 493 816 Octavo.
517 781 648 815 Utrum
670 780 884 826 ignorantia.

845 950 1191 994 ARTICULUS
1221 951 1254 993 I.
1787 974 1829 1007 41

382 1058 533 1088 UTRUM
559 1058 604 1087 IN
632 1058 827 1088 HUMANIS
855 1058 1040 1088 ACTIBUS
1075 1059 1343 1089 INVENIATUR
1374 1059 1712 1090 VOLUNTARIUM.

332 1158 392 1192 AD
414 1169 563 1192 PRIMUM
585 1158 634 1191 sic
657 1157 874 1204 proceditur.
905 1158 1067 1200 Videtur,
1102 1158 1199 1205 quod
1220 1158 1257 1193 in
1279 1158 1449 1193 humanis
1484 1159 1621 1194 actibus
1641 1170 1717 1194 non
1738 1159 1835 1195 inve-

261 1212 378 1246 niatur
398 1211 655 1245 voluntarium.
683 1211 941 1245 Voluntarium
964 1212 1061 1246 enim
1084 1220 1147 1254 est,
1170 1213 1270 1257 cujus
1305 1213 1523 1259 principium
1550 1221 1603 1247 est
1623 1213 1660 1247 in
1681 1213 1774 1260 ipso,
1796 1222 1835 1248 ut

261 1274 358 1312 patet
378 1276 441 1311 per
464 1265 619 1310 Gregor.
654 1265 862 1311 Nyssenum
899 1266 1089 1312 (z‘clpolius
1110 1267 1298 1301 Nemesim!
1328 1267 1383 1301 lib.
1406 1267 1441 1301 da
1464 1267 1543 1301 Nat.
1566 1267 1669 1301 Hom.
1692 1273 1763 1314 cap.
1782 1279 1833 1314 32.

261 1321 293 1353 in
311 1319 442 1366 princ.)
465 1326 499 1352 et
519 1319 691 1352 Damasc.
715 1319 789 1364 (lib.
812 1331 842 1353 2.
869 1319 963 1354 Orth.
987 1320 1061 1354 Fid.
1085 1326 1156 1366 cap.
1178 1321 1252 1364 24.)
1276 1328 1310 1354 θῖ
1332 1320 1482 1354 Aristot.
1504 1320 1544 1366 (3.
1563 1321 1672 1355 Ethic.
1687 1322 1833 1367 cap.1.).·

261 1373 323 1407 sed
345 1372 561 1419 principium
588 1372 836 1406 humanorum
859 1381 1005 1407 actuum
1027 1384 1101 1407 non
1124 1381 1177 1407 est
1198 1373 1233 1407 in
1256 1373 1334 1420 ipso
1356 1374 1519 1415 homine,
1541 1373 1603 1407 sed
1633 1381 1687 1408 est
1715 1382 1832 1409 extra:

260 1439 345 1460 nam
368 1427 544 1473 appetitus
566 1427 726 1460 hominis
750 1434 917 1461 movetur
939 1426 983 1460 ad
1006 1427 1188 1473 agendum
1211 1427 1252 1461 ab
1277 1426 1471 1473 appetibili,
1506 1427 1603 1473 quod
1636 1435 1690 1462 θεῖ
1723 1436 1834 1470 extra,

261 1481 357 1527 quod
380 1489 431 1514 est
453 1481 544 1514 sicut
565 1492 717 1514 movens
739 1492 819 1514 non»
835 1488 990 1522 motum,
1012 1489 1050 1514 ut
1071 1481 1201 1514 dicitur
1221 1481 1258 1514 in
1283 1492 1311 1527 3.
1335 1481 1378 1515 de
1400 1481 1524 1515 Anim.
1546 1481 1623 1526 (tex.
1638 1482 1725 1528 54.);
1745 1493 1833 1528 ergo

261 1535 297 1569 in
317 1534 487 1568 humanis
510 1534 646 1567 actibus
668 1546 742 1567 non
764 1534 945 1568 invenitur
966 1534 1223 1568 voluntarium.

333 1599 363 1622 2.
386 1588 621 1622 PRAETEREA.
644 1587 780 1621 Philos.
803 1588 839 1621 in
862 1588 892 1621 8.
915 1587 1061 1634 Physic.
1084 1589 1165 1633 (tex.
1188 1588 1260 1633 28.)
1282 1588 1422 1634 probat,
1444 1587 1541 1634 quod
1560 1599 1635 1622 non
1653 1588 1834 1623 invenitur

260 1643 295 1676 in
319 1642 532 1676 animalibus
556 1641 682 1688 aliquis
705 1650 825 1676 motus
847 1653 975 1683 novus⁷
999 1641 1059 1688 qui
1080 1653 1155 1675 non
1177 1641 1430 1688 praeveniatur
1452 1642 1493 1675 ab
1518 1641 1589 1676 alio
1612 1649 1716 1676 motu
1739 1650 1832 1676 exte-

260 1696 363 1730 riori:
387 1696 447 1730 sed
470 1707 597 1729 omnes
621 1703 721 1729 actus
735 1695 895 1729 hominis
911 1703 993 1729 sunt
1007 1695 1113 1737 novi3
1128 1694 1248 1729 nullus
1263 1695 1362 1729 enim
1377 1703 1477 1730 actus
1491 1695 1652 1729 hominis
1667 1703 1834 1730 aeternus

261 1758 331 1792 est3
354 1761 440 1795 ergo
463 1749 680 1796 principium
703 1749 869 1783 omnium
891 1749 1140 1783 humanorum
1163 1756 1310 1783 actuum
1332 1756 1386 1782 est
1408 1748 1450 1782 ab
1473 1756 1591 1791 extra3
1617 1760 1693 1783 non
1725 1748 1835 1795 igitur

260 1804 294 1837 in
317 1803 367 1837 eis
390 1803 569 1837 invenitur
590 1802 847 1837 voluntarium.

334 1869 362 1903 3.
384 1857 619 1891 PRAETEREA.
645 1856 720 1897 Qui
740 1856 943 1890 voluntarie
967 1856 1051 1902 agit,
1074 1867 1136 1902 per
1158 1867 1195 1890 se
1218 1867 1324 1902 agere
1345 1863 1480 1902 potest:
1503 1855 1566 1890 sed
1587 1855 1659 1890 hoc
1685 1855 1831 1890 homini

258 1923 332 1946 non
348 1911 534 1945 convenit:
551 1910 679 1944 dieitur
694 1910 791 1944 enim
806 1910 910 1955 Joan.
937 1921 1005 1954 15.:
1031 1910 1107 1944 Sine
1123 1922 1170 1944 me
1193 1910 1276 1944 nihil
1291 1911 1422 1956 potestis
1436 1910 1573 1956 facere;
1597 1920 1684 1956 ergo
1705 1909 1832 1944 volun-

257 1966 389 2000 tarium
412 1965 446 1998 in
469 1964 638 1998 humanis
661 1964 798 1998 actibus
820 1975 894 1998 non
914 1964 1104 1998 invenitur.

330 2019 404 2053 SED
423 2029 578 2053 CONTRA
595 2026 657 2059 est,
673 2018 768 2064 quod
783 2018 868 2052 dicit
884 2018 1135 2051 Damascenus
1150 2017 1185 2050 in
1202 2027 1232 2051 2.
1248 2016 1307 2051 lib.
1323 2017 1438 2062 (Orth.
1454 2016 1527 2051 Fid.
1547 2022 1618 2063 cap.
1633 2017 1720 2062 24.)‚
1736 2017 1833 2064 quod

256 2073 503 2108 voluntarium
518 2080 570 2106 est
585 2080 697 2113 actus,
716 2072 775 2117 qui
798 2079 851 2105 est
872 2071 1035 2117 operatio
1058 2070 1262 2105 rationalis:
1285 2070 1375 2105 tales
1398 2078 1520 2105 autem
1542 2078 1626 2105 sunt
1653 2079 1753 2106 actus
1771 2071 1835 2105 hu-

258 2127 373 2169 mani3
396 2137 482 2172 ergo
505 2126 541 2159 in
564 2126 700 2159 actibus
723 2125 892 2158 humanis
915 2125 1096 2159 invenitur
1117 2124 1375 2158 voluntarium.

329 2180 558 2214 Rrspoxosso
575 2178 781 2220 dicendum,
798 2179 895 2225 quod
911 2186 1055 2224 oportet
1075 2178 1111 2212 in
1134 2178 1271 2212 actibus
1292 2178 1463 2212 humanis
1480 2177 1728 2213 voluntarium
1743 2189 1831 2213 esse.

258 2234 315 2268 Ad
343 2234 443 2279 cujus
466 2232 684 2266 evidentiam
708 2232 1015 2266 considerandum
1038 2240 1101 2274 est,
1129 2232 1226 2278 quod
1249 2231 1472 2278 quorumdam
1493 2239 1652 2274 actuum,
1674 2243 1737 2267 seu
1759 2243 1835 2266 mo-

257 2296 360 2322 tuum
382 2286 598 2334 principium
621 2294 673 2320 est
695 2286 729 2319 in
753 2294 893 2331 agente,
917 2297 979 2319 seu
1001 2286 1037 2319 in
1062 2297 1105 2320 eo
1132 2285 1229 2332 quod
1257 2293 1441 2320 movetur:
1469 2285 1690 2331 quorumdam
1712 2293 1832 2320 autem
1866 2283 1872 2288 ’

258 2349 437 2382 motuum,
456 2339 513 2374 vel
535 2348 680 2373 actuum
704 2339 920 2385 principium
941 2347 993 2373 θεῖ
1016 2347 1130 2373 extra:
1155 2351 1240 2373 cum
1265 2339 1362 2373 enim
1384 2339 1475 2386 lapis
1494 2346 1661 2373 movetur
1679 2350 1834 2381 sursum,

257 2394 472 2441 principium
489 2393 594 2438 hujus
610 2393 782 2427 motionis
799 2401 851 2426 est
866 2400 963 2426 extra
982 2392 1160 2438 lapidcm3
1185 2393 1246 2426 sed
1263 2404 1347 2426 cum
1363 2400 1531 2427 movetur
1544 2392 1727 2434 deorsum,
1742 2393 1834 2439 prin-

257 2449 392 2495 cipium
414 2448 519 2493 hujus
542 2447 715 2481 motionis
742 2454 794 2480 est
820 2446 855 2479 in
883 2447 960 2491 ipso
984 2446 1113 2492 lapide.
1138 2446 1275 2480 Eorum
1298 2454 1432 2488 autem,
1455 2457 1547 2492 quae
1571 2457 1590 2480 a
1611 2446 1762 2493 pricipio
1785 2446 1835 2480 in-

255 2504 412 2538 trinseco
442 2510 645 2543 moventur,
673 2501 832 2547 quaedam
859 2509 1009 2535 movent
1031 2501 1158 2546 seipsa,
1181 2501 1339 2546 quaedam
1363 2511 1485 2534 autem
1505 2511 1599 2534 non:
1629 2511 1713 2534 curn
1735 2499 1832 2534 enim

257 2569 366 2592 omne
394 2567 515 2603 agens,
534 2567 596 2589 seu
616 2563 758 2589 motum
777 2562 870 2599 agat,
890 2566 951 2588 seu
971 2562 1162 2588 moveatur
1180 2562 1328 2600 propter
1346 2553 1468 2596 finem,
1487 2561 1525 2588 ut
1542 2565 1650 2600 supra
1667 2553 1831 2588 habitum

258 2619 310 2645 est
332 2611 377 2656 (q.
401 2623 426 2645 r.
450 2615 512 2644 art.
536 2611 593 2654 1.)‚
616 2608 676 2642 illa
700 2608 854 2654 perfecte
878 2616 1071 2642 moventur
1094 2619 1113 2641 a
1132 2607 1308 2654 principio
1332 2607 1540 2650 intrinseco,
1567 2607 1603 2641 in
1631 2607 1758 2653 quibus
1780 2615 1834 2641 est

258 2664 403 2710 aliquod
426 2664 662 2697 intrinsecum
685 2662 914 2708 principium,
937 2672 1009 2695 non
1034 2661 1153 2694 solum
1176 2669 1214 2695 ut
1236 2669 1463 2703 moveantur,
1486 2660 1547 2695 sed
1562 2668 1600 2695 ut
1614 2668 1833 2694 moveantur

257 2719 292 2752 in
316 2718 435 2752 finem.
460 2717 516 2751 Ad
535 2717 606 2751 hoc
631 2724 752 2750 autem
774 2715 870 2762 quod
895 2715 955 2749 fiat
978 2715 1111 2761 aliquid
1139 2723 1285 2761 propter
1308 2715 1429 2757 finem,
1451 2714 1644 2761 requiritur
1665 2714 1828 2760 cognitio

259 2771 336 2805 linis
360 2771 541 2818 aliqualis:
566 2770 822 2817 quodcumque
839 2770 946 2815 igitur
961 2769 1010 2803 sic
1033 2769 1116 2815 agit,
1138 2768 1197 2802 vel
1211 2777 1380 2803 movetur
1395 2780 1413 2802 a
1428 2768 1606 2815 principio
1622 2767 1831 2810 intrinseco,

257 2826 353 2872 quod
375 2826 484 2859 habet
506 2824 665 2871 aliquam
687 2824 854 2858 notitiam
875 2823 966 2864 finis,
989 2823 1096 2856 habet
1117 2823 1152 2856 in
1176 2822 1294 2868 seipso
1318 2822 1534 2869 principium
1553 2821 1607 2856 sui
1626 2829 1738 2863 actus,
1756 2833 1830 2856 non

257 2879 377 2913 solum
400 2888 437 2913 ut
460 2887 553 2925 agat,
576 2878 637 2912 sed
660 2878 767 2912 ctiam
786 2886 823 2911 ut
837 2885 920 2923 agat
935 2884 1080 2923 propter
1097 2876 1216 2910 finem.
1235 2876 1345 2917 Quod
1366 2884 1487 2910 autem
1505 2874 1644 2910 nullam
1663 2875 1830 2910 notitiam

258 2933 339 2968 sinis
352 2933 470 2975 habet,
490 2933 553 2967 etsi
569 2933 603 2966 in
619 2944 662 2966 eo
678 2932 722 2966 sit
740 2931 957 2977 principium
982 2930 1146 2971 actionis,
1169 2929 1225 2964 vel
1248 2938 1389 2972 motus;
1412 2940 1485 2964 non
1503 2937 1626 2964 tamen
1641 2929 1717 2975 ejus
1731 2929 1829 2976 quod
