1907 3182
244 196 331 239 254
640 194 861 230 QUAESTIO
895 193 1048 222 XXXIII.
1083 190 1328 222 ARTICULUS
1362 191 1407 220 11.

243 286 454 312 excrescunt
474 276 678 311 naturalem
703 275 966 316 habitudinem,
1001 273 1062 307 sed
1089 272 1278 318 perficiunt
1303 280 1490 314 naturam,
1517 271 1612 305 unde
1635 282 1719 305 cum
1740 281 1815 316 per-

243 332 385 365 venitur
407 331 450 364 ad
473 330 831 364 consummationem
852 329 888 361 in
911 327 1007 374 ipsis,
1022 335 1107 360 tunc
1130 333 1213 359 sunt
1233 325 1350 371 magis
1369 324 1617 358 delectabiles:
1640 323 1710 357 nisi
1722 322 1814 357 forte

243 396 306 431 per
323 384 502 425 accidens,
524 384 738 429 inquantum
760 380 963 428 operationi
986 378 1290 425 contemplativae
1305 378 1549 424 adjunguntur
1571 377 1713 423 aliquae
1732 387 1816 423 ope-

243 439 400 472 rationes
422 437 595 471 virtutum
618 435 874 482 corporalium,
897 444 988 478 quae
1010 444 1073 477 per
1093 432 1340 466 assiduitatem
1363 431 1537 477 operandi
1562 430 1751 464 lassantur.
1770 430 1815 463 Et

243 503 306 537 per
326 491 423 525 hunc
451 490 603 524 modum
627 489 735 523 etiam
758 494 876 534 potest
897 485 1061 530 intelligi,
1089 485 1186 531 quod
1216 484 1345 518 dicitur
1377 483 1476 518 Eccl.
1499 493 1572 526 24:
1602 484 1673 528 Qui
1700 483 1815 517 bibunt

244 557 305 587 mc,
329 544 433 578 adhuc
453 544 581 578 sitiant:
602 542 684 587 quia
711 541 820 574 etiam
842 539 885 573 de
915 538 1079 584 Angelis,
1107 538 1167 584 qui
1196 537 1354 584 perfecte
1379 538 1501 572 Deum
1529 543 1758 583 cognoscunt
1780 543 1815 570 et

244 596 468 631 delectantur
498 596 533 629 in
567 595 657 641 ipso,
680 594 808 628 dicitur
834 604 860 626 1.
888 592 982 626 Petr.
1010 603 1036 625 1.
1064 591 1162 638 quod
1183 591 1366 626 desiderant
1394 592 1429 624 in
1457 602 1530 625 eum
1545 591 1748 637 prospicere.
1776 588 1815 622 Si

244 661 330 684 vero
357 650 606 684 consideretur
627 646 832 688 delectatiO,
860 653 966 692 prout
989 653 1042 679 est
1063 645 1099 678 in
1120 645 1312 686 memoria,
1339 651 1374 678 et
1399 655 1474 678 non
1495 643 1532 676 in
1559 650 1653 685 actu,
1675 642 1726 677 sic
1753 652 1816 688 per

244 715 281 738 se
308 711 392 737 nata
420 711 472 737 est
502 712 650 736 causare
680 700 737 734 sui
762 700 873 746 ipsius
895 699 1004 740 sitim,
1036 706 1070 732 et
1096 698 1327 739 desiderium,
1353 696 1500 742 quando
1526 695 1668 731 scilicet
1698 695 1815 729 homo

244 756 335 790 redit
357 756 400 790 ad
422 755 523 789 illam
546 753 833 800 dispositionem,
855 753 891 785 in
915 763 984 798 qua
1008 759 1082 785 erat
1104 751 1170 785 sibi
1191 749 1419 792 delectabile,
1442 750 1539 795 quod
1561 749 1763 795 praeteriit:
1785 748 1815 782 si

245 821 332 844 vero
355 809 567 842 immutatus
586 808 630 841 sit
652 807 694 840 ab
714 805 775 840 illa
798 805 1045 852 dispositione,
1068 805 1247 839 memoria
1266 803 1518 837 delectationis
1540 814 1616 836 non
1637 809 1762 836 causat
1780 801 1823 835 in.

245 874 288 897 eo
312 861 602 902 delectationem,
626 860 686 894 sed
709 859 914 901 fastidium;
936 859 1029 892 sicut
1050 857 1158 904 pleno
1186 857 1351 891 existenti
1372 858 1552 890 memoria
1574 855 1656 889 cibi.

316 916 375 950 An
402 924 551 950 PR1MUM
582 925 668 959 ergo
704 912 910 954 dicendum,
949 911 1046 958 quod
1070 911 1215 957 quando
1243 910 1436 944 delectatio
1459 917 1512 944 est
1537 908 1709 956 perfecta,
1730 916 1815 942 tunc

243 969 352 1003 habet
374 967 628 1002 omnimodam
651 966 822 1012 quietem,
851 973 885 999 et
907 973 1023 999 cessat
1050 972 1171 999 motus
1199 964 1366 998 desiderii
1386 963 1566 998 tendentis
1592 963 1630 996 in
1656 973 1732 996 non
1756 962 1818 995 ha-

242 1023 374 1056 bitum:
398 1020 460 1055 sed
482 1020 626 1066 quando
648 1018 859 1065 imperfecte
880 1019 1044 1061 habetur,
1065 1026 1149 1053 tunc
1172 1029 1247 1052 non
1269 1017 1422 1052 omnino
1442 1024 1560 1051 cessat
1580 1023 1703 1050 motus
1725 1015 1814 1049 desi-

245 1075 332 1110 derii
354 1074 533 1109 tendentis
555 1074 591 1107 in
613 1085 687 1107 non
709 1073 885 1106 habitum.

314 1129 374 1163 AD
402 1138 610 1162 SECUNDUM
637 1127 843 1168 dicendum,
871 1126 968 1172 quod
995 1125 1029 1159 id
1057 1125 1154 1171 quod
1180 1123 1391 1171 imperfecte
1417 1124 1582 1165 habetur,
1608 1122 1810 1157 secundum

247 1182 330 1229 quid
352 1182 516 1223 habetur,
540 1189 573 1215 et
595 1180 795 1214 secundum
819 1180 902 1225 quid
922 1190 997 1213 non
1015 1179 1184 1220 habetur3
1200 1186 1235 1212 et
1252 1178 1334 1212 ideo
1354 1177 1463 1212 simul
1482 1177 1526 1211 de
1545 1188 1588 1211 eo
1607 1184 1727 1223 potest
1739 1186 1817 1210 esse

248 1244 282 1270 et
303 1235 534 1276 desiderium,
557 1242 591 1268 et
613 1233 817 1267 delectatio.

315 1290 375 1323 AD
391 1298 563 1323 TERTIUM
586 1286 791 1328 dicendum,
815 1286 911 1332 quod
935 1285 1195 1320 delectationes
1218 1284 1290 1319 alio
1312 1285 1426 1319 modo
1445 1291 1598 1318 causant
1617 1283 1815 1325 fastidium,

246 1350 280 1376 et
303 1341 374 1376 alio
398 1341 509 1375 modo
538 1341 770 1382 desiderium,
791 1348 829 1373 ut
852 1340 988 1373 dictum
1012 1347 1065 1373 est
1088 1339 1138 1383 (in
1157 1345 1246 1386 corp.
1269 1340 1364 1384 art).

797 1482 1144 1527 ARTICULUS
1178 1482 1259 1524 III.
1753 1501 1816 1539 192

476 1592 630 1621 UTRUM
656 1591 940 1621 DELECTATIO
977 1590 1189 1619 lMPEDIAT
1216 1589 1336 1619 USUM
1362 1589 1583 1619 RATIONIS.

588 1678 689 1725 (Injr.
712 1691 742 1724 q.
761 1690 813 1725 34.
837 1684 903 1714 art.
927 1691 954 1713 Ι.
977 1678 1019 1712 ad
1036 1691 1063 1713 Ι.
1086 1683 1114 1712 et
1134 1690 1199 1713 2-2.
1223 1690 1252 1724 q.
1275 1690 1318 1724 15.
1342 1683 1406 1712 art.
1429 1690 1458 1724 3.

361 1738 389 1767 εί
410 1745 439 1778 q.
459 1745 503 1778 53.
523 1738 588 1767 art.
612 1733 644 1767 6.
666 1737 696 1767 et
716 1744 750 1776 4.
771 1733 859 1766 Dist.
882 1744 938 1775 40.
962 1744 991 1777 q.
1010 1744 1038 1778 3.
1062 1737 1126 1767 art.
1149 1743 1180 1766 2.
1203 1731 1245 1766 ad
1262 1744 1290 1777 3.
1313 1735 1343 1766 et
1363 1736 1428 1766 art.
1446 1743 1476 1778 5.
1495 1743 1525 1777 q.
1547 1743 1575 1766 1.
1598 1730 1641 1766 ad
1661 1741 1694 1776 4.

760 1791 789 1820 et
811 1786 895 1819 aial.
918 1797 948 1831 q.
970 1798 1021 1821 10.
1045 1790 1108 1820 art.
1131 1798 1158 1820 1.
1181 1785 1224 1819 ad
1246 1786 1305 1831 7.).

315 1874 375 1909 AD
399 1884 570 1909 TERTIUM
593 1874 643 1908 sic
667 1874 884 1920 proceditur.
907 1873 1070 1916 Videtur,
1093 1873 1191 1920 quod
1213 1873 1406 1908 delectatio
1425 1884 1500 1907 non
1515 1872 1690 1920 impediat
1710 1884 1816 1907 usum

244 1928 412 1962 rationis:
436 1928 536 1974 quies
559 1927 656 1961 enim
678 1927 837 1962 maxime
865 1927 1005 1961 confert
1028 1927 1071 1961 ad
1094 1927 1254 1961 debitum
1278 1927 1427 1961 rationis
1441 1938 1560 1969 usum,
1575 1927 1670 1961 unde
1688 1927 1818 1962 dicitur

244 1982 280 2015 in
302 1993 333 2027 7.
355 1981 500 2027 Physic.
525 1980 604 2024 (tex.
626 1982 711 2026 20),
735 1981 832 2027 quod
857 1982 890 2014 in
911 1981 1057 2024 sedendo,
1085 1986 1114 2016 et
1139 1980 1327 2027 quiescendo
1341 1982 1384 2028 fit
1409 1982 1525 2015 anima
1545 1982 1657 2024 sciens,
1684 1985 1715 2015 et
1734 1987 1817 2028 prn-

244 2036 340 2077 dean,-
358 2044 392 2070 et
408 2035 490 2081 Sap.
507 2035 558 2070 8.:
574 2035 708 2070 Intrans
726 2037 760 2069 in
774 2035 908 2069 domum
926 2048 1033 2070 meanz
1048 2037 1274 2081 conquiescam
1289 2035 1450 2078 camilla,
1470 2034 1608 2069 scilicet
1629 2035 1815 2081 sapientia:

245 2090 307 2124 sed
330 2089 522 2123 delectatio
545 2096 598 2123 est
625 2090 805 2135 quaedam
835 2089 956 2135 quies;
978 2100 1074 2136 ergo
1102 2100 1177 2123 non
1208 2088 1371 2135 impedit,
1402 2089 1465 2123 sed
1494 2089 1612 2134 magis
1640 2089 1740 2134 juvat
1766 2100 1819 2122 ra-

246 2152 336 2177 tioni
359 2154 476 2176 usum.

314 2204 345 2228 2.
369 2194 605 2229 PRAETEREA.
625 2193 676 2228 Ea
698 2206 790 2240 quae
812 2206 887 2228 non
914 2203 996 2229 sunt
1018 2195 1053 2228 in
1081 2195 1224 2236 eodem,
1252 2194 1396 2229 etiamsi
1421 2195 1493 2229 sint
1519 2194 1712 2237 contraria,
1738 2205 1813 2228 non

245 2258 282 2281 se
304 2247 525 2293 impediunt:
549 2247 611 2281 sed
633 2247 826 2282 delectatio
849 2256 902 2282 est
924 2249 959 2281 in
988 2256 1087 2294 parte
1111 2248 1325 2294 appetitiva,
1348 2259 1432 2282 usus
1459 2255 1582 2282 autem
1603 2248 1753 2282 rationis
1780 2248 1815 2282 in

245 2309 346 2347 parte
370 2301 650 2347 apprehensiva3
674 2312 761 2347 ergo
785 2301 979 2336 delectatio
1002 2313 1076 2335 non
1099 2301 1251 2348 impedit
1273 2301 1421 2336 rationis
1443 2313 1560 2336 usum.

320 2366 348 2400 3.
364 2354 601 2389 PRAETEREA.
621 2354 731 2395 Quod
748 2355 942 2402 impeditur
965 2355 1006 2389 ab
1031 2355 1114 2397 alio,
1132 2355 1274 2390 videtur
1291 2355 1568 2402 quodammodo
1583 2355 1817 2390 transmutari

246 2407 288 2442 ab
311 2408 409 2454 ipso:
433 2407 494 2442 sed
517 2419 601 2442 usus
625 2408 910 2454 apprehensivae
933 2409 1073 2443 virtutis
1096 2409 1212 2454 magis
1236 2416 1361 2443 movet
1383 2408 1677 2451 delectationem,
1705 2420 1815 2455 quam

245 2473 264 2495 a
286 2461 526 2495 delectatione
550 2470 759 2495 moveatur:
783 2469 836 2496 est
857 2462 955 2496 enim
979 2473 1087 2496 causa
1110 2462 1381 2504 delectationis;
1404 2473 1492 2508 ergo
1519 2461 1714 2497 delectatio
1741 2473 1815 2496 non

244 2515 395 2561 impedit
417 2526 523 2549 usum
545 2515 706 2548 rationis.

319 2568 393 2602 SED
417 2578 572 2603 CONTRA
596 2576 660 2610 est,
688 2568 784 2613 quod
812 2567 949 2602 philos.
977 2569 1063 2603 dicit
1089 2569 1124 2602 in
1151 2567 1182 2602 6.
1211 2568 1292 2602 Eth.
1321 2568 1411 2615 (rap.
1435 2566 1500 2617 5.),
1526 2568 1624 2615 quod
1650 2568 1816 2604 delectatio

245 2623 432 2668 corrumpit
458 2622 732 2656 existinmtionam
751 2621 957 2668 prudentiae.

316 2675 547 2709 Rssspoxnfio
570 2674 777 2716 dicendum,
801 2675 909 2720 quod,
933 2675 1024 2708 sicut
1046 2675 1175 2709 dicitur
1197 2675 1231 2709 in
1259 2685 1310 2710 10.
1334 2675 1549 2709 Ethicorum
1571 2675 1660 2722 (cap.
1679 2677 1739 2722 5.)‚
1759 2675 1818 2710 de-

245 2727 458 2763 lectationes
474 2728 640 2775 propriae
659 2728 840 2774 adaugent
855 2729 1096 2774 operationes,
1117 2737 1308 2763 extraneae
1322 2740 1410 2763 vero
1424 2729 1637 2776 impediunt.
1652 2729 1714 2764 Est
1728 2739 1816 2775 ergo

245 2782 425 2827 quaedam
449 2781 653 2823 delectatio,
676 2793 768 2827 quae
795 2781 947 2815 habetur
975 2782 1016 2816 de
1045 2782 1123 2827 ipso
1152 2790 1234 2816 actu
1260 2782 1428 2825 rationi53
1455 2783 1548 2817 sicut
1575 2793 1658 2816 cum
1686 2782 1815 2828 aliquis

245 2834 445 2869 delectatur
467 2835 503 2868 in
526 2834 822 2880 contemplando,
841 2834 899 2868 vel
922 2835 1196 2869 ratiocinando:
1217 2844 1251 2870 et
1273 2835 1352 2870 talis
1369 2835 1563 2870 delectatio
1577 2846 1651 2870 non
1666 2835 1816 2882 impedit

245 2899 350 2922 usum
373 2889 533 2930 rationis,
549 2889 610 2922 sed
628 2888 790 2934 adjuvat;
810 2888 892 2934 quia
914 2887 1000 2921 illud
1025 2888 1193 2922 attentius
1209 2899 1415 2934 operamur,
1430 2889 1466 2923 in
1481 2899 1554 2935 quo
1569 2888 1813 2924 delectamur:
