1875 3198
222 193 308 237 740
677 193 898 228 QUAESTIO
933 193 1006 222 CII.
1039 193 1286 223 ARTICULUS
1318 194 1346 222 Ι.

220 276 297 321 ipsa
316 274 512 321 prohibitio
527 274 654 308 habuit
668 273 828 319 aliquam
842 274 1022 308 rationem
1040 285 1082 307 ex
1098 274 1223 308 ordine
1239 274 1283 308 ad
1299 273 1407 317 aliud,
1422 276 1636 321 inquantum
1650 276 1791 312 scilicet
1824 283 1826 285 '

220 340 283 374 per
304 328 375 362 hoc
399 327 532 374 aliquid
551 327 791 373 figurabatur3
811 335 845 360 et
863 327 912 360 sic
929 327 1039 361 etiam
1054 327 1336 361 caeremonialia
1350 336 1542 374 praecepta
1554 329 1684 364 veteris
1698 329 1788 376 legis

220 382 356 416 habent
376 382 555 415 rationem
578 381 615 414 in
638 381 763 414 ordine
786 380 830 414 ad
854 379 961 414 aliud.

293 436 352 469 AD
376 445 548 469 TERTIUM
567 433 773 475 dicendum,
789 433 886 479 quod
900 441 1093 480 praecepta
1108 433 1262 468 moralia
1283 434 1484 468 secundum
1503 446 1607 469 suam
1621 444 1789 470 naturam

220 489 355 522 habent
377 487 610 522 rationabiles
633 498 778 521 causas:
802 487 909 521 sicut:
933 487 1011 521 Non
1038 487 1181 521 occides:
1209 488 1286 522 Non
1307 487 1575 534 furtumfacies:
1604 490 1666 524 sed
1692 500 1791 535 prae-

221 550 324 588 cepta
347 540 626 575 caeremonialia
648 540 783 575 habent
802 540 1036 575 rationabiles
1052 551 1179 575 causas
1194 552 1237 574 ex
1259 540 1384 575 ordine
1407 540 1452 575 ad
1474 540 1582 584 aliud,
1601 550 1640 576 ut
1652 541 1790 577 dictum

221 604 274 630 est
295 596 348 640 (in
367 602 458 641 corp.
480 596 575 640 ML).

784 722 1130 768 ARTICULUS
1160 723 1218 766 H.
1725 747 1789 782 547

221 833 373 862 UTRUM
407 832 661 862 PRAECEPTA
689 832 1050 862 CAEREMONIALIA
1077 832 1282 861 HABEANT
1317 832 1493 861 CAUSAM
1526 832 1788 869 LITERALEM,

708 898 790 926 VEL
818 897 1070 927 FIGURALEM
1098 897 1298 928 TANTUM.

666 986 777 1029 (Rom.
811 996 844 1030 4.
876 985 946 1020 lect.
981 997 1012 1020 2.
1047 997 1129 1019 com..
1165 997 1196 1020 2.
1231 990 1261 1020 et
1289 986 1346 1031 3.).

290 1075 350 1109 AD
373 1085 581 1109 SECUNDUM
605 1074 656 1108 sic
673 1074 891 1120 proceditur.
905 1073 1069 1116 Videtur,
1084 1074 1182 1120 quod
1204 1082 1397 1121 praecepta
1419 1073 1700 1108 caeremonialia
1715 1086 1790 1109 non

218 1129 377 1163 habeant
399 1140 548 1162 causam
570 1127 760 1169 literalem,
787 1128 850 1162 sed
871 1127 1064 1173 figuralem
1085 1136 1244 1162 tanturn:
1268 1128 1360 1162 inter
1381 1135 1572 1174 praecepta
1595 1127 1692 1161 enim
1715 1139 1791 1162 cae-

218 1181 433 1216 remonialia
448 1181 641 1228 praecipua
656 1189 731 1215 erat
747 1182 990 1223 circumcisio,
1006 1189 1041 1216 et
1054 1180 1262 1215 immolatio
1279 1180 1570 1228 agnipaschalis:
1584 1180 1648 1216 sed
1658 1189 1792 1215 utrum-

218 1247 286 1282 que
313 1236 466 1270 istorum
495 1246 570 1269 non
600 1235 756 1269 habebat
782 1235 851 1269 nisi
883 1246 1031 1269 causam
1059 1234 1271 1281 figuralem,
1299 1234 1383 1280 quia
1416 1242 1610 1281 utrumque
1635 1234 1791 1269 istorum

218 1290 343 1323 datum
367 1297 419 1323 est
445 1289 481 1322 in
508 1289 673 1334 signum:
697 1289 826 1323 dicitur
853 1289 951 1322 enim
969 1289 1060 1323 Gen.
1089 1299 1160 1334 17.:
1189 1287 1444 1323 Circumcidetis
1465 1300 1600 1323 carnem
1613 1289 1788 1335 praeputii

216 1344 328 1384 vestri,
350 1347 385 1376 ut
404 1344 445 1377 sit
463 1344 497 1376 in
514 1344 646 1388 signum
655 1342 803 1389 foederis
821 1344 905 1376 inter
924 1355 984 1384 me,
1001 1347 1030 1376 et
1042 1354 1100 1377 vos
1112 1355 1122 1377 :
1145 1350 1180 1376 et
1201 1341 1245 1376 de
1261 1341 1506 1376 celebratione
1527 1341 1645 1376 Phase
1661 1342 1790 1376 dicitur

217 1396 330 1430 Exod.
351 1407 422 1442 13.:
446 1397 522 1430 Erit
537 1397 630 1442 quasi
643 1398 772 1441 signum
794 1397 829 1430 in
848 1407 951 1430 manu
967 1401 1035 1437 tua,
1052 1401 1081 1430 et
1094 1397 1188 1441 quasi
1202 1400 1455 1430 monumentum
1477 1400 1552 1430 ante
1574 1395 1683 1430 oculos
1697 1400 1788 1435 tuom

219 1461 305 1496 ergo
329 1449 445 1483 multo
470 1449 584 1495 magis
608 1449 677 1483 alia
700 1448 982 1483 caeremonialia
1004 1460 1080 1483 non
1101 1449 1237 1483 habent
1257 1448 1326 1483 nisi
1348 1459 1498 1482 causam
1519 1448 1723 1494 figuralem.

288 1514 318 1537 2.
341 1503 578 1537 PRAETEREA.
602 1502 760 1537 Effectus
782 1503 1080 1549 proportionatur
1098 1514 1184 1536 suae
1205 1513 1355 1537 causae:
1375 1501 1438 1536 sed
1460 1502 1585 1536 omnia
1607 1513 1791 1536 caeremo-

216 1556 326 1590 nialia
348 1565 430 1591 sunt
451 1556 627 1602 figuralia,
649 1565 688 1590 ut
709 1567 816 1603 supra
835 1556 970 1590 dictum
995 1564 1048 1590 est
1071 1555 1116 1602 (q.
1134 1562 1248 1603 praec.
1272 1561 1337 1591 art.
1359 1555 1424 1601 2.);
1449 1566 1536 1602 ergo
1558 1566 1633 1590 non
1654 1555 1790 1590 habent

215 1610 283 1644 nisi
306 1621 454 1644 causam
476 1609 677 1655 figuralem.

292 1675 319 1709 3.
342 1663 579 1697 Firuz-mm.
596 1662 687 1696 Illud
710 1663 807 1708 quod
830 1663 873 1697 de
895 1674 933 1697 se
956 1671 1008 1697 est
1029 1662 1249 1705 indifferens,
1265 1671 1386 1696 utrum
1401 1662 1451 1697 sic
1469 1662 1529 1697 vel
1546 1674 1621 1697 non
1643 1662 1694 1697 sic
1717 1662 1789 1704 fiat,

215 1728 290 1750 non
316 1717 457 1750 videtur
483 1717 615 1750 habere
643 1715 802 1762 aliquam
830 1716 1009 1750 literalem
1032 1728 1200 1750 causam:
1223 1716 1286 1751 sed
1313 1715 1494 1762 quaedam
1520 1723 1603 1750 sunt
1627 1716 1665 1750 in
1691 1727 1791 1762 prae-

217 1770 328 1816 ceptis
352 1770 691 1811 caeremonialibus,
718 1781 809 1815 quae
835 1781 909 1804 non
935 1770 1103 1804 videntur
1124 1769 1278 1811 differre,
1301 1777 1420 1804 utrum
1448 1769 1498 1804 sic
1520 1769 1579 1804 vel
1604 1771 1654 1804 sic
1682 1769 1786 1811 fiant;

216 1824 308 1857 sicut
329 1832 382 1857 est
404 1823 446 1856 de
469 1834 622 1857 numero
651 1822 864 1856 animalium
892 1822 1177 1865 offerendorum,
1205 1831 1240 1857 et
1266 1823 1344 1857 aliis
1369 1823 1581 1869 hujusmodi
1602 1822 1791 1869 particula-

216 1877 311 1910 ribus
334 1877 632 1919 circumstantiis,
656 1888 743 1923 ergo
766 1885 958 1923 praecepta
979 1877 1109 1911 veteris
1136 1876 1226 1923 legis
1253 1888 1327 1911 non
1354 1876 1490 1912 habent
1515 1877 1694 1912 rationem
1716 1877 1791 1911 lite-

216 1930 341 1964 ralem.

289 1984 364 2018 SED
380 1994 547 2018 CONTRA.
563 1984 665 2017 Sicut
680 1992 870 2030 praecepta
887 1984 1169 2018 caeremonialia
1183 1983 1387 2030 figurabant
1402 1983 1604 2027 Christum,
1615 1985 1663 2019 ita
1679 1984 1788 2018 etiarn

215 2037 388 2071 historiae
419 2037 559 2071 Veteris
591 2036 838 2072 Testamenti:
869 2037 998 2071 dicitur
1025 2038 1123 2072 enim
1155 2049 1181 2072 1.
1214 2037 1257 2072 ad
1288 2037 1374 2072 Cor.
1411 2048 1462 2073 10.
1493 2038 1590 2084 quod
1618 2040 1732 2072 omnia
1755 2039 1789 2072 in

209 2091 326 2136 figura
358 2091 588 2135 contingebant
615 2091 697 2125 illis:
733 2091 795 2124 sed
829 2091 865 2124 in
895 2091 1055 2125 historiis
1084 2090 1226 2125 Veteris
1257 2090 1485 2126 Testamenti
1514 2101 1656 2138 praeter
1689 2090 1790 2126 intel-

214 2143 350 2178 lectum
373 2145 578 2190 mysticum,
602 2155 663 2178 seu
691 2143 893 2190 figuralem,
921 2152 974 2178 est
1000 2144 1109 2178 etiam
1137 2143 1341 2178 intellectus
1367 2144 1535 2187 literalis;
1562 2155 1651 2191 ergo
1678 2145 1788 2180 etiam

214 2206 406 2244 praecepta
429 2197 711 2231 caeremonialia
732 2207 874 2244 praeter
896 2209 1022 2232 causas
1050 2197 1231 2244 figurales,
1258 2198 1440 2233 habebant
1461 2198 1572 2233 etiam
1597 2210 1725 2233 causas
1751 2198 1790 2233 li-

212 2250 354 2285 terales.

286 2305 516 2339 Respoxniro
532 2304 737 2346 dicendum,
760 2305 869 2350 quod,
888 2305 981 2338 sicut
1002 2316 1109 2350 supra
1132 2305 1269 2339 dictum
1291 2313 1344 2340 est
1358 2306 1442 2351 (art.
1454 2307 1598 2353 praec),
1617 2307 1708 2341 ratio
1730 2317 1788 2341 eo-

215 2369 295 2391 rum
318 2370 410 2404 quae
430 2366 512 2391 sunt
527 2358 570 2391 ad
587 2357 708 2399 finem,
725 2366 868 2403 oportet
889 2358 986 2404 quod
1003 2369 1021 2391 a
1037 2358 1107 2392 fine
1129 2367 1312 2394 sumatur:
1335 2358 1415 2393 finis
1438 2367 1559 2394 autem
1582 2367 1790 2406 praecepto·

215 2423 294 2444 rum
317 2411 640 2445 caeremonialium
664 2419 715 2444 est
737 2411 886 2457 duplex:
910 2412 1170 2446 ordinabantur
1189 2414 1287 2446 enim
1307 2412 1350 2446 ad
1366 2412 1505 2447 cultum
1523 2413 1593 2447 Dei
1615 2424 1680 2459 pro
1701 2421 1789 2447 tem—

214 2476 300 2510 pore
328 2464 403 2506 illo,
431 2472 464 2498 et
491 2465 533 2498 ad
562 2464 792 2509 figurandum
820 2465 1026 2499 Christum:
1050 2466 1142 2500 sicut
1169 2467 1278 2500 etiam
1304 2466 1414 2501 verba
1441 2466 1707 2514 Prophetarum
1735 2467 1786 2502 sic

214 2518 453 2564 respiciebant
480 2529 648 2564 praesens
677 2526 832 2564 ternpus,
859 2519 956 2564 quod
983 2519 1092 2552 etiam
1122 2521 1156 2553 in
1184 2519 1339 2565 figuram
1366 2519 1474 2554 futuri
1500 2520 1723 2562 dicebantur,
1751 2530 1788 2555 ut

216 2572 363 2605 Hieron.
387 2571 472 2605 dicit
494 2582 599 2617 super
622 2570 687 2606 Os.
709 2571 893 2618 (sup.1'llml
914 2578 985 2618 cup.
1008 2584 1050 2607 1..·
1066 2573 1176 2615 Abiit,
1199 2578 1229 2607 et
1249 2574 1404 2619 accepim:
1427 2573 1478 2607 sic
1499 2573 1609 2619 igitur
1630 2574 1787 2608 rationes

215 2633 491 2671 praeceptorum
508 2624 832 2658 caeremonialium
849 2626 978 2659 veteris
996 2625 1086 2670 legis
1100 2625 1279 2672 dupliciter
1294 2626 1410 2672 accipi
1427 2634 1596 2673 possunt:
1612 2638 1676 2661 uno
1691 2627 1787 2661 'nodo

214 2691 255 2712 ex
278 2678 416 2712 ratione
439 2678 556 2712 cultus
579 2678 701 2719 divini,
724 2678 784 2723 qui
807 2686 882 2712 erat
909 2689 973 2723 pro
1001 2687 1165 2725 tempore
1193 2678 1256 2713 illo
1283 2679 1546 2714 observandus:
1570 2688 1605 2715 et
1626 2680 1785 2715 rationes

213 2731 293 2766 illae
309 2732 556 2772 suntl1'tsrt1Iss,
580 2731 654 2765 sive
674 2731 875 2777 pertineant
890 2732 932 2765 ad
949 2732 1135 2766 vitandum
1152 2732 1380 2767 idololatriae
1403 2732 1553 2776 cultum,
1568 2734 1644 2768 sive
1666 2733 1710 2768 ad
1734 2745 1785 2768 re—

215 2785 453 2818 memoranda
476 2784 594 2830 aliqua
614 2785 682 2818 Dei
705 2784 890 2825 beneficia,
911 2785 985 2819 sive
1002 2786 1046 2818 ad
1069 2785 1322 2820 insinuandam
1341 2785 1594 2821 excellentiam
1613 2786 1786 2829 divinam,

213 2837 269 2871 vel
292 2837 400 2871 etiam
424 2837 467 2871 ad
491 2837 752 2883 designandam
775 2838 1050 2884 dispositionem
1079 2840 1222 2880 mentis,
1250 2850 1342 2885 quae
1369 2847 1454 2874 tunc
1481 2840 1728 2886 requirebatur
1749 2840 1784 2874 in

215 2890 416 2924 colentibus
452 2891 589 2924 Deum:
625 2891 692 2925 ulio
720 2891 813 2925 modo
841 2899 992 2937 possunt
1019 2903 1147 2925 eorum
1180 2892 1336 2927 rationes
1365 2893 1551 2940 assignari,
1585 2893 1785 2928 secundum
