1875 3198
226 201 308 255 852
643 210 860 246 QUAESTIO
895 209 981 239 CXI.
1009 208 1254 239 ARTICULUS
1287 209 1344 238 IV.

224 294 333 340 gratis
355 293 437 328 data
458 292 520 327 illa
541 293 605 327 sub
628 304 665 327 se
689 292 860 333 continet,
883 291 1010 337 quibus
1031 291 1146 325 homo
1168 290 1305 336 indiget
1324 290 1367 324 ad
1393 290 1478 332 hoc,
1508 290 1605 336 quod
1635 290 1789 325 alterum

223 351 373 383 instruat
393 349 430 382 in
451 348 556 382 rebus
578 347 718 388 divinis,
741 358 832 392 quae
855 353 936 379 sunt
957 357 1064 391 supra
1094 345 1292 379 rationem:
1327 343 1371 377 ad
1400 344 1472 378 hoc
1506 351 1627 378 autern
1657 345 1723 378 tria
1740 356 1791 378 re—

223 403 558 449 quiruntur:p1·imo
582 401 740 447 quidem,
762 399 859 445 quod
882 399 996 433 homo
1027 399 1071 432 sit
1101 398 1247 432 sortitus
1275 397 1537 444 plenitudinem
1571 397 1790 444 cognitionis

222 457 440 497 divinorum,
463 463 501 489 ut
523 466 564 489 ex
582 455 653 488 hoc
676 454 850 487 instruere
870 452 960 486 alios
979 452 1110 498 possit:
1128 451 1279 493 serundo,
1299 460 1338 485 ut
1354 451 1468 497 possit
1487 451 1714 494 confirmare,
1732 450 1791 485 vel

223 510 374 556 probare
397 520 450 551 ea,
472 520 563 555 quae
586 508 688 549 dicit3
711 507 799 540 alias
821 517 895 540 non
926 513 1018 540 esset
1052 505 1178 539 efficax
1208 506 1283 550 ejus
1317 505 1499 539 doctrina:
1535 506 1643 546 tertio,
1678 512 1717 538 ut
1750 515 1792 538 ea

222 575 313 610 quae
337 563 505 608 concipit,
527 562 640 607 possit
663 560 919 594 convenienter
942 559 1164 593 auditoribus
1197 557 1368 604 proferre.
1401 557 1591 599 Quantum
1617 558 1726 604 igitur
1747 558 1791 592 ad

224 618 393 664 primum,
416 618 482 651 tria
504 623 586 649 sunt
612 614 826 655 necessaria,
861 614 952 647 sicut
986 614 1095 646 etiam
1129 620 1278 658 apparet
1309 612 1346 645 in
1371 612 1582 657 magisterio
1608 612 1792 653 humano;

224 678 367 717 oportet
389 670 496 711 enirn,
520 668 616 714 quod
639 667 699 713 qui
718 667 823 701 debet
837 666 949 700 alium
962 666 1137 700 instruere
1152 666 1189 699 in
1204 665 1324 711 aliqua
1338 665 1500 707 scientia,
1514 667 1627 711 primo
1646 665 1792 711 quidem

223 732 261 758 ut
282 723 456 770 principia
478 722 573 756 illius
597 721 768 755 scientiae
790 721 861 754 sint
875 720 907 754 ei
922 720 1139 754 certissima:
1156 727 1191 753 et
1205 727 1380 765 quantum
1396 719 1440 753 ad
1454 719 1526 753 hoc
1542 719 1688 765 ponitur
1698 718 1791 764 fides,

224 789 315 824 quae
338 785 390 811 est
412 776 587 810 certitudo
610 775 653 808 de
679 775 785 808 rebus
819 773 1068 815 invisibilibus,
1102 784 1194 819 quae
1228 780 1489 819 supponuntun
1501 780 1539 806 ut
1560 773 1735 819 principia
1756 772 1792 806 in

226 831 419 866 Catholica
442 829 624 864 doctrina:
647 829 784 863 secumlo
808 835 961 874 oportet,
985 827 1081 873 quod
1104 827 1233 861 doctor
1254 834 1350 860 recte
1372 837 1410 860 se
1431 826 1564 861 habeat
1585 827 1680 861 circa
1702 826 1794 872 prin-

225 884 359 931 cipales
382 883 637 918 conclusiones
660 882 848 916 scientiae:
872 889 907 915 et
928 881 977 915 sic
1000 881 1146 927 ponitur
1176 892 1283 914 sermo
1315 881 1508 926 sapientiae,
1547 891 1639 926 quae
1662 888 1716 914 est
1737 891 1794 914 co-

225 939 338 984 gnitio
361 937 584 971 divinorum:
609 937 701 970 tertio
725 943 887 981 oportet;
910 942 947 968 ut
969 935 1079 968 etiarn
1114 933 1269 968 abundet
1303 933 1489 980 exemplis,
1519 941 1554 968 et
1584 933 1793 979 cognitione

224 991 431 1033 effectuum,
453 1002 516 1036 per
538 1001 628 1036 quos
650 989 831 1023 interdum
851 996 995 1034 oportet
1009 987 1240 1022 manifestare
1257 999 1382 1021 causas
1397 999 1404 1021 ι
1421 995 1455 1021 et
1469 995 1645 1034 quantum
1660 987 1703 1021 ad
1721 987 1793 1021 hoc

224 1046 368 1091 ponitur
388 1056 493 1079 sermo
513 1045 678 1085 scientiae,
702 1054 793 1089 quae
816 1050 870 1076 est
891 1041 1052 1087 cognitio
1074 1052 1196 1075 reruni
1217 1041 1480 1075 humanarum:
1504 1041 1588 1087 quia
1609 1041 1795 1075 invisibilia

225 1101 291 1134 Dei
306 1106 368 1146 per
389 1110 438 1141 ea,
461 1110 543 1144 quae
557 1098 655 1144 farm
675 1102 761 1138 sunt,
785 1096 945 1131 intellecta
969 1097 1225 1141 conspiciuntur.
1259 1094 1502 1129 Confirmatio
1525 1102 1646 1129 autem
1668 1095 1704 1128 in
1725 1094 1794 1136 his,

225 1164 315 1199 quae
336 1153 536 1186 subduntur
557 1151 699 1193 rationi,
722 1159 775 1184 est
796 1161 858 1196 per
881 1157 1112 1195 argumenta:
1136 1149 1173 1182 in
1199 1149 1254 1183 liis
1287 1157 1420 1190 autem,
1450 1159 1542 1195 quae
1576 1156 1659 1182 sunt
1688 1159 1795 1194 supra

224 1208 403 1241 rationein
425 1205 594 1239 divinitus
617 1204 787 1245 revelata,
811 1203 1040 1237 confirmatio
1064 1211 1116 1237 est
1137 1214 1200 1249 per
1222 1214 1275 1244 ea,
1298 1213 1390 1248 quae
1412 1210 1495 1237 sunt
1512 1202 1655 1236 divinae
1673 1202 1795 1236 virtuti

223 1261 386 1308 propria:
411 1267 443 1293 et
465 1259 537 1293 hoc
559 1259 756 1305 dupliciter:
779 1269 843 1292 uno
867 1257 1015 1302 quidem
1037 1257 1143 1299 modo,
1166 1265 1204 1290 ut
1226 1256 1354 1291 doctor
1375 1268 1499 1291 sacrae
1530 1256 1717 1291 doctrinae
1748 1255 1796 1290 fa-

225 1315 305 1356 ciat,
328 1325 419 1360 quae
442 1313 540 1347 solus
561 1313 662 1346 Deus
683 1311 801 1346 facere
824 1318 943 1357 potest
963 1311 999 1344 in
1022 1311 1190 1357 operibus
1213 1310 1460 1344 miraculosis:
1481 1312 1550 1345 sive
1571 1311 1643 1345 sint
1672 1311 1716 1344 ad
1745 1322 1797 1344 sa-

224 1368 336 1402 lutem
360 1378 572 1412 corporum:
596 1374 631 1400 et
652 1373 828 1411 quantum
851 1364 894 1398 ad
916 1364 987 1398 hoc
1004 1364 1149 1410 ponitur
1161 1365 1274 1409 gratia
1287 1365 1489 1399 sanitatum:
1504 1365 1572 1399 site
1586 1364 1796 1398 ordinentur

226 1422 268 1456 ad
291 1420 409 1455 solam
431 1420 571 1454 divinae
594 1419 781 1465 potestatis
804 1417 1156 1460 manifestationem3
1181 1418 1273 1452 sicut
1295 1418 1391 1463 quod
1413 1417 1469 1452 sol
1495 1425 1574 1460 stet,
1609 1425 1668 1452 aut
1701 1425 1797 1452 tene-

224 1476 383 1516 brescat3
406 1474 504 1520 quod
525 1484 625 1506 mare
647 1472 843 1506 dividatur:
869 1479 903 1505 et
925 1479 1099 1517 quantum
1122 1471 1165 1505 ad
1187 1471 1259 1505 hoc
1281 1472 1426 1517 ponitur
1448 1473 1594 1517 operatio
1615 1472 1795 1506 virtutmn:

224 1528 373 1569 secundo,
396 1535 435 1561 ut
455 1527 570 1573 possit
591 1525 822 1560 manifestare
844 1520 898 1567 ea,
921 1536 1013 1571 quae
1035 1524 1147 1559 solius
1168 1525 1238 1559 Dei
1261 1533 1314 1559 est
1328 1524 1439 1566 scire;
1459 1532 1494 1559 et
1507 1525 1597 1558 haec
1613 1532 1696 1559 sunt
1713 1535 1797 1558 con-

225 1583 401 1629 tingentia
422 1581 557 1615 futura:
582 1588 616 1615 et
638 1587 812 1626 quantum
836 1579 879 1613 ad
901 1579 972 1613 hoc
994 1579 1139 1625 ponitur
1154 1579 1351 1625 prophetia:
1375 1587 1410 1613 et
1431 1580 1540 1613 etiam
1559 1578 1702 1613 occulta
1722 1589 1797 1612 cor-

225 1638 344 1671 dium:
368 1644 403 1670 et
424 1643 599 1682 quantum
619 1635 662 1668 ad
683 1634 755 1668 hoc
771 1633 916 1679 ponitur
938 1632 1086 1667 discretio
1101 1633 1293 1679 spirituum.
1309 1632 1476 1666 Facultas
1498 1640 1620 1666 autem
1642 1643 1798 1678 pronun-

224 1691 337 1726 tiandi
357 1697 475 1736 potest
498 1689 647 1723 attendi:
670 1688 722 1722 vel
738 1694 913 1733 quantum
936 1686 979 1720 ad
994 1686 1143 1728 idioma,
1161 1686 1198 1719 in
1213 1697 1284 1731 quo
1308 1685 1436 1732 aliquis
1451 1686 1564 1732 possit
1578 1685 1746 1731 intelligi:
1763 1694 1798 1720 et

225 1745 424 1779 secundum
450 1743 522 1777 hoc
549 1749 731 1788 ponuntur
750 1752 870 1786 genera
891 1740 1109 1785 linguarum:
1136 1739 1188 1774 vel
1215 1747 1391 1785 quantum
1413 1739 1457 1773 ad
1483 1750 1630 1774 sensum
1657 1750 1796 1782 eorum,

225 1811 316 1846 quae
332 1806 414 1833 sunt
431 1796 663 1843 proferenda:
686 1803 721 1830 et
742 1803 918 1841 quantum
941 1794 984 1827 ad
1005 1794 1077 1827 hoc
1100 1793 1245 1840 ponitur
1259 1794 1486 1839 interpretatio
1501 1805 1700 1828 sermonum.

296 1853 356 1886 AD
378 1861 527 1886 PRIMUM
551 1861 637 1896 ergo
660 1849 866 1890 dicendum,
890 1847 998 1894 quod,
1021 1849 1113 1881 sicut
1134 1858 1241 1893 supra
1263 1847 1401 1881 dictum
1421 1855 1474 1881 est
1496 1846 1577 1891 (art.
1599 1859 1627 1882 r.
1649 1847 1718 1893 huj.
1734 1847 1795 1893 q.),

229 1918 303 1940 non
331 1907 454 1940 omnia
477 1903 662 1945 beneficia,
691 1914 782 1948 quae
809 1902 913 1935 nobis
940 1901 1109 1935 divinitus
1137 1900 1397 1942 conceduntur,
1422 1901 1550 1946 gratiae
1573 1901 1679 1946 gratis
1703 1900 1798 1935 datae

227 1954 412 2001 dicuntur3
429 1958 490 1993 sed
506 1957 627 1992 solum
642 1956 714 1998 illa,
730 1967 821 2002 quae
833 1955 1010 1989 excedunt
1018 1954 1230 1988 facultatem
1244 1961 1394 1988 naturae
1407 1954 1518 1989 :sicut
1531 1954 1628 2000 quod
1640 1954 1799 2000 piscator

227 2013 384 2048 abundet
405 2022 574 2047 sermone
590 2010 797 2057 sapientiae,
813 2017 848 2043 et
861 2008 1045 2050 scientiae,
1061 2016 1095 2042 et
1114 2007 1192 2042 aliis
1213 2007 1442 2053 hujusmodi:
1459 2015 1494 2042 et
1510 2007 1598 2042 talia
1614 2015 1798 2054 ponuntur

228 2067 287 2101 hic
310 2067 373 2101 sub
397 2066 512 2111 gratia
528 2065 637 2111 gratis
657 2064 749 2097 data.

300 2121 359 2155 AD
387 2129 594 2155 SECUNDUM
626 2118 832 2159 dicendum,
858 2116 955 2163 quod
982 2115 1063 2162 fides
1097 2127 1171 2149 non
1204 2123 1415 2149 numeratur
1440 2115 1500 2149 hic
1539 2115 1631 2150 inter
1665 2115 1798 2162 gratias
1848 2150 1849 2153 ,

229 2175 338 2221 gratis
353 2175 465 2215 datas,
480 2172 681 2207 secundum
697 2171 793 2217 quod
810 2178 862 2205 est
876 2170 1056 2216 quaedam
1071 2169 1182 2203 virtus
1197 2168 1394 2214 justificans
1409 2169 1600 2203 hominem
1615 2169 1652 2203 in
1666 2169 1798 2216 seipso,

229 2229 290 2263 sed
313 2227 515 2263 secundum
541 2226 612 2260 hoc
641 2225 737 2271 quod
764 2225 938 2270 importat
965 2223 1161 2269 quamdam
1188 2222 1519 2268 supereminentem
1546 2223 1798 2258 certitudinem

230 2283 323 2324 fidei,
346 2293 386 2315 ex
409 2292 479 2326 qua
501 2280 615 2314 homo
639 2279 676 2313 fit
697 2279 849 2312 idoneus
878 2278 921 2311 ad
948 2276 1198 2311 instruendum
1226 2275 1315 2310 alios
1343 2275 1385 2310 de
1412 2276 1480 2318 his,
1507 2287 1599 2323 quae
1622 2276 1666 2310 ad
1687 2276 1798 2310 fidem

229 2336 426 2382 pertinent:
454 2345 533 2380 spes
561 2341 693 2374 autem,
717 2340 751 2366 et
774 2331 928 2365 charitas
956 2330 1134 2376 pertinent
1161 2329 1205 2363 ad
1231 2330 1305 2363 vim
1325 2330 1570 2376 appetitivam,
1596 2330 1798 2365 secundum

229 2389 326 2436 quod
348 2400 411 2435 per
433 2399 514 2422 eam
535 2387 650 2420 homo
673 2388 708 2420 in
729 2385 850 2419 Deum
871 2384 1066 2419 ordinatur.

300 2443 360 2477 AD
384 2451 556 2476 TERTIUM
575 2439 780 2481 dicendum,
801 2438 896 2484 quod
918 2439 1030 2483 gratia
1043 2438 1225 2472 sanitatum
1248 2436 1478 2483 distinguitur
1500 2448 1519 2471 a
1538 2436 1698 2483 generali
1716 2448 1800 2484 ope-

229 2497 367 2531 ratione
389 2496 582 2536 virtutum3
598 2493 681 2539 quia
695 2492 803 2526 habet
818 2491 1013 2537 specialem
1029 2491 1207 2525 rationem
1223 2490 1416 2524 inducendi
1432 2490 1475 2525 ad
1493 2490 1614 2533 fidem,
1629 2491 1672 2525 ad
1688 2502 1798 2537 quam

229 2550 357 2597 aliquis
386 2549 502 2593 magis
530 2555 717 2594 promptus
743 2545 902 2580 redditur
928 2557 990 2590 per
1016 2544 1234 2579 beneficium
1262 2543 1461 2589 corporalis
1487 2544 1660 2587 sanitatis,
1687 2556 1798 2591 quam

229 2616 292 2651 per
313 2603 397 2638 fidei
415 2603 584 2636 virtutem
607 2600 825 2645 assequitur:
848 2598 1014 2633 similiter
1032 2600 1141 2632 etiam
1159 2599 1248 2644 loqui
1265 2599 1372 2632 variis
1390 2598 1523 2643 linguis,
1541 2603 1570 2633 et
1584 2599 1800 2645 interpretari

228 2669 399 2698 sermones,
414 2656 550 2689 habent
563 2653 738 2700 speciales
753 2652 927 2699 quasdam
947 2652 1105 2686 rationes
1121 2651 1294 2686 movendi
1309 2651 1352 2685 ad
1367 2650 1494 2694 fidem;
1515 2659 1551 2686 et
1563 2652 1647 2686 ideo
1662 2663 1799 2698 ponun-

229 2720 285 2746 tur
307 2709 481 2756 speciales
504 2708 639 2753 gratiae
663 2707 770 2752 gratis
793 2706 908 2740 datae.

302 2764 362 2798 Au
389 2772 577 2802 QUARTUM
604 2760 809 2801 dicendum,
849 2758 945 2805 quod
972 2759 1159 2804 sapientia,
1187 2767 1222 2793 et
1247 2758 1396 2793 scientia
1433 2769 1507 2793 non
1541 2767 1798 2804 computantur

231 2819 322 2852 inter
349 2816 480 2861 gratias
503 2815 612 2861 gratis
634 2813 750 2855 datas,
772 2812 971 2847 secundum
1000 2813 1096 2858 quod
1119 2820 1378 2847 enumerantur
1404 2812 1496 2846 inter
1521 2812 1617 2846 dona
1645 2812 1797 2859 Spiritus

233 2871 376 2912 Sancti;
399 2877 504 2916 prout
522 2868 660 2903 scilicet
682 2878 784 2901 mens
807 2866 966 2900 hominis
989 2873 1042 2899 cst
1063 2866 1154 2900 benc
1177 2865 1321 2900 mobilis
1343 2877 1405 2912 per
1424 2865 1598 2912 Spiritum
1620 2865 1796 2900 Sanctum

235 2926 277 2961 ad
299 2936 352 2967 ca,
372 2935 462 2970 quae
484 2930 566 2957 sunt
587 2921 796 2968 sapientiae,
819 2928 853 2954 et
874 2919 1062 2955 scientiae:
1086 2918 1135 2953 sic
1159 2919 1256 2954 enim
1278 2927 1359 2953 sunt
1378 2919 1474 2954 dona
1489 2918 1642 2966 Spiritus
1660 2919 1796 2962 Sancti,
