1875 3198
202 182 286 225 868
613 193 834 229 QUAESTIO
869 193 988 222 CXIII.
1022 191 1269 222 ARTICULUS
1301 192 1357 220 VI.

202 277 253 311 rei
273 287 349 310 non
371 282 654 309 connumeratur
674 275 742 316 his,
765 285 857 320 quae
880 273 923 308 ad
945 285 1024 308 rem
1046 273 1292 319 requiruntur3
1314 273 1407 307 sicut
1426 273 1542 307 homo
1563 284 1639 307 non
1661 273 1770 309 debet

201 329 456 366 connumerari
478 328 632 370 animae,
657 336 692 362 et
714 328 877 374 corpori:
900 327 961 361 sed
984 327 1061 373 ipsa
1082 326 1290 372 justificatio
1305 326 1410 373 impii
1431 334 1485 361 est
1505 327 1671 361 remissio
1690 339 1770 375 pec-

201 392 377 425 catorum,
400 390 438 417 ut
459 382 597 416 dictum
620 391 672 416 est
695 381 773 426 (art.
794 394 822 416 r.
845 382 913 427 huj.
937 381 986 426 q.)
1001 393 1013 421 ,·
1037 391 1125 426 ergo
1159 380 1326 414 remissio
1348 387 1586 426 peccatorum
1611 391 1687 415 non
1713 381 1770 415 de-

199 438 260 472 bet
281 436 486 483 computari
507 436 599 470 inter
621 447 674 477 ea,
697 446 788 481 quae
816 435 859 468 ad
882 433 1180 479 justificationem
1201 433 1306 479 impii
1325 433 1565 479 requiruntur.

273 501 304 525 2.
327 491 565 525 PRAETEREA.
588 489 689 523 Idem
709 497 761 522 est
784 488 920 534 gratiae
942 487 1134 529 infusio,et
1149 486 1276 533 culpae
1290 487 1476 529 remissio;
1497 487 1591 521 sicut
1603 487 1702 522 idem
1717 495 1770 522 est

200 544 432 585 illuminatio,
455 551 490 577 et
509 542 741 577 tenebrarum
764 542 947 587 expulsio:
971 541 1034 575 sed
1066 540 1165 574 idem
1190 552 1266 574 non
1293 540 1399 574 debet
1420 541 1678 575 connumerari
1703 541 1771 576 sibi

199 598 285 645 ipsi:
308 609 422 631 unum
445 597 543 631 enim
569 595 791 629 multitudini
813 595 1026 641 opponitur3
1049 605 1136 640 ergo
1151 605 1226 628 non
1243 594 1348 628 debet
1363 593 1490 640 culpae
1505 594 1671 629 remissio
1688 606 1772 629 con-

200 652 384 686 numerari
405 650 579 684 infusioni
600 650 748 695 gratiae.

275 718 303 751 3.
326 706 563 739 PRAETERffl.
586 703 768 737 Remissio
791 710 1030 749 peccatorum
1052 702 1288 748 consequitur
1303 702 1348 736 ad
1362 710 1506 737 motum
1519 701 1622 736 liberi
1635 702 1771 737 arbitrii

199 760 236 793 in
257 760 391 800 Deum,
415 766 449 792 et
469 758 505 791 in
527 764 731 803 peccatum,
754 756 846 790 sicut
868 755 1017 790 effectus
1033 756 1076 790 ad
1096 767 1267 791 causam:
1289 767 1352 802 per
1372 755 1483 790 fidem
1505 756 1616 798 enim,
1635 761 1670 791 et
1688 768 1772 791 con-

199 813 385 847 tritionem
406 811 637 845 remittuntur
658 818 808 856 peccata
824 821 831 843 ε
855 809 916 843 sed
933 809 1082 844 effectus
1103 821 1178 843 non
1197 809 1304 844 debet
1318 810 1575 844 connumerari
1589 821 1675 844 suae
1690 821 1772 844 cau-

199 878 280 908 sae3
299 866 382 911 quia
405 875 458 906 ea,
482 875 574 910 quae
601 871 921 905 connumerantur,
945 863 1046 909 quasi
1068 863 1112 897 ad
1134 863 1293 897 invicem
1315 863 1515 905 condivisa,
1549 870 1633 898 sunt
1659 862 1769 897 simul

199 928 343 961 natura3
366 929 453 963 ergo
475 917 640 952 remissio
664 917 791 963 culpae
812 928 888 951 non
910 916 1016 951 debet
1036 916 1295 951 connumerari
1315 915 1406 959 aliis,
1425 927 1518 963 quae
1539 916 1771 963 requiruntur

201 974 244 1008 ad
265 973 560 1019 justificationem
575 972 689 1018 impii.

271 1027 346 1062 SED
362 1036 519 1061 CONTRA
541 1033 603 1068 est,
626 1025 723 1071 quod
742 1025 778 1059 in
800 1024 1075 1060 enumeratione
1095 1035 1234 1066 eorum,
1257 1034 1349 1070 quae
1371 1023 1600 1070 requiruntur
1617 1024 1662 1058 ad
1680 1035 1771 1067 rem,

198 1092 272 1115 non
295 1080 401 1114 debet
421 1079 659 1126 praetermitti
680 1078 771 1120 finis,
795 1079 856 1125 qui
874 1086 927 1113 est
948 1078 1180 1125 potissimum
1198 1077 1236 1112 in
1256 1088 1500 1124 unoquoque:
1519 1078 1582 1112 sed
1603 1078 1770 1112 remissio

198 1142 435 1181 peccatorum
451 1141 504 1167 est
524 1132 604 1166 finis
619 1133 656 1166 in
673 1132 930 1178 justificatione
946 1132 1064 1178 impii:
1082 1132 1212 1166 dicitur
1231 1132 1329 1166 enim
1349 1131 1418 1166 Isa.
1433 1141 1489 1177 27.
1502 1144 1510 1167 ι
1523 1131 1587 1167 Iste
1607 1136 1652 1166 est
1665 1133 1772 1166 omnis

190 1189 336 1235 fructus,
359 1193 393 1222 ut
414 1187 771 1233 auferatzcrpeccatum
790 1188 858 1232 ejus
867 1198 879 1227 ,·
900 1197 988 1231 ergo
1010 1185 1177 1220 remissio
1194 1193 1431 1230 peccatorum
1451 1185 1558 1220 debet
1575 1196 1772 1220 connume-

198 1242 268 1276 rari
288 1242 381 1276 inter
403 1253 456 1283 ea,
479 1252 571 1287 quae
589 1241 820 1287 requiruntur
838 1241 882 1275 ad
904 1240 1200 1287 justificationem
1221 1240 1335 1286 impii.

269 1295 500 1330 RESPONDl-:O
535 1294 742 1336 dicendum,
764 1294 861 1340 quod
884 1303 1040 1340 quatuor
1062 1303 1330 1336 enumerantur,
1352 1305 1445 1340 quae
1477 1294 1706 1341 requiruntur
1727 1295 1771 1329 ad

197 1349 493 1396 justificationem
515 1348 638 1394 impii3
655 1348 813 1382 scilicet:
830 1349 967 1394 gratiae
989 1347 1134 1390 infusio,
1157 1356 1280 1382 motus
1301 1347 1404 1382 liberi
1430 1347 1566 1382 arbitrii
1590 1348 1628 1382 in
1648 1348 1771 1383 Deum

198 1414 261 1449 per
281 1402 403 1444 fidem,
426 1410 460 1436 et
482 1410 604 1436 motus
618 1401 721 1436 liberi
742 1402 878 1435 arbitrii
895 1402 932 1436 in
947 1410 1151 1448 peccatum,
1167 1409 1202 1436 et
1216 1401 1382 1436 remissio
1398 1401 1543 1448 culpae:
1559 1403 1661 1448 cujus
1678 1402 1770 1437 ratio

199 1465 262 1498 est,
285 1456 379 1502 quia,
401 1456 494 1490 sicut
515 1455 652 1490 dictum
675 1463 728 1491 est
749 1456 832 1500 (art.
851 1468 878 1490 r.
902 1456 969 1501 huj.
990 1456 1052 1501 q.),
1074 1455 1281 1501 justificatio
1304 1463 1358 1490 est
1378 1455 1527 1502 quidam
1548 1463 1682 1498 motus,
1697 1467 1770 1502 quo

199 1510 320 1544 anima
341 1518 509 1544 movetur
532 1520 551 1542 a
572 1509 653 1543 Deo
677 1520 696 1542 a
718 1517 811 1543 statu
834 1508 961 1554 culpae
987 1509 1025 1543 in
1047 1517 1180 1543 statum
1206 1509 1379 1554 justitiae:
1407 1509 1444 1543 in
1465 1509 1628 1556 quolibet
1648 1517 1771 1544 autem

198 1572 313 1606 motu,
336 1575 408 1609 quo
432 1563 566 1609 aliquid
589 1563 630 1596 ab
655 1562 767 1597 altero
788 1572 967 1605 movetur,
987 1565 1055 1598 tria
1075 1564 1323 1609 requiruntur:
1335 1565 1451 1609 primo
1472 1563 1631 1609 quidem,
1653 1564 1770 1598 motio

197 1618 308 1664 ipsius
330 1617 530 1651 moventis:
552 1617 688 1651 secundo
712 1625 833 1651 motus
856 1617 1020 1651 mobilis:
1041 1618 1135 1652 tertio
1159 1617 1430 1651 consummatio
1449 1626 1584 1659 motus,
1598 1619 1674 1651 sive
1695 1628 1772 1664 per-

195 1672 318 1705 ventio
342 1671 385 1704 ad
407 1670 536 1705 finem:
560 1682 603 1704 ex
617 1679 717 1716 parte
743 1670 852 1716 igitur
866 1671 1040 1704 motionis
1059 1670 1201 1704 divinae
1217 1670 1392 1716 accipitur
1405 1670 1542 1717 gratiae
1556 1670 1710 1705 infusio:
1728 1682 1771 1705 ex

198 1733 296 1771 parte
317 1736 404 1758 vero
427 1724 530 1758 liberi
552 1724 686 1758 arbitrii
701 1724 792 1758 moti
815 1724 1039 1770 accipiuntur
1058 1724 1130 1758 duo
1152 1733 1274 1758 motus
1296 1724 1420 1770 ipsius,
1441 1725 1643 1759 secundum
1658 1736 1772 1759 reces-

196 1790 277 1813 sum
297 1790 316 1812 a
334 1778 490 1812 termino
502 1789 521 1812 cz
536 1790 610 1824 quo,
628 1786 662 1812 et
680 1789 869 1812 accessum
885 1778 928 1812 ad
943 1778 1140 1812 terminum
1159 1777 1201 1812 ad
1217 1790 1333 1824 quem:
1349 1778 1620 1813 consummatio
1636 1786 1770 1821 autem,

195 1833 270 1866 sive
286 1832 472 1878 perventio
492 1832 536 1865 ad
558 1832 755 1865 terminum
771 1832 878 1875 hujus
900 1840 1022 1866 motus
1043 1831 1261 1878 importatur
1275 1842 1338 1877 per
1353 1832 1610 1867 remissionem
1623 1831 1769 1879 culpae:

194 1886 231 1920 in
258 1886 328 1920 hoc
351 1886 448 1919 enim
470 1885 677 1931 justificatio
701 1894 990 1919 consummatur.

268 1941 328 1974 AD
350 1950 501 1974 PRIMUM
520 1951 608 1985 ergo
631 1939 839 1981 dicendum,
867 1940 965 1985 quod
991 1939 1199 1985 justificatio
1225 1939 1328 1987 impii
1355 1939 1485 1974 dicitur
1510 1950 1590 1974 esse
1614 1939 1693 1986 ipsa
1718 1951 1770 1975 re-

198 1994 322 2028 missio
346 2001 592 2040 pcccatorum,
616 1993 816 2027 secundum
840 1993 937 2039 quod
960 1993 1080 2028 omnis
1100 2001 1222 2028 motus
1238 1993 1370 2040 accipit
1383 1993 1543 2040 speciem
1559 2004 1578 2027 a
1591 1993 1770 2029 termino:

198 2057 322 2082 tamen
344 2047 387 2081 ad
410 2047 608 2082 terminum
631 2047 927 2093 consequendum
951 2046 1065 2081 multa
1085 2047 1155 2081 alia
1177 2047 1419 2094 requiruntur,
1434 2055 1473 2082 ut
1487 2058 1531 2082 ex
1544 2058 1652 2094 supra
1666 2047 1770 2083 dictis

197 2109 295 2147 patet
317 2101 397 2145 (art.
415 2101 559 2148 praec).

269 2155 329 2189 Ao
352 2165 560 2189 SECUNDUM
583 2154 790 2196 dicendum,
817 2154 915 2201 quod
943 2154 1080 2201 gratiae
1101 2154 1246 2197 infusio,
1269 2161 1304 2189 et
1326 2154 1492 2190 remissio
1515 2154 1643 2202 culpae
1665 2154 1770 2202 dupli-

197 2209 276 2243 citer
299 2208 522 2243 considerari
542 2216 710 2254 possunt:
733 2220 796 2242 uno
811 2208 907 2243 mocio
926 2209 1127 2243 secundum
1140 2209 1258 2255 ipsam
1276 2208 1515 2244 substantiam
1530 2216 1649 2244 actus:
1668 2218 1704 2244 et
1717 2209 1768 2244 sic

197 2262 293 2296 idem
315 2270 418 2296 sunt:
443 2262 574 2296 eodem
597 2261 694 2296 enim
717 2270 798 2296 actu
822 2262 922 2296 Deus
945 2270 980 2296 et
1001 2261 1152 2308 largitur
1174 2262 1341 2308 gratiam,
1368 2270 1403 2298 et
1429 2263 1580 2297 remittit
1601 2262 1766 2309 culpam:

197 2316 263 2350 ulio
286 2316 379 2350 modo
402 2324 554 2362 possunt
576 2315 798 2349 considerari
821 2327 864 2349 ex
886 2324 986 2361 parte
1008 2316 1253 2361 objectorum:
1270 2324 1306 2350 et
1318 2316 1369 2350 sic
1384 2315 1554 2351 differunt
1566 2316 1767 2351 secundum

199 2368 438 2403 differentiam
462 2368 601 2415 culpae,
624 2379 716 2414 quae
737 2368 887 2411 tollitur,
910 2379 945 2403 et
966 2370 1115 2415 gratiae,
1134 2380 1226 2415 quae
1248 2369 1465 2404 infunditur:
1487 2370 1580 2405 sicut
1600 2370 1711 2404 etiam
1731 2370 1769 2405 in

197 2423 302 2457 rebus
325 2423 547 2457 naturalibus
570 2422 770 2468 generatio,
794 2431 828 2457 et
851 2424 1034 2469 corruptio
1057 2423 1237 2466 differunt,
1259 2425 1425 2470 quamvis
1448 2424 1634 2471 generatio
1662 2424 1768 2459 unius

196 2477 240 2510 sit
262 2477 444 2522 corruptio
469 2476 627 2510 alterius.

269 2531 327 2563 Ax)
351 2541 523 2564 TERTIUM
548 2530 757 2571 dicendum,
781 2530 877 2575 quod
901 2530 966 2564 ista
988 2542 1062 2564 non
1085 2539 1138 2565 est
1160 2531 1438 2566 connumeratio
1460 2531 1661 2566 secundum
1683 2531 1770 2566 divi-

196 2583 336 2617 sionem
361 2583 501 2627 generis
523 2583 557 2616 in
581 2583 732 2628 specics,
755 2585 787 2617 in
808 2595 876 2629 qua
901 2592 1043 2629 oportet
1066 2585 1162 2630 quod
1185 2593 1447 2620 connumerata
1464 2586 1535 2620 sint
1555 2585 1683 2627 simul;
1705 2586 1766 2620 sed

195 2638 392 2671 secundum
419 2636 661 2670 differentiam
685 2649 826 2679 corum,
849 2649 940 2683 quae
963 2639 1194 2684 requiruntur
1212 2640 1255 2673 ad
1280 2639 1568 2686 completionem
1596 2639 1767 2685 alicujus:

196 2691 229 2724 in
254 2703 322 2736 qua
346 2691 494 2737 quidem
519 2691 794 2725 enumeratione
818 2691 951 2737 aliquid
976 2701 1092 2737 potest
1116 2704 1193 2727 esse
1216 2693 1324 2739 prius,
1347 2702 1381 2727 ct
1408 2693 1542 2740 aliquid
1569 2694 1765 2739 posterius:

196 2745 279 2789 qui-21
302 2745 576 2791 principiorum,
597 2757 630 2778 ct
654 2745 809 2791 partium
834 2745 882 2779 rei
907 2746 1132 2791 composith
1156 2755 1274 2793 potest
1295 2758 1373 2782 esse
1396 2746 1531 2794 aliquid
1559 2747 1630 2782 alio
1657 2747 1765 2794 prius.

1844 2064 1875 2375 3

1851 2379 1869 2511 Ξ

1825 2513 1875 3198 g
