1875 3198
208 165 292 207 530
607 164 828 200 QUAESTIO
863 165 1013 193 LXXIII.
1047 165 1292 194 ARTICULUS
1324 165 1366 195 X.

206 254 352 293 propter
370 251 522 292 quatuor.
546 247 661 281 Primo
683 246 840 292 quidem,
860 246 943 291 quia
964 245 1103 279 facilius
1124 254 1276 292 possunt
1302 246 1466 281 resistere
1488 255 1639 293 peccato
1662 249 1774 295 majo-

205 311 278 342 res3
301 309 384 346 puta
407 301 467 346 qui
489 300 666 334 excedunt
686 300 722 333 in
744 299 905 341 scientia,
928 307 963 333 et
983 299 1130 333 virtute:
1155 299 1250 333 unde
1272 299 1454 334 Dominus
1482 300 1568 335 dicit
1597 301 1684 337 Luc.
1719 312 1772 336 12.

205 355 301 399 quod
322 366 435 388 servus
454 356 554 388 sciens
574 354 776 387 volunlatam
798 353 925 386 domini
945 354 1007 394 sui,
1029 357 1057 386 et
1078 364 1143 386 non
1158 353 1299 398 faciens,
1318 354 1429 399 plagis
1449 354 1626 400 vapulabit
1650 356 1772 391 multis.

204 407 350 442 Secundo
372 415 518 453 propter
536 407 848 452 ingratitudinem:
869 407 951 452 quia
971 417 1080 440 omne
1098 405 1247 448 bonum,
1267 418 1338 452 quo
1359 407 1486 453 aliquis
1506 407 1770 454 magnificatur,

205 469 258 495 est
271 461 341 495 Dei
354 461 582 500 beneficium,
606 460 663 493 cui
684 460 798 493 homo
822 459 860 494 fit
881 460 1040 505 ingratus
1057 459 1264 505 peccando:
1286 467 1318 494 et
1334 468 1510 506 quan-tum
1525 461 1569 494 ad
1582 461 1654 495 hoc
1669 473 1775 508 quae-

204 515 290 549 libet
315 515 502 559 majoritas
524 514 633 547 etiam
661 515 695 547 in
723 513 983 559 temporalibus
1009 513 1114 546 bonis
1140 520 1331 559 peccatum
1358 522 1542 559 aggravat,
1568 515 1771 549 secundum

203 567 291 602 illud
315 568 398 613 Sap.
421 566 473 601 6.:
498 567 644 601 Potentes
660 571 811 613 potenter
827 571 989 600 tormenta
1005 568 1186 612 palie-ntur.
1216 567 1326 600 Tertio
1345 575 1492 613 propter
1509 567 1704 613 specialem
1722 580 1773 603 re-

204 622 442 668 pugnantiam
464 629 562 654 actus
583 621 724 667 peccati
746 621 787 654 ad
812 620 1100 666 magnitudinem
1116 631 1313 666 personae:
1336 621 1427 654 sicut
1445 621 1475 654 si
1492 621 1771 667 princepsjusti-

203 675 292 709 tiam
314 674 435 716 violet,
459 675 519 720 qui
545 675 689 720 ponitur
715 674 869 719 justitiae
893 682 1032 715 custos;
1055 681 1088 707 et
1110 673 1140 707 si
1161 674 1331 707 sacerdos
1352 673 1561 717 fornicetur,
1584 675 1643 721 qui
1671 675 1773 709 casti-

204 737 316 763 tatem
343 729 454 762 vovit.
484 729 617 772 Quarto
644 736 789 774 propter
812 727 1030 774 exemplum,
1058 727 1133 761 sive
1160 726 1391 761 scandalum:
1419 728 1514 773 quia,
1545 736 1583 762 ut
1615 728 1768 775 Gregor.

205 783 289 816 dicit
311 782 346 815 in
369 782 549 816 Pastorali
570 783 677 828 (part.
703 794 730 816 Ι.
759 788 832 827 sap.
855 793 884 816 2.
908 793 928 814 a
951 780 1064 824 merl),
1088 782 1122 814 in
1145 780 1353 826 exemplum
1381 780 1507 827 culpae
1534 781 1770 816 vehementer

205 836 417 877 extenditur,
445 836 589 882 quando
616 846 681 881 pro
710 835 909 869 reverentia
936 834 1066 880 gradus
1094 842 1266 880 peccator
1290 834 1501 868 honoratur.
1529 834 1587 868 Ad
1613 835 1770 881 plurium

204 891 314 924 etiam
336 890 503 924 notitiam
525 889 739 936 perveniunt
759 896 909 935 peccata
927 898 1157 933 magnorum,
1180 895 1214 921 et
1236 887 1353 933 magis
1370 887 1539 922 homines
1559 899 1601 922 ea
1621 888 1768 935 indigne

202 943 330 978 ferunt.

275 998 334 1031 AD
356 1007 506 1031 PRIMUM
525 1007 612 1041 ergo
635 995 840 1036 dicendum,
855 995 952 1041 quod
969 995 1162 1028 auctoritas
1184 994 1245 1028 illa
1266 994 1425 1040 loquitur
1446 994 1489 1028 de
1510 995 1578 1037 his,
1601 1007 1693 1041 quae
1707 1007 1770 1042 per

202 1051 473 1097 subreptionem
496 1049 711 1083 infirmitatis
732 1050 916 1083 humanae
938 1048 1164 1094 negligenter
1186 1056 1350 1094 aguntur.

274 1105 333 1138 AD
356 1115 563 1139 SECUNDUM
586 1104 791 1145 dicendum,
807 1103 903 1149 quod
919 1103 1018 1136 Deus
1033 1113 1106 1135 non
1123 1102 1253 1148 accipit
1272 1113 1456 1148 personas,
1472 1102 1501 1136 si
1515 1104 1673 1148 majores
1688 1102 1767 1148 plus

202 1159 319 1205 punit:
344 1160 425 1204 quia
449 1160 610 1204 ipsorum
633 1157 817 1202 majoritas
840 1156 925 1190 facit
947 1156 988 1189 ad
1012 1155 1227 1201 gravitatem
1249 1156 1400 1202 peccati,
1423 1164 1462 1190 ut
1483 1156 1619 1190 dictum
1642 1163 1693 1190 est
1716 1157 1769 1202 (in

201 1219 290 1259 corp.
312 1213 404 1257 art).

273 1267 333 1300 AD
361 1276 534 1300 TERTIUM
562 1265 768 1306 dicendum,
791 1264 887 1310 quod
915 1263 1030 1297 homo
1059 1263 1176 1298 malus
1202 1274 1276 1297 non
1304 1271 1464 1309 reportat
1489 1263 1769 1298 incommodum

201 1331 242 1354 ex
264 1320 373 1362 bono,
397 1319 493 1365 quod
515 1319 634 1360 habet,
657 1318 719 1352 sed
742 1329 784 1352 ex
806 1317 905 1351 malo
928 1328 993 1351 usu
1016 1316 1123 1351 illius.

666 1632 1021 1697 QUAESTIO
1069 1632 1301 1679 LXXIV.

225 1769 287 1799 DE
332 1766 562 1807 SUBJECTO
600 1763 931 1802 PECCATORUM,
974 1763 1024 1793 IN
1062 1762 1225 1794 DECEM
1263 1762 1526 1795 ARTICULOS
1564 1763 1739 1795 DIVISA.

271 1907 412 1942 Deinde
436 1905 739 1941 considerandum
762 1912 815 1938 est
835 1904 878 1938 de
901 1903 1061 1949 subjecto
1082 1902 1267 1945 vitiorum,
1289 1904 1363 1937 sive
1386 1911 1632 1949 peccatorum.

675 1994 718 2028 Et
745 1995 836 2028 circa
857 1993 915 2027 hoc
937 1997 1144 2039 quaeruntur
1170 1992 1288 2027 decem.

271 2069 406 2103 Primo.
430 2067 563 2101 Utrum
585 2065 753 2099 voluntas
774 2066 889 2111 possit
915 2075 993 2098 esse
1016 2064 1217 2109 subjectum
1238 2063 1390 2109 peccati.

272 2121 454 2157 Secundo.
477 2121 607 2155 Utrum
630 2118 798 2153 voluntas
821 2118 899 2153 sola
918 2118 961 2152 sit
982 2119 1120 2164 peccati
1146 2117 1361 2162 subjectum.

272 2175 409 2210 Tertio.
433 2175 564 2209 Utrum
587 2172 798 2207 sensualitas
820 2172 933 2218 possit
954 2182 1032 2205 esse
1055 2171 1257 2216 subjectum
1279 2170 1432 2217 peccati.

273 2230 426 2270 Quarto.
449 2228 581 2262 Utrum
603 2227 716 2273 possit
737 2237 814 2260 esse
836 2226 1037 2271 subjectum
1058 2225 1198 2271 peccati
1220 2224 1394 2259 mortalis.

273 2283 424 2324 Quinto.
448 2282 580 2316 Utrum
598 2280 689 2314 ratio
711 2280 825 2326 possit
846 2291 923 2313 esse
945 2279 1145 2323 subjectum
1168 2278 1318 2324 peccati.

273 2338 393 2372 Sexto.
410 2336 542 2370 Utrum
561 2335 751 2369 delectatio
775 2345 934 2375 morosa,
955 2332 1013 2366 vel
1034 2343 1108 2366 non
1130 2343 1278 2367 morosa
1305 2332 1349 2367 sit
1370 2333 1406 2367 in
1427 2331 1567 2367 ratione
1590 2331 1762 2375 inferiori,

199 2392 292 2426 sicut
313 2393 348 2425 in
370 2390 542 2436 subiecto.

271 2444 447 2491 Septimo.
470 2443 601 2477 Utrum
628 2450 818 2488 peccatum
841 2451 1038 2475 consensus
1064 2440 1098 2473 in
1127 2447 1247 2473 actum
1274 2439 1319 2474 sit
1343 2439 1379 2473 in
1405 2439 1583 2486 superiori
1608 2439 1762 2482 ratione,

198 2500 290 2534 sicut
311 2499 346 2532 in
369 2498 541 2543 subJecto.

272 2553 429 2588 Octavo.
453 2551 585 2585 Utrum
607 2549 698 2583 ratio
722 2548 869 2583 inferior
890 2548 1003 2594 possit
1024 2558 1100 2582 csse
1122 2547 1325 2592 subjectum
1348 2547 1487 2593 peccati
1508 2547 1683 2582 mortalis.

269 2606 390 2641 Nono.
415 2605 545 2639 Utrum
566 2603 656 2637 ratio
679 2603 842 2648 superior
863 2602 975 2648 possit
997 2613 1074 2635 esse
1095 2601 1297 2646 subjectum
1319 2601 1459 2647 peccati
1478 2600 1640 2636 venialis.

268 2660 438 2694 Decimo.
463 2658 593 2692 Utrum
621 2657 655 2690 in
679 2656 817 2690 ratione
845 2655 1020 2702 superiori
1047 2655 1159 2701 possit
1180 2665 1257 2688 esse
1279 2663 1471 2700 peccatum
1496 2654 1638 2690 veniale
1665 2654 1762 2689 circa

199 2713 384 2760 proprium
408 2712 601 2757 objectum.

1855 163 1873 329 {—
