1955 3182
295 140 351 182 86
721 151 942 187 QUAESTIO
978 151 1050 180 VH.
1084 151 1329 181 ARTICULUS
1362 151 1423 182 ΙΙΙ.

292 240 391 266 actus
429 232 616 279 dependet,
644 243 718 266 non
746 232 875 266 dicitur
902 231 1184 273 circumstantia,
1212 231 1274 266 sed
1305 231 1425 278 aliqua
1463 233 1646 268 condictio
1671 234 1856 280 adjuncta:

291 286 385 320 sicut
404 285 441 319 in
463 286 605 331 objecto
624 297 698 320 non
721 285 850 319 dicitur
871 285 1140 319 circumstantia
1166 284 1260 327 furti,
1287 286 1384 332 quod
1410 286 1455 320 sit
1475 287 1642 329 alienum;
1666 287 1739 321 hoc
1761 288 1858 322 enim

293 339 446 385 pertinet
468 340 511 373 ad
530 339 767 373 substantiam
789 338 893 380 furti;
916 338 977 372 sed
1000 338 1096 384 quod
1118 338 1163 372 sit
1183 350 1352 384 magnum,
1375 338 1433 373 vel
1447 346 1618 386 parvum:
1639 348 1673 375 et
1694 341 1858 376 similiter

293 401 346 427 est
364 393 406 428 de
430 393 507 427 aliis
530 393 820 434 circumstantiis,
836 403 927 438 quae
950 392 1174 438 accipiuntur
1189 403 1230 426 ex
1251 401 1350 439 parte
1373 393 1526 427 aliarum
1549 405 1751 428 causarum.
1773 395 1858 430 Non

292 447 390 480 enirn
412 446 502 489 finis,
524 447 584 493 qui
603 447 662 481 dat
683 446 841 492 speciem
865 453 976 487 actus,
1008 453 1061 480 est
1095 445 1376 488 circumstantia,
1398 446 1459 480 sed
1488 446 1614 493 aliquis
1636 447 1716 482 finis
1738 448 1859 494 adjun-

293 508 381 542 ctus,
403 500 495 534 sicut
527 500 623 546 quod
644 499 745 533 fortis
766 498 905 533 fortiter
936 507 1018 544 agat
1044 507 1190 545 propter
1210 499 1347 534 bonum
1374 499 1603 542 fortitudinis,
1625 512 1700 535 non
1722 509 1775 535 est
1796 502 1860 535 cir-

293 553 526 587 cumstantia:
550 553 611 587 sed
633 553 662 586 si
683 552 821 586 fortiter
851 560 945 598 agat,
978 560 1125 598 propter
1155 552 1407 587 liberationem
1437 553 1601 595 civitatis,
1622 554 1680 588 vel
1712 563 1858 601 propter

293 606 479 641 Christum
518 606 578 651 [al.
600 607 651 640 val
681 606 801 652 populi
827 605 1031 650 christiani],
1058 605 1116 640 vel
1138 606 1272 652 aliquid
1297 606 1526 652 hujusmodi:
1555 606 1719 641 §imiliter
1749 608 1856 642 etiam

293 660 354 705 [al.
376 661 574 705 intelligitur
596 660 710 704 cte'am]
737 670 778 693 ex
800 666 899 705 parte
922 660 997 704 ejus
1017 660 1113 706 quod
1141 667 1194 694 est
1212 660 1310 706 qnid:
1334 671 1419 693 narn
1447 660 1543 706 quod
1571 660 1698 706 aliquis
1720 660 1860 707 perfun-

291 713 378 747 dens
401 713 557 759 aliquem
589 724 692 758 aqua,
708 711 828 746 abluat
849 712 979 758 ipsum,
1001 724 1075 747 non
1098 721 1151 747 est
1173 713 1444 747 circumstantia
1466 713 1657 756 ablutioni3
1676 715 1738 748 sed
1760 715 1856 760 quod

291 766 469 802 abluendo
491 766 684 812 infrigidet,
697 765 756 800 vel
778 765 977 808 calefaciat,
991 774 1025 801 et
1046 774 1158 809 sanet,
1179 766 1238 801 vel
1254 775 1397 809 noceat,
1415 767 1487 801 hoc
1502 775 1556 803 est
1575 767 1854 802 circumstantia.

848 937 1193 982 ARTICULUS
1236 938 1311 981 iv.
1815 961 1855 996 52

368 1046 521 1076 UTRUM
553 1046 650 1076 SINT
685 1046 962 1076 PRINCIPALES
997 1046 1395 1086 CIRCUMSTANTIAE,
1430 1047 1628 1077 PROPTER
1661 1047 1788 1088 QUID,

668 1113 724 1141 ET
757 1112 827 1152 EA,
854 1113 897 1143 IN
932 1112 1090 1148 QUIBUS
1123 1113 1204 1142 EST
1237 1105 1474 1142 OPERATIO.

290 1205 337 1250 (4.
359 1206 447 1240 Dist.
470 1204 521 1240 16.
545 1217 574 1251 q.
592 1218 620 1252 3.
641 1210 705 1240 art.
727 1217 758 1241 2.
781 1210 809 1241 et
830 1206 917 1241 Dist.
933 1218 978 1252 33.
1001 1218 1030 1252 q.
1053 1218 1079 1241 I.
1103 1211 1167 1241 art.
1179 1217 1206 1252 3.
1229 1217 1259 1252 q.
1281 1217 1312 1241 2.
1335 1205 1377 1241 ad
1398 1216 1430 1251 4.
1453 1211 1483 1242 et
1499 1218 1528 1253 3.
1546 1206 1623 1243 Eth.
1645 1206 1702 1241 lib.
1721 1218 1748 1253 3.
1759 1207 1851 1254 fin).

360 1301 419 1335 AD
447 1311 635 1340 QUARTUM
656 1301 706 1335 sic
729 1301 945 1347 proceditur.
974 1300 1136 1343 Videtur,
1159 1301 1256 1347 quod
1278 1312 1352 1335 non
1373 1301 1444 1336 sint
1465 1301 1682 1348 principales
1704 1302 1857 1336 circum-

290 1354 454 1396 stantiae,
472 1360 612 1401 proptcr
633 1354 723 1400 qnid,
746 1363 781 1389 et
802 1366 851 1397 aa,
876 1356 909 1389 in
932 1356 1048 1400 quibus
1069 1360 1111 1389 est
1132 1356 1289 1401 operatio,
1313 1363 1351 1389 ut
1377 1355 1506 1389 dicitur
1531 1355 1568 1389 in
1593 1367 1621 1401 3.
1644 1355 1857 1390 Ethicorum

289 1409 377 1455 (cap.
395 1421 420 1443 Ι.
445 1420 465 1443 α
486 1408 583 1454 nied.)
599 1422 608 1443 .·
633 1420 673 1443 ea
697 1409 805 1451 enim,
827 1409 863 1442 in
886 1408 1012 1454 quibus
1035 1416 1088 1442 est
1107 1409 1281 1454 operatio,
1300 1408 1466 1442 videntur
1481 1419 1558 1442 esse
1580 1407 1694 1451 locus,
1714 1416 1749 1443 et
1769 1417 1858 1443 tem-

288 1473 474 1508 pus3quae
490 1473 563 1496 non
579 1462 744 1496 videntur
755 1473 831 1496 esse
852 1461 1064 1508 principalia
1085 1462 1177 1496 inter
1200 1461 1501 1503 circumstantias,
1513 1472 1597 1496 cum
1614 1461 1686 1496 sint
1698 1462 1855 1497 maxime

288 1517 485 1550 extrinseca
508 1516 549 1550 ab
573 1524 674 1558 actu3
690 1527 732 1550 ea
753 1527 853 1562 ergo,
875 1515 910 1549 in
930 1515 1057 1562 quibus
1072 1523 1125 1550 est
1146 1515 1322 1561 operatio,
1337 1526 1411 1549 non
1433 1522 1516 1549 sunt
1533 1515 1856 1562 principalissimae

289 1570 652 1604 circumstantiarum.

360 1633 391 1657 2.
413 1623 649 1658 PRAETEREA.
672 1622 768 1657 Finis
803 1630 856 1656 est
882 1622 1102 1657 extrinsecus
1129 1622 1200 1665 rei;
1226 1633 1301 1656 non
1335 1633 1422 1669 ergo
1443 1621 1610 1657 videntur
1632 1633 1709 1657 esse
1730 1623 1858 1670 princi-

287 1676 471 1724 palissima
491 1677 854 1711 circumstantiarum.

361 1742 389 1776 3.
412 1731 648 1781 PRAETEREA.
671 1730 1021 1777 principalissimum
1043 1730 1078 1763 in
1101 1741 1324 1776 unoquoque
1346 1738 1400 1764 est
1414 1741 1522 1764 causa
1545 1730 1632 1775 ejus,
1655 1738 1690 1765 et
1709 1729 1850 1765 forma:

286 1783 347 1818 sed
363 1795 469 1818 causa
488 1784 598 1830 ipsius
621 1792 719 1818 actus
739 1792 791 1818 est
805 1795 959 1830 persona
980 1795 1108 1829 agens3
1124 1782 1241 1817 forma
1257 1791 1378 1818 autem
1394 1792 1494 1817 actus
1510 1791 1563 1818 est
1581 1783 1711 1818 modus
1727 1784 1856 1830 ipsius;

286 1849 372 1884 ergo
394 1838 483 1872 istae
505 1838 596 1872 duae
619 1838 910 1872 circumstantiae
932 1837 1097 1872 videntur
1119 1848 1196 1871 esse
1218 1837 1554 1884 principalissimae.

347 1891 434 1940 'SED
462 1902 617 1926 CONTRA
640 1900 702 1933 est,
725 1892 822 1937 quod
846 1891 1045 1937 Gregorius
1067 1891 1253 1938 Nyssenus
1277 1890 1344 1935 (vel
1365 1891 1494 1926 Nemes.
1515 1891 1572 1926 lib.
1595 1891 1630 1927 da
1647 1892 1729 1927 Nat.
1751 1891 1856 1926 Hom.

287 1951 360 1992 cap.
378 1947 441 1992 31.)
465 1945 561 1987 dicit,
584 1946 680 1992 quod
704 1944 1028 1992 principalissimae
1056 1945 1348 1979 circumstantiae
1370 1953 1462 1988 sunt,
1485 1947 1578 1991 cujus
1595 1947 1707 1992 gratia
1728 1947 1851 1992 agitur,

287 2004 314 2033 ct
335 1999 413 2045 quiri
430 2004 482 2040 est,
506 1999 590 2045 qnod
618 2001 740 2045 agitur.

358 2053 587 2088 RESPONDEO
615 2053 820 2094 dicendum,
848 2052 945 2098 quod
973 2061 1072 2087 actus
1099 2053 1242 2098 proprie
1265 2052 1432 2086 dicuntur
1453 2052 1615 2094 humani,
1637 2054 1728 2087 sicut
1749 2064 1856 2100 supra

288 2106 424 2140 dictum
447 2115 498 2141 est
515 2107 558 2152 (q.
586 2120 610 2141 Ι.
635 2112 697 2140 ml.
720 2108 778 2152 L),
796 2114 902 2152 prout
928 2114 1009 2140 sunt
1019 2106 1214 2140 voluntarii
1229 2118 1235 2140 ι
1250 2106 1447 2140 voluntatis
1470 2114 1591 2140 autem
1609 2106 1800 2149 motivum,
1823 2115 1857 2141 et

288 2160 470 2206 objectum
483 2168 536 2194 est
553 2160 698 2194 finis.Et
717 2160 799 2194 ideo
821 2159 1123 2206 principalissima
1145 2168 1199 2195 est
1220 2160 1386 2194 omnium
1408 2160 1761 2194 circumstantiarum
1782 2159 1856 2203 illa,

287 2225 378 2260 quae
401 2214 543 2259 attingit
564 2222 683 2248 actum
700 2225 741 2247 ex
760 2222 858 2260 parte
881 2213 972 2255 sinis,
988 2214 1136 2256 scilicet,
1156 2216 1249 2261 cujus
1264 2215 1375 2259 gratia
1391 2227 1401 2248 .·
1424 2213 1636 2248 secundaria
1654 2225 1855 2260 vero‚quae

289 2267 430 2313 attingit
451 2268 566 2314 ipsam
590 2267 827 2301 substantiam
851 2276 962 2309 actus,
986 2267 1072 2309 idest,
1097 2267 1180 2314 quid
1208 2267 1302 2302 fecit.
1325 2267 1430 2302 Aliae
1452 2278 1540 2302 vero
1564 2267 1856 2302 circumstantiae

287 2329 369 2355 sunt
391 2321 518 2367 magis,
540 2321 599 2356 vel
625 2321 743 2355 minus
766 2320 994 2367 principales,
1009 2321 1209 2356 secundum
1232 2321 1329 2368 quod
1352 2320 1480 2367 magis,
1501 2320 1561 2355 vel
1583 2321 1702 2356 minus
1725 2321 1768 2356 ad
1790 2321 1855 2356 has

287 2375 586 2422 appropinquant.

359 2429 418 2463 Au
437 2440 586 2464 PRIMUM
609 2440 694 2475 ergo
718 2429 922 2470 dicendum,
941 2429 1036 2474 quod
1057 2440 1118 2475 per
1141 2440 1194 2471 ea,
1215 2428 1251 2462 in
1274 2428 1400 2475 quibus
1420 2436 1472 2463 est
1494 2429 1670 2475 operatio,
1689 2428 1854 2463 Philoso-

287 2483 378 2528 phus
400 2495 473 2517 non
496 2483 664 2529 intelligit
685 2491 839 2529 tempus,
863 2491 896 2517 et
918 2482 1054 2525 locum,
1082 2483 1143 2516 sed
1172 2494 1224 2525 ea,
1253 2494 1344 2529 quae
1383 2483 1626 2529 adjunguntur
1647 2483 1712 2529 ipsi
1749 2483 1854 2517 actui.

287 2538 392 2571 Unde
417 2538 616 2582 Gregorius
637 2537 824 2583 Nyssenus
847 2537 927 2582 (loc,
949 2543 1019 2583 sup.
1048 2537 1118 2581 sil.)
1143 2537 1242 2582 quasi
1266 2548 1450 2583 exponens
1472 2536 1609 2570 dictum
1628 2536 1855 2583 Philosophi,

286 2592 370 2626 loco
394 2593 480 2637 ejus,
502 2591 598 2637 quod
622 2591 822 2637 Philophus
846 2591 948 2624 dixit:
971 2592 1003 2624 m
1026 2592 1140 2636 quibus
1159 2596 1201 2625 cst
1223 2592 1382 2636 operalio,
1406 2590 1503 2631 dicit,
1530 2590 1609 2636 quid
1626 2592 1749 2637 agilus.

359 2646 417 2679 Au
441 2656 646 2680 SECUNDUM
671 2644 876 2686 dicendum,
900 2645 995 2690 quod
1024 2644 1115 2686 tinis,
1139 2645 1203 2678 etsi
1234 2656 1307 2678 non
1331 2644 1374 2678 sit
1395 2644 1438 2678 de
1461 2644 1658 2678 substantia
1681 2652 1857 2686 actus,est

287 2707 407 2733 tamen
431 2710 537 2732 causa
562 2707 660 2733 actus
683 2698 995 2745 principalissima,
1011 2698 1224 2744 inquantum
1249 2706 1373 2732 movet
1395 2706 1563 2744 agentem
1583 2697 1626 2732 ad
1655 2697 1854 2745 agendmm

289 2753 381 2786 unde
404 2761 438 2786 et
460 2752 616 2786 maxime
637 2760 717 2786 actu
756 2751 904 2785 moralis
927 2752 1086 2797 speciem
1108 2751 1216 2785 habet
1239 2764 1279 2785 ex
1300 2751 1380 2786 sine.

359 2806 417 2840 Ax)
446 2817 616 2840 Trn'riem
640 2806 844 2847 dicendum,
873 2805 968 2851 quod
992 2817 1145 2851 persona
1170 2817 1280 2849 agens
1303 2816 1410 2839 causa
1439 2812 1491 2840 est
1518 2813 1629 2847 actus,
1652 2804 1854 2839 secundum

288 2859 384 2906 quod
408 2869 574 2894 movetur
590 2871 607 2894 a
631 2859 717 2894 fme:
734 2868 768 2894 ct
778 2859 977 2894 secundum
1000 2859 1069 2892 hoc
1086 2858 1331 2905 principaliter
1347 2859 1533 2893 ordinatur
1547 2858 1591 2893 ad
1606 2866 1746 2893 actum:
1763 2858 1853 2894 aliae
