1907 3198
14 2350 18 2357 .
0 1985 23 2315 .,’-υμ,ο,<“ἱ,ι
0 1863 23 1968 §.ou-⁵,-

593 187 818 224 QUAESTIO
853 187 910 218 CI.
944 187 1192 218 ARTICULUS
1226 187 1282 218 ιν.
1639 190 1727 232 737

702 345 1050 392 ARTICULUS
1086 345 1161 389 IV.
1658 370 1720 406 545

166 453 322 485 UTRUM
348 454 660 485 CAEREMONIAE
686 454 868 485 vanius
903 454 1027 485 LEGIS
1055 453 1399 485 couvi-:manmit
1427 453 1710 486 mvaNTUR

287 520 332 553 IN
359 520 616 560 sAcmfficiA,
645 519 950 560 SACRAMENTA‚
973 519 1127 560 SACRA,
1154 519 1210 549 ET
1238 519 1578 550 OBSERVANTIAS.

675 608 811 654 (Calos.
839 619 869 644 2.
896 608 967 644 lect.
990 619 1023 653 4.
1041 609 1183 655 prino).

212 696 275 733 AD
303 707 495 737 QUARTUM
529 698 578 732 sic
613 697 832 745 proceditur.
861 697 1025 740 Videtur,
1059 697 1156 744 quod
1187 697 1445 732 caeremoniae
1472 697 1605 732 veteris
1632 696 1725 743 legis

139 749 440 786 inconvenienter
454 751 658 786 dividantur
679 751 716 786 in
737 752 915 794 sacrificia,
937 756 1156 793 sacramenta,
1183 762 1292 793 sacra,
1314 755 1343 786 et
1364 751 1618 791 observantiam
1642 761 1724 785 cae-

140 803 329 840 remoniae
351 804 450 839 enim
470 805 602 840 veteris
624 804 714 851 legis
736 804 939 851 figurabant
965 803 1174 839 Christum:
1202 804 1263 839 sed
1290 804 1362 838 hoc
1385 803 1507 839 solum
1531 803 1639 838 fiebat
1659 815 1723 851 per

140 856 330 900 sacrificia,
364 868 428 904 per
457 869 549 905 quae
577 857 798 904 figurabatur
834 857 1067 900 sacrificium,
1094 868 1167 904 quo
1190 857 1358 893 Christus
1395 870 1426 893 se
1446 857 1567 893 obtulit
1588 858 1723 892 oblatio-

138 922 227 954 nem,
245 915 275 947 et
293 911 435 946 hostiam
456 912 542 954 Deo,
571 919 609 946 ut
630 911 761 946 dicitur
782 911 825 946 ad
853 911 985 958 Ephes.
1020 922 1067 956 5.;
1089 922 1178 957 ergo
1205 910 1284 946 sola
1312 910 1491 946 sacrificia
1521 919 1624 946 erant
1645 923 1726 947 cae-

140 963 371 1000 remonialia.

212 1027 245 1053 2.
266 1017 507 1054 PRAETEREA.
525 1018 641 1054 Vetus
663 1018 719 1054 lex
741 1018 974 1054 ordinabatur
988 1018 1032 1053 ad
1051 1029 1210 1054 novam:
1232 1018 1295 1054 sed
1318 1018 1355 1053 in
1378 1029 1474 1054 nova
1497 1018 1579 1065 lege
1600 1019 1722 1066 ipsum

139 1070 362 1107 sacrificium
383 1080 437 1107 est
457 1079 729 1107 sacramentum
743 1071 881 1116 altaris;
897 1083 984 1119 ergo
999 1072 1035 1107 in
1054 1072 1167 1107 veteri
1179 1071 1260 1118 lege
1276 1083 1350 1107 non
1373 1072 1575 1107 debuerunt
1597 1072 1722 1108 distin-

139 1124 203 1172 gui
220 1131 431 1161 sacramenta
450 1134 579 1161 contra
599 1127 778 1173 sacrificia.

214 1189 245 1225 3.
265 1178 505 1215 PRAETEREA.
527 1180 670 1215 Sacrum
690 1179 832 1221 dicitur,
862 1179 960 1226 quod
987 1187 1041 1214 est
1067 1179 1149 1214 Deo
1177 1179 1359 1222 dicatum
1385 1179 1586 1214 secundum
1610 1190 1722 1226 quem

139 1232 295 1268 modum
319 1232 607 1276 tabernaculum,
636 1242 671 1268 et
691 1245 778 1268 vasa
811 1234 887 1279 ejus
914 1232 1131 1269 sanctificari
1161 1232 1222 1279 [al.
1249 1234 1454 1278 sacrificari]
1483 1233 1720 1269 dicebantur:

138 1286 202 1322 sed
227 1286 354 1321 omnia
375 1286 658 1322 caeremonialia
677 1295 780 1322 erant
800 1287 964 1322 ordinata
992 1287 1036 1321 ad
1059 1287 1197 1321 cultum
1214 1287 1295 1328 Dei,
1311 1295 1349 1321 ut
1371 1287 1511 1322 dictum
1527 1296 1582 1322 est
1592 1288 1677 1332 (art.
1692 1300 1720 1323 ι.

139 1339 211 1385 huj.
231 1341 296 1387 q.),·
318 1350 407 1386 ergo
429 1339 713 1375 caeremonialia
740 1340 866 1375 omnia
887 1351 991 1375 sacra
1017 1348 1137 1382 erant;
1170 1351 1246 1375 non
1267 1351 1356 1386 ergo
1390 1352 1461 1375 una
1498 1352 1581 1387 pars
1603 1352 1722 1376 caere-

140 1392 358 1429 monialium
375 1393 482 1428 debet
497 1405 596 1428 sacra
617 1393 811 1428 nominari.

206 1456 242 1491 4.
258 1446 497 1483 PRAETEREA.
511 1448 753 1483 Observanliae
775 1448 818 1481 ab
841 1447 1070 1483 observando
1085 1447 1271 1482 dicuntur:
1295 1448 1358 1483 sed
1374 1448 1499 1482 omnia
1523 1457 1717 1495 praecepta

136 1499 229 1548 legis
249 1499 435 1536 observari
454 1501 654 1536 debebant:
678 1501 809 1536 dicitur
827 1501 926 1536 enim
940 1502 1088 1536 Deuter.
1111 1501 1163 1536 8.:
1182 1502 1345 1544 Observa,
1359 1507 1389 1537 et
1410 1514 1504 1545 cave,
1526 1514 1565 1536 ne
1586 1502 1718 1548 quando

136 1554 345 1591 obliviscaris
357 1555 504 1590 Domini
521 1556 588 1590 Dei
610 1556 670 1597 tui,
689 1560 718 1590 et
732 1555 876 1601 negligas
890 1555 1049 1590 mandata
1062 1558 1144 1602 ejus,
1159 1561 1254 1602 atque
1270 1555 1415 1602 judicia,
1430 1561 1460 1591 et
1478 1557 1719 1597 caeremonias

135 1618 212 1643 non
233 1618 322 1654 ergo
343 1609 572 1644 observantiae
599 1609 730 1644 debent
751 1609 839 1655 poni
860 1620 931 1644 una
959 1620 1040 1656 pars
1062 1609 1402 1645 caeremonialium.

212 1671 241 1707 5.
268 1661 506 1698 PRAETEREA.
534 1662 795 1697 Solemnitates
821 1663 914 1698 inter
936 1663 1219 1698 caeremonialia
1242 1672 1514 1710 computantur,
1538 1675 1622 1699 cum
1645 1664 1716 1698 sint

139 1715 175 1750 in
197 1715 366 1750 umbram
386 1715 507 1757 futuri,
530 1724 568 1750 ut
589 1724 687 1762 patet
709 1716 753 1750 ad
778 1715 924 1751 Coloss.
948 1727 998 1751 2.:
1021 1717 1187 1751 similiter
1208 1717 1317 1752 etiam
1340 1717 1559 1760 oblationes,
1582 1725 1616 1752 et
1638 1729 1715 1752 mu-

137 1779 236 1811 nera,
257 1776 296 1803 ut
316 1776 416 1816 patet
432 1781 496 1816 per
514 1768 736 1816 Apostolum
757 1770 800 1804 ad
823 1769 932 1805 Hebr.
954 1781 1000 1816 9.,
1021 1782 1113 1817 quae
1132 1779 1254 1805 tamen
1274 1771 1338 1805 sub
1358 1771 1459 1805 nullo
1479 1771 1613 1806 horum
1631 1783 1715 1806 con-

136 1821 243 1857 tineri
263 1822 447 1865 videntur;
474 1834 562 1868 ergo
590 1822 852 1858 inconveniens
874 1832 927 1858 est
948 1824 1130 1870 praedicta
1160 1824 1344 1859 distinctio
1375 1824 1716 1860 caeremonialium.

209 1874 286 1911 SED
312 1886 470 1912 CONTRA
496 1884 561 1918 est,
587 1876 685 1922 quod
712 1876 748 1910 in
776 1877 887 1911 veteri
914 1877 994 1923 lege
1021 1877 1162 1924 singula
1190 1878 1373 1924 praedicta
1399 1880 1628 1914 caeremoniae
1654 1890 1715 1913 vo-

139 1937 283 1965 cantur:
308 1930 478 1973 sacrificia
504 1930 602 1965 enim
629 1930 798 1964 dicuntur
823 1931 1077 1966 caeremoniae
1104 1931 1214 1966 Num.
1246 1942 1316 1977 15.:
1347 1932 1476 1978 Offerat
1497 1933 1656 1975 vitulum,
1683 1938 1712 1968 ct

137 1983 341 2030 sacrificium
354 1995 436 2029 ejus,
458 1995 498 2018 ac
519 1983 711 2026 libamenta,
734 1988 770 2018 ut
791 1986 1015 2020 caeremoniae
1031 1985 1216 2032 postulant:
1238 1985 1275 2020 <Ia
1295 1991 1505 2021 sacramento
1529 1986 1639 2021 etiam
1663 1997 1717 2021 or-

136 2035 231 2071 dinis
251 2035 382 2072 dicitur
399 2037 515 2072 Levit.
538 2047 588 2083 7.:
610 2037 703 2072 Haec
724 2042 768 2072 cst
789 2039 898 2072 unctio
919 2039 1049 2079 Aaron,
1075 2044 1106 2074 et
1117 2039 1272 2085 filiorum
1295 2041 1364 2085 ejus
1379 2041 1413 2074 in
1432 2042 1660 2075 caeremoniis:
1675 2040 1713 2075 dc

138 2090 243 2126 sacris
267 2090 378 2125 etiam
404 2090 535 2125 dicitur
560 2090 674 2125 Exod.
704 2091 780 2137 380*
796 2091 890 2126 Haec
910 2097 986 2127 sunt
1011 2093 1230 2128 instrmnenta
1251 2094 1459 2128 tabernaculi
1481 2096 1659 2129 testimonii
1682 2096 1714 2128 in

135 2144 351 2179 caeremoniis
369 2144 581 2180 Levitarum:
596 2145 632 2179 de:
646 2145 863 2180 observantiis
877 2145 987 2179 etiam
1002 2145 1133 2180 dicitur
1158 2158 1186 2192 3.
1210 2146 1299 2193 Reg.
1323 2158 1374 2194 9.:
1394 2147 1431 2182 51·
1453 2149 1563 2183 aversi
1577 2148 1714 2194 fueritis

136 2208 202 2233 non
221 2202 383 2244 sequentes
399 2209 462 2241 mc,
484 2210 542 2234 nec
563 2199 771 2233 observantes
788 2200 1022 2242 caeremonias,
1045 2211 1125 2246 quas
1138 2202 1303 2247 proposui
1320 2202 1423 2236 volvis.

207 2249 440 2287 Respounzo
461 2251 670 2294 dicendum,
692 2251 802 2298 quod,
824 2252 916 2287 sicut
936 2264 1043 2299 supra
1065 2254 1202 2288 dictum
1225 2262 1278 2289 est
1299 2255 1383 2300 (art.
1407 2268 1433 2290 1.
1453 2261 1482 2290 ct
1503 2267 1533 2291 2.
1562 2256 1632 2301 lmj.
1651 2257 1715 2302 q.),

137 2303 421 2340 caeremonialia
440 2314 634 2353 praecepta
656 2305 869 2340 ordinantur
888 2306 930 2340 ad
951 2306 1089 2341 cultum
1104 2307 1192 2342 Dei:
1209 2308 1244 2342 in
1259 2319 1331 2355 quo
1347 2309 1493 2355 quidem
1510 2308 1608 2343 cultu
1631 2320 1716 2344 con-

136 2356 285 2393 siderari
299 2365 452 2405 possunt
465 2358 589 2406 etipse
613 2359 743 2401 cultus,
762 2367 797 2394 ct
815 2359 989 2403 colentes,
1011 2369 1046 2395 ct
1059 2361 1298 2397 instrumenta
1319 2362 1480 2397 colendi:
1498 2365 1571 2410 ipse
1592 2371 1712 2398 autem

137 2409 255 2446 cultus
275 2411 480 2458 specialiter
501 2412 666 2447 consistit
688 2412 723 2447 in
745 2413 932 2456 sacrificiis,
955 2425 1048 2461 quae
1070 2414 1105 2448 in
1129 2415 1197 2450 Dci
1226 2416 1465 2450 reverentiam
1489 2415 1710 2451 offeruntur:

136 2463 375 2500 instrumenta
397 2473 518 2501 autem
539 2465 684 2501 colendi
706 2466 860 2513 pertinet
881 2466 924 2501 ad
945 2479 1056 2508 scura,-
1079 2469 1173 2504 sicut
1191 2478 1243 2504 est
1261 2469 1549 2512 tabernaculum,
1565 2479 1600 2505 et
1614 2482 1714 2512 vasa,

137 2525 173 2553 et
194 2517 264 2553 alia
284 2517 516 2565 hujusmodi:
538 2530 580 2554 ex
596 2528 696 2566 parte
711 2527 831 2554 autem
851 2520 1051 2556 colentium
1065 2522 1129 2556 duo
1144 2532 1295 2569 possunt
1314 2523 1556 2558 considerari:
1579 2524 1711 2559 scilicet:

137 2580 266 2607 eorum
288 2571 465 2607 institutio
489 2573 531 2607 ad
551 2572 688 2608 cultum
711 2573 887 2616 divinum,
908 2575 1005 2621 quod
1028 2574 1066 2610 fit
1087 2587 1149 2622 per
1170 2577 1367 2623 quamdam
1391 2578 1711 2613 consecrationem

136 2623 196 2660 vel
216 2624 354 2672 populi,
367 2625 426 2661 vel
441 2625 708 2661 ministrorum:
732 2635 766 2661 et
788 2627 831 2661 ad
851 2627 922 2663 hoc
945 2629 1125 2675 pertiuent
1138 2635 1360 2665 sacramenta:
1380 2639 1415 2665 et
1436 2630 1566 2665 iterum
1583 2643 1711 2666 eorum

137 2676 331 2725 singularis
345 2680 586 2722 conversatio,
601 2691 663 2726 per
677 2691 787 2726 quarn
802 2680 1071 2728 distinguuntur
1093 2683 1135 2717 ab
1158 2683 1226 2725 his,
1247 2683 1307 2730 qui
1331 2683 1451 2718 Deum
1474 2695 1547 2719 non
1564 2685 1709 2720 colunt:

137 2738 173 2767 et
185 2731 230 2766 ad
245 2731 317 2767 hoc
331 2732 511 2779 pertinent
524 2734 765 2776 observantiae,
779 2742 863 2782 puta
878 2734 913 2769 in
929 2735 1028 2777 cibis,
1043 2744 1078 2770 et
1092 2737 1329 2779 vestimentis,
1343 2746 1379 2773 et
1393 2737 1472 2772 aliis
1487 2737 1712 2783 hujusmodi.

208 2784 270 2820 AD
287 2795 437 2821 ramum
451 2796 541 2832 ergo
555 2786 762 2829 dicendum,
781 2787 878 2834 quod
893 2788 1070 2823 sacrificia
1090 2789 1211 2824 offerri
1226 2791 1417 2837 oportebat
1432 2799 1467 2826 et
1482 2791 1516 2825 in
1533 2791 1712 2839 aliquibus

137 2836 243 2881 locis,
264 2845 302 2874 et
321 2849 386 2885 per
412 2838 553 2886 aliquos
579 2839 766 2876 homines:
788 2849 824 2876 et
844 2849 961 2876 totum
985 2842 1058 2877 hoe
1084 2843 1127 2877 ad
1150 2843 1287 2878 cultum
1320 2844 1388 2879 Dci
1418 2845 1591 2892 pertinct;
1615 2846 1710 2881 undo

136 2890 232 2927 sicut
243 2903 308 2940 per
322 2893 489 2938 sacrificia
503 2893 726 2941 significatur
741 2894 907 2931 Christus
922 2895 1134 2932 immolatus
1148 2910 1156 2940 ;
1176 2899 1222 2932 ita
1238 2898 1346 2933 etiam
1363 2909 1426 2944 per
1440 2905 1660 2942 sacramenta,
1676 2909 1712 2935 et
