1907 3198
491 177 715 213 QUAESTIO
750 176 901 206 XXVIII.
937 176 1183 207 ARTICULUS
1218 176 1244 207 Ι.
1566 177 1648 220 215

653 347 1003 394 ARTICULUS
1036 347 1069 390 Ι.
1589 360 1653 405 158

499 458 654 488 UTRUM
679 457 788 488 UNIO
818 457 887 487 SIT
913 456 1136 487 EFFECTUS
1165 456 1343 487 AMORIS.

142 545 253 592 (Part.
275 558 303 581 Ι.
325 557 355 592 q.
377 557 433 581 20.
456 550 520 580 art.
543 558 571 581 1.
594 545 636 581 ad
653 558 681 593 3.
710 558 741 592 q.
764 546 820 582 60.
838 550 903 580 art.
923 557 951 592 3.
974 544 1017 580 ad
1038 556 1069 580 2.
1092 549 1121 580 et
1139 556 1167 591 3.
1191 545 1269 580 Dist
1286 556 1341 592 27.
1364 557 1394 591 q.
1413 557 1441 580 1.
1464 549 1531 580 art.
1554 556 1581 579 Ι.

651 606 682 635 et
701 601 808 635 Dion.
831 611 864 645 4.
887 600 959 635 lect.
981 600 1063 645 ια).

139 689 201 724 AD
221 699 373 724 PRIMUM
394 688 445 723 sic
467 689 686 736 proceditur.
709 689 874 732 Videtur,
902 689 999 736 quod
1029 688 1115 723 unio
1143 700 1218 723 non
1245 688 1291 723 sit
1318 687 1469 723 effectus
1497 687 1650 723 amoris:

70 742 232 779 absentia
251 743 350 778 enim
365 742 492 778 unioni
514 752 711 789 repugnat:
734 743 797 778 sed
820 755 924 777 amor
939 743 1160 790 compatitur
1182 754 1306 777 secum
1324 742 1546 784 absentiam3
1570 742 1657 777 dicit

69 797 168 833 enim
189 797 318 844 Apost.
341 797 386 832 ad
409 796 528 832 Galat.
556 808 609 841 4:
632 799 763 833 Bonum
789 797 1010 832 aevnnlamini
1037 798 1071 832 in
1099 798 1182 832 bono
1208 804 1345 844 semper,
1373 796 1527 843 loquens
1550 796 1594 831 de
1617 808 1655 831 se

69 853 160 900 ipso,
182 860 221 886 ut
243 851 364 887 Gloss.
389 851 531 897 (interl.)
554 852 652 894 dicit,
674 857 703 887 et
724 864 791 887 non
818 857 948 888 tantum
975 864 1050 887 cum
1068 859 1227 900 praesens
1251 864 1323 887 sum
1350 851 1439 898 apud
1459 864 1538 893 ·z·05;
1563 862 1653 898 ergo

69 906 156 942 unio
177 917 252 941 non
275 914 328 941 est
349 905 500 941 effectus
523 907 670 941 amoris.

141 971 172 996 2.
194 960 433 996 PRAETEREA.
455 960 590 996 Omnis
613 960 700 995 unio
724 969 785 996 aut
808 969 861 996 est
882 972 946 1006 per
968 960 1177 1003 essentiam,
1201 960 1294 995 sicut
1314 959 1432 995 forma
1448 959 1569 994 unitur
1583 971 1657 994 ma-

67 1014 190 1058 teriae,
213 1022 249 1049 et
270 1014 439 1050 accidens
466 1015 644 1059 subjecto,
671 1023 706 1050 et
732 1027 814 1062 pars
840 1015 919 1058 toti,
946 1014 1005 1050 vel
1032 1014 1135 1050 alteri
1163 1015 1255 1061 parti
1283 1015 1326 1049 ad
1355 1015 1655 1050 constitutionem

67 1069 196 1105 totius:
219 1077 280 1103 aut
301 1077 355 1104 est
375 1080 438 1115 per
461 1069 739 1104 similitudinem
761 1069 820 1104 vel
842 1069 997 1116 generis,
1019 1069 1078 1104 vel
1101 1069 1247 1116 speciei,
1269 1069 1329 1104 vel
1352 1069 1569 1104 accidentis:
1593 1069 1655 1104 sed

68 1135 173 1159 amor
193 1134 268 1158 non
287 1131 412 1158 causat
437 1123 614 1158 unionem
636 1123 833 1166 essentiae3
856 1123 1019 1170 alioquin
1041 1135 1245 1170 numquam
1267 1124 1462 1158 haberetur
1484 1135 1589 1157 amor
1612 1123 1655 1158 ad

68 1189 122 1221 ea,
144 1189 237 1225 quae
259 1185 343 1212 sunt
364 1189 428 1224 per
450 1178 646 1212 essentiam
675 1178 805 1212 divisa:
838 1178 1013 1212 unionem
1045 1186 1180 1220 autem,
1212 1189 1304 1224 quae
1328 1186 1382 1212 est
1403 1190 1467 1224 per
1489 1177 1653 1212 similitu-

69 1232 204 1274 dinem,
228 1243 333 1266 amor
349 1243 425 1266 non
441 1240 576 1274 causat,
596 1232 658 1266 sed
674 1231 791 1278 magis
807 1231 849 1265 ab
867 1243 909 1266 ea
929 1240 1108 1274 causatur,
1125 1239 1164 1266 ut
1178 1231 1317 1266 dictum
1333 1240 1386 1267 est
1399 1234 1444 1278 (q.
1461 1244 1513 1279 27.
1530 1232 1655 1279 art3.);

69 1298 156 1333 ergo
179 1286 266 1320 unio
288 1297 363 1320 non
387 1294 440 1321 est
461 1285 611 1320 effectus
631 1286 779 1320 amoris.

143 1353 171 1388 3.
193 1340 432 1376 PRAETEREA.
462 1340 599 1375 Sensus
621 1340 657 1374 in
681 1348 763 1375 actu
785 1339 824 1374 fit
846 1340 1016 1375 sensibile
1038 1340 1075 1374 in
1099 1348 1193 1382 actu,
1219 1348 1254 1375 et
1274 1340 1480 1375 intellectus
1508 1341 1544 1375 in
1571 1349 1654 1376 actu

68 1395 107 1431 fit
131 1394 359 1430 intellectum
380 1395 418 1429 in
439 1402 539 1429 actu:
561 1406 637 1429 non
661 1402 784 1429 autem
807 1406 933 1429 amans
960 1395 996 1428 in
1025 1402 1107 1429 actu
1129 1394 1169 1429 fit
1191 1403 1355 1429 amatum
1377 1394 1413 1428 in
1437 1403 1537 1438 actu3
1566 1407 1654 1441 ergo

68 1449 154 1484 unio
177 1449 295 1495 magis
317 1457 371 1484 est
393 1448 543 1484 effectus
566 1449 800 1495 cognitionis,
824 1460 935 1495 quam
958 1449 1104 1483 amoris.

140 1503 215 1539 SED
243 1513 400 1539 CONTRA
415 1511 479 1547 est,
495 1503 592 1550 quod
611 1503 698 1538 dicit
711 1503 823 1537 Dion.
845 1513 878 1546 4.
903 1515 980 1550 cap.
1002 1503 1044 1538 de
1067 1503 1150 1538 Div.
1165 1502 1278 1537 Nom.
1300 1502 1389 1548 (lact.
1412 1515 1445 1551 9.
1468 1505 1548 1539 circ.
1561 1504 1654 1551 fin),

68 1558 165 1606 quod
187 1569 292 1593 amor
313 1557 464 1605 quilibet
484 1566 538 1594 est
554 1558 666 1593 virtus
690 1558 835 1592 unitiva.

138 1612 367 1648 RESPONDEO
399 1612 607 1655 dicendum,
639 1612 737 1659 quod
767 1612 887 1659 duplex
917 1620 970 1647 est
998 1612 1085 1646 unio
1114 1613 1270 1647 amantis
1302 1613 1346 1647 ad
1376 1621 1558 1656 amatum;
1586 1625 1653 1649 una

69 1667 217 1714 quidem
239 1667 441 1702 secundum
462 1678 560 1710 rem3
580 1675 666 1714 puta
685 1678 771 1701 cum
787 1674 951 1701 amatum
966 1667 1254 1714 praesentialiter
1281 1668 1384 1702 adest
1405 1668 1559 1703 amanti:
1583 1669 1653 1703 alia

66 1732 154 1757 vero
176 1721 378 1757 secundum
400 1721 590 1765 affectum3
612 1732 705 1769 quae
733 1721 881 1768 quidem
909 1722 997 1756 unio
1027 1722 1294 1756 consideranda
1318 1730 1370 1757 est
1392 1734 1435 1757 ex
1455 1723 1654 1769 apprehen-

65 1776 170 1812 sione
199 1776 463 1824 praecedente:
493 1788 580 1811 nam
607 1784 730 1811 motus
753 1775 971 1823 appetitivus
998 1776 1160 1823 sequitur
1187 1776 1541 1823 apprehensionem:
1571 1789 1655 1812 cum

67 1838 190 1866 autem
211 1830 256 1866 sit
276 1830 398 1878 duplex
425 1842 541 1873 amor,
564 1830 704 1866 scilicet
729 1831 1022 1877 concupiscentiae,
1047 1838 1083 1865 et
1103 1832 1285 1874 amicitiae,
1309 1839 1460 1877 uterque
1487 1832 1654 1878 procedit

67 1896 110 1921 ex
125 1885 283 1932 quadam
298 1885 589 1932 apprehensione
604 1884 751 1920 unitatis
767 1885 879 1919 amati
894 1884 938 1919 ad
956 1893 1163 1927 amantem3
1187 1897 1272 1919 cum
1292 1885 1390 1920 enim
1410 1885 1538 1932 aliquis
1558 1895 1658 1922 amat

67 1940 214 1988 aliquid,
235 1941 339 1988 quasi
360 1940 625 1988 concupiscens
646 1939 747 1982 illud,
771 1939 1010 1987 apprehendit
1031 1939 1120 1974 illud
1144 1940 1247 1986 quasi
1276 1940 1459 1986 pertinens
1482 1940 1525 1975 ad
1548 1952 1656 1976 suum

66 1995 159 2031 bene
174 2007 264 2031 esse.
280 1994 456 2030 Similiter
471 2007 556 2030 cum
573 1994 702 2041 aliquis
720 2002 819 2029 amat
833 1993 990 2041 aliquem
1016 2005 1142 2028 amore
1158 1996 1339 2037 amicitiae,
1354 1994 1432 2029 vult
1454 1995 1487 2029 ei
1503 1995 1656 2038 bonum,

67 2050 161 2086 sicut
181 2058 216 2086 et
233 2049 301 2085 sibi
313 2049 391 2085 vult
402 2050 562 2092 bonum3
585 2049 680 2084 unde
700 2048 939 2096 apprehendit
958 2060 1043 2083 eum
1060 2056 1098 2082 ut
1115 2048 1270 2083 alterum
1286 2060 1335 2091 se,
1354 2049 1572 2096 inquantum
1592 2051 1657 2085 sci-

68 2103 154 2140 licet
172 2104 250 2140 vult
267 2104 301 2139 ei
320 2104 472 2147 bonum,
493 2104 588 2139 sicut
609 2112 644 2138 et
666 2103 733 2139 sibi
753 2103 834 2150 ipsi,
862 2111 897 2138 et
923 2103 1006 2138 inde
1035 2111 1099 2145 est,
1127 2103 1225 2150 quod
1249 2103 1388 2138 amicus
1417 2104 1547 2139 dicitur
1575 2116 1655 2140 esse

52 2159 151 2195 ‘alter
170 2160 249 2206 ipsa
267 2166 302 2194 et
319 2159 475 2205 August.
495 2158 582 2193 dicit
595 2158 632 2192 in
646 2168 678 2201 4.
696 2157 864 2192 confess.
883 2157 968 2204 (cap.
985 2157 1017 2193 6.
1032 2158 1163 2204 cir.fin.
1179 2163 1208 2192 et
1223 2158 1278 2193 lib.
1295 2170 1324 2193 2.
1342 2159 1486 2194 Retract.
1502 2166 1574 2207 cap.
1589 2159 1654 2207 6).-

67 2214 154 2250 Bene
173 2213 310 2261 quidam
330 2213 414 2248 dixit
435 2213 472 2248 de
492 2214 602 2248 amico
620 2224 691 2255 suo,
711 2212 889 2246 dimidium
911 2213 1044 2246 animae
1065 2224 1151 2247 sicae.
1179 2212 1344 2246 Primam
1368 2224 1455 2260 ergo
1477 2214 1654 2249 unionem

69 2278 173 2303 amor
189 2267 277 2303 facit
288 2267 473 2310 effective3
488 2267 572 2315 quia
588 2274 714 2302 movet
729 2266 773 2301 ad
785 2266 1078 2309 desiderandum,
1091 2275 1126 2301 et
1140 2278 1232 2313 quae
1240 2267 1390 2301 rendum
1410 2269 1655 2314 praesentiam

70 2322 192 2365 amati,
213 2322 316 2370 quasi
337 2322 405 2357 sibi
427 2321 691 2363 convenientis,
707 2329 741 2355 et
756 2320 799 2355 ad
819 2332 857 2355 se
872 2321 1095 2368 pertinentis.
1113 2321 1323 2356 Secundam
1340 2330 1463 2357 autem
1479 2323 1655 2358 unionem

67 2374 155 2411 facit
172 2375 391 2419 formaliter3
413 2376 498 2423 quia
519 2376 596 2422 ipse
621 2386 725 2410 amor
748 2382 801 2409 est
821 2374 903 2410 talis
925 2375 1025 2418 unio,
1043 2374 1102 2410 vel
1120 2387 1254 2418 nexus3
1278 2375 1373 2411 unde
1393 2377 1548 2423 August.
1568 2377 1656 2412 dicit

68 2428 106 2465 in
126 2430 158 2466 8.
180 2430 224 2466 de
247 2429 349 2466 Trin.
373 2430 461 2478 (cap.
483 2431 566 2476 ια),
590 2429 689 2477 quod
711 2440 817 2464 amor
838 2437 892 2464 est
914 2429 1017 2476 quasi
1038 2430 1207 2476 junctura
1229 2430 1410 2477 quaedam
1434 2431 1506 2466 duo
1530 2431 1651 2479 aliqua

70 2483 256 2532 copulans,
285 2483 344 2520 vel
373 2483 545 2532 copulare
577 2491 763 2531 appetens,
795 2491 982 2518 amantem
1010 2483 1163 2527 scilicet,
1191 2492 1226 2519 et
1254 2485 1351 2531 quod
1380 2494 1533 2529 amatur,
1556 2487 1654 2533 quod

70 2538 168 2574 enim
193 2538 281 2574 dicit
304 2539 472 2587 copulans,
496 2537 650 2574 refertur
673 2537 716 2572 ad
739 2537 917 2573 unionem
940 2537 1104 2581 affectus,
1134 2538 1210 2573 sine
1240 2551 1310 2586 qua
1340 2551 1415 2574 non
1445 2549 1499 2575 est
1529 2552 1653 2584 am0r3

70 2592 168 2640 quod
187 2604 274 2628 vero
296 2593 384 2628 dicit
405 2592 562 2641 copulare
584 2592 762 2634 intendens,
785 2592 941 2639 pertinet
963 2592 1006 2627 ad
1029 2593 1206 2627 unionem
1229 2593 1377 2628 realem.

139 2646 201 2683 AD
222 2658 373 2684 PRIMUM
395 2659 483 2695 ergo
506 2646 714 2689 dicendum,
737 2647 834 2694 quod
857 2648 1015 2693 objectio
1044 2647 1104 2683 illa
1132 2649 1298 2696 procedit
1320 2649 1363 2684 de
1387 2650 1521 2685 unione
1549 2652 1650 2696 reali,

71 2712 181 2748 quam
202 2702 350 2749 quidem
370 2702 521 2750 requirit
541 2701 736 2737 delectatio
760 2701 820 2748 [al.
843 2701 1001 2748 dilectt'OJ,
1021 2703 1114 2737 sicut
1133 2714 1302 2738 causam:
1326 2703 1546 2739 desiderium
1566 2718 1653 2742 vero

72 2762 127 2791 est
144 2755 181 2791 in
202 2756 291 2792 reali
312 2757 476 2792 absentia
499 2756 626 2792 amati:
647 2767 750 2791 amor
771 2767 858 2791 vero
882 2764 917 2791 et
937 2756 973 2790 in
997 2756 1171 2799 absentia,
1195 2765 1230 2792 et
1251 2757 1286 2792 in
1306 2760 1520 2804 praesentia.

143 2809 204 2846 AD
225 2821 434 2847 SECUNDUM
453 2811 661 2853 dicendum,
681 2809 778 2857 quod
797 2810 884 2845 unio
904 2810 1084 2858 tripliciter
1101 2822 1138 2846 se
1158 2811 1267 2846 habet
1286 2812 1330 2846 ad
1349 2824 1536 2848 amorem:
1559 2826 1656 2861 quae-

72 2861 150 2899 dam
163 2864 262 2900 enim
276 2865 364 2900 unio
379 2873 434 2900 est
451 2876 562 2900 causa
584 2864 739 2899 amoris:
763 2872 798 2899 et
818 2864 910 2899 haec
933 2864 1082 2912 quidem
1098 2873 1150 2900 est
1166 2866 1252 2900 unio
1275 2866 1532 2911 substantialis,
1547 2881 1656 2916 quan—

74 2923 155 2971 tum
181 2917 227 2954 ad
252 2930 431 2962 amorem,
458 2930 530 2968 quo
558 2918 637 2967 quis
665 2927 764 2954 amat
790 2918 971 2966 seipsum3
998 2927 1176 2966 quantum
1198 2932 1285 2955 vero
1309 2921 1352 2956 ad
1376 2933 1554 2966 amorem,
1581 2936 1653 2972 quo
