1875 3198
221 250 307 292 714
680 243 900 280 QUAESTIO
936 243 975 272 C.
1010 241 1253 272 ARTICULUS
1287 240 1329 270 11.

784 430 1128 476 ARTICULUS
1164 430 1218 472 Π.
1719 449 1779 484 531

530 541 682 570 UTRUM
714 539 967 570 PRAECEPTA
999 538 1195 568 MORALIA
1228 537 1351 567 LEGIS
1385 537 1482 568 SINT

618 606 674 634 DE
708 605 898 636 OMNIBUS
931 604 1116 634 ACTIBUS
1150 602 1393 633 VIRTUTUM.

291 701 405 746 (Sztpr.
433 711 462 746 q.
489 710 546 745 49.
575 703 638 733 art.
661 710 689 745 3.
716 698 758 733 ad
784 710 815 734 2.
842 703 872 733 et
898 703 962 733 art.
989 708 1022 742 4.
1050 703 1140 744 corp.
1168 701 1196 731 et
1221 696 1302 741 infr.
1329 707 1359 742 q.
1386 705 1461 740 104.
1488 699 1552 730 art.
1577 706 1606 730 1.
1632 699 1721 741 corp.

792 762 822 792 et
842 757 965 792 Matth.
986 768 1033 803 23.
1056 767 1138 791 com.
1156 756 1217 801 2.).

295 859 354 893 AD
377 869 583 894 SECUNDUM
605 858 655 893 sic
677 857 893 905 proceditur.
916 857 1078 899 Videtur,
1101 857 1197 903 quod
1219 863 1413 903 praecepta
1434 854 1586 889 moralia
1603 854 1694 901 legis
1712 865 1787 888 non

224 912 294 947 sint
314 913 358 946 de
377 912 545 946 omnibus
564 912 700 946 actibus
718 911 910 946 virtutum:
927 911 1131 946 observatio
1147 910 1244 945 enim
1258 917 1536 956 praeceptorum
1548 908 1679 944 veteris
1697 907 1787 954 legis

218 967 411 1012 justificatio
433 966 653 1008 nominatur,
675 965 875 1000 secundum
897 964 985 999 illud
1006 963 1101 999 Psal.
1127 964 1222 999 118.:
1239 964 1493 1009 Justificationes
1506 968 1578 997 tuas
1590 961 1786 997 custodiam:

224 1020 285 1054 sed
306 1019 511 1066 justificatio
535 1027 587 1054 est
609 1019 774 1054 executio
796 1019 971 1065 justitiae3
994 1029 1081 1064 ergo
1103 1025 1295 1064 praecepta
1317 1015 1471 1051 moralia
1497 1027 1572 1051 non
1605 1023 1688 1050 sunt
1719 1015 1788 1049 nisi

225 1074 267 1108 de
291 1074 427 1108 actibus
448 1073 614 1119 justitiae.

296 1138 326 1161 2.
354 1127 591 1162 PRAETEREA.
615 1126 654 1160 Id
677 1126 773 1173 quod
797 1126 890 1160 cadit
911 1126 975 1160 sub
999 1133 1206 1172 praecepto,
1227 1124 1337 1159 habet
1362 1124 1542 1158 rationem
1569 1123 1696 1157 debiti:
1727 1123 1788 1157 sed

225 1181 315 1215 ratio
338 1180 446 1215 debiti
467 1192 541 1214 non
563 1180 717 1226 pertinet
751 1180 793 1214 ad
829 1179 916 1214 alias
950 1179 1112 1221 virtutes,
1146 1179 1215 1213 nisi
1249 1178 1292 1212 ad
1322 1177 1440 1213 solam
1468 1177 1654 1224 justitiam,
1688 1177 1789 1222 cujus

224 1234 387 1281 proprius
411 1242 510 1268 actus
533 1242 585 1268 est
606 1233 755 1268 reddere
778 1233 971 1279 unicuique
991 1233 1170 1276 debitum3
1194 1243 1281 1278 ergo
1303 1240 1495 1278 praecepta
1516 1230 1606 1277 legis
1636 1230 1789 1265 moralia

224 1300 299 1322 non
320 1296 404 1322 sunt
424 1288 467 1322 de
490 1288 627 1322 actibus
650 1286 802 1321 aliarum
823 1287 1008 1329 virtutum,
1030 1286 1092 1321 sed
1115 1285 1232 1320 solum
1257 1285 1300 1319 de
1323 1286 1459 1321 actibus
1479 1284 1646 1331 justitiae.

301 1353 329 1387 3.
344 1341 580 1376 PRAETEREA.
598 1341 731 1375 Omnis
745 1340 801 1374 lex
816 1341 960 1387 ponitur
975 1348 1120 1387 propter
1136 1340 1274 1374 bonum
1289 1350 1498 1381 commune,
1509 1345 1548 1372 ut
1561 1338 1645 1372 dicit
1663 1337 1788 1372 Isidor.

228 1395 302 1440 (lib.
322 1406 350 1441 5.
373 1396 483 1441 Etym.
507 1401 577 1441 cap.
600 1394 682 1439 21.):
706 1394 767 1428 sed
789 1394 880 1428 inter
902 1395 1049 1428 virtutes
1071 1393 1149 1428 sola
1179 1393 1313 1439 justitia
1345 1391 1489 1438 respicit
1522 1392 1661 1426 bonum
1694 1403 1792 1426 com-

227 1460 349 1491 mune,
372 1456 410 1482 ut
430 1448 568 1482 Phiios.
592 1448 678 1482 dicit
698 1448 734 1481 in
761 1458 788 1493 ς.
811 1447 926 1482 Ethic.
952 1448 1038 1494 (cap.
1060 1460 1087 1483 Ι.
1109 1452 1138 1482 et
1158 1459 1188 1482 2.
1211 1452 1239 1482 et
1264 1447 1348 1493 11.).·
1372 1457 1458 1492 ergo
1491 1453 1682 1492 praecepta
1715 1456 1791 1479 mo-

228 1503 317 1537 ralia
339 1511 419 1536 sunt
442 1501 562 1536 solum
584 1501 627 1536 de
650 1502 786 1536 actibus
809 1502 976 1547 justitiae.

299 1556 373 1591 SED
401 1566 557 1591 CONTRA
580 1563 642 1598 est,
665 1555 761 1601 quod
784 1555 999 1590 Ambrosius
1022 1555 1105 1589 dicit
1128 1555 1180 1600 (in
1198 1555 1254 1590 lib.
1269 1554 1305 1589 da
1320 1553 1442 1589 Parad.
1457 1559 1528 1600 cap.
1540 1554 1572 1589 8.
1587 1559 1662 1590 ante
1675 1553 1789 1600 med),

227 1610 323 1656 quod
345 1617 532 1656 peccatum
557 1617 610 1644 est
629 1610 867 1655 transgressio
882 1608 971 1654 legis
989 1608 1142 1650 divinae,
1159 1616 1193 1643 et
1208 1607 1421 1643 coelestium
1434 1607 1679 1642 inobedientia
1693 1619 1792 1642 man-

227 1663 414 1697 datorum:
437 1663 499 1697 sed
521 1670 669 1708 peccata
692 1663 957 1697 contrariantur
979 1661 1147 1696 omnibus
1170 1662 1308 1697 actibus
1329 1661 1522 1704 virtutum3
1557 1672 1643 1708 ergo
1665 1661 1722 1696 lex
1744 1661 1793 1695 di-

227 1717 310 1751 vina
331 1716 439 1751 habet
463 1716 629 1751 ordinare
653 1716 696 1750 de
719 1716 856 1750 actibus
879 1716 1045 1750 omnium
1066 1715 1251 1750 virtutum.

298 1770 528 1805 RESPon-:o
551 1770 757 1812 dicendum,
779 1769 888 1816 quod,
911 1781 994 1803 cum
1016 1777 1207 1816 praecepta
1228 1768 1319 1815 legis
1341 1768 1552 1803 ordinentur
1581 1767 1625 1804 ad
1654 1769 1791 1803 bonum

228 1835 437 1865 commune,
460 1823 552 1858 sicut
573 1834 680 1870 supra
702 1823 866 1857 habitum
889 1831 941 1857 est
961 1823 1009 1869 (q.
1026 1835 1082 1870 90.
1098 1827 1161 1858 art.
1185 1824 1245 1869 2.),
1261 1833 1409 1857 necesse
1424 1830 1477 1858 est
1491 1822 1588 1869 quod
1601 1831 1792 1869 praecepta

226 1877 318 1923 legis
340 1877 622 1911 diversificentur
643 1877 842 1911 secundum
865 1877 1026 1911 diversos
1048 1876 1179 1911 modos
1202 1877 1507 1913 communitatum
1516 1889 1524 1919 3
1543 1876 1637 1911 unde
1654 1875 1792 1911 Philos.

226 1931 263 1965 in
285 1942 349 1965 sua
371 1930 478 1965 Polit.
503 1930 579 1975 (lib.
598 1943 626 1977 3.
649 1937 721 1977 cap.
744 1943 775 1977 9.
798 1936 827 1966 et
849 1931 904 1966 lib.
926 1942 958 1976 4.
981 1937 1052 1977 cap.
1074 1930 1120 1976 I.)
1151 1931 1268 1973 docet,
1299 1930 1396 1976 quod
1419 1930 1507 1965 alias
1529 1929 1628 1977 leges
1649 1938 1793 1977 oportet

226 1992 382 2019 statuere
402 1984 439 2018 in
462 1984 617 2027 civitate,
639 1996 731 2030 quae
753 1984 889 2030 regitur
911 1996 931 2018 a
951 1996 1049 2030 rege,
1073 1993 1107 2019 et
1129 1983 1216 2018 alias
1238 1984 1275 2018 in
1297 1995 1352 2027 ea,
1375 1995 1466 2030 quae
1489 1984 1623 2030 regitur
1643 1995 1708 2031 per
1733 1995 1794 2031 po-

226 2038 363 2085 pulum,
384 2037 442 2072 vel
463 2049 523 2084 per
547 2037 688 2084 aliquos
709 2046 872 2084 potentes
895 2038 938 2072 de
964 2038 1118 2072 civitate.
1142 2038 1203 2072 Est
1225 2045 1347 2072 autem
1369 2038 1460 2072 alius
1481 2038 1612 2073 modus
1631 2049 1795 2073 commu-

226 2091 358 2133 nitatis,
381 2090 425 2125 ad
447 2102 556 2137 quarn
578 2091 765 2126 ordinatur
786 2090 843 2125 lex
863 2091 1036 2134 humana,
1060 2100 1094 2126 et
1116 2091 1159 2126 ad
1178 2103 1287 2138 quam
1305 2092 1489 2126 ordinatur
1503 2091 1560 2126 lex
1578 2092 1716 2126 divina:
1735 2091 1792 2127 lex

227 2145 325 2179 enim
345 2145 507 2179 humana
529 2145 714 2179 ordinatur
737 2145 780 2180 ad
804 2145 1106 2180 communitatem
1127 2145 1284 2189 civilem,
1303 2157 1395 2192 quae
1410 2153 1463 2181 est
1475 2146 1668 2181 hominum
1684 2146 1727 2180 ad
1746 2146 1795 2180 in-

226 2200 362 2233 vicem:
384 2198 554 2233 homines
578 2207 698 2233 mitem
722 2199 933 2233 ordinantur
955 2199 997 2233 ad
1020 2199 1177 2234 invicem
1198 2211 1261 2246 per
1291 2201 1486 2234 exteriores
1520 2208 1632 2242 actus,
1667 2200 1793 2246 quibus

227 2252 396 2286 homines
415 2252 481 2286 sibi
499 2252 656 2286 invicem
676 2253 964 2287 communicant:
981 2253 1190 2299 hujusmodi
1205 2261 1326 2287 autem
1341 2253 1627 2288 communicatio
1642 2255 1794 2300 pertinet
1839 2288 1841 2291 ,

229 2306 272 2340 ad
294 2306 473 2340 rationem
495 2305 661 2351 justitiae,
685 2317 776 2352 quae
799 2315 851 2341 est
873 2307 1015 2353 proprie
1037 2307 1209 2341 directiva
1231 2307 1503 2342 communitatis
1536 2307 1737 2349 humanae;
1760 2315 1795 2342 et

228 2359 310 2394 ideo
333 2358 389 2393 lex
411 2359 571 2393 humana
593 2370 666 2393 non
689 2360 859 2405 proponit
880 2368 1070 2406 praecepta
1092 2360 1160 2394 nisi
1182 2360 1225 2394 de
1249 2361 1385 2395 actibus
1406 2360 1579 2406 justitiae:
1598 2368 1632 2396 et
1650 2361 1679 2395 si
1697 2372 1795 2407 prae-

229 2413 337 2458 cipiat
358 2421 458 2446 actus
481 2411 633 2446 aliarum
655 2413 840 2455 virtutum,
862 2414 934 2447 hoc
957 2425 1030 2447 non
1053 2422 1117 2455 est,
1140 2414 1208 2448 nisi
1229 2414 1444 2460 inquantum
1475 2422 1662 2449 assumunt
1690 2414 1795 2448 ratio-

228 2477 312 2500 nem
335 2466 502 2511 justitiae,
525 2474 562 2500 ut
584 2474 679 2512 patet
702 2478 765 2512 per
786 2466 922 2501 Philos.
947 2467 981 2501 in
1008 2478 1035 2512 5.
1062 2467 1177 2501 Ethic.
1202 2467 1291 2514 (cap.
1314 2480 1340 2503 Ι.
1363 2478 1383 2502 a
1405 2467 1520 2514 mad.):
1542 2468 1603 2502 sed
1633 2479 1796 2503 commu-

227 2520 331 2561 nitas,
355 2519 397 2553 ad
421 2531 529 2565 quam
554 2520 696 2554 ordinat
717 2519 773 2553 lex
797 2521 927 2562 divina,
951 2529 1003 2555 est
1024 2521 1217 2555 hominum
1241 2521 1283 2555 ad
1305 2521 1438 2563 Deum,
1459 2521 1519 2556 vel
1540 2521 1575 2555 in
1604 2522 1793 2568 praesenti,
1821 2515 1825 2518 i

227 2573 283 2607 vel
307 2574 341 2607 in
369 2572 485 2607 futura
507 2573 596 2616 vita3
620 2581 654 2608 et
676 2573 757 2607 ideo
780 2573 835 2607 lex
859 2574 976 2608 divina
1000 2582 1189 2620 praecepta
1204 2575 1375 2621 proponit
1390 2575 1433 2609 de
1449 2575 1617 2609 omnibus
1632 2574 1713 2618 illis,
1733 2586 1795 2622 per
1840 2571 1843 2574 ’

228 2638 318 2674 quae
339 2627 508 2662 homines
530 2627 620 2662 bene
643 2627 854 2662 ordinentur
876 2629 919 2662 ad
935 2629 1309 2664 communicationem
1325 2641 1408 2664 cum
1422 2629 1522 2664 Deo:
1538 2629 1653 2664 homo
1673 2637 1793 2664 autem

226 2681 309 2715 Deo
332 2681 562 2726 conjungitur
584 2682 734 2723 ratione,
757 2681 831 2716 sive
854 2690 987 2724 mente,
1010 2683 1044 2716 in
1068 2694 1137 2729 qua
1160 2691 1212 2718 est
1233 2683 1303 2717 Dei
1325 2683 1467 2729 imago;
1503 2691 1537 2718 et
1565 2683 1647 2718 ideo
1669 2683 1726 2718 lex
1747 2682 1795 2717 di·

227 2735 310 2768 vina
334 2742 523 2780 praecepta
546 2735 715 2780 proponit
737 2735 780 2769 de
803 2736 972 2770 omnibus
995 2736 1076 2778 illis,
1100 2748 1161 2783 per
1183 2747 1274 2782 quae
1296 2737 1387 2771 ratio
1409 2737 1569 2772 hominis
1590 2737 1682 2772 bene
1704 2736 1795 2771 ordi-

228 2796 311 2822 nata
334 2795 396 2822 est.
420 2788 500 2822 Hoc
524 2796 644 2822 autem
667 2788 843 2834 contingit
864 2801 926 2835 per
948 2798 1047 2824 actus
1069 2790 1235 2824 omnium
1258 2790 1448 2825 virtutum:
1471 2802 1556 2825 nam
1578 2791 1725 2825 virtutes
1746 2790 1794 2824 in-

228 2840 452 2876 tellectuales
480 2841 647 2875 ordinant
672 2842 763 2876 bene
790 2850 890 2876 actus
918 2843 1066 2877 rationis
1092 2843 1128 2877 in
1155 2843 1300 2889 seipsis:
1322 2844 1471 2879 virtutes
1494 2852 1615 2878 autem
1637 2842 1793 2878 morales

229 2895 397 2929 ordinant
417 2893 507 2928 bene
531 2902 630 2929 actus
653 2895 802 2930 rationis
830 2896 924 2930 circa
952 2896 1140 2931 interiores
1167 2897 1364 2943 passiones,
1391 2905 1426 2932 et
1451 2897 1645 2933 exteriores
1672 2907 1794 2944 opera-

229 2948 366 2990 tiones;
389 2955 423 2982 et
445 2947 525 2982 ideo
546 2947 777 2984 manifestum
801 2957 864 2991 est,
887 2950 983 2996 quod
1005 2949 1060 2985 lex
1084 2950 1203 2985 divina
1226 2950 1486 2986 convenienter
1511 2950 1680 2998 proponit
1697 2959 1794 2996 prae-
1842 2985 1844 2990 ,
