1875 3198
206 186 289 242 848
659 199 880 234 QUAESTIO
916 199 1001 228 CXI.
1036 198 1280 228 ARTICULUS
1313 199 1339 229 1.

205 280 423 326 Gratificczvit
443 291 500 314 nos
520 281 555 314 in
577 279 689 315 dilecto
718 281 805 314 Filio
833 292 911 321 inco,-
943 288 1118 326 quantum
1147 291 1234 314 vero
1263 280 1306 314 ad
1337 280 1538 315 secundum
1566 280 1695 315 dicitur
1724 280 1767 315 ad

203 333 310 367 Rom.
332 345 343 367 1
356 344 394 368 1.:
410 334 448 368 Si
462 338 570 368 alutam.
584 335 707 379 gratia,
719 336 792 379 jum
811 347 874 368 nou
895 346 933 368 cx
948 335 1117 380 operibux
1135 334 1282 379 alioquin
1297 335 1408 379 gratia
1418 336 1491 380 jam
1506 346 1572 368 non
1587 336 1769 381 estg7·atia;

202 394 320 433 potest
341 398 427 432 ergo
451 387 621 433 distingui
643 388 768 433 gratia,
791 399 881 433 quae
904 387 962 421 vel
983 388 1091 421 habet
1113 399 1226 421 unum
1246 395 1399 429 tantum,
1421 387 1479 422 vel
1501 396 1704 434 utrumque.

273 440 502 476 RESPONDEO
526 442 731 483 dicendum,
754 442 862 487 quod,
886 441 978 475 sicut
999 441 1200 487 Apostolus
1223 441 1309 476 dicit
1323 442 1366 476 ad
1390 442 1547 478 Roman.
1570 453 1640 488 13.:
1674 443 1769 487 Quae

202 506 223 529 α
244 495 315 530 Deo
329 500 413 537 sunt,
437 495 592 530 ordinata
612 500 707 530 sunt:
730 496 766 528 in
788 495 858 529 hoc
883 503 1005 529 autem
1028 495 1118 529 ordo
1141 506 1261 529 rerum
1278 496 1453 538 consistit,
1472 495 1569 542 quod
1588 497 1766 542 quaedam

203 560 266 594 per
288 548 357 582 alia
376 549 411 582 iu
434 549 554 582 Deum
577 548 806 590 reducuntur,
829 556 867 582 ut
885 549 1037 595 Dionys.
1061 549 1146 582 dicit
1168 549 1204 582 in
1226 548 1285 582 lib.
1310 548 1414 583 Coel.
1438 549 1535 583 Hier.
1561 549 1649 596 (cap.
1676 561 1709 594 4.
1738 560 1768 596 7.

203 607 233 636 ct
253 602 323 646 S.);
346 613 428 636 cum
451 602 558 647 igitur
580 602 695 647 gratia
717 602 761 635 ad
783 602 853 636 hoc
883 602 1077 644 ordinetur,
1106 610 1143 636 ut
1163 602 1278 636 homo
1301 603 1493 637 reducatur
1518 602 1555 636 in
1569 602 1703 645 Deum,
1718 614 1771 637 or-

203 655 286 689 dine
309 656 467 701 quodam
490 656 560 689 hoc
584 655 711 701 agitur,
739 663 778 689 ut
798 655 936 690 scilicet
962 656 1109 702 quidam
1136 667 1199 701 per
1221 655 1311 690 alios
1337 656 1373 690 in
1399 656 1521 690 Deum
1542 656 1769 691 reducantur.

203 709 384 743 Secundum
408 709 466 743 hoc
485 710 586 754 igitur
612 708 741 755 duplex
764 710 950 755 estgratia:
966 720 1033 743 una
1061 709 1218 755 quidem,
1241 720 1303 755 per
1325 720 1434 755 quam
1456 709 1531 755 ipse
1552 709 1667 744 homo
1688 710 1770 744 Deo

204 763 446 808 conjungitur,
466 774 547 808 quaa
567 767 708 797 vocatur
720 764 831 807 gratia
842 768 977 808 gratum
989 763 1137 809 faciens:
1154 763 1222 797 alia
1236 774 1335 805 vero,
1350 774 1412 809 per
1426 774 1535 809 quam
1550 774 1641 797 unus
1655 763 1770 797 homo

204 824 419 862 cooperatur
433 815 535 850 alteri
557 816 600 850 ad
615 817 698 858 hoc,
721 816 817 862 quod
835 816 877 850 ad
893 817 1016 851 Deum
1035 816 1245 850 reducatur:
1267 816 1479 862 hujusmodi
1497 824 1618 850 autem
1633 816 1771 850 donum

203 878 354 904 vocatur
374 871 487 915 gratia
506 871 610 915 gratis
631 870 734 905 data.-
758 870 841 916 quia
863 881 969 916 supra
991 869 1202 904 facultatem
1223 878 1385 912 naturae,
1413 877 1448 904 et
1469 881 1575 916 supra
1601 870 1771 904 meritum

202 934 378 969 personae
401 923 544 957 homini
566 923 796 958 conceditur:
819 924 881 957 sed
903 925 986 969 quia
1007 935 1082 958 non
1105 923 1208 958 datur
1239 923 1282 957 ad
1304 923 1389 966 hoc,
1411 931 1448 957 ut
1470 923 1585 957 homo
1606 923 1682 970 ipse
1709 935 1772 970 per

203 988 285 1011 eam
306 976 528 1022 justificetur,
551 977 613 1011 sed
636 977 755 1023 potius
778 985 816 1012 ut
830 977 873 1011 ad
888 977 1183 1023 justificationem
1200 977 1344 1012 alterius
1361 985 1586 1024 cooperetur,
1600 977 1683 1012 ideo
1697 989 1772 1012 non

201 1039 352 1065 vocatur
374 1038 517 1076 gratum
538 1029 691 1065 faciens:
716 1039 749 1065 et
771 1031 813 1065 de
835 1031 904 1065 hac
928 1031 1013 1065 dicit
1034 1030 1235 1077 Apostolus
1261 1042 1289 1065 1.
1313 1031 1356 1065 ad
1380 1031 1466 1066 Cor.
1490 1041 1561 1065 12.:
1588 1031 1772 1077 Unicuique

202 1084 302 1119 dcitur
323 1085 545 1129 mfflzisestatio
570 1085 715 1131 Spiritus
736 1084 777 1118 acl
799 1084 987 1127 utilitatem,
1011 1084 1149 1118 scilicet
1170 1084 1336 1118 aliorum.

274 1138 333 1171 AD
344 1148 493 1172 PRIMUM
514 1149 600 1183 ergo
613 1138 818 1180 dicendum,
830 1138 925 1184 quod
942 1138 1055 1184 gratia
1069 1150 1143 1172 non
1155 1138 1285 1172 dicitur
1297 1137 1416 1172 facere
1432 1145 1575 1184 gratum
1590 1137 1767 1180 effective,

201 1191 263 1225 sed
285 1190 503 1233 formaliter3
526 1191 663 1225 scilicet
684 1191 767 1237 quia
790 1202 852 1237 per
872 1192 967 1225 hanc
998 1192 1113 1225 homo
1142 1191 1364 1237 justificatur,
1394 1199 1429 1226 et
1456 1191 1586 1237 dignus
1616 1191 1769 1226 efficitur

200 1245 324 1279 vocari
345 1245 426 1279 Deo
450 1252 584 1290 gratus,
607 1245 808 1279 secundum
831 1245 927 1291 quod
951 1245 1080 1280 dicitur
1103 1245 1146 1279 ad
1170 1244 1314 1280 Coloss.
1341 1256 1388 1279 1.:
1412 1246 1540 1291 Dignos
1560 1257 1618 1280 nos
1632 1246 1715 1292 fecit
1736 1246 1771 1280 in

196 1303 328 1345 partem
346 1300 443 1333 sortis
463 1304 653 1333 sanctorum
673 1301 706 1333 isi
729 1299 862 1333 lumine.

272 1352 331 1387 AD
347 1363 554 1387 SECUNDUM
570 1352 881 1399 dicendum‚quod
897 1353 1022 1399 gratia,
1037 1353 1239 1387 secundum
1250 1353 1347 1399 quod
1363 1353 1472 1399 gratis
1487 1353 1602 1396 datur,
1613 1352 1773 1388 excludit

201 1406 380 1440 rationem
403 1406 530 1441 debiti:
554 1414 672 1452 potest
694 1414 815 1440 autem
834 1406 989 1452 intelligi
1010 1407 1130 1454 duplex
1148 1407 1327 1441 debiturn:
1350 1419 1454 1442 unum
1473 1407 1621 1453 quidem
1640 1418 1683 1441 ex
1701 1418 1773 1442 me-

202 1461 269 1494 rito
292 1460 519 1506 proveniens,
541 1460 639 1506 quod
661 1459 811 1494 refertur
834 1461 876 1494 ad
899 1472 1106 1506 personam,
1127 1461 1226 1506 cujus
1246 1469 1299 1495 est
1318 1472 1424 1507 agere
1444 1461 1630 1495 meritoria
1649 1472 1772 1507 opera,

203 1514 404 1548 secundum
426 1513 513 1548 illud
536 1514 579 1547 ad
601 1513 709 1548 Rom.
732 1524 783 1557 4:
810 1515 862 1556 Ei,
886 1516 942 1560 qui
964 1520 1138 1561 operatur,
1162 1526 1281 1549 merces
1312 1515 1497 1560 imputatur
1525 1514 1699 1549 secundum
1721 1515 1773 1549 da-

204 1568 320 1610 bitum,
342 1579 407 1602 non
428 1567 605 1602 secundum
624 1569 795 1614 gratiam:
818 1568 910 1602 aliud
939 1576 993 1602 est
1022 1568 1185 1602 debitum
1215 1568 1416 1602 secundum
1442 1568 1692 1603 conditionem
1713 1580 1773 1602 na-

199 1630 320 1656 turae:
342 1629 428 1668 puta
449 1621 479 1655 si
501 1621 676 1663 dicamus,
699 1622 859 1656 debitum
883 1633 960 1656 esse
982 1622 1136 1664 homini,
1156 1622 1254 1668 quod
1275 1622 1408 1656 habeat
1425 1622 1617 1665 rationem,
1636 1630 1671 1656 et
1691 1621 1772 1664 alia,

201 1686 292 1721 quae
315 1675 359 1709 ad
381 1675 583 1709 humanam
605 1675 785 1720 pertinent
811 1684 997 1709 naturam:
1027 1683 1157 1710 neutro
1181 1683 1302 1709 autem
1324 1675 1444 1717 modo,
1461 1675 1590 1710 dicitur
1612 1676 1772 1710 debitum

199 1737 345 1775 propter
365 1728 449 1770 hoc,
472 1729 569 1774 quod
590 1729 691 1763 Deus
714 1736 899 1763 creaturae
923 1728 1115 1774 obligetur,
1139 1729 1202 1763 sed
1224 1729 1343 1775 potius
1366 1729 1582 1775 inquantum
1609 1737 1772 1764 creatura

200 1783 305 1817 debet
326 1782 454 1827 subjici
475 1783 569 1824 Deo,
591 1790 629 1816 ut
650 1784 686 1816 in
709 1794 751 1816 ea
773 1783 892 1816 divina
915 1783 1095 1817 ordinatio
1118 1782 1335 1828 impleatur:
1365 1794 1457 1829 quae
1479 1783 1627 1829 quidem
1649 1791 1712 1826 est,
1735 1791 1774 1818 ut

198 1836 278 1870 talis
303 1844 431 1870 natura
452 1836 542 1870 tales
565 1835 804 1878 conditiones,
826 1836 884 1870 vel
905 1837 1144 1883 proprietates
1170 1836 1314 1879 habeat,
1337 1845 1372 1871 et
1391 1837 1488 1883 quod
1509 1836 1595 1871 talia
1618 1848 1772 1883 operans

198 1889 284 1924 talia
306 1897 567 1936 consequatur:
592 1890 687 1924 dona
709 1890 818 1936 igitur
838 1890 1017 1924 naturalia
1041 1899 1163 1924 carent
1185 1890 1304 1936 primo
1328 1890 1460 1933 debito,
1483 1902 1558 1925 non
1577 1899 1699 1926 autem
1718 1902 1774 1925 ca-

198 1952 277 1978 rent
298 1943 458 1978 secundo
481 1943 621 1977 debito:
645 1943 706 1977 sed
729 1944 824 1977 dona
847 1943 1133 1990 supernaturalia
1154 1952 1308 1991 utroque
1327 1944 1448 1979 debito
1468 1952 1610 1979 carent:
1634 1952 1668 1979 et
1688 1944 1771 1979 ideo

199 1997 389 2044 specialius
412 1997 478 2031 sibi
499 2008 637 2031 nomen
660 1997 798 2043 gratiae
819 1998 1017 2032 vindicant.

274 2051 333 2085 AD
369 2061 541 2085 TERTIUM
577 2051 782 2093 dicendum,
806 2052 902 2098 quod
925 2052 1040 2098 gratia
1063 2060 1207 2098 gratum
1229 2052 1366 2087 faciens
1389 2052 1488 2088 addit
1509 2052 1645 2100 aliquid
1666 2064 1773 2100 supra

199 2106 377 2139 rationem
400 2104 536 2151 gratiae
559 2105 668 2151 gratis
691 2105 806 2147 datae,
830 2106 927 2151 quod
947 2107 1054 2140 etiam
1078 2106 1122 2140 ad
1145 2106 1325 2140 rationem
1344 2107 1480 2152 gratiae
1499 2107 1670 2154 pertinet;
1689 2107 1772 2154 quia

200 2158 338 2193 scilicet
359 2158 550 2192 hominem
572 2166 715 2204 gratum
733 2159 818 2193 facit
839 2160 941 2202 Deo;
966 2168 1000 2194 et
1020 2159 1103 2194 ideo
1123 2160 1239 2205 gratia
1258 2160 1366 2206 gratis
1386 2160 1479 2203 data,
1499 2172 1590 2207 quae
1609 2161 1680 2195 hoc
1697 2172 1771 2195 non

199 2211 294 2254 facit,
317 2212 446 2246 retinet
465 2212 531 2246 sibi
552 2224 688 2246 nomen
712 2224 920 2255 commune,
944 2213 1036 2247 sicut
1068 2213 1103 2247 in
1134 2213 1294 2259 pluribus
1324 2213 1402 2249 aliis
1433 2214 1630 2261 contingit:
1660 2222 1694 2249 et
1721 2214 1771 2249 sic

201 2274 433 2312 opponuntur
452 2266 543 2300 duae
566 2274 684 2312 partes
707 2267 906 2309 divisionis,
929 2267 1020 2301 sicut
1039 2272 1173 2313 gratum
1190 2268 1331 2314 fizcians,
1355 2273 1383 2304 et
1400 2280 1466 2303 non
1479 2269 1610 2315 faciens
1626 2274 1770 2315 gratum.

769 2384 1116 2429 ARTICULUS
1150 2385 1206 2429 Π.
1707 2410 1767 2447 591

296 2480 449 2510 UTRUM
473 2480 634 2510 GRATIA
663 2481 1002 2511 CONVENIENTER
1026 2482 1271 2512 DIVIDATUR
1295 2483 1372 2513 PER
1395 2483 1675 2524 OPERANTEM,

778 2542 833 2570 ET
863 2541 1200 2571 COOPERANTEM.

604 2611 705 2657 (Iussu
729 2616 794 2645 urt.
815 2623 841 2657 3.
865 2617 892 2646 vt
914 2623 944 2646 2.
966 2612 1052 2645 Dist.
1074 2612 1128 2646 26.
1148 2624 1177 2657 q.
1204 2623 1232 2646 Ι.
1256 2617 1319 2647 art.
1335 2624 1363 2658 5.

495 2670 524 2699 et
561 2665 647 2699 Vari.
675 2676 705 2710 q.
734 2676 785 2710 27.
817 2670 881 2699 art.
909 2677 937 2710 5.
967 2665 1008 2698 ud
1040 2678 1063 2699 l.
1094 2671 1121 2699 dl
1143 2677 1174 2700 2.
1207 2666 1285 2700 Cor.
1317 2667 1387 2701 lect.
1420 2667 1482 2712 6.).

272 2747 332 2781 AD
355 2758 562 2782 SECUNDUM
585 2748 634 2782 sic
658 2748 875 2794 proceditur.
906 2748 1065 2786 Videtur,
1089 2751 1185 2795 quod
1215 2750 1330 2795 gratia
1361 2751 1658 2786 inconvenienter
1686 2751 1771 2786 divi-

201 2801 303 2834 datur
326 2813 387 2847 per
410 2809 634 2847 operantem,
665 2810 699 2836 et
729 2811 1007 2848 cooperantem:
1041 2804 1153 2847 ¹sautia
1183 2804 1281 2838 enim
1311 2804 1478 2839 accidens
1501 2805 1684 2851 quoddam
1707 2814 1770 2847 cst,

201 2862 238 2888 ut
259 2866 363 2900 supra
387 2855 524 2889 dictum
548 2864 600 2889 est
623 2855 667 2901 61.
687 2862 802 2902 praes.
819 2862 881 2891 url.
906 2858 951 2902 2.)
968 2870 977 2891 .·
1002 2857 1062 2890 sed
1079 2858 1246 2892 accidens
1268 2869 1342 2892 non
1365 2866 1484 2904 potest
1505 2870 1612 2905 agere
1635 2859 1670 2893 in
1692 2859 1771 2894 sub-

200 2908 351 2952 jectum3
374 2920 461 2955 ergo
483 2909 581 2944 nulla
604 2909 719 2955 gratia
739 2910 843 2944 debet
869 2910 938 2944 dici
961 2921 1125 2956 operans.
1801 2905 1806 2910 ”
