1907 3182
230 186 319 239 464
637 195 857 231 QUAESTIO
892 195 1022 224 LXVII.
1056 193 1300 224 ARTICULUS
1334 193 1394 222 ΙΙΙ.

230 276 425 311 includitur
458 277 638 323 oppositio
671 276 932 317 affirmationis,
967 283 1003 309 et
1034 274 1255 320 negationis:
1290 273 1468 307 invenitur
1503 280 1625 306 autem
1654 273 1691 306 in
1721 272 1794 319 qui-

230 330 382 364 busdam
404 331 582 377 oppositio
605 330 805 364 secundum
828 328 1024 363 contrarias
1046 327 1201 369 formas3
1221 329 1311 361 sicut
1332 327 1368 360 in
1397 326 1579 360 coloribus
1605 326 1731 368 album,
1760 333 1794 360 et

229 385 387 429 nigrum:
410 384 444 417 in
467 385 681 430 quibusdam
704 390 824 417 autem
846 382 1047 416 secundum
1071 381 1267 427 peifactmn,
1300 388 1334 414 et
1360 380 1612 426 imperfectmm
1636 379 1730 413 unde
1757 379 1793 413 in

231 436 500 471 alterationibus
523 439 638 482 vmgis,
663 444 698 470 et
719 437 827 469 minus
849 435 1074 480 accipiuntur
1095 442 1133 467 ut
1155 433 1355 475 contraria3
1378 440 1416 466 ut
1434 444 1518 466 curn
1540 432 1583 466 de
1606 432 1724 466 minus
1741 443 1796 466 ca-

229 490 303 524 lido
326 490 364 524 fit
391 491 506 536 magis
529 490 698 531 calidum,
720 497 757 522 ut
779 488 908 522 dicitur
928 488 964 521 in
991 498 1018 532 5.
1040 487 1229 533 Physicor.
1251 486 1326 529 (tex.
1342 487 1433 531 10.)‚·
1452 494 1484 520 et
1502 485 1793 532 quiaperfectzcm,

231 551 265 577 et
287 544 513 590 imparfhctnm
539 550 781 588 opponuntur,
800 540 1023 587 impossibile
1047 548 1109 581 est,
1134 540 1229 586 quod
1259 538 1368 573 simul
1397 539 1598 573 secundum
1628 539 1726 572 idem
1752 538 1796 573 sit

230 595 415 642 perfectio,
439 606 473 630 et
494 595 732 641 imperfectio.
753 594 816 628 Est
831 602 951 628 autem
967 592 1281 634 considerandum,
1297 592 1393 638 quod
1408 591 1633 638 imperfectio
1649 591 1795 638 quidem

230 649 448 695 quandoque
471 657 523 683 est
545 650 587 682 de
610 649 748 682 ratione
770 648 832 690 rei,
855 655 890 681 et
911 647 1064 693 pertinet
1094 646 1136 680 ad
1164 646 1324 692 speciem
1354 645 1482 692 ipsius3
1513 645 1606 679 sicut
1634 644 1795 679 defectus

230 703 378 736 rationis
401 702 553 748 pertinet
575 702 618 735 ad
640 702 819 735 rationem
841 700 975 746 speciei
996 699 1090 746 equi,
1112 700 1170 734 vel
1192 699 1315 741 bovis;
1338 707 1372 732 et
1393 698 1476 744 quia
1494 710 1607 732 unum
1638 705 1673 732 et
1697 698 1795 732 idem

228 767 383 789 numero
406 766 556 788 manens
575 765 648 788 non
671 762 789 800 potest
809 753 992 787 transferri
1013 754 1056 787 de
1079 764 1149 786 una
1170 753 1290 799 specie
1312 752 1347 785 in
1371 751 1491 794 aliam,
1509 751 1592 785 inde
1619 760 1672 786 est
1698 751 1794 797 quod

229 808 291 842 tali
313 808 586 854 imperfectione
609 807 759 849 sublata,
780 807 918 840 tollitur
939 807 1076 852 species
1096 807 1165 840 rei:
1188 806 1280 840 sicut
1308 807 1382 850 jam
1409 816 1483 839 non
1514 812 1606 839 esset
1634 805 1712 847 bos,
1738 805 1795 838 vel

229 872 354 907 equus,
377 862 405 895 si
427 869 520 895 esset
541 860 744 894 rationalis:
769 860 986 906 quandoque
1014 871 1100 893 vero
1131 858 1357 905 imperfectio
1387 869 1462 892 non
1492 858 1646 904 pertinet
1676 858 1718 892 ad
1745 869 1796 891 ra-

229 914 368 948 tionem
390 914 533 960 speciei,
554 914 614 947 sed
635 913 764 947 accidit
782 913 967 947 individuo
988 912 1188 947 secundum
1208 912 1340 958 aliquid
1361 911 1476 945 aliud:
1499 911 1591 945 sicut
1609 910 1716 945 alicui
1733 911 1797 944 ho-

230 968 317 1001 mini
340 967 556 1013 quandoque
579 967 710 1001 accidit
732 966 891 1000 defectus
911 966 1072 1007 rationis,
1095 966 1309 1011 inquantum
1331 965 1525 1011 impeditur
1538 965 1574 998 in
1589 976 1632 999 eo
1647 964 1795 998 rationis

229 1032 314 1055 usus
335 1029 480 1067 propter
502 1032 685 1063 somnum,
704 1020 762 1054 vel
788 1020 1010 1061 ebrietatem,
1040 1019 1098 1053 vel
1129 1019 1263 1065 aliquid
1289 1019 1518 1064 hujusmodi:
1547 1026 1645 1064 patet
1674 1029 1796 1052 amem

229 1074 325 1120 quod
348 1074 408 1108 tali
432 1073 706 1120 imperfectione
734 1081 886 1115 remota,
911 1073 1149 1107 nihilominus
1179 1072 1377 1106 substantia
1406 1071 1458 1105 rei
1484 1079 1657 1105 remanet.
1684 1071 1798 1105 Mani-

229 1127 359 1161 festum
383 1135 436 1161 est
458 1135 591 1169 autem,
614 1127 711 1172 quod
733 1125 962 1172 imperfectio
986 1125 1203 1171 cognitionis
1227 1133 1279 1159 est
1300 1125 1343 1158 de
1366 1125 1505 1159 ratione
1527 1124 1628 1159 fidei:
1651 1125 1797 1171 ponitur

232 1181 329 1215 enim
350 1181 387 1214 in
405 1182 481 1226 ejus
504 1180 729 1214 definitione:
756 1180 843 1214 fides
871 1180 967 1213 enim
995 1187 1047 1213 est
1072 1180 1254 1214 substantia
1279 1178 1518 1225 sperandarum
1544 1190 1669 1220 rerum,
1697 1189 1793 1224 argu-

229 1241 373 1270 mentum
395 1247 459 1269 non
482 1236 728 1282 apparentium,
752 1242 791 1268 ut
812 1234 939 1268 dicitur
962 1233 1004 1267 ad
1024 1234 1131 1267 Hebr.
1159 1244 1210 1267 11.
1233 1241 1268 1267 et
1286 1233 1438 1278 August.
1454 1232 1540 1266 dicit
1554 1233 1670 1277 (tract.
1683 1243 1740 1277 40.
1756 1233 1790 1266 in

224 1290 322 1333 Joan.
346 1300 365 1322 a
386 1289 509 1334 med.):
534 1288 625 1333 Qm'd
646 1288 810 1334 estfidas?
832 1288 959 1322 credere
981 1287 1066 1333 qnod
1087 1299 1153 1321 mm
1173 1287 1282 1327 viden
1306 1287 1402 1332 quod
1425 1294 1547 1320 autem
1570 1285 1731 1332 cognitio
1751 1285 1795 1320 sit

229 1342 305 1376 sine
328 1342 561 1388 apparitione,
584 1341 642 1376 vel
662 1341 814 1382 visione,
833 1341 904 1374 hoc
928 1341 970 1374 ad
992 1339 1304 1386 imperfectionem
1329 1339 1547 1385 cognitionis
1569 1339 1739 1386 pertinet:
1760 1347 1795 1372 et

230 1396 279 1429 sic
302 1395 527 1441 imperfectio
551 1395 769 1441 cognitionis
793 1402 845 1428 est
867 1394 909 1427 de
932 1394 1070 1427 ratione
1094 1393 1194 1435 fidei3
1225 1393 1318 1426 unde
1346 1391 1579 1426 manifestum
1608 1400 1672 1434 est,
1699 1392 1795 1438 quod

229 1448 317 1482 fides
339 1460 413 1482 non
432 1456 551 1494 potest
573 1459 649 1482 esse
672 1447 830 1494 perfecta
854 1447 1013 1492 cognitio
1038 1446 1166 1480 eadem
1187 1457 1340 1480 numero
1364 1457 1526 1479 manens.
1551 1445 1621 1479 Sed
1649 1444 1796 1479 ulterius

232 1502 536 1536 considerandum
560 1510 623 1543 est,
646 1510 766 1535 utrum
788 1500 896 1534 simul
917 1500 1030 1546 possit
1051 1511 1128 1534 esse
1155 1511 1238 1533 cum
1267 1499 1477 1545 cognitione
1504 1498 1679 1545 perfecta:
1706 1498 1797 1532 nihil

231 1556 329 1589 enim
351 1556 528 1601 prohibet,
552 1555 711 1601 aliquam
735 1554 983 1600 cognitionem
1006 1553 1256 1600 imperfectam
1279 1552 1387 1586 simul
1409 1563 1486 1587 esse
1502 1552 1696 1598 aliquando
1713 1563 1795 1586 cum

231 1609 439 1654 cognitione
459 1608 635 1654 perfecta:
660 1616 712 1642 est
730 1608 838 1653 igitur
861 1607 1176 1648 considerandum,
1199 1606 1295 1652 quod
1319 1606 1480 1651 cognitio
1502 1614 1621 1652 potest
1643 1617 1719 1640 esse
1734 1605 1797 1639 im-

230 1661 387 1707 perfecta
409 1662 607 1708 tripliciter:
631 1673 694 1695 uno
716 1661 812 1695 modo
828 1672 869 1694 ex
883 1669 982 1706 parte
998 1660 1129 1705 objecti
1149 1659 1423 1705 cognoscibilis:
1446 1659 1511 1693 alio
1526 1659 1622 1693 modo
1637 1670 1680 1693 ex
1697 1666 1796 1705 parte

231 1715 360 1749 medii:
384 1717 479 1750 turtio
501 1715 595 1749 modo
619 1726 660 1748 ex
688 1724 787 1761 parte
814 1714 974 1759 subjecti.
1003 1714 1053 1747 Ex
1080 1722 1179 1759 parte
1207 1713 1352 1759 quidem
1380 1713 1512 1758 objecti
1539 1711 1796 1758 cognoscibilis

228 1768 395 1802 differunt
416 1769 614 1802 secundum
630 1769 826 1815 persertim,
847 1776 880 1801 et
900 1767 1137 1814 impeaffcstmn,
1159 1766 1319 1812 cognitio
1342 1766 1530 1808 matutina,
1546 1773 1580 1800 et
1592 1765 1796 1812 vespertina

229 1822 263 1854 in
287 1822 442 1867 angelis;
464 1833 550 1855 nam
573 1822 733 1867 cognitio
757 1821 932 1855 matutina
955 1829 1007 1854 est
1028 1820 1071 1854 de
1094 1820 1209 1861 rebus,
1231 1819 1431 1854 secundum
1450 1819 1546 1865 quod
1565 1819 1699 1853 habent
1719 1829 1796 1852 esse

228 1875 264 1908 in
286 1875 415 1917 verb03
440 1875 600 1921 cognitio
624 1883 744 1909 autem
766 1874 969 1920 vespertina
992 1881 1045 1908 est
1070 1874 1113 1908 de
1136 1873 1187 1916 iis,
1216 1873 1415 1907 secundum
1441 1873 1537 1919 quod
1563 1873 1698 1907 habent
1719 1883 1795 1906 esse

229 1929 265 1961 in
287 1929 431 1974 propria
452 1937 598 1970 natura3
619 1928 715 1974 quod
739 1936 791 1962 est
812 1926 1067 1974 imperfectum
1089 1934 1252 1973 respectu
1275 1926 1382 1972 primi
1404 1937 1498 1960 esse:
1522 1938 1564 1960 ex
1586 1934 1685 1972 parte
1706 1937 1795 1961 vero

229 1982 339 2015 medii
373 1981 541 2015 differunt
573 1982 772 2016 secundum
800 1982 997 2028 perfectum,
1027 1988 1061 2014 et
1087 1981 1326 2027 impeifaclum,
1348 1980 1521 2026 cognitio,
1554 1991 1645 2026 quae
1672 1987 1726 2014 est
1751 1979 1795 2014 de

231 2034 349 2081 aliqua
369 2035 604 2069 conclusione
626 2046 688 2081 per
706 2035 869 2068 medium
892 2034 1229 2075 demonstrativum,
1252 2041 1286 2067 et
1307 2045 1371 2079 per
1397 2033 1558 2067 medium
1584 2032 1790 2079 probabile:

231 2100 272 2122 ex
294 2097 392 2134 parte
411 2100 497 2122 vero
519 2088 669 2134 subjecti
696 2087 864 2122 differunt
890 2087 1090 2122 secundum
1112 2087 1310 2134 persertim,
1334 2094 1368 2121 et
1394 2086 1634 2133 inzpwseclum,
1658 2086 1794 2133 opinio,

230 2141 329 2183 fides,
353 2150 387 2176 et
408 2142 573 2176 scientia:
596 2153 682 2175 nam
705 2142 748 2175 de
771 2141 909 2175 ratione
932 2141 1113 2186 opinionis
1136 2148 1199 2182 est,
1227 2139 1323 2186 quod
1351 2140 1547 2186 accipiatur
1572 2151 1685 2174 unum
1712 2151 1795 2174 cum

230 2194 422 2229 formidine
446 2195 590 2229 alterius
613 2195 788 2241 oppositi:
811 2195 905 2228 unde
926 2206 1000 2228 non
1019 2194 1128 2228 habet
1148 2193 1290 2227 firmam
1310 2193 1579 2228 inhaesionem:
1599 2193 1642 2227 de
1657 2193 1795 2227 ratione

230 2259 317 2282 vero
340 2248 510 2282 scientiae
533 2256 596 2290 est,
618 2248 715 2294 quod
736 2248 868 2282 habeat
882 2247 1024 2281 sirmam
1042 2247 1291 2281 inhaesionem
1307 2257 1390 2280 cum
1404 2246 1544 2281 visione
1558 2245 1794 2280 intellectiva:

230 2302 340 2336 habet
361 2302 456 2335 enim
480 2302 731 2335 certitudinem
747 2302 1003 2347 procedentem
1020 2313 1062 2335 ex
1077 2299 1261 2334 intellectu
1276 2299 1553 2346 principiorum:
1569 2299 1654 2333 fides
1673 2308 1794 2334 autem

231 2356 353 2389 medio
376 2355 487 2389 modo
511 2367 547 2389 se
571 2355 695 2388 habet:
720 2355 860 2389 excedit
882 2354 978 2388 enim
1002 2354 1211 2400 opinionem
1234 2353 1270 2386 in
1296 2353 1366 2386 hoc
1395 2353 1491 2399 quod
1518 2352 1627 2387 habet
1652 2352 1795 2387 firmam

230 2409 499 2444 inhaesionem:
523 2408 642 2442 deficit
659 2419 745 2441 vero
769 2419 788 2441 a
811 2408 959 2442 scientia
982 2407 1017 2440 in
1040 2418 1096 2448 eo,
1119 2406 1215 2453 quod
1238 2418 1311 2440 non
1333 2406 1441 2440 habet
1462 2406 1652 2440 visionem.

304 2461 537 2496 Manifestum
561 2469 613 2496 est
635 2469 767 2502 autern,
791 2461 886 2506 quod
904 2461 1099 2506 perfectum,
1127 2468 1161 2494 et
1182 2460 1406 2506 imperfectum
1428 2470 1502 2493 non
1517 2467 1667 2505 possunt
1687 2458 1796 2494 simul

232 2528 309 2551 esse
331 2516 531 2550 secundum
554 2515 670 2549 idem:
694 2514 754 2548 sed
780 2526 831 2555 ea,
860 2525 950 2560 quae
978 2513 1147 2548 differunt
1173 2513 1372 2547 secundum
1394 2513 1589 2559 perfectum,
1618 2521 1652 2547 et
1678 2514 1797 2560 imper-

223 2571 362 2616 fectum,
386 2569 586 2603 secundum
610 2567 742 2613 aliquid
767 2568 860 2601 idem
885 2575 1033 2613 possunt
1055 2566 1162 2601 simul
1182 2578 1259 2600 esse
1280 2566 1314 2599 in
1337 2566 1459 2612 aliquo
1483 2565 1554 2600 alio
1576 2566 1718 2600 eodem.
1735 2565 1793 2600 Sic

232 2624 339 2667 igitur
361 2622 523 2667 cognitio
546 2621 714 2667 perfecta,
734 2629 767 2654 et
789 2620 998 2666 imperfecta
1026 2633 1066 2654 ex
1094 2628 1191 2666 parte
1219 2620 1350 2664 objecti
1377 2619 1478 2653 nullo
1506 2619 1617 2653 modo
1645 2627 1795 2665 possunt

233 2688 308 2710 esse
340 2676 382 2709 de
417 2675 546 2709 eodem
582 2675 744 2719 objecto:
773 2682 921 2718 possunt
948 2682 1068 2707 taimen
1098 2673 1292 2707 convenire
1319 2672 1353 2706 in
1383 2673 1512 2707 eodem
1540 2672 1672 2714 medio,
1700 2681 1734 2707 et
1760 2673 1794 2706 in

232 2730 362 2764 eodem
386 2730 568 2774 subjecto:
592 2727 681 2761 nihil
703 2727 798 2761 enim
823 2727 999 2772 prohibet,
1022 2727 1117 2772 quod
1141 2737 1232 2760 unus
1254 2726 1369 2759 homo
1392 2725 1511 2767 simul,
1535 2733 1569 2760 et
1594 2725 1706 2760 semel
1734 2737 1796 2771 per

233 2794 356 2824 unum,
380 2791 413 2816 et
436 2782 529 2815 idem
554 2781 713 2815 medium
732 2780 861 2813 habeat
884 2780 1131 2824 cognitionem
1160 2780 1203 2813 de
1234 2779 1386 2820 duobus,
1417 2790 1572 2825 quorum
1602 2790 1714 2813 unum
1742 2787 1795 2813 est

233 2835 443 2882 perfectum,
467 2843 500 2869 et
522 2835 616 2868 aliud
640 2833 911 2880 imperfectum:
935 2833 1025 2866 sicut
1047 2833 1089 2866 de
1112 2833 1274 2874 sanitate,
1302 2840 1336 2866 et
1363 2833 1598 2877 aegritudine,
1625 2840 1659 2866 et
1683 2833 1793 2874 bono,

233 2898 268 2923 et
290 2889 398 2922 malo.
423 2888 595 2922 Similiter
614 2888 721 2922 etiam
742 2886 962 2932 impossibile
982 2894 1046 2927 est,
1061 2886 1156 2932 quod
1173 2886 1334 2931 cognitio
1350 2885 1517 2932 perfecta,
1533 2894 1566 2920 et
1584 2885 1794 2932 imperfecta
