1955 3182
260 178 314 220 68
717 190 935 226 QUAESTIO
967 191 1008 219 V.
1042 189 1288 220 ARTICULUS
1320 190 1378 219 VI.

258 280 425 305 naturam
448 279 618 313 creatam,
640 282 715 305 non
737 279 855 317 potest
876 271 953 305 fieri
973 271 1102 305 virtute
1125 271 1276 316 alicujus
1295 278 1479 304 creaturae
1496 283 1504 312 ;
1531 278 1566 305 et
1585 271 1668 305 ideo
1690 271 1720 305 si
1738 270 1823 317 quid

259 324 335 358 fieri
361 332 538 370 oporteat,
560 324 657 370 quod
678 324 723 358 sit
744 336 849 370 supra
872 332 1050 366 naturam,
1065 324 1136 358 hoc
1159 324 1198 357 fit
1218 323 1428 357 immediate
1443 335 1462 356 a
1483 323 1585 359 Deo:
1607 324 1700 358 sicut
1716 324 1824 358 susci-

256 378 345 412 tatio
361 377 732 419 mortui,illuminatio
748 378 858 419 caeci,
873 385 908 411 et
922 385 1063 411 caetera
1077 377 1298 423 hujusmodi.
1315 377 1516 411 Ostensum
1535 384 1588 411 est
1603 385 1725 411 autem
1739 377 1823 422 (art.

251 432 396 478 praec),
420 431 516 476 quod
534 431 719 464 beatitudo
735 439 788 465 est
802 431 986 476 quoddam
1000 430 1138 464 bonum
1158 430 1333 464 excedens
1355 437 1522 463 naturam
1541 438 1712 472 creatam,
1727 430 1823 464 unde

257 483 480 530 impossibile
501 492 564 525 est,
587 483 684 529 quod
698 495 761 529 per
783 484 966 517 actionem
992 483 1143 528 alicujus
1166 490 1349 517 creaturae
1373 481 1597 524 conferatur3
1623 483 1686 516 sed
1707 483 1822 517 homo

256 537 382 570 beatus
403 536 441 570 fit
462 536 542 570 solo
563 537 645 570 Deo
668 544 808 582 agente,
831 537 860 570 si
880 536 1074 582 loquamur
1101 536 1144 570 de
1164 536 1385 570 beatitudine
1412 535 1580 581 perfecta.
1604 535 1644 569 Si
1663 547 1751 570 vero
1772 535 1823 570 lo-

257 597 412 636 quamur
433 590 475 624 de
494 590 714 624 beatitudine
736 590 958 636 imperfecta,
980 590 1030 623 sic
1053 590 1182 623 eadem
1195 589 1286 623 ratio
1310 597 1363 623 est
1383 588 1427 622 de
1448 588 1536 633 ipsa,
1555 596 1591 623 et
1609 588 1653 622 de
1674 589 1819 632 virtute,

257 644 293 677 in
317 645 417 689 cujus
439 651 520 677 actu
543 643 718 677 consistit.

328 697 388 730 AD
410 707 559 730 PRIMUM
578 707 665 742 ergo
688 696 894 737 dicendum,
916 695 1013 741 quod
1031 695 1244 741 plerumque
1265 694 1443 740 contingit
1459 694 1496 727 in
1513 694 1684 740 potentiis
1699 694 1824 728 activis

259 749 443 791 ordinatis,
463 750 560 795 quod
575 749 772 795 perducere
787 749 831 783 ad
845 748 1015 782 ultimum
1028 748 1139 783 finem
1154 749 1308 794 pertinet
1322 748 1365 781 ad
1381 758 1588 793 supremam
1602 747 1822 793 potentiam:

257 802 444 837 inferiores
465 813 552 836 vero
575 802 758 848 potentiae
785 802 1003 847 coadjuvant
1025 801 1068 835 ad
1091 801 1391 835 consecutionem
1412 799 1507 834 illius
1534 800 1653 834 ultimi
1672 800 1753 834 finis
1774 800 1823 835 di-

257 855 466 902 sponendo:
489 856 581 889 sicut
603 856 645 889 ad
673 863 787 889 artem
809 855 1096 900 gubernativam,
1120 865 1211 899 quae
1232 861 1375 900 praeest
1393 853 1646 896 navifactivae,
1671 853 1826 899 pertinet

257 920 342 943 usus
362 909 475 950 navis,
498 916 644 954 propter
665 919 774 954 quem
794 908 896 941 navis
918 908 994 953 ipsa
1024 907 1072 940 fit.
1096 906 1156 940 Sic
1178 907 1286 952 igitur
1312 907 1350 939 in
1371 905 1498 940 ordine
1524 906 1685 941 universi
1708 907 1824 941 homo

258 962 404 1008 quidem
427 962 613 1006 adjuvatur
629 962 670 995 ab
692 961 829 1007 angelis
852 960 1150 1006 consequendum
1172 959 1343 993 ultimum
1356 958 1467 993 finem
1485 960 1687 993 secundum
1705 959 1825 1006 aliqua

256 1015 521 1062 praecedentia,
544 1015 672 1060 quibus
694 1014 894 1059 disponitur
921 1013 965 1046 ad
992 1014 1068 1058 ejus
1091 1012 1408 1046 consecutionem:
1431 1012 1493 1046 sed
1514 1013 1635 1058 ipsum
1655 1012 1825 1047 ultimum

255 1068 366 1102 finem
389 1068 620 1113 consequitur
640 1078 703 1113 per
724 1068 843 1112 ipsum
865 1067 1024 1112 primum
1051 1074 1231 1111 agentem,
1250 1066 1311 1111 qui
1333 1073 1386 1099 est
1406 1066 1518 1099 Deus.

328 1121 389 1155 AD
412 1131 619 1155 SECUNDUM
641 1120 846 1162 dicendum,
864 1120 962 1165 quod
977 1119 1122 1165 quando
1138 1119 1256 1164 aliqua
1277 1117 1394 1152 forma
1410 1125 1492 1152 actu
1506 1119 1623 1152 existit
1643 1119 1681 1152 in
1703 1118 1824 1165 aliquo

258 1174 458 1208 secundum
478 1185 556 1207 esse
574 1173 786 1219 perfectum,
809 1180 843 1207 et
861 1173 1036 1214 naturale,
1058 1180 1177 1217 potest
1199 1183 1278 1206 esse
1300 1173 1517 1218 principium
1543 1173 1696 1206 actionis
1717 1173 1754 1206 in
1775 1172 1825 1206 al-

258 1236 394 1262 terum:
417 1228 507 1261 sicut
529 1227 686 1261 calidum
701 1238 764 1272 per
786 1226 947 1260 calorem
969 1225 1150 1260 calefacit:
1166 1225 1229 1259 sed
1251 1226 1280 1259 si
1301 1224 1418 1259 forma
1433 1225 1551 1259 existit
1567 1225 1604 1259 in
1627 1224 1748 1271 aliquo
1762 1226 1826 1259 im-

257 1280 428 1326 perfecte,
452 1287 486 1314 et
506 1292 580 1314 non
595 1280 797 1314 secundum
812 1291 889 1314 esse
904 1279 1078 1322 naturale,
1093 1291 1169 1313 non
1186 1286 1307 1325 potest
1328 1290 1408 1313 esse
1429 1279 1644 1325 principium
1664 1290 1826 1314 commu-

257 1335 449 1367 nicationis
473 1335 527 1367 sui
546 1334 588 1367 ad
610 1333 781 1367 alterum:
805 1334 897 1367 sicut
910 1334 1061 1367 intentio
1077 1332 1221 1374 coloris,
1241 1334 1302 1378 qui
1323 1340 1376 1366 est
1396 1333 1433 1366 in
1453 1332 1600 1378 pupilla,
1613 1343 1689 1366 non
1706 1340 1825 1378 potest

258 1386 376 1421 facere
393 1386 533 1420 album:
550 1398 667 1432 neque
684 1388 793 1420 etiam
808 1387 943 1427 omnia,
959 1397 1050 1431 quae
1070 1393 1151 1420 sunt
1168 1385 1381 1426 illuminata,
1400 1392 1460 1418 aut
1474 1384 1658 1428 calefacta,
1673 1393 1824 1431 possunt

259 1439 328 1474 alia
351 1439 561 1481 calefacere,
584 1447 618 1473 et
638 1439 862 1473 illuminare:
885 1441 936 1473 sic
953 1440 1050 1473 enim
1067 1439 1297 1480 illuminatio,
1313 1446 1346 1472 et
1361 1437 1551 1472 calefactio
1573 1446 1693 1473 essent
1711 1450 1824 1485 usque

259 1493 302 1526 ad
324 1492 522 1527 infinitum:
543 1492 667 1527 lumen
692 1500 813 1526 autem
835 1491 985 1537 gloriae,
1007 1504 1070 1537 per
1092 1492 1188 1538 quod
1214 1492 1314 1525 Deus
1336 1492 1488 1533 videtur,
1514 1492 1551 1525 in
1572 1491 1654 1526 Deo
1677 1493 1824 1538 quidem

259 1553 313 1579 est
334 1545 490 1590 perfecte
512 1546 713 1580 secundum
736 1556 814 1579 esse
835 1544 1019 1587 naturale3
1047 1547 1081 1579 in
1104 1544 1265 1591 qualibet
1285 1551 1407 1578 autem
1434 1551 1596 1578 creatura
1619 1553 1673 1579 est
1697 1546 1825 1591 imper-

257 1598 362 1640 fecte,
385 1607 420 1633 et
441 1599 639 1632 secundum
663 1610 741 1633 esse
763 1598 1106 1640 similitudinarium,
1128 1597 1186 1632 vel
1200 1599 1474 1643 participatum,
1496 1597 1591 1632 unde
1612 1597 1712 1632 nulla
1730 1610 1826 1633 crea-

256 1659 334 1686 tura
355 1652 461 1686 beata
482 1660 600 1697 potest
622 1653 895 1685 communicare
914 1663 1017 1685 suam
1039 1651 1299 1685 beatitudinem
1322 1650 1434 1685 alteri.

328 1705 388 1739 AD
404 1715 575 1739 TERTIUM
587 1705 792 1746 dicendum,
807 1705 904 1750 quod
919 1705 1069 1750 angelus
1083 1705 1208 1738 beatus
1222 1703 1403 1738 illuminat
1419 1703 1643 1738 intellectum
1651 1704 1824 1747 hominis,

256 1757 315 1792 vel
337 1759 445 1792 etiam
467 1757 644 1792 inferioris
667 1757 799 1802 angeli,
821 1766 996 1803 quantum
1020 1758 1063 1791 ad
1085 1757 1222 1803 aliquas
1248 1758 1408 1791 rationes
1431 1757 1639 1791 divinorum
1659 1768 1824 1804 operum,

256 1823 331 1845 non
354 1819 473 1845 autem
495 1819 669 1856 quantum
693 1811 736 1844 ad
756 1811 937 1844 visionem
960 1811 1102 1844 divinae
1129 1812 1317 1852 essentiae,
1345 1817 1383 1844 ut
1408 1810 1445 1844 in
1471 1810 1590 1856 primo
1612 1810 1749 1845 dictum
1771 1819 1824 1845 est

258 1864 304 1910 (q.
325 1865 401 1899 106.
424 1869 487 1898 art.
510 1877 536 1898 I.
560 1864 602 1898 ad
623 1877 650 1899 Ι.
673 1869 700 1898 at
721 1864 792 1908 2.).·
817 1864 859 1897 ad
877 1875 959 1897 eam
981 1864 1078 1897 enim
1099 1864 1293 1898 videndam
1309 1874 1438 1898 omnes
1464 1863 1675 1898 immediate
1696 1863 1825 1899 illumi-

256 1925 386 1952 nantur
405 1929 424 1950 a
446 1918 538 1952 Deo.

800 2045 1148 2090 ARTICULUS
1181 2046 1281 2089 vn.
1781 2070 1822 2106 39

374 2154 527 2183 UTRUM
576 2154 889 2189 REQUIRANTUR
927 2154 1093 2189 ALIQUA
1143 2155 1284 2184 OPERA
1330 2154 1447 2184 BONA
1491 2154 1551 2184 AD
1593 2154 1703 2194 HOC,

447 2219 572 2254 QUOD
602 2219 731 2248 HOMO
761 2218 1094 2249 BEATITUDINEM
1124 2219 1451 2255 CONSEQUATUR
1477 2220 1505 2248 A
1531 2220 1637 2249 DEO.

509 2305 610 2351 (Insr.
626 2317 655 2351 q.
673 2306 704 2340 6.
721 2310 784 2339 art.
800 2317 827 2340 Ι.
843 2317 872 2350 q.
889 2306 944 2340 62.
959 2310 1021 2341 art.
1033 2318 1062 2351 5.
1077 2305 1160 2340 adr.
1174 2311 1203 2340 et
1217 2312 1324 2352 opusc.
1339 2318 1370 2341 2.
1387 2313 1461 2353 cap.
1474 2307 1570 2353 173).

326 2394 386 2428 AD
409 2404 601 2428 SEPTmUM
623 2394 674 2428 sic
697 2394 914 2439 proceditur.
936 2393 1099 2437 Videtur,
1118 2395 1215 2440 quod
1237 2406 1312 2429 non
1329 2396 1555 2442 requirantur
1573 2395 1693 2443 aliqua
1711 2407 1821 2443 opera

254 2447 414 2481 hominis
433 2447 476 2481 ad
491 2447 574 2488 hoc,
589 2454 626 2480 ut
640 2447 898 2481 beatitudinem
915 2456 1157 2493 consequatur
1172 2459 1191 2482 a
1206 2449 1305 2482 Deo:
1321 2449 1422 2484 Deus
1437 2451 1534 2484 enim
1549 2461 1635 2484 cum
1648 2449 1694 2484 sit
1710 2461 1821 2496 agens

253 2500 414 2534 infinitae
435 2501 586 2542 virtutis,
613 2511 687 2534 non
706 2500 903 2545 praeexigit
924 2500 960 2534 in
984 2501 1125 2545 agendo
1146 2503 1347 2545 materiam,
1370 2510 1431 2537 aut
1449 2503 1724 2549 dispositionem
1746 2514 1822 2537 ma—

253 2555 376 2595 teriae,
398 2554 460 2588 scd
488 2555 609 2587 statim
636 2560 753 2598 potest
775 2560 892 2587 totum
915 2553 1134 2599 producere:
1158 2555 1220 2588 sed
1243 2566 1352 2601 opera
1379 2555 1551 2598 hominis,
1574 2566 1659 2590 cum
1679 2566 1754 2591 non
1771 2567 1822 2591 re-

254 2607 439 2653 quirantur
458 2607 501 2641 ad
519 2607 780 2641 beatitudinem
795 2608 883 2652 ejus,
899 2608 991 2641 sicut
1005 2618 1113 2641 causa
1133 2607 1303 2651 efficiens,
1318 2616 1356 2642 ut
1371 2609 1508 2643 dictum
1527 2616 1580 2644 est
1598 2608 1677 2653 (art.
1691 2610 1820 2656 prae),

254 2671 328 2694 non
351 2669 502 2707 possunt
522 2660 655 2706 requiri
677 2660 720 2693 ad
745 2671 837 2701 eam,
859 2660 928 2694 nisi
955 2660 1047 2694 sicut
1069 2660 1343 2706 dispositiones,
1366 2673 1454 2707 ergo
1480 2662 1592 2704 Deus,
1618 2662 1680 2708 qui
1700 2662 1822 2708 dispo-

255 2714 384 2748 sitione
407 2725 480 2748 non
503 2713 700 2760 praeexigit
721 2713 757 2747 in
779 2713 935 2758 agendo,
956 2713 1216 2748 beatitudinem
1235 2714 1310 2748 sine
1332 2715 1630 2760 praecedentibus
1651 2715 1820 2762 operibus

255 2766 405 2801 confert.

327 2831 358 2854 2.
381 2820 618 2855 PRAETEREA.
642 2819 741 2854 Sicut
768 2820 869 2854 Deus
896 2827 949 2854 est
971 2828 1097 2854 auctor
1123 2820 1352 2855 beatitudinis
1379 2821 1601 2864 immediate,
1626 2821 1676 2856 ita
1702 2829 1738 2856 et
1761 2832 1821 2856 na·

253 2881 370 2908 turam
386 2873 594 2907 immediate
609 2873 777 2908 instituit:
793 2872 854 2907 sed
870 2873 906 2906 in
922 2873 1038 2919 prima
1053 2873 1275 2908 institutione
1290 2882 1439 2910 naturae
1458 2874 1626 2921 produxit
1638 2882 1819 2910 creaturas
