1907 3182
206 167 284 209 130
633 164 851 200 QUAESTIO
885 166 954 195 XV.
982 165 1226 196 ARTICULUS
1259 166 1319 196 III.

266 245 325 280 AD
341 256 546 281 SECUNDUM
569 246 775 288 dicendum,
798 246 894 293 quod
912 246 1172 293 intemperatus
1186 247 1296 282 habet
1312 258 1377 294 pro
1393 246 1462 282 fine
1478 247 1757 283 delectationem

195 299 313 345 operis
339 299 399 344 [al.
420 300 634 346 operationis]
654 308 800 346 propter
821 311 930 345 quam
954 300 1132 334 consentit
1145 300 1182 334 in
1197 312 1300 347 opus,
1316 300 1432 347 magis
1454 312 1563 347 quam
1583 302 1620 336 in
1641 302 1759 348 ipsam

195 353 447 399 operationem
471 352 530 398 [al.
553 353 823 398 delectationem}

265 406 325 440 AD
348 417 519 441 TERTIUM
541 407 746 448 dicendum,
766 407 862 452 quod
877 405 1006 441 electio
1027 406 1124 441 addit
1141 419 1247 453 supra
1267 419 1485 442 consensum
1500 408 1696 454 quamdam
1709 419 1761 442 re-

196 459 372 494 lationem
386 468 550 506 respectu
566 461 653 505 ejus,
669 460 726 493 cui
742 459 875 506 aliquid
889 460 1120 506 praeeligitur
1134 474 1141 495 :
1157 468 1191 495 et
1206 461 1288 494 ideo
1310 469 1392 506 post
1406 472 1623 496 consensum
1643 461 1759 495 adhuc

197 521 360 547 remanet
375 513 520 547 electio:
540 521 658 559 potest
673 513 768 546 enim
785 513 1007 559 contingere,
1022 515 1117 559 quod
1134 526 1196 560 per
1210 513 1402 548 consilium
1418 514 1644 549 inveniantur
1658 514 1760 560 plura

196 566 363 600 ducentia
386 566 429 600 ad
451 566 572 608 finem,
595 578 750 612 quorum
773 567 859 600 dum
878 567 1063 612 quodlibet
1081 567 1209 613 placet,
1231 568 1267 601 in
1289 567 1450 614 quolibet
1467 579 1594 602 eorum
1613 579 1762 602 consen-

195 620 298 662 titur3
321 620 383 654 sed
406 631 447 653 ex
469 619 602 661 multis,
626 631 716 665 quae
738 619 892 666 placent,
914 621 1199 667 praeaccipimus
1223 633 1335 654 unum
1362 621 1552 667 eligendo:
1576 621 1637 655 sed
1659 621 1688 655 si
1708 621 1760 654 in-

195 673 358 707 veniatur
384 684 496 706 unum
523 672 655 715 solum,
683 673 778 718 quod
806 673 957 719 placeat,
984 685 1058 708 non
1085 674 1252 708 differunt
1273 686 1309 708 re
1332 686 1541 716 consensus,
1563 682 1598 709 et
1619 673 1761 716 electio,

196 727 257 761 sed
280 727 418 760 ratione
440 733 599 761 tantum:
628 734 665 760 ut
691 737 889 760 consensus
916 727 1066 769 dicatur,
1093 728 1293 761 secundum
1316 728 1412 774 quod
1439 727 1556 774 placet
1583 728 1625 762 ad
1653 739 1760 774 agen-

196 781 302 823 dum3
325 779 453 814 electio
477 787 609 822 autern,
632 780 832 814 secundum
854 781 950 827 quod
972 780 1169 827 praefertur
1189 782 1256 824 his,
1280 793 1370 828 quae
1391 793 1466 816 non
1487 781 1642 827 placent.

750 916 1097 961 ARTICULUS
1131 917 1206 960 IV.
1713 942 1758 978 90

414 1024 567 1054 UTRUM
595 1025 844 1055 CONSENSUS
872 1026 916 1055 IN
942 1025 1097 1055 ACTUM
1129 1025 1374 1055 PERTINEAT
1402 1025 1550 1055 SOLUM

594 1091 652 1120 AD
683 1091 955 1121 SUPERIOREM
981 1091 1146 1121 ANIMAE
1177 1091 1363 1121 PARTEM.

717 1172 797 1218 (2-2.
824 1185 853 1219 q.
880 1186 949 1209 110.
977 1178 1040 1209 art.
1067 1186 1094 1209 Ι.
1122 1174 1241 1220 corp).

266 1262 326 1297 AD
353 1272 541 1302 QUARTUM
563 1262 613 1297 sic
635 1263 851 1310 proceditur.
878 1263 1040 1306 Videtur,
1069 1263 1165 1310 quod
1197 1274 1394 1298 consensus
1417 1263 1460 1297 ad
1483 1262 1665 1310 agendum
1686 1274 1761 1298 non

195 1327 339 1362 semper
360 1316 534 1362 pertineat
556 1316 599 1350 ad
621 1317 845 1363 superiorem
872 1318 1070 1353 rationem:
1094 1317 1285 1352 delectatio
1308 1319 1405 1352 enim
1427 1317 1660 1364 consequitur
1681 1329 1763 1364 ope-

195 1370 385 1411 rationem,
408 1377 442 1404 et
467 1370 605 1416 perficit
626 1382 718 1413 eam,
741 1370 833 1405 sicut
854 1371 964 1405 decor
985 1373 1220 1417 juventutem,
1243 1371 1335 1406 sicut
1355 1371 1485 1406 dicitur
1505 1371 1542 1405 in
1568 1382 1618 1406 10.
1645 1371 1761 1405 Ethic.

198 1423 287 1470 (cap.
302 1435 335 1468 4.
348 1428 431 1470 post.
448 1424 569 1469 med.):
592 1424 654 1458 sed
677 1435 873 1459 consensus
888 1425 923 1458 in
943 1424 1222 1459 delectationem
1244 1425 1398 1471 pertinet
1419 1424 1463 1458 ad
1484 1423 1694 1459 inferiorem
1712 1436 1763 1458 ra-

198 1477 348 1519 tionem,
371 1485 409 1511 ut
429 1477 516 1512 dicit
536 1477 690 1524 August.
712 1478 749 1512 in
780 1488 831 1512 12.
855 1479 897 1513 de
921 1478 1021 1512 Trin.
1041 1480 1127 1525 (cap.
1150 1479 1204 1521 12)
1215 1491 1228 1520 ‚·
1253 1490 1340 1525 ergo
1363 1489 1561 1512 consensus
1582 1478 1619 1512 in
1641 1485 1763 1512 actum

196 1542 270 1565 non
291 1531 446 1577 pertinet
467 1531 510 1565 ad
532 1531 648 1566 solam
669 1532 894 1578 superiorem
917 1532 1108 1566 rationem.

267 1594 298 1618 2.
321 1584 556 1619 PRAETEREA.
580 1585 701 1628 Actio,
723 1586 758 1619 in
782 1597 890 1632 quam
914 1586 1171 1627 consentimus,
1194 1585 1323 1619 dicitur
1350 1596 1427 1620 esse
1453 1584 1674 1621 voluntaria:
1701 1585 1763 1620 sed

196 1637 391 1672 multarum
413 1640 657 1685 potentiarum
672 1647 724 1673 est
741 1639 941 1685 producere
961 1639 1122 1674 actiones
1143 1638 1390 1682 voluntarias,
1412 1649 1500 1685 ergo
1518 1649 1592 1673 non
1610 1638 1689 1673 sola
1710 1650 1765 1673 su-

195 1691 315 1738 perior
336 1692 428 1726 ratio
451 1692 631 1726 consentit
651 1694 687 1727 in
710 1701 842 1727 actum.

270 1757 298 1792 3.
317 1745 553 1780 PRAETEREA.
569 1746 742 1792 Superior
756 1746 847 1780 ratio
862 1746 1014 1781 intendit
1033 1746 1185 1781 aeternis
1203 1745 1448 1792 inspiciendis,
1468 1753 1504 1780 et
1521 1744 1763 1788 consulendis,

195 1807 234 1833 ut
254 1798 479 1845 Augustinus
506 1799 592 1834 dicit
613 1800 649 1833 in
672 1810 722 1834 12.
745 1800 788 1834 de
809 1799 910 1834 Trin.
931 1798 1019 1847 (cap.
1042 1811 1072 1847 7.
1093 1801 1125 1834 in
1144 1800 1235 1846 fin.):
1258 1799 1320 1834 sed
1342 1799 1526 1834 multoties
1547 1800 1663 1834 homo
1683 1810 1766 1833 con-

195 1852 302 1887 sentit
319 1853 355 1886 in
379 1861 511 1896 actum,
533 1864 608 1887 non
630 1862 777 1900 propter
802 1854 960 1889 rationes
987 1862 1162 1896 aeternas,
1184 1853 1246 1888 sed
1267 1861 1415 1900 propter
1441 1853 1580 1900 aliquas
1605 1853 1763 1888 rationes

193 1905 426 1952 temporales,
447 1906 505 1941 vel
527 1907 636 1942 etiam
658 1916 804 1954 propter
831 1907 968 1954 aliquas
996 1907 1138 1942 animae
1165 1907 1371 1954 passiones;
1398 1918 1472 1942 non
1499 1918 1586 1954 ergo
1615 1918 1765 1942 consen-

195 1959 260 1994 tire
280 1959 319 1993 in
341 1968 461 1994 actum
483 1961 637 2007 pertinet
658 1961 701 1995 ad
723 1960 842 1995 solam
863 1961 1089 2008 superiorem
1110 1962 1301 1996 rationem.

268 2013 342 2048 SED
371 2025 526 2049 CONTRA
549 2023 613 2057 est,
636 2015 732 2061 quod
752 2015 905 2061 August.
926 2015 1012 2049 dicit
1028 2015 1064 2049 in
1091 2025 1142 2049 12.
1166 2015 1209 2049 de
1233 2014 1361 2049 Trinit.
1381 2015 1469 2062 (cap.
1489 2026 1538 2050 12.
1558 2015 1636 2050 circ.
1652 2014 1765 2058 med),

194 2078 268 2102 non
283 2076 401 2114 potest
414 2076 605 2114 peccatum
625 2068 819 2103 efficaciter
832 2069 1112 2115 perpetrandum
1135 2076 1256 2103 mente
1283 2068 1439 2111 decerni,
1461 2068 1531 2103 nisi
1551 2067 1613 2103 illa
1635 2068 1766 2103 mentis

195 2121 358 2164 intentio,
380 2133 489 2168 penes
511 2134 621 2168 quam
648 2134 791 2157 summa
818 2131 977 2169 potestas
999 2130 1053 2157 est
1074 2123 1238 2157 membra
1258 2122 1296 2156 in
1318 2133 1408 2169 opus
1436 2121 1621 2164 movendi,
1642 2121 1701 2157 vel
1723 2122 1764 2156 ab

196 2186 305 2222 opere
329 2176 532 2218 cohibendi,
555 2176 673 2211 malae
693 2177 827 2211 actioni
850 2177 963 2219 cedat,
988 2185 1022 2211 et
1040 2177 1182 2211 serviat.

267 2229 495 2264 RESPONDEO
518 2230 723 2272 dicendum,
743 2230 839 2277 quod
860 2230 974 2265 finalis
993 2231 1170 2265 sententia
1189 2241 1332 2277 semper
1349 2230 1504 2277 pertinet
1525 2229 1569 2264 ad
1592 2241 1690 2272 eum,
1705 2230 1767 2277 qui

195 2283 360 2329 superior
381 2292 444 2326 est,
466 2284 509 2318 ad
532 2296 640 2330 quem
667 2285 819 2330 pertinet
840 2284 883 2318 de
906 2284 982 2319 aliis
1008 2284 1185 2330 judicare3
1213 2284 1386 2330 quamdiu
1408 2284 1505 2318 enim
1532 2283 1768 2330 judicandum

196 2345 315 2379 restat,
331 2337 427 2383 quod
443 2338 666 2384 proponitur,
678 2338 841 2372 nondum
857 2338 960 2372 datur
974 2338 1090 2372 finalis
1106 2338 1299 2372 sententia:
1316 2337 1550 2372 manifestum
1565 2345 1619 2372 est
1633 2345 1768 2380 autem,

197 2390 293 2436 quod
326 2391 490 2437 superior
511 2391 602 2426 ratio
629 2400 692 2434 est,
719 2403 810 2438 quae
837 2392 946 2426 habet
972 2392 1014 2426 de
1042 2392 1211 2426 omnibus
1236 2392 1416 2438 judicare:
1444 2391 1528 2438 quia
1555 2390 1598 2426 de
1624 2391 1769 2425 sensibi—

196 2443 288 2478 libus
310 2455 373 2490 per
391 2445 570 2479 rationem
591 2445 650 2490 [al.
668 2451 730 2492 pur
751 2447 892 2480 rationes
911 2446 1087 2490 humanas]
1109 2445 1331 2491 judicamus:
1354 2445 1398 2479 de
1419 2444 1475 2479 his
1493 2455 1594 2487 vero,
1616 2456 1708 2491 quae
1723 2444 1768 2479 ad

197 2499 354 2532 rati0nes
376 2498 555 2532 humanas
578 2499 766 2545 pertinent,
789 2499 991 2544 judicamus
1010 2499 1211 2533 secundum
1230 2499 1388 2533 rationes
1410 2498 1560 2541 divinas,
1580 2509 1671 2545 quae
1693 2510 1770 2545 per-

196 2553 284 2586 tinet
307 2552 349 2586 ad
372 2552 552 2586 rationem
579 2553 820 2598 superiorem:
844 2560 878 2587 et
900 2553 981 2586 ideo
1010 2553 1182 2599 quamdiu
1209 2553 1388 2587 incertum
1411 2560 1476 2594 est,
1498 2563 1543 2586 an
1565 2553 1766 2586 secundum

197 2606 355 2640 rationes
377 2606 515 2640 divinas
538 2606 732 2647 resistatur,
754 2606 811 2640 vel
833 2617 918 2648 non,
937 2606 1077 2640 nullum
1097 2606 1271 2652 judicium
1291 2607 1440 2641 rationis
1460 2605 1570 2640 habet
1588 2606 1768 2641 rationem

198 2659 314 2693 finalis
336 2660 549 2694 sententiae:
570 2659 685 2693 finalis
709 2668 828 2694 autem
852 2661 1028 2694 sententia
1051 2660 1093 2693 de
1110 2660 1257 2705 agendis
1281 2668 1334 2694 est
1356 2671 1554 2695 consensus
1576 2660 1612 2694 in
1635 2668 1768 2703 actu1u;

198 2721 232 2746 et
245 2713 326 2747 ideo
343 2724 541 2747 consensus
557 2713 591 2747 in
607 2722 728 2748 actum
744 2714 897 2759 pertinet
913 2714 955 2747 ad
972 2714 1150 2748 rationem
1168 2714 1405 2760 superiorem,
1424 2714 1628 2749 secundum
1645 2722 1768 2748 tamen

198 2766 294 2812 quod
309 2767 344 2800 in
362 2767 498 2801 ratione
514 2767 680 2801 voluntas
701 2767 905 2809 includitur,
921 2768 1012 2801 sicut
1031 2779 1135 2813 supra
1152 2768 1290 2801 dictum
1307 2776 1359 2802 est
1372 2769 1454 2812 (art.
1478 2780 1504 2803 Ι.
1527 2768 1595 2813 huj.
1608 2779 1638 2814 q.
1653 2767 1695 2802 ad
1713 2768 1767 2813 1.).

273 2820 332 2853 AD
348 2831 497 2855 PRIMUM
521 2832 607 2866 ergo
631 2821 837 2862 dicendum,
860 2821 956 2866 quod
980 2832 1177 2855 consensus
1198 2822 1230 2854 in
1253 2820 1533 2856 delectationem
1553 2821 1672 2867 operis
1695 2833 1771 2868 per-

204 2873 292 2908 tinet
315 2874 357 2908 ad
380 2874 604 2920 superiorem
627 2876 816 2916 rationem,
843 2875 934 2908 sicut
956 2882 989 2909 et
1012 2886 1209 2909 consensus
1231 2875 1266 2908 in
1291 2886 1400 2921 opus:
1424 2875 1485 2909 sed
1513 2886 1711 2910 consensus
1733 2875 1768 2910 in
