1907 3198
483 193 705 231 QUAEsrto
739 193 873 224 xcv11.
909 192 1154 224 Anrreuws
1188 191 1244 223 tv.
1564 183 1646 236 695

148 278 209 314 AD
230 287 438 314 SECUNDUM
457 276 664 318 dicendum,
686 275 783 323 quod
805 286 881 310 non
903 283 957 310 est
979 274 1144 321 acceptio
1167 284 1416 320 personarum,
1438 274 1465 308 si
1488 285 1561 308 non
1580 286 1650 309 scr·

77 340 206 368 ventur
225 330 389 379 aequalia
411 331 446 365 in
469 330 632 377 personis
654 329 919 376 inaequalibus:
940 329 1035 363 unde
1053 328 1200 375 quando
1219 327 1380 362 conditio
1403 327 1553 373 alicujus
1575 339 1651 375 per-

76 395 190 422 sonae
209 385 358 432 requirit
385 383 658 424 rationabiliter,
685 390 723 417 ut
749 383 784 416 in
807 393 849 416 ea
872 382 1005 428 aliquid
1029 381 1234 428 specialiter
1256 382 1478 423 observetur,
1500 392 1573 415 non
1597 391 1650 416 est

29 463 34 470 ·
76 448 315 488 personarum
337 437 513 484 acceptio,
535 437 563 471 si
586 436 651 471 sibi
674 436 793 483 aliqua
816 435 983 481 specialis
1006 435 1120 481 gratia
1143 434 1214 468 fiat.

147 491 209 528 AD
230 502 403 528 TER-’num
421 491 627 532 dicendum,
642 490 739 537 quod
759 489 816 524 lex
834 489 1018 531 naturalis,
1038 489 1252 535 inquantum
1275 487 1437 523 continet
1458 496 1650 535 praecepta

77 545 301 588 communia,
329 555 422 592 quae
447 555 646 590 numquam
675 542 814 584 fallunt,
841 543 1150 589 dispensationem
1172 541 1331 588 recipere
1353 552 1427 575 non
1449 550 1584 587 potest;
1614 542 1648 576 in

77 598 156 635 aliis
179 609 267 634 vero
293 597 505 646 praeceptis,
533 608 624 644 quae
651 605 733 631 sunt
759 596 860 643 quasi
889 596 1145 630 conclusiones
1176 603 1453 642 praeceptorum
1488 606 1651 630 commu-

76 652 191 696 nium,
203 652 422 700 quandoque
437 663 500 698 per
514 651 704 686 hominem
723 650 950 697 dispensatur
964 662 972 691 ;
987 658 1071 696 puta
1091 649 1188 696 quod
1204 656 1370 683 mutuum
1387 660 1460 683 non
1480 649 1650 684 reddatur

77 706 252 756 proditori
269 705 416 753 patriae,
434 704 491 740 vel
510 704 644 752 aliquid
663 703 890 750 hujusmodi:
915 704 957 738 ad
977 703 1098 749 legem
1119 711 1239 738 autern
1255 703 1412 737 divinam
1430 702 1478 737 ita
1491 702 1651 737 sehabet

77 759 227 810 quilibet
245 759 374 802 homo,
391 758 484 794 sicut
501 769 655 806 persona
675 758 813 805 privata
832 757 875 791 ad
895 756 1014 803 legem
1035 756 1229 803 publicam,
1249 756 1306 790 cui
1328 756 1531 802 subjicitur:
1555 756 1649 791 unde

77 812 171 850 sicut
201 813 238 848 in
266 811 347 859 lege
369 812 529 849 humana
556 811 699 859 publica
722 821 795 845 non
818 818 937 858 potest
958 811 1177 857 dispensare,
1199 810 1267 844 nisi
1290 809 1349 845 ille
1372 821 1391 844 a
1413 821 1486 856 quo
1508 809 1565 844 lex
1592 820 1651 844 au·

78 866 282 903 ctoritatem
307 866 427 908 habet,
453 865 512 900 vel
537 865 566 900 is
593 865 650 900 cui
676 865 752 912 ipse
779 864 1026 899 commiserit:
1055 865 1103 898 ita
1130 864 1164 898 in
1193 864 1393 910 praeceptis
1420 864 1504 909 juris
1526 863 1649 904 divini,

78 931 171 969 quae
190 927 274 956 sunt
298 931 319 954 a
336 919 430 962 Deo,
451 918 571 954 nullus
593 927 712 966 potest
735 919 954 965 dispensare,
977 919 1044 952 nisi
1067 918 1178 959 Deus,
1200 917 1258 952 vel
1281 917 1322 959 is,
1345 918 1402 952 cui
1424 917 1499 964 ipse
1517 917 1651 964 specia-

78 974 160 1011 liter
179 973 434 1010 committeret.

560 1260 916 1322 QUAESTIO
958 1259 1184 1308 XCVIII.

303 1385 367 1418 DE
390 1385 517 1417 LEGE
547 1384 735 1423 VETERI,
766 1384 815 1415 IN
843 1384 929 1416 SEX
956 1383 1219 1415 ARTICULOS
1248 1384 1421 1414 mvlsA.

1605 1407 1639 1428 s„

149 1505 429 1553 Consequenter
463 1505 771 1541 considerandum
793 1514 847 1541 est
872 1505 916 1540 de
938 1505 1019 1552 lege
1040 1504 1171 1540 veteri:
1195 1513 1229 1540 et
1246 1506 1361 1552 primo
1383 1505 1427 1540 de
1450 1504 1525 1552 ipsa
1547 1504 1648 1551 lege:

77 1559 217 1596 secundo
238 1559 284 1595 de
303 1560 506 1608 praeceptis
527 1560 614 1607 ejus.

573 1647 675 1685 Circa
694 1650 848 1696 primum
869 1654 1076 1696 quaeruntur
1095 1661 1159 1684 sex.

148 1720 284 1756 Primo.
307 1720 440 1756 Utrum
461 1719 518 1756 lex
539 1729 643 1756 vetus
664 1721 709 1756 sit
729 1721 836 1756 bona.

151 1774 334 1810 Secundo.
358 1774 492 1810 Utrum
514 1774 559 1810 sit
580 1785 600 1809 a
621 1775 715 1810 Deo.

148 1826 288 1864 Tertio.
314 1827 448 1864 Utrum
469 1829 514 1863 sit
535 1839 555 1862 a
574 1828 656 1863 Deo
679 1828 921 1863 mediantibus
944 1827 1092 1875 angelis.

150 1881 305 1924 Quarto.
328 1881 462 1917 Utrum
483 1881 566 1917 data
588 1882 632 1917 sit
654 1882 834 1916 omnibus.

153 1935 306 1978 Quinto.
329 1935 464 1971 Utrum
483 1946 612 1970 omnes
633 1935 780 1981 obliget.

151 1989 274 2025 Sexto.
298 1988 430 2025 Utrum
450 2000 616 2036 congruo
638 1997 803 2037 tempore
825 1988 930 2024 suerit
956 1989 1049 2024 data.

652 2118 998 2165 ARTICULUS
1035 2120 1067 2163 1.
1584 2134 1648 2177 με

477 2227 630 2258 UTRUM
655 2227 736 2257 LEX
764 2227 904 2257 VETUS
929 2227 1084 2258 FUERIT
1108 2200 1242 2257 BONA.x

175 2321 277 2368 (Insr.
298 2326 363 2357 art.
386 2332 418 2357 2.
439 2320 482 2356 ad
501 2333 527 2357 ι.
549 2326 578 2356 et
599 2332 629 2356 2.
652 2326 681 2356 ct
705 2321 798 2356 Rom.
816 2332 844 2366 7.
868 2320 936 2356 lect.
959 2332 990 2356 2.
1013 2326 1042 2356 et
1060 2333 1087 2367 3.
1110 2326 1138 2356 ct
1163 2321 1239 2356 Gal.
1259 2333 1286 2367 3.
1310 2322 1380 2356 lest.
1405 2334 1433 2368 7.
1453 2328 1480 2356 c!
1501 2324 1561 2369 S).

149 2415 212 2453 AD
224 2425 374 2453 PRIMUM
388 2415 439 2451 sic
454 2415 672 2463 proceditur.
695 2414 858 2457 Videtur,
873 2415 969 2462 quod
992 2415 1047 2450 lcx
1063 2423 1165 2450 vetus
1180 2427 1253 2450 non
1269 2415 1373 2451 suerit
1388 2417 1502 2452 bona:
1521 2417 1650 2453 dicitur

79 2469 177 2506 enim
198 2468 330 2506 Ezech.
352 2478 426 2505 20.:
449 2468 537 2504 Dedi
557 2470 600 2504 eis
616 2473 792 2516 praccepta
816 2480 880 2503 nou
900 2470 997 2510 hona,
1020 2474 1048 2503 ct
1067 2469 1209 2513 jmlicht,
1233 2471 1266 2503 in
1288 2471 1404 2516 quihus
1425 2482 1490 2505 non
1515 2473 1648 2507 viu-nt:

78 2522 143 2560 ted
162 2522 220 2559 lex
241 2533 316 2559 non
337 2522 467 2558 dicitur
488 2522 596 2563 bona,
619 2522 685 2556 nisi
716 2529 861 2568 propter
883 2522 1080 2557 bonitatem
1105 2531 1394 2569 praeceptorum,
1420 2535 1512 2570 quac
1539 2526 1651 2560 conti·

78 2584 159 2621 nen
179 2581 269 2623 ergo
289 2575 348 2612 lex
366 2583 471 2611 vetus
492 2587 566 2610 non
589 2575 654 2610 fuit
674 2575 781 2610 bona.

151 2638 183 2666 2.
200 2628 439 2666 PRAETEREA.
463 2628 520 2664 Ad
542 2628 745 2663 bonitatem
769 2628 857 2673 legis
879 2629 1046 2675 pertinet,
1068 2638 1105 2663 ut
1133 2630 1321 2664 communi
1341 2630 1445 2665 saluti
1474 2631 1650 2677 proficiat,

80 2681 173 2719 sicut
194 2682 352 2719 Isidorus
372 2681 457 2717 dicit
473 2681 547 2725 (mv.
566 2693 593 2728 5.
618 2682 766 2728 13!)'¹’1·)·'
788 2682 848 2717 sed
864 2681 919 2717 lex
942 2690 1044 2717 vetus
1066 2694 1138 2716 non
1160 2683 1223 2718 suit
1245 2683 1437 2721 salutifera.
1452 2686 1513 2719 sed
1534 2687 1650 2731 magis

80 2733 278 2779 mortifera,
297 2743 335 2771 et
353 2736 504 2771 nociva:
527 2734 613 2770 dicit
636 2735 734 2770 enim
752 2736 879 2782 Apost.
902 2735 1010 2770 Rom.
1033 2746 1085 2781 7.:
1107 2737 1183 2771 Sim·
1204 2737 1268 2780 leg«,-
1286 2743 1458 2784 pcc‹·at11m
1481 2744 1649 2773 mortuum

77 2793 170 2825 urat:
187 2799 245 2836 ago
264 2793 376 2825 ancum
395 2789 552 2824 vivebam
566 2789 634 2823 sine
647 2788 712 2835 lege
725 2788 927 2835 a1iquando,·
949 2788 1002 2824 scd
1016 2801 1089 2824 cum
1104 2792 1239 2824 venisset
1254 2790 1460 2829 mandatnm.
1480 2797 1648 2838 peccatum

80 2842 226 2885 revixit:
245 2852 304 2889 ego
316 2847 429 2878 autem
449 2846 598 2877 mortuus
619 2853 689 2877 sum
702 2854 713 2877 .·
734 2849 770 2877 et
792 2840 898 2877 Rom.
925 2853 971 2888 5.:
994 2843 1061 2878 Lex
1082 2844 1296 2887 subintravit,
1315 2850 1351 2878 ut
1372 2845 1556 2881 abundaret
1575 2846 1650 2881 deli-

82 2899 195 2938 eum:
211 2904 306 2944 ugo
324 2894 383 2932 lex
403 2902 507 2931 vetus
527 2905 602 2930 non
624 2894 689 2930 fuit
710 2894 817 2930 bona.
