1875 3198
200 224 284 264 600
595 234 817 270 QUAEsrto
851 235 1026 265 LXXXIV.
1062 235 1306 266 ARTICULUS
1339 237 1367 266 1.

271 316 452 351 Secundo.
475 316 607 351 Utrum
630 317 795 363 superbia
814 317 858 351 sit
875 317 1018 351 initium
1040 317 1160 351 omnis
1178 318 1329 364 peccati.

269 369 407 404 Tertio.
423 371 555 404 Utrum
570 378 711 416 praeter
729 371 947 416 superbiam,
963 378 998 405 et
1012 371 1212 413 avaritiam,
1231 370 1385 406 debeant
1402 371 1474 406 dici
1495 371 1663 419 capitalia
1676 373 1765 408 vitia

198 422 316 469 aliqua
338 423 510 469 specialia
531 431 691 470 peccata.

269 476 423 518 Quarto.
453 477 566 520 Quot,
589 485 623 511 et
644 488 735 523 quae
757 477 827 511 sint
849 477 1016 523 capitalia
1037 477 1134 511 vitia.

772 635 1120 681 ARTICULUS
1153 637 1187 679 I.
1694 649 1764 693 448

374 755 527 785 UTRUM
551 755 784 786 CUPIDITAS
813 756 880 785 εῖτ
908 757 1042 786 RADIX
1065 756 1244 786 OMNIUM
1269 756 1584 791 PECCATORUM.

292 853 391 900 (Infr.
414 859 478 888 art.
500 866 531 889 2.
554 859 582 888 et
603 859 666 889 art.
685 867 713 901 3.
737 855 778 889 ad
798 868 825 890 l.
848 859 877 890 et
897 861 962 890 art.
985 867 1017 900 4.
1041 855 1083 890 ad
1103 867 1134 900 4.
1158 861 1187 890 et
1207 867 1276 891 2-2.
1299 868 1328 902 q.
1356 868 1426 903 119.
1449 861 1514 892 art.
1536 867 1567 891 2.
1584 855 1666 892 adr.

584 913 613 942 et
628 909 710 942 Mal.
726 920 756 954 q.
771 909 802 943 8.
815 913 876 942 art.
891 921 916 944 r.
927 908 1005 944 adr.
1021 915 1050 944 et
1064 921 1093 955 q.
1108 921 1155 956 23.
1171 914 1234 944 art.
1247 922 1272 945 r.
1289 909 1332 944 ad
1344 920 1373 956 5.

420 966 449 995 et
465 962 558 997 Rom.
578 972 607 1008 7.
619 961 689 996 lect.
709 974 738 996 2.
752 967 779 996 et
794 975 819 997 r.
835 962 913 997 Cor.
928 975 973 997 Π.
990 963 1061 997 lect.
1076 963 1178 1009 4.fin.
1194 968 1224 998 et
1233 975 1260 998 Ι.
1276 963 1351 998 Eth.
1368 963 1438 998 lect.
1461 962 1524 1009 6.).

264 1061 325 1095 AD
343 1072 492 1096 PRIMUM
508 1062 557 1096 sic
577 1062 795 1108 proceditur.
815 1062 978 1105 Videtur,
1002 1063 1098 1110 quod
1118 1063 1293 1109 cupiditas
1315 1074 1390 1097 non
1412 1063 1457 1097 sit
1477 1062 1578 1097 radix
1595 1063 1762 1097 omnium

192 1123 443 1160 peccatorum:
464 1115 640 1161 cupiditas
663 1116 772 1158 enim,
795 1128 886 1162 quae
910 1125 963 1151 est
983 1117 1246 1151 immoderatus
1265 1117 1442 1163 appetitus
1461 1117 1680 1159 divitiarum,
1703 1128 1764 1163 op-

191 1169 336 1214 ponitur
353 1169 475 1203 virtuti
503 1169 744 1205 liberalitatiz:
768 1170 829 1204 sed
851 1170 1046 1205 liberalitas
1073 1182 1147 1205 non
1175 1178 1228 1205 est
1252 1171 1354 1204 radix
1375 1170 1542 1204 omnium
1568 1171 1761 1212 virtutum;

193 1233 279 1267 ergo
299 1222 474 1268 cupiditas
492 1234 566 1256 non
590 1231 642 1257 est
668 1223 767 1257 radix
791 1224 957 1258 omnium
980 1232 1225 1270 peccatorum.

264 1285 294 1309 2.
317 1276 554 1311 PRAETEREA.
578 1277 767 1322 Appetitus
782 1288 909 1312 eorum
932 1289 1024 1324 quae
1047 1286 1129 1312 sunt
1147 1278 1191 1311 ad
1213 1277 1336 1319 finem,
1358 1277 1523 1323 procedit
1538 1288 1581 1311 ex
1602 1276 1761 1323 appetitu

191 1330 288 1365 finis:
310 1331 371 1365 sed
393 1331 550 1372 divitiae,
567 1343 718 1377 quarum
735 1333 912 1378 appetitus
924 1341 977 1367 est
995 1332 1182 1378 cupiditas,
1196 1343 1271 1366 non
1286 1339 1503 1378 appetuntur
1515 1331 1585 1365 nisi
1605 1337 1644 1364 ut
1657 1330 1762 1364 utiles

193 1384 236 1418 ad
259 1384 417 1430 aliquem
439 1384 561 1427 finem,
584 1385 676 1419 sicut
698 1385 827 1419 dicitur
848 1386 885 1419 in
911 1397 938 1419 Ι.
961 1386 1077 1420 Ethic.
1097 1386 1188 1432 (cap.
1208 1397 1236 1431 5.
1259 1387 1338 1420 circ.
1349 1385 1452 1431 fin.);
1475 1395 1562 1431 ergo
1585 1384 1761 1430 cupiditas

191 1448 265 1471 non
284 1445 337 1471 est
358 1438 457 1471 radix
481 1438 599 1472 omnis
621 1438 772 1484 peccati,
796 1439 857 1473 sed
879 1439 1042 1485 procedit
1065 1450 1108 1473 ex
1131 1438 1201 1472 alia
1222 1438 1334 1484 priori
1356 1438 1489 1473 radice.

266 1503 294 1537 3.
317 1492 553 1526 PRAETEREA.
577 1492 797 1538 Frequenter
819 1492 1010 1534 invenitur,
1033 1492 1129 1538 quod
1157 1492 1317 1534 avaritia,
1340 1502 1432 1538 quae
1459 1491 1622 1538 cupiditas
1645 1491 1762 1525 nomi-

191 1553 308 1586 natur,
330 1546 441 1579 oritur
463 1556 505 1579 ex
528 1546 604 1579 aliis
626 1545 795 1591 peccatis,
818 1553 903 1591 puta
925 1557 1009 1580 cum
1025 1546 1103 1591 quis
1119 1546 1254 1592 appetit
1274 1545 1469 1591 pecuniam
1483 1552 1629 1591 propter
1651 1544 1761 1578 ambi-

189 1598 340 1639 tionem,
363 1598 422 1632 vel
443 1606 481 1632 ut
499 1598 695 1633 satisfaciat
710 1599 835 1644 gulae3
857 1611 931 1633 non
955 1610 1042 1645 ergo
1065 1606 1118 1633 est
1139 1599 1239 1632 radix
1261 1599 1427 1633 omnium
1448 1606 1696 1645 peccatorum.

263 1652 337 1686 SED
361 1662 515 1687 CONTRA
539 1660 602 1694 est,
625 1653 722 1699 quod
745 1653 830 1686 dicit
852 1652 1052 1699 Apostolus
1078 1664 1105 1686 1.
1130 1653 1174 1686 ad
1197 1651 1362 1686 Timoth.
1384 1651 1464 1686 ult.:
1486 1652 1596 1688 Radix
1609 1653 1759 1687 omnium

191 1706 358 1739 malorum
379 1711 422 1740 est
439 1706 613 1752 cupiditas.

260 1759 490 1794 ResPoNDEO
513 1759 720 1802 dicendum,
740 1759 837 1806 quod
859 1759 1060 1794 secundum
1083 1759 1262 1805 quosdam
1285 1759 1461 1805 cupiditas
1477 1759 1656 1806 tripliciter
1676 1759 1761 1794 dici-

189 1821 263 1847 tur:
286 1825 350 1846 uno
372 1813 480 1855 modo,
501 1821 608 1859 prout
629 1821 682 1848 est
704 1814 880 1859 appetitus
907 1813 1132 1847 inordinatus
1155 1813 1378 1846 divitiarum:
1401 1820 1436 1846 et
1456 1813 1507 1847 sic
1529 1820 1583 1847 est
1603 1813 1760 1859 speciale

189 1874 397 1911 peccatum:
421 1867 486 1900 alio
506 1866 600 1900 modo
623 1867 824 1901 secundum
843 1867 940 1913 quod
963 1866 1143 1912 significat
1160 1866 1407 1900 inordinatum
1426 1866 1625 1912 appetitum
1646 1867 1761 1912 cujus—

189 1931 345 1966 cumque
366 1920 453 1953 boni
475 1920 704 1966 temporalis:
729 1928 763 1954 et
784 1921 834 1954 sic
857 1928 910 1954 est
931 1932 1044 1966 genus
1067 1920 1186 1954 omnis
1208 1920 1368 1966 peccati:
1390 1931 1477 1953 nam
1499 1919 1535 1954 in
1557 1920 1660 1954 omni
1680 1931 1759 1966 pec-

189 1980 270 2007 cato
294 1981 347 2007 est
368 1973 572 2007 inordinata
595 1974 785 2008 conversio
815 1974 857 2007 ad
881 1973 1142 2008 commutabile
1168 1974 1318 2014 bonum,
1340 1981 1379 2007 ut
1404 1973 1542 2007 dictum
1564 1981 1618 2007 est
1639 1973 1685 2019 (q.
1709 1984 1757 2020 71.

189 2032 252 2062 art.
276 2027 308 2062 6.
335 2032 362 2061 ct
381 2039 409 2072 q.
438 2038 488 2073 72.
513 2032 575 2061 art.
603 2028 671 2072 I.).·
695 2029 787 2062 terlio
809 2027 905 2061 modo
927 2027 1091 2069 sumitur,
1113 2034 1221 2073 prout
1241 2026 1422 2072 significat
1441 2026 1639 2072 quamdam
1660 2026 1760 2061 incli-

189 2080 375 2114 nationem
398 2089 547 2115 naturae
570 2088 760 2127 corruptae
789 2081 832 2114 ad
853 2081 949 2115 bona
972 2080 1219 2127 corruptibilia
1245 2080 1448 2114 inordinate
1476 2080 1687 2126 appetenda.
1714 2079 1759 2114 Et

188 2134 238 2168 sic
261 2134 395 2175 dicunt,
419 2134 652 2180 cupiditatem
672 2146 749 2168 esse
769 2135 929 2169 radicem
948 2135 1115 2169 omnium
1133 2142 1368 2180 peccatorum
1391 2134 1434 2168 ad
1455 2133 1758 2169 similititudinem

190 2187 319 2221 radicis
349 2187 496 2229 arboris,
520 2199 611 2233 quae
634 2200 675 2221 ex
701 2196 795 2222 terra
822 2189 932 2222 trahit
954 2188 1186 2222 alimentum:
1215 2187 1265 2221 sic
1294 2187 1392 2222 enim
1419 2199 1462 2222 ex
1489 2198 1614 2222 amore
1635 2198 1756 2222 rerum

189 2240 448 2287 temporalium
471 2252 580 2275 omne
603 2250 791 2287 peccatum
820 2242 994 2287 procedit.
1018 2241 1061 2275 Et
1081 2241 1173 2275 haec
1196 2240 1354 2287 quidem,
1376 2241 1541 2287 quamvis
1561 2251 1647 2275 vera
1674 2241 1755 2283 sint,

188 2306 262 2328 non
284 2302 407 2328 tamen
429 2295 595 2328 videntur
622 2306 698 2329 esse
726 2295 926 2329 secundum
948 2295 1188 2329 intentionem
1214 2294 1396 2340 Apostoli,
1424 2294 1484 2340 qui
1511 2294 1598 2328 dixit
1623 2294 1756 2341 cupidi-

186 2356 298 2382 tatem
321 2359 399 2382 esse
421 2348 580 2382 radicem
597 2349 763 2382 omnium
786 2357 1031 2394 peccatorum.
1054 2347 1245 2382 Manifeste
1268 2347 1365 2382 enim
1387 2347 1435 2381 ibi
1456 2347 1615 2394 loquitur
1629 2355 1755 2382 contra

187 2412 261 2443 eos,
290 2401 350 2447 qui
377 2413 450 2435 rum
477 2402 578 2435 velint
604 2401 718 2435 ‹li-viles
736 2403 827 2447 fieri,
857 2402 1006 2436 incidunt
1034 2403 1066 2435 1¹11
1087 2403 1292 2443 tentationes,
1314 2406 1344 2436 et
1369 2401 1522 2447 laqueum
1544 2400 1692 2442 diaholi5
1719 2413 1754 2436 eo

186 2454 271 2501 quod
292 2454 392 2488 mdlx
410 2455 560 2488 omnium
583 2455 747 2488 nullorum
766 2460 810 2489 cst
824 2455 1007 2501 cupidita&
1023 2455 1118 2488 unde
1137 2453 1370 2488 manifestum
1389 2462 1453 2496 est,
1476 2454 1574 2501 quod
1595 2454 1755 2501 loquitur

185 2508 229 2542 de
245 2508 451 2554 cupiditate,
475 2507 674 2542 secundum
694 2508 791 2554 quod
813 2517 865 2542 est
888 2509 1064 2555 appetitus
1083 2508 1308 2542 inordinatus
1330 2508 1547 2542 divitiarum.
1566 2507 1611 2542 Et
1631 2519 1755 2543 secun-

184 2561 271 2595 dum
293 2562 364 2595 hoc
388 2561 580 2595 dicendum
604 2569 667 2602 est,
690 2561 786 2607 quod
810 2562 997 2607 cupiditas,
1020 2562 1219 2596 secundum
1242 2561 1339 2607 quod
1361 2569 1416 2596 est
1441 2560 1598 2607 speciale
1629 2572 1754 2608 pecca-

184 2623 273 2656 tum,
288 2615 418 2649 dicitur
432 2615 531 2648 radix
551 2614 716 2649 omnium
736 2623 982 2660 peccatorum,
999 2615 1042 2649 ad
1062 2614 1334 2649 similitudinem
1350 2614 1480 2649 radicis
1497 2614 1645 2657 arboris,
1661 2626 1753 2662 quae

186 2663 399 2702 alimentum
413 2676 570 2714 praestat
584 2668 649 2702 toti
665 2668 792 2701 arbori.
809 2667 985 2702 Videmus
1001 2669 1110 2710 enim,
1125 2668 1221 2714 quod
1237 2679 1300 2714 per
1313 2668 1455 2702 divitias
1469 2667 1585 2702 homo
1601 2668 1754 2714 acquirit

184 2721 394 2755 facultatem
422 2721 650 2767 perpetrandi
673 2721 928 2767 quodcumque
952 2730 1154 2767 peccatum,
1185 2729 1220 2756 et
1241 2721 1397 2756 habendi
1420 2721 1481 2766 [al.
1503 2721 1690 2763 adhibendi,
1718 2730 1753 2756 et

186 2774 229 2808 al.
260 2774 474 2820 adipiscendi,
498 2775 556 2809 vel
588 2774 717 2809 melius
739 2774 955 2821 adimplendi]
989 2775 1206 2809 desiderium
1241 2775 1500 2821 cujuscumque
1521 2774 1680 2821 peccati;
1707 2785 1751 2810 eo

185 2828 281 2874 quod
307 2828 349 2861 ad
377 2828 543 2862 habenda
567 2839 817 2874 quaecumque
839 2828 1055 2874 temporalia
1077 2829 1171 2862 bona
1199 2836 1317 2875 potest
1331 2828 1446 2862 homo
1468 2839 1531 2874 per
1557 2828 1750 2874 pecuniam

185 2882 310 2926 juvari,
329 2882 527 2916 secundum
550 2882 646 2928 quod
667 2882 795 2916 dicitur
813 2881 932 2916 Eccle.
960 2893 1031 2916 10.:
1055 2882 1217 2916 Pecunia:
1244 2881 1398 2916 obediunt
1415 2882 1550 2916 omnia:
1573 2888 1607 2915 et
1628 2891 1752 2915 secun-

185 2935 271 2969 dum
294 2935 363 2970 hoc
399 2943 505 2982 patet,
528 2936 623 2981 quod
647 2935 822 2982 cupiditas
844 2935 1049 2970 divitiarum
1073 2944 1125 2970 est
1146 2935 1245 2970 radix
1267 2935 1433 2970 omnium
1452 2942 1699 2982 peccatorum.
