1907 3198
467 211 691 248 QUAES'rlo
724 211 919 242 LXXXVII.
951 211 1198 243 ARTICULUS
1231 211 1287 242 vt.
1582 201 1663 256 623

92 298 267 342 peccatum
288 298 395 337 tutam,
417 306 482 329 non
504 295 682 336 morieriu
704 300 947 338 verumtamen,
963 295 1042 341 quia
1063 293 1290 341 blasphemare
1303 293 1415 340 jecisti
1442 293 1593 328 inimicos
1613 304 1670 328 no-

97 359 171 384 men
191 347 347 388 Domini,
364 347 469 394 filius,
501 349 558 394 (με’
590 352 686 383 natus
705 353 749 384 est
775 349 848 391 tibi,
876 353 981 384 morte:
1000 348 1161 382 morietur
1170 359 1182 388 ;
1215 346 1361 394 punitur
1387 357 1475 394 ergo
1497 345 1626 392 aliquis
1648 357 1668 380 a

96 399 192 444 Deo,
212 401 322 437 etiam
344 410 537 449 postquam
560 402 592 436 ei
614 409 806 449 peccatum
828 401 1038 444 dimittitur;
1059 409 1094 436 et
1115 400 1165 435 sic
1189 408 1309 435 reatus
1331 411 1471 446 poenae
1493 408 1668 441 remanet,

99 462 244 491 remoto
261 463 426 502 peccato.

167 508 398 545 RESPONDEO
420 509 627 552 dicendum,
653 509 750 556 quod
773 510 807 544 in
824 518 975 556 peccato
997 509 1061 544 duo
1080 516 1230 556 possunt
1256 507 1489 550 considerari,
1510 506 1668 542 scilicet:

97 567 190 599 actus
211 562 336 610 culpae,
359 570 392 598 ct
415 563 546 598 maceda
566 575 720 610 sequens:
744 562 892 610 planum
929 573 981 598 est
1015 571 1149 605 autem,
1171 562 1268 609 quod
1292 570 1455 596 cessante
1482 568 1564 595 actu
1591 571 1671 607 pec·

99 615 182 659 cati,
193 610 358 652 remanet
378 624 496 651 reatus
518 617 553 651 in
576 617 746 652 omnibus
761 617 919 664 peccatis
946 616 1166 652 actualibus:
1190 623 1290 651 actus
1312 615 1409 650 enim
1425 616 1562 662 peccati
1585 613 1670 648 facit

97 669 290 705 hominem
311 681 414 705 reum
436 681 589 717 poenae,
615 670 830 717 inquantum
856 671 1118 717 transgreditur
1144 670 1310 704 ordinem
1337 669 1480 704 divinae
1501 667 1670 714 justitiae,

99 722 143 758 ad
165 734 275 771 quem
307 734 381 759 non
405 724 496 758 redit
525 723 593 759 nisi
620 736 684 771 per
701 724 898 770 quamdam
935 723 1313 771 recompensationem
1337 733 1490 770 poenae,
1511 733 1603 769 quae
1626 721 1670 756 ad

99 775 359 824 aequalitatem
379 776 535 824 justitiae
561 777 717 820 reducit;
752 785 790 812 ut
822 777 962 812 scilicet
995 777 1055 824 qui
1085 777 1165 824 plus
1191 776 1369 812 voluntati
1399 787 1486 811 suae
1513 774 1670 818 indulsit,

97 841 210 878 quam
229 829 365 873 debuit,
383 838 511 866 contra
534 830 748 866 mandatum
769 831 842 866 Dei
862 842 985 878 agens,
1007 831 1207 866 secundum
1224 830 1390 865 ordinem
1412 829 1554 864 divinae
1575 829 1671 875 justi-

96 883 170 920 tiae
189 882 326 931 aliquid
347 891 475 919 contra
496 883 584 919 illud
606 883 704 931 quod
725 883 846 927 vellet,
877 893 1111 932 spontaneus,
1142 883 1199 918 vel
1220 884 1352 918 invitus
1378 883 1549 930 patiatur:
1571 881 1669 929 quod

97 936 209 973 etiam
229 938 266 972 in
286 937 424 984 injuriis
444 937 655 973 hominibus
676 937 780 973 factis
799 939 1021 980 observatur,
1043 946 1082 973 ut
1103 949 1166 985 per
1185 936 1567 984 recompensationem
1589 946 1672 983 poe-

95 1001 167 1026 nae
183 990 423 1038 reintegretur
440 991 640 1039 aequalitas
660 992 837 1038 justitiae3
860 991 954 1027 unde
973 999 1082 1039 patet,
1104 991 1201 1038 quod
1224 999 1388 1026 cessante
1408 997 1489 1025 actu
1516 989 1669 1037 peccati,

95 1044 156 1081 vel
175 1044 329 1092 injuriae
345 1044 479 1088 illatae,
501 1045 619 1081 adbuc
643 1054 806 1081 remanet
827 1045 989 1081 debitum
1011 1056 1162 1093 poenae.

170 1097 244 1134 Sed
260 1098 292 1134 si
311 1098 507 1146 loquamur
532 1100 576 1134 de
598 1099 781 1135 ablatione
802 1099 941 1147 peccati
963 1107 1140 1146 quantum
1161 1099 1205 1133 ad
1228 1097 1424 1140 maculam,
1450 1097 1502 1133 sic
1524 1094 1673 1132 manife-

96 1159 194 1189 stum
219 1160 285 1195 est,
309 1152 408 1201 quod
434 1152 580 1188 macula
606 1153 745 1201 peccati
773 1154 815 1188 ab
843 1153 966 1188 anima
993 1151 1125 1188 auferri
1159 1163 1233 1187 non
1260 1159 1391 1199 potest,
1416 1150 1486 1186 nisi
1510 1162 1574 1198 per
1598 1150 1670 1185 hoc

96 1205 197 1254 quod
217 1205 340 1242 anima
361 1206 443 1242 Deo
465 1207 718 1254 conjungitur;
744 1218 808 1254 per
835 1208 937 1254 cujus
959 1206 1167 1241 distantiam
1189 1206 1447 1241 detrimentum
1470 1204 1604 1252 proprii
1623 1203 1673 1238 ni-

96 1260 187 1296 toris
206 1259 423 1304 incurrebat,
449 1260 548 1308 quod
576 1268 630 1296 est
651 1259 807 1303 macula,
829 1268 868 1296 ut
887 1271 996 1307 supra
1017 1260 1155 1295 dictum
1178 1267 1231 1294 est
1258 1259 1304 1306 (q.
1331 1259 1388 1294 36.
1410 1264 1476 1294 art.
1497 1259 1554 1304 1.).
1577 1257 1674 1292 Con-

96 1313 259 1361 iungitur
279 1321 401 1350 autem
422 1314 505 1350 Deo
527 1314 642 1349 homo
664 1326 728 1362 per
748 1314 997 1357 voluntatem3
1019 1313 1114 1348 unde
1133 1313 1278 1348 macula
1299 1312 1439 1360 peccati
1461 1313 1504 1346 ab
1522 1311 1672 1346 homine

96 1365 178 1403 tolli
202 1378 279 1403 non
304 1376 435 1415 potest,
460 1368 529 1403 nisi
555 1367 725 1403 voluntas
751 1368 912 1403 hominis
941 1368 1108 1402 ordinem
1135 1367 1278 1402 divinae
1305 1366 1461 1413 justitiae
1489 1373 1673 1412 acceptet;

98 1427 138 1456 ut
162 1420 302 1456 scilicet
327 1420 386 1457 vel
411 1421 488 1468 ipse
515 1421 582 1456 sibi
607 1433 766 1468 poenam
794 1430 1016 1468 spontaneus
1042 1429 1204 1456 assumat
1230 1421 1265 1454 in
1292 1419 1671 1466 recompensationem

98 1472 227 1522 culpae
248 1475 474 1522 praeteritae,
495 1475 553 1510 vel
575 1475 684 1510 etiam
708 1487 727 1510 a
745 1475 826 1510 Deo
847 1475 987 1510 illatam
1006 1475 1182 1522 patienter
1200 1474 1386 1516 sustineat,
1404 1481 1555 1520 utroque
1575 1472 1671 1507 enim

97 1527 212 1564 modo
238 1539 358 1576 poena
385 1529 566 1564 rationem
595 1528 851 1564 satisfactionis
877 1529 996 1564 habet.
1023 1529 1148 1564 Poena
1171 1535 1292 1563 autem
1314 1526 1551 1562 satisfactoria
1573 1525 1675 1560 dimi-

97 1581 178 1617 nuit
198 1580 335 1630 aliquid
356 1582 400 1618 de
421 1582 562 1618 ratione
584 1593 742 1630 poenae:
765 1592 819 1618 est
840 1582 938 1618 enim
960 1583 1003 1617 de
1026 1582 1166 1617 ratione
1187 1593 1339 1629 poenae,
1361 1581 1459 1628 quod
1481 1581 1526 1615 sit
1547 1588 1673 1614 contra

97 1634 344 1671 voluntatem:
366 1646 488 1683 poena
510 1645 634 1671 autem
655 1635 907 1679 satisfactoria,
930 1636 995 1671 etsi
1018 1636 1217 1671 secundum
1241 1635 1446 1672 absolutam
1469 1634 1674 1669 considera-

95 1688 237 1725 tionem
257 1691 305 1725 sit
325 1699 453 1726 contra
469 1689 709 1733 voluntatem,
727 1702 800 1726 non
820 1699 942 1726 tamen
963 1699 1001 1725 ut
1018 1702 1133 1726 nunc:
1156 1698 1192 1725 et
1210 1701 1272 1737 per
1290 1689 1361 1724 hoc
1384 1697 1438 1724 est
1458 1687 1674 1729 voluntaria,

97 1743 299 1779 secundum
321 1743 407 1791 quid
429 1752 553 1779 autem
572 1743 839 1787 involuntaria3
862 1744 954 1779 sicut
972 1752 1069 1790 patet
1090 1755 1132 1778 ex
1154 1743 1221 1786 his,
1243 1755 1335 1790 quae
1357 1753 1464 1790 supra
1487 1742 1529 1776 de
1551 1741 1676 1776 volun-

95 1796 204 1841 tario,
225 1805 262 1833 et
280 1797 527 1832 involuntario
549 1797 645 1833 dicta
666 1806 749 1833 sunt
771 1798 816 1844 (q.
839 1798 872 1833 6.
895 1803 958 1832 art.
982 1799 1054 1843 6.),·
1083 1797 1276 1832 dicendum
1305 1803 1358 1832 est
1384 1807 1484 1842 ergo,
1506 1795 1603 1842 quod
1626 1806 1676 1829 re-

99 1858 201 1886 mota
222 1850 368 1886 macula
390 1850 530 1899 culpae,
551 1859 670 1899 potest
690 1851 839 1899 quidem
854 1862 1042 1886 remanere
1058 1860 1188 1894 reatus,
1207 1862 1281 1885 non
1296 1861 1437 1897 poenae
1453 1848 1676 1896 simpliciter,

100 1903 164 1941 sed
184 1903 459 1940 satisfactoriae.

170 1958 232 1994 An
256 1968 408 1995 Pxxuuu
434 1969 523 2006 ergo
549 1958 757 2001 dicendum,
784 1958 882 2006 quod
909 1960 1001 1994 sicut
1027 1966 1190 1994 cessante
1218 1966 1299 1993 actu
1326 1956 1478 2005 peccati,
1512 1962 1676 1991 remanet

99 2011 258 2055 macula,
279 2019 319 2047 ut
337 2023 446 2060 supra
466 2012 604 2048 dictum
619 2021 673 2048 est
689 2013 738 2059 (q.
753 2013 810 2049 86.
825 2018 890 2048 art.
905 2013 968 2059 2.),·
989 2012 1036 2047 ita
1055 2012 1164 2048 etiam
1188 2019 1308 2059 potest
1328 2021 1517 2046 remanere
1536 2018 1674 2045 reatus:

100 2073 267 2102 cessante
287 2077 375 2102 vero
396 2066 554 2109 macula,
575 2077 650 2102 non
680 2075 844 2102 remanet
866 2074 984 2102 reatus
1009 2067 1211 2102 secundum
1234 2065 1402 2101 eamdem
1425 2064 1616 2106 rationem,
1638 2072 1677 2098 ut

100 2118 240 2155 dictum
260 2127 316 2156 est
333 2121 386 2166 (in
406 2126 496 2169 corp.
518 2121 614 2167 art).

170 2172 233 2209 Au
253 2183 462 2210 sectmmm
488 2174 695 2217 dicendum,
721 2174 819 2221 quod
845 2174 1008 2209 virtuoso
1030 2184 1104 2209 non
1131 2174 1281 2209 debetur
1302 2183 1421 2220 poena
1443 2171 1674 2219 simpliciter:

100 2233 221 2274 potest
238 2234 363 2263 tamen
385 2227 452 2263 sibi
472 2227 595 2264 deberi
617 2238 747 2275 poena,
765 2236 803 2262 ut
821 2227 1079 2271 satisfactoria3
1101 2228 1184 2275 quia
1206 2227 1276 2262 hoc
1300 2227 1417 2274 ipsum
1441 2226 1483 2260 ad
1506 2226 1674 2260 virtutem

101 2280 266 2328 pertinet,
286 2289 327 2317 ut
346 2280 543 2317 satisfaciat
564 2293 629 2329 pro
651 2282 719 2324 his,
740 2281 776 2316 in
799 2281 927 2329 quibus
949 2281 1100 2316 offendit
1119 2281 1177 2316 vel
1199 2282 1332 2323 Deum,
1354 2279 1411 2315 vel
1432 2279 1636 2314 hominem.

171 2334 233 2370 AD
251 2344 424 2371 τειτιυκ
443 2335 651 2377 dicendum,
669 2335 766 2381 quod
785 2343 926 2370 remota
942 2334 1096 2377 macula,
1119 2343 1285 2370 sanatum
1308 2342 1363 2369 est
1384 2333 1513 2368 vulnus
1535 2332 1676 2380 pcccati

100 2397 278 2436 quantum
299 2389 345 2424 ad
361 2388 607 2425 voluntatem:
631 2389 823 2436 requiritur
844 2397 964 2424 autem
992 2389 1109 2423 adhuc
1137 2400 1255 2436 poena
1278 2387 1320 2422 ad
1343 2389 1570 2422 sanationem
1594 2387 1677 2421 alia-

100 2452 184 2477 rum
202 2441 335 2478 virium
357 2444 512 2486 animae,
533 2454 626 2490 quae
649 2455 711 2490 per
733 2451 923 2490 peccatum
947 2442 1166 2490 praecedens
1187 2442 1420 2477 deordinatae
1451 2440 1611 2483 suerunt;
1639 2449 1676 2475 ut

100 2494 241 2532 scilicet
255 2507 320 2544 per
337 2497 517 2532 contraria
536 2505 723 2531 curentur:
743 2496 934 2543 requiritur
952 2496 1060 2531 etiam
1081 2497 1123 2531 ad
1145 2496 1402 2531 restituendum
1419 2494 1674 2541 aequalitatem

101 2549 270 2596 justitiae,
291 2557 327 2586 et
347 2550 391 2585 ad
414 2550 660 2585 amovendum
683 2549 896 2585 scandalum
916 2549 1083 2592 aliorum,
1103 2558 1140 2585 ut
1159 2549 1394 2585 aedificentur
1413 2548 1447 2582 in
1467 2559 1596 2595 poena,
1615 2547 1675 2594 qui

100 2611 184 2639 aunt
196 2602 432 2640 scandalizati
443 2603 562 2652 culpa;
581 2612 620 2639 ut
633 2610 730 2651 patet
743 2615 785 2639 ex
801 2603 970 2651 exemplo
984 2603 1028 2639 de
1044 2603 1161 2639 David
1177 2603 1326 2638 inducto
1341 2604 1393 2649 (iu
1411 2614 1481 2647 arg.
1497 2601 1548 2637 sed
1559 2601 1674 2646 confi).
