1955 3182
311 161 367 216 84
755 169 976 205 QUAESTIO
1009 168 1082 197 VII.
1117 166 1361 197 ARTICULUS
1394 166 1438 196 11.

309 254 472 296 lificatur,
494 253 694 288 formaliter
713 251 909 298 loquendo,
932 251 974 284 ab
997 261 1041 284 eo
1064 249 1160 296 quod
1176 256 1229 283 est
1250 256 1347 282 extra
1361 248 1491 294 ipsum,
1510 248 1573 282 sed
1592 248 1634 282 ab
1657 259 1701 282 eo
1723 248 1820 294 quod
1834 249 1871 282 in

307 308 386 354 ipso
409 315 480 350 est3
503 318 590 353 ergo
613 306 904 340 circumstantiae
931 311 1077 338 actuum
1106 314 1181 336 non
1208 310 1291 336 sunt
1312 314 1331 336 a
1354 301 1550 347 Theologo
1574 301 1870 336 considerandae.

380 372 411 396 2.
433 361 669 396 PRAETEREA.
705 357 1009 394 Circumstantiae
1043 365 1125 390 sunt
1147 356 1347 390 accidentia
1373 364 1538 389 actuum:
1561 356 1623 389 sed
1644 355 1713 389 nisi
1733 354 1872 388 infinita

311 415 492 457 accidum3
516 423 550 448 et
570 414 665 455 ideo,
688 421 726 447 ut
747 412 876 446 dicitur
897 412 933 444 in
955 410 986 444 6.
1010 410 1170 456 Metaph.
1192 409 1269 454 (tax.
1290 411 1338 455 4.)
1362 408 1460 443 nulla
1483 420 1551 450 ars,
1572 409 1630 443 vel
1652 408 1801 443 scientia
1820 416 1873 442 est

311 469 405 503 circa
427 480 488 502 ens
510 479 573 513 per
596 466 774 506 accidens,
792 465 862 498 nisi
883 464 960 498 sola
982 463 1199 509 sophistica,
1221 474 1307 509 ergo
1332 462 1547 508 Theologus
1568 473 1642 496 non
1663 462 1773 496 habet
1791 473 1874 496 con-

309 523 465 557 siderare
489 519 778 555 circumstantias
800 518 1047 551 humanorum
1071 524 1228 550 actuum.

384 587 411 621 3.
431 575 666 609 PRAETEREA.
692 571 1057 606 Circumstantiarum
1072 569 1314 604 consideratio
1337 569 1490 615 pertinet
1505 568 1549 602 ad
1570 568 1773 604 rhetorem:
1796 568 1875 602 rhe-

311 629 425 664 torica
452 636 572 661 autem
587 637 661 660 non
690 633 741 659 est
756 635 837 670 pars
868 623 1117 670 Theologiae3
1134 635 1220 670 ergo
1249 622 1491 657 consideratio
1520 622 1873 656 circumstantiarum

311 694 385 717 non
406 681 559 727 pertinet
581 680 623 713 ad
645 678 892 723 Theologum.
1643 720 1649 725 .

385 735 459 769 SED
483 743 649 768 CONTRA.
670 731 879 778 Ignorantia
905 730 1259 765 circumstantiarum
1286 737 1410 764 causat
1431 728 1727 771 involuntarium,
1748 736 1788 763 ut
1806 729 1876 762 Da-

313 799 505 822 mascenus
518 787 591 831 (lib.
605 797 635 820 2.
658 785 752 820 Orth.
769 784 845 818 Fid.
863 790 933 831 cap.
949 785 1022 829 24.)
1037 792 1071 818 et
1087 784 1196 830 Greg.
1212 784 1317 830 Nyss.
1334 784 1400 828 (vel
1414 783 1540 818 Nemes.
1556 783 1611 817 lib.
1627 782 1663 817 de
1677 783 1758 818 Nat.
1772 783 1875 817 Hom.

311 848 383 888 cap.
402 842 463 887 31.)
484 840 623 874 dicunt:
641 838 702 872 sed
720 837 1005 872 involuntarium
1021 846 1167 872 excusat
1186 849 1204 870 a
1220 837 1335 883 culpa,
1348 838 1448 882 cujus
1467 836 1708 870 consideratio
1724 836 1877 882 pertinet

313 895 356 929 ad
369 893 616 938 Theologum3
633 903 719 937 ergo
736 899 769 926 et
780 891 1021 925 consideratio
1035 891 1388 925 circumstantiarum
1404 890 1447 924 ad
1464 889 1701 936 Theologum
1710 890 1875 936 pertinet.

383 948 611 982 REspoxm-:o
631 945 836 987 dicendum,
859 945 955 991 quod
972 944 1263 978 circumstantiae
1281 944 1461 990 pertinent
1482 943 1525 977 ad
1547 943 1877 977 considerationem

314 1000 499 1046 Theologi
526 999 657 1045 triplici
683 998 833 1032 ratione.
864 999 976 1032 Primo
1004 998 1162 1044 quidem,
1190 997 1273 1043 quia
1301 996 1517 1043 Theologus
1546 996 1750 1031 considerat
1777 1004 1877 1031 actus

313 1056 506 1095 humanos,
535 1052 734 1087 secundum
754 1052 849 1098 quod
877 1063 940 1098 per
962 1062 1024 1085 eos
1047 1052 1161 1085 homo
1189 1051 1232 1085 ad
1254 1051 1515 1085 beatitudinem
1537 1050 1744 1086 ordinatur:
1767 1061 1877 1084 omne

315 1116 446 1149 autem,
466 1107 562 1153 quod
578 1105 763 1140 ordinatur
775 1105 816 1139 ad
830 1105 950 1146 finem,
965 1113 1107 1151 oportet
1119 1116 1196 1139 esse
1211 1104 1527 1151 proportionatum
1541 1104 1621 1139 fini:
1641 1111 1741 1138 actus
1757 1112 1879 1138 autem

313 1161 634 1208 proportionantur
660 1159 722 1193 fini
755 1159 955 1193 secundum
984 1159 1381 1192 commensurationem
1410 1157 1618 1204 quamdam,
1645 1169 1736 1204 quae
1757 1157 1797 1192 fit
1817 1168 1880 1204 per

314 1215 450 1249 debitas
482 1213 781 1254 circumstantias,
804 1212 898 1246 unde
922 1212 1166 1246 consideratio
1191 1212 1544 1246 circumstantiarum
1575 1211 1618 1245 ad
1642 1210 1880 1257 Theologum

314 1269 476 1316 pertinet.
492 1267 650 1309 Secundo,
673 1267 755 1313 quia
772 1265 988 1312 Theologus
1011 1266 1216 1300 considerat
1238 1274 1337 1300 actus
1358 1267 1552 1308 humanos,
1567 1265 1768 1300 secundum
1783 1264 1880 1312 quod

316 1324 352 1356 in
375 1323 424 1357 eis
439 1322 618 1356 invenitur
643 1322 793 1362 bonum,
809 1328 843 1354 et
869 1320 1019 1362 malum,
1043 1320 1182 1362 melius,
1199 1328 1233 1354 et
1254 1321 1372 1366 pejus:
1393 1328 1427 1354 et
1451 1320 1522 1354 hoc
1542 1319 1802 1353 diversificatur
1830 1330 1881 1353 se-

318 1376 477 1410 cundum
504 1375 805 1416 circumstantias,
829 1382 866 1407 ut
883 1373 975 1407 infra
989 1374 1123 1420 patebit
1147 1374 1191 1419 (q.
1219 1375 1268 1409 18.
1296 1379 1358 1408 art.
1378 1386 1429 1409 10.
1452 1379 1479 1408 et
1506 1386 1550 1408 H.
1570 1378 1597 1407 nt
1614 1385 1643 1419 q.
1664 1385 1709 1419 73.
1736 1378 1799 1407 art.
1820 1373 1879 1419 7.).

322 1430 446 1471 Tertio,
474 1428 557 1474 quia
580 1427 796 1473 Theologus
819 1426 1023 1461 considerat
1043 1435 1142 1460 actus
1161 1427 1354 1468 humanos,
1377 1427 1578 1460 secundum
1593 1427 1690 1473 quod
1706 1434 1789 1460 sunt
1809 1437 1881 1460 me-

318 1483 444 1524 ritorii,
466 1481 523 1516 vel
551 1481 791 1522 demeritorii3
822 1480 918 1526 quod
939 1480 1109 1514 convenit
1123 1480 1260 1514 actibus
1281 1480 1471 1521 humanis3
1495 1479 1538 1514 ad
1560 1479 1657 1526 quod
1679 1479 1880 1526 requiritur,

319 1536 415 1583 quod
438 1536 507 1569 sint
527 1534 733 1568 voluntarii.
761 1535 875 1568 Actus
899 1541 1019 1567 autem
1041 1534 1222 1567 humanus
1244 1534 1422 1579 judicatur
1442 1533 1678 1576 voluntarius,
1703 1532 1763 1567 vel
1783 1533 1882 1567 invo-

318 1591 505 1632 luntarius,
544 1589 743 1623 secundum
778 1588 1039 1634 cognitionem,
1077 1587 1135 1621 vel
1168 1587 1412 1633 ignorantiam
1447 1587 1810 1629 circumstantiarum,
1844 1594 1883 1620 ut

318 1645 455 1679 dictum
479 1651 531 1677 est
552 1644 600 1688 (in
617 1654 744 1688 argum.
767 1642 818 1677 sed
836 1642 967 1683 contra)
982 1655 991 1676 .·
1012 1650 1046 1675 et
1066 1641 1148 1675 ideo
1172 1641 1413 1675 consideratio
1434 1641 1786 1675 circumstantiarum
1808 1651 1882 1687 per-

317 1698 407 1732 tinet
429 1697 471 1731 ad
497 1695 745 1741 Theologum.

388 1752 447 1785 AD
463 1761 612 1785 PRIMUM
628 1761 715 1795 ergo
731 1748 936 1790 dicendum,
953 1748 1049 1795 quod
1067 1749 1206 1782 bonum
1225 1748 1431 1783 ordinatum
1451 1748 1494 1782 ad
1513 1748 1623 1783 finem
1642 1747 1771 1782 dicitur
1785 1747 1882 1790 utile,

319 1805 415 1852 quod
434 1805 605 1850 importat
624 1803 837 1837 relationem
853 1802 1062 1849 quamdam,
1083 1803 1178 1836 unde
1194 1802 1331 1836 Philos.
1350 1802 1436 1836 dicit
1450 1803 1486 1836 in
1500 1802 1616 1836 Ethic.
1636 1802 1723 1849 (cap.
1742 1802 1774 1837 6.
1794 1802 1884 1836 circa

312 1859 453 1906 priua),
487 1857 583 1904 quod
605 1857 640 1890 in
667 1856 710 1890 ad
736 1856 862 1902 aliquid
882 1857 1021 1890 bonum
1048 1863 1101 1890 est
1122 1852 1226 1890 utile:
1254 1856 1290 1890 in
1317 1856 1373 1890 his
1400 1864 1534 1898 autern,
1557 1867 1649 1902 quae
1677 1855 1720 1890 ad
1748 1855 1883 1901 aliquid

317 1913 494 1953 dicuntur,
514 1911 769 1945 denominatur
791 1910 924 1956 aliquid
947 1921 1021 1943 non
1044 1910 1165 1944 solum
1188 1910 1230 1944 ab
1253 1921 1296 1944 eo
1317 1910 1413 1956 quod
1436 1910 1538 1952 inest,
1560 1910 1622 1944 sed
1645 1910 1755 1944 etiarn
1776 1909 1818 1943 ab
1839 1920 1883 1943 eo

318 1966 413 2013 quod
437 1965 655 1999 extrinsecus
679 1964 835 2009 adjacet;
855 1972 892 1997 ut
913 1971 1010 2010 patet
1028 1964 1063 1997 in
1084 1963 1220 2006 dextro,
1240 1972 1278 2003 et,
1292 1963 1448 2006 sinistro,
1464 1963 1617 2010 aequali,
1636 1971 1671 1998 et
1691 1962 1884 2009 inaequali,

318 2028 352 2054 et
369 2019 563 2061 similibus,
582 2026 617 2052 et
634 2018 729 2059 ideo,
749 2029 831 2051 cum
851 2018 993 2051 bonitas
1012 2025 1159 2051 actuum
1181 2018 1236 2059 sit,
1251 2017 1466 2064 inquantum
1481 2025 1562 2051 sunt
1580 2017 1685 2052 utiles
1704 2017 1747 2051 ad
1762 2017 1884 2059 finem,

316 2073 407 2107 nihil
428 2072 595 2119 prohibet
618 2082 679 2105 eos
702 2072 829 2113 bonos,
852 2070 911 2105 vel
933 2071 1050 2105 malos
1073 2071 1143 2105 dici
1165 2071 1368 2105 secundum
1390 2071 1666 2118 proportionem
1687 2070 1731 2105 ad
1754 2069 1884 2117 aliqua,

318 2137 409 2174 quae
432 2126 584 2160 exterius
608 2125 783 2170 adjacent.

390 2181 450 2214 AD
472 2190 678 2214 SECUNDUM
701 2178 906 2220 dicendum,
929 2179 1026 2224 quod
1053 2179 1264 2221 accidentia,
1287 2190 1378 2225 quae
1400 2178 1552 2213 omnino
1574 2189 1637 2225 per
1658 2178 1826 2213 accidens
1848 2189 1895 2213 se¹

317 2234 461 2275 habent,
488 2233 736 2279 relinquuntur
763 2232 804 2265 ab
833 2232 933 2265 omni
961 2240 1034 2266 arte
1062 2241 1207 2279 propter
1233 2244 1361 2267 eorum
1386 2232 1690 2274 incertitudinem,
1713 2240 1748 2267 et
1772 2231 1887 2266 infini-

318 2296 448 2322 tatem:
489 2286 549 2321 sed
584 2285 669 2320 talia
696 2285 895 2319 accidentia
921 2297 995 2319 non
1021 2286 1155 2320 habent
1184 2286 1364 2321 rationem
1391 2285 1698 2323 circumstantiae:
1726 2285 1821 2332 quia,
1848 2294 1886 2320 ut

319 2342 456 2376 dictum
478 2348 531 2374 est
567 2340 643 2384 (art.
676 2340 816 2385 praec),
845 2339 895 2373 sic
924 2340 1215 2374 circumstantiae
1242 2348 1325 2374 sunt
1351 2348 1448 2374 extra
1475 2348 1609 2382 actum,
1636 2339 1732 2386 quod
1762 2347 1885 2374 tamen

320 2403 441 2429 actum
464 2393 584 2439 aliquo
609 2393 719 2426 modo
737 2393 950 2439 contingunt
966 2393 1151 2427 ordinatae
1175 2394 1217 2427 ad
1240 2394 1376 2440 ipsum:
1400 2393 1600 2428 accidentia
1623 2401 1743 2428 autem
1765 2404 1828 2440 per
1849 2404 1886 2428 se

321 2448 454 2483 cadunt
475 2447 538 2481 sub
562 2455 648 2480 arte.

392 2502 452 2536 AD
476 2511 647 2535 TERTIUM
670 2499 875 2542 dicendum,
899 2500 994 2546 quod
1019 2500 1261 2535 consideratio
1289 2501 1642 2536 circumstantiarum
1664 2501 1817 2548 pertinet
1843 2501 1887 2535 ad

321 2555 512 2596 Moralem,
528 2562 562 2588 et
576 2553 783 2596 Politicum,
796 2561 830 2587 et
845 2554 887 2587 ad
903 2553 1113 2588 Rhetorem.
1131 2554 1187 2588 Ad
1203 2554 1382 2589 Moralem
1397 2555 1554 2601 quidem,
1569 2563 1675 2602 prout
1687 2555 1887 2590 secundum

321 2621 380 2643 eas
402 2608 592 2650 invenitur,
614 2607 672 2641 vel
694 2607 987 2653 praetermittitur
1009 2607 1170 2641 medium
1193 2608 1331 2643 virtutis
1353 2609 1388 2642 in
1407 2609 1576 2643 humanis
1595 2609 1742 2651 actibus,
1761 2617 1795 2643 et
1813 2620 1889 2655 pas-

321 2663 491 2697 sionibus.
508 2661 564 2695 Ad
581 2660 775 2695 Politicum
791 2669 924 2702 autem,
940 2670 973 2695 et
989 2661 1200 2703 Rhetorem,
1220 2662 1419 2696 secundum
1438 2662 1535 2708 quod
1551 2673 1592 2697 ex
1611 2662 1888 2697 circumstantiis

322 2725 421 2750 actus
456 2715 651 2750 redduntur
685 2714 893 2756 laudabiles,
920 2714 978 2748 vel
1004 2715 1269 2762 vituperabiles,
1305 2716 1537 2759 excusabiles,
1559 2716 1617 2751 vel
1647 2716 1886 2751 accusabiles:

323 2769 565 2804 diversimode
591 2776 733 2802 tamen:
761 2779 846 2802 nam
881 2769 976 2814 quod
1012 2768 1150 2802 Rhetor
1184 2770 1385 2816 persuadet,
1420 2770 1594 2805 Politicus
1629 2770 1815 2816 dijudicat:
1844 2770 1887 2804 ad

323 2823 560 2869 'l'heologum
581 2830 714 2864 autem,
735 2823 791 2856 cui
810 2833 938 2856 omnes
961 2822 1052 2856 aliae
1072 2831 1164 2857 artes
1180 2823 1395 2866 deserviunt,
1415 2824 1568 2870 pertinet
1583 2824 1751 2858 omnibus
1770 2823 1888 2858 modis

322 2877 532 2924 praedictis:
561 2888 646 2910 nam
673 2877 746 2922 ipse
774 2876 882 2910 habet
908 2876 1215 2911 considerationes
1243 2877 1285 2911 de
1314 2878 1450 2912 actibus
1476 2877 1656 2920 virtuosis,
1683 2885 1718 2912 et
1750 2877 1888 2914 vitiosis
