1955 3182
281 242 329 271 IO

273 455 284 473 1

270 497 285 514 2

271 538 283 564 3

269 580 286 603 4

477 322 669 353 QUAESTIO
689 322 819 348 XLVIII.

515 381 556 407 De
575 381 700 416 effectibus
719 383 780 408 irae.

291 467 297 473 .
318 446 417 473 Utrum
437 448 475 472 ira
496 454 589 472 causet
609 447 834 474 delectationem.

290 508 296 514 .
318 488 415 514 Utrum
436 489 551 513 maxime
572 496 665 514 causet
684 489 821 514 fervorem
840 490 868 514 in
890 490 982 516 corde.

290 550 296 555 .
317 529 416 555 Utrum
435 530 550 554 maxime
569 531 699 564 impediat
718 531 833 555 rationis
853 539 943 556 usum.

289 591 296 597 .
316 570 415 597 Utrum
435 578 529 596 causet
548 572 775 597 taciturnitatem.

484 654 676 685 QUAESTIO
705 654 809 681 XLIX.

277 714 318 741 De
337 714 462 740 habitibus
479 715 507 740 in
525 715 639 750 generali
657 720 778 749 qrcantum
797 714 831 740 ad
848 715 1015 740 substantiam

270 824 280 840 1

266 864 281 882 2

268 947 292 972 3.

266 989 292 1012 4.

261 1527 286 1586 9⁹2⁰

602 765 694 782 eorum.

287 834 294 840 .
314 814 413 841 Utrum
433 815 542 841 habitus
562 815 598 840 sit
617 815 744 850 qualitas.

286 876 292 882 .
310 855 410 882 Utrum
429 857 539 882 habitus
559 858 594 882 sit
614 857 795 882 determinata
808 858 914 892 species
929 857 1018 892 quali-

355 899 431 925 tatis,

312 938 411 964 Utrum
430 939 540 964 habitus
559 940 689 974 importet
707 940 831 965 ordinem
851 941 885 965 ad
899 947 1000 966 actum.

313 980 354 1006 De
374 981 538 1006 necessitate
557 981 710 1013 habituum,
737 988 827 1007 utrum
853 982 960 1008 scilicet
986 983 1021 1007 sit

355 1023 541 1048 necessarium
560 1031 621 1048 esse
641 1023 763 1048 habitus.

523 1104 716 1135 QUAESTIO
736 1105 767 1130 L.

481 1163 520 1189 De
539 1163 646 1198 subjecto
667 1163 806 1189 habituum.

283 1250 289 1255 .
310 1229 409 1256 Utrum
429 1229 457 1254 in
478 1237 593 1263 corpore
612 1229 648 1253 sit
668 1228 766 1263 aliquis
786 1228 905 1254 habitus.

309 1271 408 1297 Utrum
428 1271 519 1296 anima
541 1271 578 1295 sit
602 1270 756 1304 subjectum
782 1270 891 1295 habitus
917 1278 1014 1296 secun-

352 1313 416 1337 dum
435 1320 512 1337 suam
531 1312 690 1343 essentiam,
710 1311 754 1336 vel
768 1312 918 1336 secundum
938 1320 1015 1337 suam

351 1354 515 1388 potentiam.

282 1415 288 1421 .
308 1394 407 1421 Utrum
427 1395 455 1420 in
478 1395 610 1429 potentiis
639 1395 785 1419 sensitivae
815 1395 898 1428 partis
928 1395 1018 1429 possit

351 1444 411 1461 esse
433 1436 530 1470 aliquis
550 1436 669 1461 habitus.

308 1477 406 1504 Utrum
426 1479 454 1503 in
474 1479 534 1512 ipso
555 1477 699 1502 intellectu
719 1478 755 1502 sit
774 1477 872 1511 aliquis
891 1477 1012 1503 habitus.

307 1519 407 1545 Utrum
425 1520 454 1544 in
473 1519 616 1545 voluntate
635 1519 671 1543 sit
690 1518 789 1552 aliquis
808 1518 928 1544 habitus.

306 1560 405 1586 Utrum
425 1561 453 1586 in
473 1561 634 1586 substantiis
653 1561 784 1594 separatis
798 1561 834 1585 sit
853 1560 951 1594 aliquis
966 1560 1012 1585 ha-

349 1602 432 1628 bitus.

507 1683 699 1715 QUAESTIO
719 1684 765 1710 LI.

301 1743 341 1770 De
361 1752 434 1769 causa
453 1744 581 1769 habituum
601 1748 721 1778 quantum
742 1742 775 1768 ad
792 1744 978 1778 generan'onem

582 1786 700 1820 ipsorum.

278 1871 284 1877 .
305 1851 404 1877 Utrum
425 1851 522 1886 aliquis
542 1851 652 1876 habitus
672 1851 708 1876 sit
728 1860 742 1876 a
757 1858 862 1876 natura.

304 1892 402 1918 Utrum
422 1893 520 1927 aliquis
539 1893 649 1918 habitus
670 1899 796 1918 causetur
816 1901 847 1917 ex
866 1892 984 1918 actibus.

277 1953 283 1959 .
304 1933 403 1959 Utrum
424 1942 470 1968 per
490 1943 574 1959 unum
593 1940 684 1959 actum
710 1935 800 1968 possit
818 1934 943 1968 generari
963 1934 1012 1959 ha-

350 1976 434 2001 bitus.

303 2017 401 2044 Utrum
421 2017 504 2052 aliqui
527 2017 636 2042 habitus
661 2018 716 2042 sint
738 2017 898 2042 hominibus
923 2016 1008 2042 infusi

346 2068 361 2085 a
379 2059 451 2085 Deo.

495 2146 689 2178 QUAESTIO
710 2147 771 2173 LII.

300 2206 340 2232 De
360 2215 434 2232 causa
453 2207 582 2232 habituum
602 2212 722 2242 quantum
742 2206 775 2232 ad
794 2211 964 2242 augmentum.

276 2287 282 2292 .
302 2266 401 2293 Utrum
420 2267 530 2292 habitus
551 2273 712 2302 augeantur.

274 2328 280 2333 .
301 2308 400 2334 Utrum
419 2308 528 2334 habitus
548 2315 700 2343 augeantur
718 2316 765 2343 per
784 2308 963 2333 additionem.

274 2369 281 2375 .
301 2349 400 2375 Utrum
421 2350 536 2384 quilibet
555 2356 632 2375 actus
653 2356 752 2384 augeat
771 2349 905 2375 habitum.

486 2437 679 2469 QUAESTIO
699 2437 776 2463 LIII.

325 2496 365 2523 De
385 2498 548 2533 corruptione,
569 2502 592 2523 et
611 2497 777 2524 diminutione
797 2497 937 2523 habituum.

271 2582 278 2587 .
299 2561 398 2588 Utrum
416 2562 526 2588 habitus
546 2563 683 2597 corrumpi
704 2563 802 2597 possit.

272 2623 278 2629 .
299 2603 398 2629 Utrum
417 2605 507 2639 possit
527 2604 655 2629 diminui.

272 2664 278 2670 .
299 2644 397 2670 Utrum
417 2645 526 2671 habitus
546 2652 744 2680 corrumpatur,
771 2645 814 2671 vel
840 2646 1007 2671 diminuatur

341 2695 389 2721 per
408 2686 496 2712 solam
517 2687 701 2712 cessationem
722 2687 755 2712 ab
775 2695 867 2722 opere.

483 2774 677 2806 QUAESTIO
699 2774 770 2801 LIV.

438 2833 477 2860 De
497 2833 654 2860 distinctione
676 2834 816 2860 habituum.

271 2917 277 2924 .
298 2897 395 2924 Utrum
417 2898 495 2924 multi
516 2899 624 2925 habitus
638 2900 746 2934 possint
764 2907 824 2925 esse
844 2900 873 2925 in
891 2908 944 2925 una
958 2909 1006 2935 po—

341 2946 436 2965 tenna.

1081 332 1106 350 2.

1080 415 1104 440 3.

1077 498 1103 522 4.

1074 749 1101 898 ⁴3:09⁴:-

1058 2908 1082 2926 2.

656 242 792 271 INDEX
824 243 981 272 PRIMAE
1014 243 1243 273 SECUNDAE
1276 245 1441 274 PARTIS.

1126 323 1225 350 Utrum
1245 324 1355 350 habitus
1375 325 1580 361 distinguantur
1608 328 1759 353 secundum
1787 336 1837 354 sua

1169 365 1290 400 objecta.

1126 406 1224 432 Utrum
1244 408 1353 433 habitus
1378 408 1583 443 distinguantur
1609 411 1759 436 secundum
1786 411 1835 437 bo-

1167 457 1243 481 num,
1265 455 1292 474 et
1311 449 1424 475 malum.

1125 489 1224 515 Utrum
1243 499 1314 516 unus
1329 491 1439 516 habitus
1453 500 1486 517 ex
1498 491 1593 517 multis
1611 492 1751 518 habitibus
1765 502 1834 519 con-

1167 538 1304 558 stituatur.

1319 614 1513 644 QUAESTIO
1534 615 1591 642 LV.

1154 673 1195 700 De
1212 675 1347 700 virtutibus
1363 680 1486 710 quantum
1504 675 1538 701 ad
1556 684 1613 701 suas
1629 676 1754 703 essentias.

1123 741 1221 767 Utrum
1241 742 1327 766 virtus
1346 741 1465 767 humana
1485 742 1522 767 sit
1540 741 1660 768 habitus.

1123 782 1221 808 Utrum
1241 783 1278 808 sit
1296 783 1406 808 habitus
1428 783 1595 818 operativus.

1122 824 1220 849 Utrum
1240 825 1276 849 sit
1293 824 1403 850 habitus
1423 824 1524 850 bonus.

1122 865 1164 890 De
1185 865 1347 891 definitione
1366 866 1485 891 virtutis.

1262 948 1517 980 QUAESTIO
1546 948 1646 975 LVI.

1305 1008 1345 1033 De
1363 1008 1472 1043 subjecto
1489 1008 1600 1034 virtutis.

1094 1093 1100 1099 .
1122 1072 1220 1099 Utrum
1238 1073 1325 1098 virtus
1345 1074 1381 1098 sit
1399 1073 1427 1098 in
1441 1073 1566 1107 potentia
1579 1073 1697 1105 animae,
1716 1073 1790 1099 sicut
1803 1075 1832 1099 in

1163 1114 1300 1148 subjecto.

1121 1154 1219 1181 Utrum
1238 1164 1293 1180 una
1312 1156 1399 1181 virtus
1419 1156 1508 1190 possit
1521 1163 1582 1180 esse
1601 1156 1630 1181 in
1643 1155 1768 1190 pluribus
1781 1165 1831 1191 po-

1160 1197 1266 1222 tentiis.

1092 1258 1098 1264 .
1119 1237 1218 1263 Utrum
1238 1238 1396 1264 intellectus
1417 1239 1506 1273 possit
1519 1247 1579 1264 esse
1599 1239 1753 1273 subjectum
1770 1240 1824 1265 vir-

1162 1286 1239 1305 tuns.

1119 1320 1217 1346 Utrum
1243 1320 1400 1353 irascibilis,
1429 1328 1456 1346 et
1485 1320 1712 1356 concupiscibilis
1739 1323 1830 1356 possit

1159 1370 1220 1387 esse
1240 1362 1395 1396 subjectum
1415 1363 1536 1388 virtutis.

1090 1424 1096 1429 .
1119 1403 1217 1430 Utrum
1246 1405 1319 1430 vires
1350 1404 1563 1439 apprehensivae
1592 1405 1741 1430 sensitivae
1771 1406 1827 1431 sint

1159 1445 1312 1480 subjectum
1332 1447 1451 1472 virtutis.

1116 1486 1214 1512 Utrum
1225 1486 1353 1512 voluntas
1364 1487 1454 1522 possit
1465 1496 1526 1512 esse
1538 1487 1692 1522 subjectum
1701 1488 1823 1514 virtutis.

1296 1568 1490 1600 QUAESTIO
1510 1569 1598 1596 LVII.

1150 1628 1190 1654 De
1209 1629 1368 1656 distinctione
1386 1630 1510 1655 virmium
1527 1629 1748 1656 intellectualium.

1089 1713 1095 1719 .
1117 1692 1215 1719 Utrum
1235 1694 1344 1720 habitus
1365 1693 1569 1720 intellectuales
1589 1694 1752 1730 speculativi
1771 1696 1828 1721 sint

1157 1736 1283 1761 virtutes.

1086 1796 1092 1802 .
1114 1776 1212 1802 Utrum
1240 1778 1296 1802 sint
1314 1783 1421 1802 tantum
1441 1783 1507 1809 tres,
1527 1777 1651 1803 scilicet:
1671 1778 1820 1813 sapientia,

1156 1819 1282 1851 scientia,
1304 1825 1331 1844 et
1351 1818 1520 1845 intellectus.

1085 1880 1090 1885 .
1112 1859 1211 1886 Utrum
1229 1860 1339 1886 habitus
1360 1859 1568 1893 intellectualis,
1589 1861 1636 1896 qui
1650 1867 1692 1886 est
1711 1869 1764 1893 ars,
1786 1862 1823 1887 sit

1155 1903 1252 1928 virtus.

1110 1942 1209 1969 Utrum
1227 1944 1372 1978 prudentia
1391 1945 1427 1969 sit
1445 1945 1533 1969 virtus
1553 1944 1684 1969 distincta
1697 1944 1730 1970 ab
1749 1951 1817 1971 arte.

1083 2005 1089 2010 .
1111 1984 1209 2010 Utrum
1222 1985 1366 2020 prudentia
1381 1986 1417 2011 sit
1430 1986 1516 2011 virtus
1531 1986 1686 2011 necessaria
1699 1985 1817 2012 homini.

1082 2046 1088 2051 .
1109 2025 1208 2051 Utrum
1228 2026 1349 2058 eubulia,
1369 2027 1488 2061 synesi5‚
1509 2033 1537 2052 et
1556 2035 1661 2062 gnome
1687 2027 1742 2052 sint
1766 2028 1820 2053 vir-

1151 2074 1224 2093 tutes
1243 2068 1387 2102 adjunctae
1408 2068 1580 2102 prudentiae.

1283 2144 1476 2175 QUAESTIO
1495 2144 1598 2171 LVIII.

1178 2196 1218 2222 De
1237 2196 1399 2223 distinctione
1417 2198 1541 2223 virtutum
1560 2197 1700 2224 moralium

1302 2238 1335 2264 ab
1355 2238 1577 2265 intellectualibus.

1080 2317 1086 2323 .
1109 2296 1206 2323 Utrum
1227 2299 1319 2324 omnis
1338 2299 1425 2324 virtus
1444 2299 1480 2324 sit
1499 2299 1585 2324 virtus
1599 2298 1724 2325 moralis.

1108 2338 1206 2364 Utrum
1225 2340 1311 2365 virtus
1331 2339 1444 2365 moralis
1467 2340 1652 2375 distinguatur
1678 2341 1712 2366 ab
1738 2341 1823 2368 intel-

1151 2379 1273 2406 lectuali.

1079 2441 1084 2446 .
1106 2420 1204 2446 Utrum
1225 2422 1392 2448 sufficienter
1410 2417 1559 2449 dividatur'
1577 2423 1666 2449 virtus
1694 2431 1742 2458 per
1760 2432 1819 2450 mo-

1150 2463 1246 2495 ralem,
1266 2470 1295 2489 et
1313 2463 1543 2490 intellectualem.

1078 2524 1085 2529 .
1106 2503 1203 2530 Utrum
1224 2505 1336 2531 moralis
1355 2506 1442 2531 virtus
1461 2506 1551 2540 possit
1569 2514 1631 2532 esse
1657 2507 1716 2532 sine
1735 2506 1818 2532 intel-

1149 2545 1271 2572 lectuali.

1078 2607 1083 2612 .
1107 2586 1203 2612 Utrum
1224 2596 1238 2612 e
1259 2596 1395 2614 converso
1421 2588 1617 2615 intellectualis
1642 2590 1734 2624 possit
1751 2597 1813 2616 esse

1149 2630 1209 2654 sine
1228 2629 1336 2656 morai.

1291 2705 1485 2736 QUAESTIO
1505 2706 1580 2733 LIX.

1102 2758 1142 2784 Dc
1161 2758 1320 2785 distinetione
1340 2760 1461 2785 virtutum
1482 2760 1620 2787 manlium
1637 2759 1770 2786 secundum

1227 2801 1439 2836 comparationem
1459 2801 1493 2826 ad
1508 2802 1645 2837 passiones.

1106 2857 1203 2884 Utrum
1224 2860 1310 2884 virtus
1331 2859 1446 2885 moralis
1466 2860 1502 2886 sit
1521 2860 1626 2895 passio.

1106 2899 1203 2926 Utrum
1222 2901 1308 2926 virtus
1329 2901 1441 2927 moralis
1468 2901 1557 2936 possit
1586 2909 1647 2927 esse
1671 2909 1734 2927 eum
1752 2909 1813 2937 pns-

1147 2950 1237 2967 slonc.
