<?xml version="1.0" encoding="UTF-8"?>
<!DOCTYPE html PUBLIC "-//W3C//DTD XHTML 1.0 Transitional//EN"
    "http://www.w3.org/TR/xhtml1/DTD/xhtml1-transitional.dtd">
<html xmlns="http://www.w3.org/1999/xhtml" xml:lang="en" lang="en">
 <head>
  <title>
</title>
<meta http-equiv="Content-Type" content="text/html;charset=utf-8" />
  <meta name='ocr-system' content='tesseract 3.04.00' />
  <meta name='ocr-capabilities' content='ocr_page ocr_carea ocr_par ocr_line ocrx_word'/>
</head>
<body>
  <div class='ocr_page' id='page_1' title='image "./divithomaeaquina02thomuoft_0398.png"; bbox 0 0 1907 3182; ppageno 0'>
   <div class='ocr_carea' id='block_1_1' title="bbox 271 219 1398 262">
    <p class='ocr_par' dir='ltr' id='par_1_1' title="bbox 271 219 1398 262">
     <span class='ocr_line' id='line_1_1' title="bbox 271 219 1398 262; baseline 0 -14"><span class='ocrx_word' id='word_1_1' title='bbox 271 219 356 262; x_wconf 84' lang='lat'><strong>394</strong></span> <span class='ocrx_word' id='word_1_2' title='bbox 691 219 910 255; x_wconf 75' lang='lat' dir='ltr'><strong>QUAEsrro</strong></span> <span class='ocrx_word' id='word_1_3' title='bbox 944 220 1044 249; x_wconf 77' lang='lat' dir='ltr'><strong>Lvu.</strong></span> <span class='ocrx_word' id='word_1_4' title='bbox 1078 219 1322 249; x_wconf 83' lang='lat' dir='ltr'><strong>ARTICULUS</strong></span> <span class='ocrx_word' id='word_1_5' title='bbox 1354 219 1398 249; x_wconf 82' lang='lat' dir='ltr'><strong>It.</strong></span> 
     </span>
    </p>
   </div>
   <div class='ocr_carea' id='block_1_2' title="bbox 263 300 1827 722">
    <p class='ocr_par' dir='ltr' id='par_1_2' title="bbox 265 300 1824 400">
     <span class='ocr_line' id='line_1_2' title="bbox 265 300 1824 348; baseline 0.001 -14"><span class='ocrx_word' id='word_1_6' title='bbox 265 307 375 342; x_wconf 88' lang='lat' dir='ltr'><strong>ctum,</strong></span> <span class='ocrx_word' id='word_1_7' title='bbox 402 307 436 334; x_wconf 90' lang='lat' dir='ltr'><strong>et</strong></span> <span class='ocrx_word' id='word_1_8' title='bbox 462 300 661 343; x_wconf 86' lang='lat' dir='ltr'><strong>scientiam,</strong></span> <span class='ocrx_word' id='word_1_9' title='bbox 688 309 726 335; x_wconf 91' lang='lat' dir='ltr'><strong>ut</strong></span> <span class='ocrx_word' id='word_1_10' title='bbox 747 301 790 335; x_wconf 90' lang='lat' dir='ltr'><strong>de</strong></span> <span class='ocrx_word' id='word_1_11' title='bbox 814 300 1106 335; x_wconf 76' lang='lat' dir='ltr'><strong>conclusionibus</strong></span> <span class='ocrx_word' id='word_1_12' title='bbox 1129 300 1361 335; x_wconf 81' lang='lat' dir='ltr'>scientiarum</span> <span class='ocrx_word' id='word_1_13' title='bbox 1383 300 1594 347; x_wconf 84' lang='lat' dir='ltr'><strong>dijudicans,</strong></span> <span class='ocrx_word' id='word_1_14' title='bbox 1613 309 1648 336; x_wconf 88' lang='lat' dir='ltr'><strong>et</strong></span> <span class='ocrx_word' id='word_1_15' title='bbox 1667 300 1710 335; x_wconf 91' lang='lat' dir='ltr'><strong>de</strong></span> <span class='ocrx_word' id='word_1_16' title='bbox 1731 300 1824 348; x_wconf 86' lang='lat' dir='ltr'><strong>prin-</strong></span> 
     </span>
     <span class='ocr_line' id='line_1_3' title="bbox 266 353 610 400; baseline 0.003 -14"><span class='ocrx_word' id='word_1_17' title='bbox 266 353 365 400; x_wconf 90' lang='lat' dir='ltr'><strong>cipiis</strong></span> <span class='ocrx_word' id='word_1_18' title='bbox 389 353 610 388; x_wconf 87' lang='lat' dir='ltr'><strong>earumdem.</strong></span> 
     </span>
    </p>

    <p class='ocr_par' dir='ltr' id='par_1_3' title="bbox 263 407 1827 722">
     <span class='ocr_line' id='line_1_4' title="bbox 336 407 1822 454; baseline 0.001 -14"><span class='ocrx_word' id='word_1_19' title='bbox 336 407 396 441; x_wconf 89' lang='lat' dir='ltr'><strong>AD</strong></span> <span class='ocrx_word' id='word_1_20' title='bbox 419 417 588 442; x_wconf 80' lang='lat' dir='ltr'>TERTIUM</span> <span class='ocrx_word' id='word_1_21' title='bbox 611 407 814 450; x_wconf 88' lang='lat' dir='ltr'><strong>dicendum,</strong></span> <span class='ocrx_word' id='word_1_22' title='bbox 837 407 945 453; x_wconf 92' lang='lat' dir='ltr'><strong>quod,</strong></span> <span class='ocrx_word' id='word_1_23' title='bbox 972 407 1064 442; x_wconf 89' lang='lat' dir='ltr'><strong>sicut</strong></span> <span class='ocrx_word' id='word_1_24' title='bbox 1089 418 1196 453; x_wconf 86' lang='lat' dir='ltr'><strong>supra</strong></span> <span class='ocrx_word' id='word_1_25' title='bbox 1219 407 1353 442; x_wconf 90' lang='lat' dir='ltr'><strong>dictum</strong></span> <span class='ocrx_word' id='word_1_26' title='bbox 1377 415 1428 442; x_wconf 89' lang='lat' dir='ltr'><strong>est</strong></span> <span class='ocrx_word' id='word_1_27' title='bbox 1450 407 1496 454; x_wconf 85' lang='lat' dir='ltr'><strong>(q.</strong></span> <span class='ocrx_word' id='word_1_28' title='bbox 1515 419 1559 454; x_wconf 82' lang='lat'><strong>55.</strong></span> <span class='ocrx_word' id='word_1_29' title='bbox 1583 412 1645 442; x_wconf 84' lang='lat' dir='ltr'><strong>art.</strong></span> <span class='ocrx_word' id='word_1_30' title='bbox 1665 419 1693 454; x_wconf 84' lang='lat'><strong>3.</strong></span> <span class='ocrx_word' id='word_1_31' title='bbox 1711 412 1742 443; x_wconf 80' lang='lat' dir='ltr'><strong>et</strong></span> <span class='ocrx_word' id='word_1_32' title='bbox 1761 407 1822 452; x_wconf 83' lang='grc'><strong>4.),</strong></span> 
     </span>
     <span class='ocr_line' id='line_1_5' title="bbox 264 460 1824 511; baseline 0.001 -17"><span class='ocrx_word' id='word_1_33' title='bbox 264 460 405 495; x_wconf 87' lang='lat' dir='ltr'><strong>habitus</strong></span> <span class='ocrx_word' id='word_1_34' title='bbox 427 461 565 495; x_wconf 78' lang='lat' dir='ltr'><strong>virtutis</strong></span> <span class='ocrx_word' id='word_1_35' title='bbox 587 461 822 495; x_wconf 85' lang='lat' dir='ltr'><strong>determinate</strong></span> <span class='ocrx_word' id='word_1_36' title='bbox 838 472 876 495; x_wconf 86' lang='lat' dir='ltr'><strong>se</strong></span> <span class='ocrx_word' id='word_1_37' title='bbox 890 461 999 495; x_wconf 81' lang='lat' dir='ltr'><strong>habet</strong></span> <span class='ocrx_word' id='word_1_38' title='bbox 1013 461 1056 495; x_wconf 86' lang='lat' dir='ltr'><strong>ad</strong></span> <span class='ocrx_word' id='word_1_39' title='bbox 1070 461 1219 502; x_wconf 89' lang='lat' dir='ltr'><strong>bonum,</strong></span> <span class='ocrx_word' id='word_1_40' title='bbox 1234 460 1334 495; x_wconf 91' lang='lat' dir='ltr'><strong>nullo</strong></span> <span class='ocrx_word' id='word_1_41' title='bbox 1354 469 1474 495; x_wconf 84' lang='lat' dir='ltr'><strong>autern</strong></span> <span class='ocrx_word' id='word_1_42' title='bbox 1489 460 1601 495; x_wconf 90' lang='lat' dir='ltr'><strong>modo</strong></span> <span class='ocrx_word' id='word_1_43' title='bbox 1617 460 1660 495; x_wconf 87' lang='lat' dir='ltr'><strong>ad</strong></span> <span class='ocrx_word' id='word_1_44' title='bbox 1674 460 1824 511; x_wconf 77' lang='lat' dir='ltr'><strong>malurn,</strong></span> 
     </span>
     <span class='ocr_line' id='line_1_6' title="bbox 263 513 1825 561; baseline 0.001 -14"><span class='ocrx_word' id='word_1_45' title='bbox 263 513 401 547; x_wconf 90' lang='lat' dir='ltr'><strong>bonum</strong></span> <span class='ocrx_word' id='word_1_46' title='bbox 437 522 556 548; x_wconf 86' lang='lat' dir='ltr'><strong>autem</strong></span> <span class='ocrx_word' id='word_1_47' title='bbox 589 513 790 548; x_wconf 87' lang='lat' dir='ltr'><strong>intellectus</strong></span> <span class='ocrx_word' id='word_1_48' title='bbox 825 522 878 548; x_wconf 90' lang='lat' dir='ltr'><strong>est</strong></span> <span class='ocrx_word' id='word_1_49' title='bbox 903 526 1042 555; x_wconf 73' lang='lat' dir='ltr'><strong>verum;</strong></span> <span class='ocrx_word' id='word_1_50' title='bbox 1070 514 1208 548; x_wconf 85' lang='lat' dir='ltr'><strong>malum</strong></span> <span class='ocrx_word' id='word_1_51' title='bbox 1235 522 1355 548; x_wconf 87' lang='lat' dir='ltr'><strong>autem</strong></span> <span class='ocrx_word' id='word_1_52' title='bbox 1383 515 1458 560; x_wconf 83' lang='lat' dir='ltr'><strong>ejus</strong></span> <span class='ocrx_word' id='word_1_53' title='bbox 1485 522 1538 549; x_wconf 92' lang='lat' dir='ltr'><strong>est</strong></span> <span class='ocrx_word' id='word_1_54' title='bbox 1555 515 1704 561; x_wconf 80' lang='lat' dir='ltr'><strong>salsum:</strong></span> <span class='ocrx_word' id='word_1_55' title='bbox 1731 514 1825 549; x_wconf 89' lang='lat' dir='ltr'><strong>unde</strong></span> 
     </span>
     <span class='ocr_line' id='line_1_7' title="bbox 265 567 1825 614; baseline 0.001 -13"><span class='ocrx_word' id='word_1_56' title='bbox 265 567 332 602; x_wconf 82' lang='lat' dir='ltr'><strong>soli</strong></span> <span class='ocrx_word' id='word_1_57' title='bbox 359 567 411 601; x_wconf 86' lang='lat' dir='ltr'><strong>illi</strong></span> <span class='ocrx_word' id='word_1_58' title='bbox 431 567 572 601; x_wconf 86' lang='lat' dir='ltr'><strong>habitus</strong></span> <span class='ocrx_word' id='word_1_59' title='bbox 597 569 733 601; x_wconf 65' lang='lat' dir='ltr'><strong>virtutes</strong></span> <span class='ocrx_word' id='word_1_60' title='bbox 759 568 984 602; x_wconf 46' lang='lat' dir='ltr'><strong>intellectuales</strong></span> <span class='ocrx_word' id='word_1_61' title='bbox 1010 567 1186 610; x_wconf 88' lang='lat' dir='ltr'><strong>dicuntur,</strong></span> <span class='ocrx_word' id='word_1_62' title='bbox 1214 567 1340 613; x_wconf 90' lang='lat' dir='ltr'><strong>quibus</strong></span> <span class='ocrx_word' id='word_1_63' title='bbox 1367 579 1508 614; x_wconf 85' lang='lat' dir='ltr'><strong>semper</strong></span> <span class='ocrx_word' id='word_1_64' title='bbox 1533 568 1662 602; x_wconf 88' lang='lat' dir='ltr'><strong>dicitur</strong></span> <span class='ocrx_word' id='word_1_65' title='bbox 1686 579 1825 610; x_wconf 88' lang='lat' dir='ltr'><strong>verum,</strong></span> 
     </span>
     <span class='ocr_line' id='line_1_8' title="bbox 266 620 1827 666; baseline 0 -12"><span class='ocrx_word' id='word_1_66' title='bbox 266 628 299 654; x_wconf 94' lang='lat' dir='ltr'><strong>et</strong></span> <span class='ocrx_word' id='word_1_67' title='bbox 325 632 524 666; x_wconf 84' lang='lat' dir='ltr'>numquam</span> <span class='ocrx_word' id='word_1_68' title='bbox 551 620 697 654; x_wconf 82' lang='lat' dir='ltr'><strong>falsum:</strong></span> <span class='ocrx_word' id='word_1_69' title='bbox 726 620 849 666; x_wconf 87' lang='lat' dir='ltr'><strong>opinio</strong></span> <span class='ocrx_word' id='word_1_70' title='bbox 876 632 975 664; x_wconf 82' lang='lat' dir='ltr'><strong>vero,</strong></span> <span class='ocrx_word' id='word_1_71' title='bbox 1003 628 1035 655; x_wconf 87' lang='lat' dir='ltr'><strong>et</strong></span> <span class='ocrx_word' id='word_1_72' title='bbox 1061 620 1218 666; x_wconf 85' lang='lat' dir='ltr'><strong>suspicio</strong></span> <span class='ocrx_word' id='word_1_73' title='bbox 1245 629 1396 666; x_wconf 85' lang='lat' dir='ltr'><strong>possunt</strong></span> <span class='ocrx_word' id='word_1_74' title='bbox 1422 632 1498 655; x_wconf 85' lang='lat' dir='ltr'><strong>esse</strong></span> <span class='ocrx_word' id='word_1_75' title='bbox 1519 621 1605 665; x_wconf 84' lang='lat' dir='ltr'><strong>veri,</strong></span> <span class='ocrx_word' id='word_1_76' title='bbox 1624 629 1660 656; x_wconf 91' lang='lat' dir='ltr'><strong>et</strong></span> <span class='ocrx_word' id='word_1_77' title='bbox 1679 620 1771 663; x_wconf 82' lang='lat' dir='ltr'><strong>falsi,</strong></span> <span class='ocrx_word' id='word_1_78' title='bbox 1793 628 1827 655; x_wconf 91' lang='lat' dir='ltr'><strong>et</strong></span> 
     </span>
     <span class='ocr_line' id='line_1_9' title="bbox 265 672 1826 722; baseline 0.001 -15"><span class='ocrx_word' id='word_1_79' title='bbox 265 673 347 708; x_wconf 88' lang='lat' dir='ltr'><strong>ideo</strong></span> <span class='ocrx_word' id='word_1_80' title='bbox 369 685 443 708; x_wconf 90' lang='lat' dir='ltr'><strong>non</strong></span> <span class='ocrx_word' id='word_1_81' title='bbox 464 682 546 708; x_wconf 88' lang='lat' dir='ltr'><strong>sunt</strong></span> <span class='ocrx_word' id='word_1_82' title='bbox 567 673 828 708; x_wconf 78' lang='lat' dir='ltr'><strong>intellectuales</strong></span> <span class='ocrx_word' id='word_1_83' title='bbox 854 674 1014 717; x_wconf 88' lang='lat' dir='ltr'><strong>virtutes,</strong></span> <span class='ocrx_word' id='word_1_84' title='bbox 1035 681 1073 708; x_wconf 89' lang='lat' dir='ltr'><strong>ut</strong></span> <span class='ocrx_word' id='word_1_85' title='bbox 1094 674 1222 708; x_wconf 87' lang='lat' dir='ltr'><strong>dicitur</strong></span> <span class='ocrx_word' id='word_1_86' title='bbox 1247 674 1284 708; x_wconf 84' lang='lat' dir='ltr'><strong>in</strong></span> <span class='ocrx_word' id='word_1_87' title='bbox 1310 672 1342 708; x_wconf 84' lang='lat'><strong>6.</strong></span> <span class='ocrx_word' id='word_1_88' title='bbox 1369 674 1449 708; x_wconf 88' lang='lat' dir='ltr'><strong>Eth.</strong></span> <span class='ocrx_word' id='word_1_89' title='bbox 1476 674 1566 722; x_wconf 83' lang='lat' dir='ltr'><strong>(cap.</strong></span> <span class='ocrx_word' id='word_1_90' title='bbox 1585 687 1613 722; x_wconf 82' lang='lat'><strong>3.</strong></span> <span class='ocrx_word' id='word_1_91' title='bbox 1635 675 1670 709; x_wconf 86' lang='lat' dir='ltr'><strong>in</strong></span> <span class='ocrx_word' id='word_1_92' title='bbox 1684 675 1826 722; x_wconf 71' lang='lat' dir='ltr'><strong>princ).</strong></span> 
     </span>
    </p>
   </div>
   <div class='ocr_carea' id='block_1_3' title="bbox 324 814 1824 963">
    <p class='ocr_par' dir='ltr' id='par_1_4' title="bbox 324 814 1824 963">
     <span class='ocr_line' id='line_1_10' title="bbox 818 814 1824 872; baseline 0.003 -15"><span class='ocrx_word' id='word_1_93' title='bbox 818 814 1164 859; x_wconf 87' lang='lat' dir='ltr'><strong>ARTICULUS</strong></span> <span class='ocrx_word' id='word_1_94' title='bbox 1198 815 1276 858; x_wconf 90' lang='grc' dir='ltr'><strong>ΠΙ.</strong></span> <span class='ocrx_word' id='word_1_95' title='bbox 1761 835 1824 872; x_wconf 83' lang='lat'><strong>303</strong></span> 
     </span>
     <span class='ocr_line' id='line_1_11' title="bbox 324 921 1767 963; baseline 0 -11"><span class='ocrx_word' id='word_1_96' title='bbox 324 922 477 952; x_wconf 86' lang='lat' dir='ltr'><strong>UTRUM</strong></span> <span class='ocrx_word' id='word_1_97' title='bbox 509 921 696 952; x_wconf 85' lang='lat' dir='ltr'>HABITUS</span> <span class='ocrx_word' id='word_1_98' title='bbox 730 922 1120 963; x_wconf 82' lang='lat' dir='ltr'><strong>1NTELLECTUAL18,</strong></span> <span class='ocrx_word' id='word_1_99' title='bbox 1156 922 1232 958; x_wconf 89' lang='lat' dir='ltr'><strong>QUI</strong></span> <span class='ocrx_word' id='word_1_100' title='bbox 1264 923 1344 952; x_wconf 87' lang='lat' dir='ltr'><strong>EST</strong></span> <span class='ocrx_word' id='word_1_101' title='bbox 1371 922 1464 963; x_wconf 87' lang='lat' dir='ltr'><strong>ARS,</strong></span> <span class='ocrx_word' id='word_1_102' title='bbox 1496 922 1563 952; x_wconf 87' lang='lat' dir='ltr'><strong>SIT</strong></span> <span class='ocrx_word' id='word_1_103' title='bbox 1595 921 1767 952; x_wconf 76' lang='lat' dir='ltr'><strong>vmrus.</strong></span> 
     </span>
    </p>
   </div>
   <div class='ocr_carea' id='block_1_4' title="bbox 304 1011 1790 1113">
    <p class='ocr_par' dir='ltr' id='par_1_5' title="bbox 304 1011 1790 1113">
     <span class='ocr_line' id='line_1_12' title="bbox 582 1011 1513 1058; baseline 0.001 -13"><span class='ocrx_word' id='word_1_104' title='bbox 582 1011 685 1057; x_wconf 79' lang='lat' dir='ltr'><strong>(Insr.</strong></span> <span class='ocrx_word' id='word_1_105' title='bbox 709 1023 737 1057; x_wconf 80' lang='lat' dir='ltr'><strong>q.</strong></span> <span class='ocrx_word' id='word_1_106' title='bbox 762 1023 809 1057; x_wconf 81' lang='lat'><strong>93.</strong></span> <span class='ocrx_word' id='word_1_107' title='bbox 832 1016 894 1046; x_wconf 77' lang='lat' dir='ltr'><strong>art.</strong></span> <span class='ocrx_word' id='word_1_108' title='bbox 916 1024 942 1047; x_wconf 77' lang='grc' dir='ltr'><strong>Ι.</strong></span> <span class='ocrx_word' id='word_1_109' title='bbox 966 1018 1056 1058; x_wconf 80' lang='lat' dir='ltr'><strong>corp.</strong></span> <span class='ocrx_word' id='word_1_110' title='bbox 1078 1017 1106 1046; x_wconf 79' lang='lat' dir='ltr'><strong>et</strong></span> <span class='ocrx_word' id='word_1_111' title='bbox 1126 1024 1153 1047; x_wconf 80' lang='lat' dir='ltr'><strong>I.</strong></span> <span class='ocrx_word' id='word_1_112' title='bbox 1176 1023 1205 1057; x_wconf 79' lang='lat' dir='ltr'><strong>q.</strong></span> <span class='ocrx_word' id='word_1_113' title='bbox 1227 1023 1281 1047; x_wconf 89' lang='lat'><strong>22.</strong></span> <span class='ocrx_word' id='word_1_114' title='bbox 1300 1016 1363 1046; x_wconf 83' lang='lat' dir='ltr'><strong>art.</strong></span> <span class='ocrx_word' id='word_1_115' title='bbox 1378 1023 1410 1047; x_wconf 91' lang='lat'><strong>2.</strong></span> <span class='ocrx_word' id='word_1_116' title='bbox 1424 1017 1513 1058; x_wconf 82' lang='lat' dir='ltr'><strong>corp.</strong></span> 
     </span>
     <span class='ocr_line' id='line_1_13' title="bbox 304 1065 1790 1113; baseline 0 -14"><span class='ocrx_word' id='word_1_117' title='bbox 304 1069 333 1099; x_wconf 69' lang='lat' dir='ltr'><strong>et</strong></span> <span class='ocrx_word' id='word_1_118' title='bbox 352 1076 420 1100; x_wconf 87' lang='lat'>2-2.</span> <span class='ocrx_word' id='word_1_119' title='bbox 443 1076 472 1110; x_wconf 81' lang='lat' dir='ltr'><strong>q.</strong></span> <span class='ocrx_word' id='word_1_120' title='bbox 494 1075 549 1111; x_wconf 81' lang='lat'><strong>47.</strong></span> <span class='ocrx_word' id='word_1_121' title='bbox 572 1070 635 1099; x_wconf 76' lang='lat' dir='ltr'><strong>art.</strong></span> <span class='ocrx_word' id='word_1_122' title='bbox 654 1077 683 1111; x_wconf 82' lang='lat'><strong>5.</strong></span> <span class='ocrx_word' id='word_1_123' title='bbox 706 1072 796 1112; x_wconf 79' lang='lat' dir='ltr'><strong>corp.</strong></span> <span class='ocrx_word' id='word_1_124' title='bbox 818 1070 846 1100; x_wconf 80' lang='lat' dir='ltr'><strong>et</strong></span> <span class='ocrx_word' id='word_1_125' title='bbox 874 1065 960 1100; x_wconf 71' lang='lat' dir='ltr'><strong>Veri.</strong></span> <span class='ocrx_word' id='word_1_126' title='bbox 983 1077 1012 1111; x_wconf 83' lang='lat' dir='ltr'><strong>q.</strong></span> <span class='ocrx_word' id='word_1_127' title='bbox 1030 1077 1059 1112; x_wconf 81' lang='lat'><strong>5.</strong></span> <span class='ocrx_word' id='word_1_128' title='bbox 1082 1070 1144 1100; x_wconf 83' lang='lat' dir='ltr'><strong>art.</strong></span> <span class='ocrx_word' id='word_1_129' title='bbox 1167 1078 1193 1101; x_wconf 86' lang='lat' dir='ltr'><strong>r.</strong></span> <span class='ocrx_word' id='word_1_130' title='bbox 1216 1071 1306 1113; x_wconf 79' lang='lat' dir='ltr'><strong>corp.</strong></span> <span class='ocrx_word' id='word_1_131' title='bbox 1328 1070 1360 1101; x_wconf 80' lang='lat' dir='ltr'><strong>et</strong></span> <span class='ocrx_word' id='word_1_132' title='bbox 1378 1078 1406 1101; x_wconf 88' lang='lat'><strong>1.</strong></span> <span class='ocrx_word' id='word_1_133' title='bbox 1425 1066 1534 1101; x_wconf 80' lang='lat' dir='ltr'><strong>Ethic.</strong></span> <span class='ocrx_word' id='word_1_134' title='bbox 1551 1069 1626 1112; x_wconf 81' lang='lat' dir='ltr'><strong>post</strong></span> <span class='ocrx_word' id='word_1_135' title='bbox 1645 1065 1790 1113; x_wconf 71' lang='lat' dir='ltr'><strong>princ).</strong></span> 
     </span>
    </p>
   </div>
   <div class='ocr_carea' id='block_1_5' title="bbox 266 1151 1835 2972">
    <p class='ocr_par' dir='ltr' id='par_1_6' title="bbox 266 1151 1831 1362">
     <span class='ocr_line' id='line_1_14' title="bbox 337 1151 1826 1201; baseline 0 -15"><span class='ocrx_word' id='word_1_136' title='bbox 337 1153 397 1187; x_wconf 88' lang='lat' dir='ltr'><strong>AD</strong></span> <span class='ocrx_word' id='word_1_137' title='bbox 413 1162 583 1187; x_wconf 80' lang='lat' dir='ltr'>TERTIUM</span> <span class='ocrx_word' id='word_1_138' title='bbox 602 1153 651 1187; x_wconf 91' lang='lat' dir='ltr'><strong>sic</strong></span> <span class='ocrx_word' id='word_1_139' title='bbox 667 1154 884 1199; x_wconf 77' lang='lat' dir='ltr'><strong>proceditur.</strong></span> <span class='ocrx_word' id='word_1_140' title='bbox 899 1153 1062 1197; x_wconf 86' lang='lat' dir='ltr'><strong>Videtur,</strong></span> <span class='ocrx_word' id='word_1_141' title='bbox 1078 1154 1173 1201; x_wconf 90' lang='lat' dir='ltr'><strong>quod</strong></span> <span class='ocrx_word' id='word_1_142' title='bbox 1189 1166 1244 1189; x_wconf 83' lang='lat' dir='ltr'><strong>ars</strong></span> <span class='ocrx_word' id='word_1_143' title='bbox 1266 1165 1340 1189; x_wconf 91' lang='lat' dir='ltr'><strong>non</strong></span> <span class='ocrx_word' id='word_1_144' title='bbox 1362 1155 1406 1189; x_wconf 88' lang='lat' dir='ltr'><strong>sit</strong></span> <span class='ocrx_word' id='word_1_145' title='bbox 1422 1154 1534 1188; x_wconf 89' lang='lat' dir='ltr'><strong>virtus</strong></span> <span class='ocrx_word' id='word_1_146' title='bbox 1555 1151 1826 1188; x_wconf 86' lang='lat' dir='ltr'><strong>intellectualis:</strong></span> 
     </span>
     <span class='ocr_line' id='line_1_15' title="bbox 267 1206 1831 1255; baseline 0.002 -16"><span class='ocrx_word' id='word_1_147' title='bbox 267 1206 352 1240; x_wconf 84' lang='lat' dir='ltr'><strong>dicit</strong></span> <span class='ocrx_word' id='word_1_148' title='bbox 374 1206 471 1240; x_wconf 90' lang='lat' dir='ltr'><strong>enim</strong></span> <span class='ocrx_word' id='word_1_149' title='bbox 494 1207 646 1252; x_wconf 81' lang='lat' dir='ltr'><strong>August.</strong></span> <span class='ocrx_word' id='word_1_150' title='bbox 669 1207 705 1240; x_wconf 89' lang='lat' dir='ltr'><strong>in</strong></span> <span class='ocrx_word' id='word_1_151' title='bbox 727 1207 785 1241; x_wconf 90' lang='lat' dir='ltr'><strong>lib.</strong></span> <span class='ocrx_word' id='word_1_152' title='bbox 806 1218 836 1241; x_wconf 83' lang='lat'><strong>2.</strong></span> <span class='ocrx_word' id='word_1_153' title='bbox 861 1208 903 1242; x_wconf 83' lang='lat' dir='ltr'><strong>de</strong></span> <span class='ocrx_word' id='word_1_154' title='bbox 926 1208 1056 1242; x_wconf 89' lang='lat' dir='ltr'><strong>Libero</strong></span> <span class='ocrx_word' id='word_1_155' title='bbox 1078 1209 1237 1242; x_wconf 87' lang='lat' dir='ltr'><strong>Arbitrio</strong></span> <span class='ocrx_word' id='word_1_156' title='bbox 1261 1208 1347 1255; x_wconf 83' lang='lat' dir='ltr'><strong>(cap.</strong></span> <span class='ocrx_word' id='word_1_157' title='bbox 1370 1209 1421 1244; x_wconf 87' lang='lat'><strong>18.</strong></span> <span class='ocrx_word' id='word_1_158' title='bbox 1442 1207 1568 1254; x_wconf 73' lang='lat' dir='ltr'><strong>et19.),</strong></span> <span class='ocrx_word' id='word_1_159' title='bbox 1589 1207 1685 1254; x_wconf 92' lang='lat' dir='ltr'><strong>quod</strong></span> <span class='ocrx_word' id='word_1_160' title='bbox 1705 1208 1831 1242; x_wconf 74' lang='lat' dir='ltr'><strong>virtute</strong></span> 
     </span>
     <span class='ocr_line' id='line_1_16' title="bbox 266 1259 1830 1309; baseline 0.001 -16"><span class='ocrx_word' id='word_1_161' title='bbox 266 1260 374 1294; x_wconf 76' lang='lat' dir='ltr'><strong>nullus</strong></span> <span class='ocrx_word' id='word_1_162' title='bbox 402 1260 484 1294; x_wconf 57' lang='lat' dir='ltr'><strong>male</strong></span> <span class='ocrx_word' id='word_1_163' title='bbox 511 1262 634 1301; x_wconf 53' lang='lat' dir='ltr'><strong>mitum·</strong></span> <span class='ocrx_word' id='word_1_164' title='bbox 666 1261 728 1295; x_wconf 83' lang='lat' dir='ltr'><strong>sed</strong></span> <span class='ocrx_word' id='word_1_165' title='bbox 763 1269 836 1295; x_wconf 89' lang='lat' dir='ltr'><strong>arte</strong></span> <span class='ocrx_word' id='word_1_166' title='bbox 867 1261 993 1307; x_wconf 88' lang='lat' dir='ltr'><strong>aliquis</strong></span> <span class='ocrx_word' id='word_1_167' title='bbox 1021 1261 1116 1296; x_wconf 83' lang='lat' dir='ltr'><strong>male</strong></span> <span class='ocrx_word' id='word_1_168' title='bbox 1142 1262 1268 1296; x_wconf 87' lang='lat' dir='ltr'><strong>utitur:</strong></span> <span class='ocrx_word' id='word_1_169' title='bbox 1296 1269 1414 1309; x_wconf 88' lang='lat' dir='ltr'><strong>potest</strong></span> <span class='ocrx_word' id='word_1_170' title='bbox 1439 1261 1536 1296; x_wconf 91' lang='lat' dir='ltr'><strong>enirn</strong></span> <span class='ocrx_word' id='word_1_171' title='bbox 1557 1260 1685 1307; x_wconf 85' lang='lat' dir='ltr'><strong>aliquis</strong></span> <span class='ocrx_word' id='word_1_172' title='bbox 1707 1259 1830 1295; x_wconf 84' lang='lat' dir='ltr'><strong>artifex</strong></span> 
     </span>
     <span class='ocr_line' id='line_1_17' title="bbox 267 1313 1697 1362; baseline 0.001 -15"><span class='ocrx_word' id='word_1_173' title='bbox 267 1313 467 1348; x_wconf 88' lang='lat' dir='ltr'><strong>secundum</strong></span> <span class='ocrx_word' id='word_1_174' title='bbox 489 1314 677 1348; x_wconf 81' lang='lat' dir='ltr'><strong>scientiam</strong></span> <span class='ocrx_word' id='word_1_175' title='bbox 700 1315 783 1349; x_wconf 89' lang='lat' dir='ltr'><strong>artis</strong></span> <span class='ocrx_word' id='word_1_176' title='bbox 805 1326 890 1349; x_wconf 87' lang='lat' dir='ltr'><strong>suae</strong></span> <span class='ocrx_word' id='word_1_177' title='bbox 913 1315 1008 1350; x_wconf 86' lang='lat' dir='ltr'><strong>male</strong></span> <span class='ocrx_word' id='word_1_178' title='bbox 1031 1316 1188 1362; x_wconf 79' lang='lat' dir='ltr'><strong>operari3</strong></span> <span class='ocrx_word' id='word_1_179' title='bbox 1216 1327 1302 1362; x_wconf 85' lang='lat' dir='ltr'><strong>ergo</strong></span> <span class='ocrx_word' id='word_1_180' title='bbox 1331 1327 1386 1350; x_wconf 85' lang='lat' dir='ltr'><strong>ars</strong></span> <span class='ocrx_word' id='word_1_181' title='bbox 1407 1326 1480 1349; x_wconf 92' lang='lat' dir='ltr'><strong>non</strong></span> <span class='ocrx_word' id='word_1_182' title='bbox 1504 1322 1556 1349; x_wconf 89' lang='lat' dir='ltr'><strong>est</strong></span> <span class='ocrx_word' id='word_1_183' title='bbox 1575 1314 1697 1349; x_wconf 89' lang='lat' dir='ltr'><strong>virtus.</strong></span> 
     </span>
    </p>

    <p class='ocr_par' dir='ltr' id='par_1_7' title="bbox 269 1367 1832 1469">
     <span class='ocr_line' id='line_1_18' title="bbox 339 1367 1832 1415; baseline 0.001 -14"><span class='ocrx_word' id='word_1_184' title='bbox 339 1377 370 1401; x_wconf 87' lang='lat'><strong>2.</strong></span> <span class='ocrx_word' id='word_1_185' title='bbox 392 1367 627 1402; x_wconf 76' lang='lat' dir='ltr'>PRAETEREA.</span> <span class='ocrx_word' id='word_1_186' title='bbox 654 1367 804 1403; x_wconf 83' lang='lat' dir='ltr'><strong>Virtutis</strong></span> <span class='ocrx_word' id='word_1_187' title='bbox 838 1380 911 1403; x_wconf 91' lang='lat' dir='ltr'><strong>non</strong></span> <span class='ocrx_word' id='word_1_188' title='bbox 946 1377 998 1403; x_wconf 90' lang='lat' dir='ltr'><strong>est</strong></span> <span class='ocrx_word' id='word_1_189' title='bbox 1024 1370 1152 1403; x_wconf 89' lang='lat' dir='ltr'><strong>virtus:</strong></span> <span class='ocrx_word' id='word_1_190' title='bbox 1186 1369 1269 1404; x_wconf 88' lang='lat' dir='ltr'><strong>artis</strong></span> <span class='ocrx_word' id='word_1_191' title='bbox 1292 1377 1411 1403; x_wconf 84' lang='lat' dir='ltr'><strong>autem</strong></span> <span class='ocrx_word' id='word_1_192' title='bbox 1435 1376 1488 1403; x_wconf 89' lang='lat' dir='ltr'><strong>est</strong></span> <span class='ocrx_word' id='word_1_193' title='bbox 1509 1368 1628 1415; x_wconf 90' lang='lat' dir='ltr'><strong>aliqua</strong></span> <span class='ocrx_word' id='word_1_194' title='bbox 1648 1368 1771 1410; x_wconf 88' lang='lat' dir='ltr'><strong>virtus,</strong></span> <span class='ocrx_word' id='word_1_195' title='bbox 1793 1375 1832 1402; x_wconf 90' lang='lat' dir='ltr'><strong>ut</strong></span> 
     </span>
     <span class='ocr_line' id='line_1_19' title="bbox 269 1419 1546 1469; baseline 0.002 -15"><span class='ocrx_word' id='word_1_196' title='bbox 269 1420 397 1455; x_wconf 84' lang='lat' dir='ltr'><strong>dicitur</strong></span> <span class='ocrx_word' id='word_1_197' title='bbox 418 1420 455 1454; x_wconf 91' lang='lat' dir='ltr'><strong>in</strong></span> <span class='ocrx_word' id='word_1_198' title='bbox 477 1419 508 1454; x_wconf 84' lang='lat'><strong>6.</strong></span> <span class='ocrx_word' id='word_1_199' title='bbox 531 1421 690 1456; x_wconf 86' lang='lat' dir='ltr'><strong>Ethicor.</strong></span> <span class='ocrx_word' id='word_1_200' title='bbox 713 1422 804 1469; x_wconf 79' lang='lat' dir='ltr'><strong>(sap.</strong></span> <span class='ocrx_word' id='word_1_201' title='bbox 823 1434 850 1468; x_wconf 84' lang='lat'><strong>5.</strong></span> <span class='ocrx_word' id='word_1_202' title='bbox 875 1424 933 1457; x_wconf 77' lang='lat' dir='ltr'><strong>cir.</strong></span> <span class='ocrx_word' id='word_1_203' title='bbox 948 1423 1048 1468; x_wconf 79' lang='lat' dir='ltr'><strong>fin.):</strong></span> <span class='ocrx_word' id='word_1_204' title='bbox 1072 1434 1158 1469; x_wconf 86' lang='lat' dir='ltr'><strong>ergo</strong></span> <span class='ocrx_word' id='word_1_205' title='bbox 1178 1434 1233 1457; x_wconf 86' lang='lat' dir='ltr'><strong>ars</strong></span> <span class='ocrx_word' id='word_1_206' title='bbox 1255 1434 1330 1457; x_wconf 91' lang='lat' dir='ltr'><strong>non</strong></span> <span class='ocrx_word' id='word_1_207' title='bbox 1352 1430 1405 1457; x_wconf 91' lang='lat' dir='ltr'><strong>est</strong></span> <span class='ocrx_word' id='word_1_208' title='bbox 1425 1422 1546 1456; x_wconf 82' lang='lat' dir='ltr'><strong>virtus.</strong></span> 
     </span>
    </p>

    <p class='ocr_par' dir='ltr' id='par_1_8' title="bbox 269 1474 1833 1670">
     <span class='ocr_line' id='line_1_20' title="bbox 343 1474 1830 1522; baseline 0.001 -14"><span class='ocrx_word' id='word_1_209' title='bbox 343 1485 371 1520; x_wconf 84' lang='lat'><strong>3.</strong></span> <span class='ocrx_word' id='word_1_210' title='bbox 387 1474 623 1509; x_wconf 74' lang='lat' dir='ltr'>PRAETEREA.</span> <span class='ocrx_word' id='word_1_211' title='bbox 643 1475 748 1510; x_wconf 88' lang='lat' dir='ltr'><strong>Artes</strong></span> <span class='ocrx_word' id='word_1_212' title='bbox 767 1475 931 1510; x_wconf 85' lang='lat' dir='ltr'><strong>liberales</strong></span> <span class='ocrx_word' id='word_1_213' title='bbox 946 1484 1028 1510; x_wconf 87' lang='lat' dir='ltr'><strong>sunt</strong></span> <span class='ocrx_word' id='word_1_214' title='bbox 1042 1475 1325 1519; x_wconf 78' lang='lat' dir='ltr'><strong>excellentiores,</strong></span> <span class='ocrx_word' id='word_1_215' title='bbox 1344 1487 1453 1522; x_wconf 86' lang='lat' dir='ltr'><strong>quam</strong></span> <span class='ocrx_word' id='word_1_216' title='bbox 1472 1483 1564 1510; x_wconf 89' lang='lat' dir='ltr'><strong>artes</strong></span> <span class='ocrx_word' id='word_1_217' title='bbox 1578 1475 1830 1510; x_wconf 85' lang='lat' dir='ltr'><strong>mechanicae:</strong></span> 
     </span>
     <span class='ocr_line' id='line_1_21' title="bbox 269 1527 1831 1576; baseline 0.001 -15"><span class='ocrx_word' id='word_1_218' title='bbox 269 1527 330 1562; x_wconf 89' lang='lat' dir='ltr'><strong>sed</strong></span> <span class='ocrx_word' id='word_1_219' title='bbox 345 1528 437 1562; x_wconf 88' lang='lat' dir='ltr'><strong>sicut</strong></span> <span class='ocrx_word' id='word_1_220' title='bbox 451 1536 542 1562; x_wconf 88' lang='lat' dir='ltr'><strong>artes</strong></span> <span class='ocrx_word' id='word_1_221' title='bbox 556 1529 792 1563; x_wconf 79' lang='lat' dir='ltr'><strong>mechanicae</strong></span> <span class='ocrx_word' id='word_1_222' title='bbox 811 1537 892 1563; x_wconf 91' lang='lat' dir='ltr'><strong>sunt</strong></span> <span class='ocrx_word' id='word_1_223' title='bbox 905 1530 1095 1576; x_wconf 84' lang='lat' dir='ltr'><strong>practicae,</strong></span> <span class='ocrx_word' id='word_1_224' title='bbox 1111 1530 1158 1564; x_wconf 89' lang='lat' dir='ltr'><strong>ita</strong></span> <span class='ocrx_word' id='word_1_225' title='bbox 1174 1538 1266 1564; x_wconf 88' lang='lat' dir='ltr'><strong>artes</strong></span> <span class='ocrx_word' id='word_1_226' title='bbox 1284 1529 1450 1564; x_wconf 86' lang='lat' dir='ltr'><strong>liberales</strong></span> <span class='ocrx_word' id='word_1_227' title='bbox 1469 1537 1551 1564; x_wconf 90' lang='lat' dir='ltr'><strong>sunt</strong></span> <span class='ocrx_word' id='word_1_228' title='bbox 1569 1528 1831 1576; x_wconf 86' lang='lat' dir='ltr'><strong>speculativae;</strong></span> 
     </span>
     <span class='ocr_line' id='line_1_22' title="bbox 270 1582 1833 1630; baseline 0.001 -15"><span class='ocrx_word' id='word_1_229' title='bbox 270 1592 370 1628; x_wconf 85' lang='lat' dir='ltr'><strong>ergo,</strong></span> <span class='ocrx_word' id='word_1_230' title='bbox 396 1582 426 1616; x_wconf 89' lang='lat' dir='ltr'><strong>si</strong></span> <span class='ocrx_word' id='word_1_231' title='bbox 459 1593 514 1616; x_wconf 87' lang='lat' dir='ltr'><strong>ars</strong></span> <span class='ocrx_word' id='word_1_232' title='bbox 545 1591 638 1617; x_wconf 88' lang='lat' dir='ltr'><strong>esset</strong></span> <span class='ocrx_word' id='word_1_233' title='bbox 665 1583 777 1618; x_wconf 82' lang='lat' dir='ltr'><strong>virtus</strong></span> <span class='ocrx_word' id='word_1_234' title='bbox 806 1582 1070 1626; x_wconf 86' lang='lat' dir='ltr'><strong>intellectualis,</strong></span> <span class='ocrx_word' id='word_1_235' title='bbox 1094 1583 1239 1618; x_wconf 83' lang='lat' dir='ltr'><strong>deberet</strong></span> <span class='ocrx_word' id='word_1_236' title='bbox 1264 1583 1451 1618; x_wconf 85' lang='lat' dir='ltr'><strong>virtutibus</strong></span> <span class='ocrx_word' id='word_1_237' title='bbox 1473 1582 1701 1630; x_wconf 85' lang='lat' dir='ltr'><strong>speculativis</strong></span> <span class='ocrx_word' id='word_1_238' title='bbox 1724 1593 1833 1616; x_wconf 85' lang='lat' dir='ltr'><strong>annu-</strong></span> 
     </span>
     <span class='ocr_line' id='line_1_23' title="bbox 270 1646 411 1670; baseline 0.007 -2"><span class='ocrx_word' id='word_1_239' title='bbox 270 1646 411 1670; x_wconf 82' lang='lat' dir='ltr'><strong>merari.</strong></span> 
     </span>
    </p>

    <p class='ocr_par' dir='ltr' id='par_1_9' title="bbox 269 1689 1831 1844">
     <span class='ocr_line' id='line_1_24' title="bbox 342 1689 1831 1738; baseline 0 -14"><span class='ocrx_word' id='word_1_240' title='bbox 342 1689 416 1724; x_wconf 83' lang='lat' dir='ltr'><strong>SED</strong></span> <span class='ocrx_word' id='word_1_241' title='bbox 436 1699 590 1725; x_wconf 79' lang='lat' dir='ltr'>CONTRA</span> <span class='ocrx_word' id='word_1_242' title='bbox 609 1698 672 1733; x_wconf 88' lang='lat' dir='ltr'><strong>est,</strong></span> <span class='ocrx_word' id='word_1_243' title='bbox 691 1691 788 1737; x_wconf 87' lang='lat' dir='ltr'><strong>quod</strong></span> <span class='ocrx_word' id='word_1_244' title='bbox 806 1690 1018 1738; x_wconf 90' lang='lat' dir='ltr'><strong>Philosoph.</strong></span> <span class='ocrx_word' id='word_1_245' title='bbox 1039 1692 1073 1725; x_wconf 89' lang='lat' dir='ltr'><strong>in</strong></span> <span class='ocrx_word' id='word_1_246' title='bbox 1096 1689 1127 1725; x_wconf 81' lang='lat'><strong>6.</strong></span> <span class='ocrx_word' id='word_1_247' title='bbox 1151 1691 1309 1725; x_wconf 88' lang='lat' dir='ltr'><strong>Ethicor.</strong></span> <span class='ocrx_word' id='word_1_248' title='bbox 1330 1690 1416 1738; x_wconf 82' lang='lat' dir='ltr'><strong>(cap.</strong></span> <span class='ocrx_word' id='word_1_249' title='bbox 1433 1702 1460 1738; x_wconf 80' lang='lat'><strong>3.</strong></span> <span class='ocrx_word' id='word_1_250' title='bbox 1480 1690 1570 1737; x_wconf 82' lang='lat' dir='ltr'><strong>et4.)</strong></span> <span class='ocrx_word' id='word_1_251' title='bbox 1590 1689 1692 1736; x_wconf 89' lang='lat' dir='ltr'><strong>ponit</strong></span> <span class='ocrx_word' id='word_1_252' title='bbox 1710 1697 1831 1724; x_wconf 88' lang='lat' dir='ltr'><strong>autem</strong></span> 
     </span>
     <span class='ocr_line' id='line_1_25' title="bbox 270 1743 1831 1791; baseline 0.001 -15"><span class='ocrx_word' id='word_1_253' title='bbox 270 1754 347 1777; x_wconf 89' lang='lat' dir='ltr'><strong>esse</strong></span> <span class='ocrx_word' id='word_1_254' title='bbox 369 1743 557 1777; x_wconf 81' lang='lat' dir='ltr'><strong>virtutem:</strong></span> <span class='ocrx_word' id='word_1_255' title='bbox 591 1755 657 1778; x_wconf 91' lang='lat' dir='ltr'><strong>nec</strong></span> <span class='ocrx_word' id='word_1_256' title='bbox 687 1752 810 1778; x_wconf 82' lang='lat' dir='ltr'><strong>tamen</strong></span> <span class='ocrx_word' id='word_1_257' title='bbox 840 1752 1079 1779; x_wconf 81' lang='lat' dir='ltr'><strong>connumerat</strong></span> <span class='ocrx_word' id='word_1_258' title='bbox 1105 1756 1186 1778; x_wconf 88' lang='lat' dir='ltr'><strong>eam</strong></span> <span class='ocrx_word' id='word_1_259' title='bbox 1207 1744 1396 1780; x_wconf 86' lang='lat' dir='ltr'><strong>virtutibus</strong></span> <span class='ocrx_word' id='word_1_260' title='bbox 1417 1743 1658 1790; x_wconf 87' lang='lat' dir='ltr'><strong>speculativis,</strong></span> <span class='ocrx_word' id='word_1_261' title='bbox 1680 1755 1831 1791; x_wconf 90' lang='lat' dir='ltr'><strong>quarum</strong></span> 
     </span>
     <span class='ocr_line' id='line_1_26' title="bbox 269 1796 1193 1844; baseline 0.003 -15"><span class='ocrx_word' id='word_1_262' title='bbox 269 1796 470 1842; x_wconf 85' lang='lat' dir='ltr'><strong>subjectum</strong></span> <span class='ocrx_word' id='word_1_263' title='bbox 492 1797 594 1843; x_wconf 91' lang='lat' dir='ltr'><strong>ponit</strong></span> <span class='ocrx_word' id='word_1_264' title='bbox 615 1797 853 1832; x_wconf 84' lang='lat' dir='ltr'><strong>scientificam</strong></span> <span class='ocrx_word' id='word_1_265' title='bbox 876 1805 1016 1844; x_wconf 82' lang='lat' dir='ltr'><strong>partem</strong></span> <span class='ocrx_word' id='word_1_266' title='bbox 1039 1798 1193 1832; x_wconf 85' lang='lat' dir='ltr'><strong>animae.</strong></span> 
     </span>
    </p>

    <p class='ocr_par' dir='ltr' id='par_1_10' title="bbox 268 1850 1835 2648">
     <span class='ocr_line' id='line_1_27' title="bbox 339 1850 1834 1898; baseline 0.001 -14"><span class='ocrx_word' id='word_1_267' title='bbox 339 1850 568 1885; x_wconf 75' lang='lat' dir='ltr'>RESPONDEO</span> <span class='ocrx_word' id='word_1_268' title='bbox 592 1851 796 1894; x_wconf 88' lang='lat' dir='ltr'><strong>dicendum,</strong></span> <span class='ocrx_word' id='word_1_269' title='bbox 825 1851 920 1898; x_wconf 88' lang='lat' dir='ltr'><strong>quod</strong></span> <span class='ocrx_word' id='word_1_270' title='bbox 941 1863 996 1886; x_wconf 90' lang='lat' dir='ltr'><strong>ars</strong></span> <span class='ocrx_word' id='word_1_271' title='bbox 1018 1851 1108 1886; x_wconf 88' lang='lat' dir='ltr'><strong>nihil</strong></span> <span class='ocrx_word' id='word_1_272' title='bbox 1131 1851 1226 1886; x_wconf 88' lang='lat' dir='ltr'><strong>aliud</strong></span> <span class='ocrx_word' id='word_1_273' title='bbox 1249 1859 1312 1894; x_wconf 89' lang='lat' dir='ltr'><strong>est,</strong></span> <span class='ocrx_word' id='word_1_274' title='bbox 1335 1863 1444 1898; x_wconf 88' lang='lat' dir='ltr'><strong>quam</strong></span> <span class='ocrx_word' id='word_1_275' title='bbox 1466 1851 1558 1886; x_wconf 82' lang='lat' dir='ltr'><strong>ratio</strong></span> <span class='ocrx_word' id='word_1_276' title='bbox 1579 1859 1677 1886; x_wconf 84' lang='lat' dir='ltr'><strong>recta</strong></span> <span class='ocrx_word' id='word_1_277' title='bbox 1699 1850 1834 1898; x_wconf 89' lang='lat' dir='ltr'><strong>aliquo-</strong></span> 
     </span>
     <span class='ocr_line' id='line_1_28' title="bbox 268 1903 1832 1952; baseline 0.001 -15"><span class='ocrx_word' id='word_1_278' title='bbox 268 1915 349 1937; x_wconf 88' lang='lat' dir='ltr'><strong>rum</strong></span> <span class='ocrx_word' id='word_1_279' title='bbox 371 1915 523 1950; x_wconf 90' lang='lat' dir='ltr'><strong>operum</strong></span> <span class='ocrx_word' id='word_1_280' title='bbox 545 1903 813 1939; x_wconf 86' lang='lat' dir='ltr'><strong>faciendorum:</strong></span> <span class='ocrx_word' id='word_1_281' title='bbox 842 1916 998 1952; x_wconf 89' lang='lat' dir='ltr'><strong>quorum</strong></span> <span class='ocrx_word' id='word_1_282' title='bbox 1023 1913 1146 1940; x_wconf 89' lang='lat' dir='ltr'><strong>tamen</strong></span> <span class='ocrx_word' id='word_1_283' title='bbox 1172 1906 1310 1940; x_wconf 90' lang='lat' dir='ltr'><strong>bonurn</strong></span> <span class='ocrx_word' id='word_1_284' title='bbox 1331 1916 1406 1940; x_wconf 91' lang='lat' dir='ltr'><strong>non</strong></span> <span class='ocrx_word' id='word_1_285' title='bbox 1428 1905 1593 1940; x_wconf 85' lang='lat' dir='ltr'><strong>consistit</strong></span> <span class='ocrx_word' id='word_1_286' title='bbox 1612 1905 1648 1940; x_wconf 92' lang='lat' dir='ltr'><strong>in</strong></span> <span class='ocrx_word' id='word_1_287' title='bbox 1671 1916 1714 1940; x_wconf 90' lang='lat' dir='ltr'><strong>eo</strong></span> <span class='ocrx_word' id='word_1_288' title='bbox 1736 1904 1832 1951; x_wconf 93' lang='lat' dir='ltr'><strong>quod</strong></span> 
     </span>
     <span class='ocr_line' id='line_1_29' title="bbox 270 1951 1833 2006; baseline 0.001 -15"><span class='ocrx_word' id='word_1_289' title='bbox 270 1958 445 2004; x_wconf 83' lang='lat' dir='ltr'><strong>appetitus</strong></span> <span class='ocrx_word' id='word_1_290' title='bbox 466 1958 647 1993; x_wconf 86' lang='lat' dir='ltr'><strong>humanus</strong></span> <span class='ocrx_word' id='word_1_291' title='bbox 670 1958 790 2005; x_wconf 87' lang='lat' dir='ltr'><strong>aliquo</strong></span> <span class='ocrx_word' id='word_1_292' title='bbox 813 1959 923 1994; x_wconf 90' lang='lat' dir='ltr'><strong>modo</strong></span> <span class='ocrx_word' id='word_1_293' title='bbox 946 1971 984 1994; x_wconf 91' lang='lat' dir='ltr'><strong>se</strong></span> <span class='ocrx_word' id='word_1_294' title='bbox 1006 1959 1126 2002; x_wconf 85' lang='lat' dir='ltr'><strong>habet,</strong></span> <span class='ocrx_word' id='word_1_295' title='bbox 1147 1959 1208 1994; x_wconf 90' lang='lat' dir='ltr'><strong>sed</strong></span> <span class='ocrx_word' id='word_1_296' title='bbox 1227 1951 1266 1993; x_wconf 76' lang='lat' dir='ltr'><strong>¹in</strong></span> <span class='ocrx_word' id='word_1_297' title='bbox 1289 1970 1332 1994; x_wconf 91' lang='lat' dir='ltr'><strong>eo</strong></span> <span class='ocrx_word' id='word_1_298' title='bbox 1355 1959 1451 2006; x_wconf 91' lang='lat' dir='ltr'><strong>quod</strong></span> <span class='ocrx_word' id='word_1_299' title='bbox 1472 1959 1591 2006; x_wconf 87' lang='lat' dir='ltr'><strong>ipsum</strong></span> <span class='ocrx_word' id='word_1_300' title='bbox 1613 1970 1715 2006; x_wconf 88' lang='lat' dir='ltr'><strong>opus,</strong></span> <span class='ocrx_word' id='word_1_301' title='bbox 1736 1957 1833 2005; x_wconf 92' lang='lat' dir='ltr'><strong>quod</strong></span> 
     </span>
     <span class='ocr_line' id='line_1_30' title="bbox 268 2011 1834 2059; baseline 0.001 -14"><span class='ocrx_word' id='word_1_302' title='bbox 268 2011 317 2053; x_wconf 85' lang='lat' dir='ltr'><strong>fit,</strong></span> <span class='ocrx_word' id='word_1_303' title='bbox 345 2011 380 2045; x_wconf 87' lang='lat' dir='ltr'><strong>in</strong></span> <span class='ocrx_word' id='word_1_304' title='bbox 403 2023 440 2046; x_wconf 87' lang='lat' dir='ltr'><strong>se</strong></span> <span class='ocrx_word' id='word_1_305' title='bbox 461 2012 598 2046; x_wconf 90' lang='lat' dir='ltr'><strong>bonum</strong></span> <span class='ocrx_word' id='word_1_306' title='bbox 627 2021 695 2047; x_wconf 89' lang='lat' dir='ltr'><strong>est:</strong></span> <span class='ocrx_word' id='word_1_307' title='bbox 723 2024 796 2046; x_wconf 89' lang='lat' dir='ltr'><strong>non</strong></span> <span class='ocrx_word' id='word_1_308' title='bbox 824 2013 920 2047; x_wconf 90' lang='lat' dir='ltr'><strong>enirn</strong></span> <span class='ocrx_word' id='word_1_309' title='bbox 948 2013 1101 2059; x_wconf 81' lang='lat' dir='ltr'><strong>pertinet</strong></span> <span class='ocrx_word' id='word_1_310' title='bbox 1128 2013 1171 2047; x_wconf 88' lang='lat' dir='ltr'><strong>ad</strong></span> <span class='ocrx_word' id='word_1_311' title='bbox 1198 2012 1343 2047; x_wconf 83' lang='lat' dir='ltr'><strong>laudem</strong></span> <span class='ocrx_word' id='word_1_312' title='bbox 1371 2012 1527 2055; x_wconf 88' lang='lat' dir='ltr'><strong>artificis,</strong></span> <span class='ocrx_word' id='word_1_313' title='bbox 1550 2013 1762 2059; x_wconf 82' lang='lat' dir='ltr'><strong>inquantum</strong></span> <span class='ocrx_word' id='word_1_314' title='bbox 1784 2023 1834 2046; x_wconf 90' lang='lat' dir='ltr'><strong>ar-</strong></span> 
     </span>
     <span class='ocr_line' id='line_1_31' title="bbox 268 2064 1834 2113; baseline 0.001 -15"><span class='ocrx_word' id='word_1_315' title='bbox 268 2064 352 2099; x_wconf 77' lang='lat' dir='ltr'><strong>tifex</strong></span> <span class='ocrx_word' id='word_1_316' title='bbox 374 2073 437 2107; x_wconf 87' lang='lat' dir='ltr'><strong>est,</strong></span> <span class='ocrx_word' id='word_1_317' title='bbox 460 2077 529 2111; x_wconf 85' lang='lat' dir='ltr'><strong>qua</strong></span> <span class='ocrx_word' id='word_1_318' title='bbox 550 2065 736 2100; x_wconf 77' lang='lat' dir='ltr'><strong>voluntate</strong></span> <span class='ocrx_word' id='word_1_319' title='bbox 760 2078 850 2113; x_wconf 87' lang='lat' dir='ltr'><strong>opus</strong></span> <span class='ocrx_word' id='word_1_320' title='bbox 868 2066 986 2109; x_wconf 83' lang='lat' dir='ltr'><strong>faciat,</strong></span> <span class='ocrx_word' id='word_1_321' title='bbox 1009 2067 1071 2101; x_wconf 88' lang='lat' dir='ltr'><strong>sed</strong></span> <span class='ocrx_word' id='word_1_322' title='bbox 1094 2066 1198 2113; x_wconf 87' lang='lat' dir='ltr'><strong>quale</strong></span> <span class='ocrx_word' id='word_1_323' title='bbox 1217 2067 1261 2101; x_wconf 88' lang='lat' dir='ltr'><strong>sit</strong></span> <span class='ocrx_word' id='word_1_324' title='bbox 1287 2078 1389 2113; x_wconf 88' lang='lat' dir='ltr'><strong>opus,</strong></span> <span class='ocrx_word' id='word_1_325' title='bbox 1411 2066 1507 2113; x_wconf 89' lang='lat' dir='ltr'><strong>quod</strong></span> <span class='ocrx_word' id='word_1_326' title='bbox 1529 2065 1633 2110; x_wconf 83' lang='lat' dir='ltr'><strong>facit3</strong></span> <span class='ocrx_word' id='word_1_327' title='bbox 1655 2066 1705 2101; x_wconf 90' lang='lat' dir='ltr'><strong>sic</strong></span> <span class='ocrx_word' id='word_1_328' title='bbox 1726 2065 1834 2112; x_wconf 88' lang='lat' dir='ltr'><strong>igitur</strong></span> 
     </span>
     <span class='ocr_line' id='line_1_32' title="bbox 270 2119 1835 2167; baseline 0.001 -15"><span class='ocrx_word' id='word_1_329' title='bbox 270 2129 337 2160; x_wconf 84' lang='lat' dir='ltr'><strong>ars,</strong></span> <span class='ocrx_word' id='word_1_330' title='bbox 359 2119 500 2165; x_wconf 76' lang='lat' dir='ltr'><strong>proprie</strong></span> <span class='ocrx_word' id='word_1_331' title='bbox 527 2119 722 2165; x_wconf 78' lang='lat' dir='ltr'><strong>loquendo,</strong></span> <span class='ocrx_word' id='word_1_332' title='bbox 748 2120 890 2155; x_wconf 83' lang='lat' dir='ltr'><strong>habitus</strong></span> <span class='ocrx_word' id='word_1_333' title='bbox 917 2121 1123 2167; x_wconf 79' lang='lat' dir='ltr'><strong>operativus</strong></span> <span class='ocrx_word' id='word_1_334' title='bbox 1151 2129 1213 2155; x_wconf 83' lang='lat' dir='ltr'><strong>est.</strong></span> <span class='ocrx_word' id='word_1_335' title='bbox 1245 2120 1288 2155; x_wconf 89' lang='lat' dir='ltr'><strong>Et</strong></span> <span class='ocrx_word' id='word_1_336' title='bbox 1312 2128 1435 2155; x_wconf 87' lang='lat' dir='ltr'><strong>tamen</strong></span> <span class='ocrx_word' id='word_1_337' title='bbox 1461 2120 1497 2154; x_wconf 91' lang='lat' dir='ltr'><strong>in</strong></span> <span class='ocrx_word' id='word_1_338' title='bbox 1520 2119 1641 2167; x_wconf 89' lang='lat' dir='ltr'><strong>aliquo</strong></span> <span class='ocrx_word' id='word_1_339' title='bbox 1663 2119 1835 2154; x_wconf 85' lang='lat' dir='ltr'><strong>convenit</strong></span> 
     </span>
     <span class='ocr_line' id='line_1_33' title="bbox 271 2172 1834 2220; baseline 0.002 -15"><span class='ocrx_word' id='word_1_340' title='bbox 271 2183 353 2205; x_wconf 83' lang='lat' dir='ltr'><strong>cum</strong></span> <span class='ocrx_word' id='word_1_341' title='bbox 375 2172 554 2206; x_wconf 85' lang='lat' dir='ltr'><strong>habitibus</strong></span> <span class='ocrx_word' id='word_1_342' title='bbox 573 2172 819 2219; x_wconf 76' lang='lat' dir='ltr'><strong>speculativi33</strong></span> <span class='ocrx_word' id='word_1_343' title='bbox 842 2174 924 2219; x_wconf 87' lang='lat' dir='ltr'><strong>quia</strong></span> <span class='ocrx_word' id='word_1_344' title='bbox 943 2174 1049 2208; x_wconf 89' lang='lat' dir='ltr'><strong>etiam</strong></span> <span class='ocrx_word' id='word_1_345' title='bbox 1066 2174 1109 2208; x_wconf 86' lang='lat' dir='ltr'><strong>ad</strong></span> <span class='ocrx_word' id='word_1_346' title='bbox 1135 2174 1232 2220; x_wconf 86' lang='lat' dir='ltr'><strong>ipsos</strong></span> <span class='ocrx_word' id='word_1_347' title='bbox 1247 2174 1387 2208; x_wconf 86' lang='lat' dir='ltr'><strong>habitus</strong></span> <span class='ocrx_word' id='word_1_348' title='bbox 1408 2173 1650 2220; x_wconf 83' lang='lat' dir='ltr'><strong>speculativos</strong></span> <span class='ocrx_word' id='word_1_349' title='bbox 1668 2173 1834 2220; x_wconf 87' lang='lat' dir='ltr'><strong>pertinet,</strong></span> 
     </span>
     <span class='ocr_line' id='line_1_34' title="bbox 270 2225 1835 2274; baseline 0.001 -16"><span class='ocrx_word' id='word_1_350' title='bbox 270 2225 422 2271; x_wconf 81' lang='lat' dir='ltr'><strong>qualiter</strong></span> <span class='ocrx_word' id='word_1_351' title='bbox 444 2237 481 2259; x_wconf 82' lang='lat' dir='ltr'><strong>se</strong></span> <span class='ocrx_word' id='word_1_352' title='bbox 504 2225 635 2260; x_wconf 82' lang='lat' dir='ltr'><strong>habeat</strong></span> <span class='ocrx_word' id='word_1_353' title='bbox 660 2238 727 2268; x_wconf 87' lang='lat' dir='ltr'><strong>res,</strong></span> <span class='ocrx_word' id='word_1_354' title='bbox 755 2238 863 2272; x_wconf 83' lang='lat' dir='ltr'><strong>quam</strong></span> <span class='ocrx_word' id='word_1_355' title='bbox 893 2227 1132 2270; x_wconf 82' lang='lat' dir='ltr'><strong>considerant,</strong></span> <span class='ocrx_word' id='word_1_356' title='bbox 1155 2239 1229 2262; x_wconf 87' lang='lat' dir='ltr'><strong>non</strong></span> <span class='ocrx_word' id='word_1_357' title='bbox 1252 2235 1372 2262; x_wconf 87' lang='lat' dir='ltr'><strong>autem</strong></span> <span class='ocrx_word' id='word_1_358' title='bbox 1396 2227 1547 2274; x_wconf 86' lang='lat' dir='ltr'><strong>qualiter</strong></span> <span class='ocrx_word' id='word_1_359' title='bbox 1567 2238 1605 2262; x_wconf 90' lang='lat' dir='ltr'><strong>se</strong></span> <span class='ocrx_word' id='word_1_360' title='bbox 1625 2227 1757 2261; x_wconf 83' lang='lat' dir='ltr'><strong>habeat</strong></span> <span class='ocrx_word' id='word_1_361' title='bbox 1778 2237 1835 2273; x_wconf 90' lang='lat' dir='ltr'><strong>ap-</strong></span> 
     </span>
     <span class='ocr_line' id='line_1_35' title="bbox 270 2278 1833 2325; baseline 0.001 -13"><span class='ocrx_word' id='word_1_362' title='bbox 270 2278 399 2325; x_wconf 84' lang='lat' dir='ltr'><strong>petitus</strong></span> <span class='ocrx_word' id='word_1_363' title='bbox 426 2279 607 2313; x_wconf 84' lang='lat' dir='ltr'><strong>humanus</strong></span> <span class='ocrx_word' id='word_1_364' title='bbox 634 2280 676 2313; x_wconf 85' lang='lat' dir='ltr'><strong>ad</strong></span> <span class='ocrx_word' id='word_1_365' title='bbox 705 2279 816 2314; x_wconf 83' lang='lat' dir='ltr'><strong>illam.</strong></span> <span class='ocrx_word' id='word_1_366' title='bbox 844 2281 1058 2315; x_wconf 82' lang='lat' dir='ltr'><strong>Dummodo</strong></span> <span class='ocrx_word' id='word_1_367' title='bbox 1093 2281 1190 2315; x_wconf 89' lang='lat' dir='ltr'><strong>enim</strong></span> <span class='ocrx_word' id='word_1_368' title='bbox 1215 2293 1342 2315; x_wconf 86' lang='lat' dir='ltr'><strong>verum</strong></span> <span class='ocrx_word' id='word_1_369' title='bbox 1371 2280 1569 2316; x_wconf 81' lang='lat' dir='ltr'><strong>Geometra</strong></span> <span class='ocrx_word' id='word_1_370' title='bbox 1599 2280 1833 2323; x_wconf 85' lang='lat' dir='ltr'><strong>demonstret,</strong></span> 
     </span>
     <span class='ocr_line' id='line_1_36' title="bbox 270 2331 1833 2381; baseline 0.002 -16"><span class='ocrx_word' id='word_1_371' title='bbox 270 2343 344 2366; x_wconf 94' lang='lat' dir='ltr'><strong>non</strong></span> <span class='ocrx_word' id='word_1_372' title='bbox 366 2331 483 2374; x_wconf 87' lang='lat' dir='ltr'><strong>refert,</strong></span> <span class='ocrx_word' id='word_1_373' title='bbox 497 2332 649 2378; x_wconf 75' lang='lat' dir='ltr'><strong>qualiter</strong></span> <span class='ocrx_word' id='word_1_374' title='bbox 667 2345 704 2367; x_wconf 83' lang='lat' dir='ltr'><strong>se</strong></span> <span class='ocrx_word' id='word_1_375' title='bbox 719 2334 849 2368; x_wconf 76' lang='lat' dir='ltr'><strong>habeat</strong></span> <span class='ocrx_word' id='word_1_376' title='bbox 867 2334 1067 2368; x_wconf 85' lang='lat' dir='ltr'><strong>secundum</strong></span> <span class='ocrx_word' id='word_1_377' title='bbox 1087 2335 1318 2381; x_wconf 79' lang='lat' dir='ltr'><strong>appetitivam</strong></span> <span class='ocrx_word' id='word_1_378' title='bbox 1334 2342 1484 2381; x_wconf 78' lang='lat' dir='ltr'><strong>partem,</strong></span> <span class='ocrx_word' id='word_1_379' title='bbox 1506 2342 1626 2369; x_wconf 88' lang='lat' dir='ltr'><strong>utrum</strong></span> <span class='ocrx_word' id='word_1_380' title='bbox 1648 2334 1692 2369; x_wconf 90' lang='lat' dir='ltr'><strong>sit</strong></span> <span class='ocrx_word' id='word_1_381' title='bbox 1709 2334 1833 2376; x_wconf 87' lang='lat' dir='ltr'><strong>laetus,</strong></span> 
     </span>
     <span class='ocr_line' id='line_1_37' title="bbox 270 2385 1833 2435; baseline 0.001 -16"><span class='ocrx_word' id='word_1_382' title='bbox 270 2385 329 2420; x_wconf 81' lang='lat' dir='ltr'><strong>vel</strong></span> <span class='ocrx_word' id='word_1_383' title='bbox 354 2385 485 2420; x_wconf 84' lang='lat' dir='ltr'><strong>iratus:</strong></span> <span class='ocrx_word' id='word_1_384' title='bbox 515 2387 605 2420; x_wconf 86' lang='lat' dir='ltr'><strong>sicut</strong></span> <span class='ocrx_word' id='word_1_385' title='bbox 631 2398 697 2421; x_wconf 85' lang='lat' dir='ltr'><strong>nec</strong></span> <span class='ocrx_word' id='word_1_386' title='bbox 726 2387 759 2421; x_wconf 86' lang='lat' dir='ltr'><strong>in</strong></span> <span class='ocrx_word' id='word_1_387' title='bbox 788 2387 921 2422; x_wconf 81' lang='lat' dir='ltr'><strong>artifice</strong></span> <span class='ocrx_word' id='word_1_388' title='bbox 948 2387 1063 2430; x_wconf 82' lang='lat' dir='ltr'><strong>refert,</strong></span> <span class='ocrx_word' id='word_1_389' title='bbox 1091 2397 1129 2422; x_wconf 92' lang='lat' dir='ltr'><strong>ut</strong></span> <span class='ocrx_word' id='word_1_390' title='bbox 1155 2388 1291 2423; x_wconf 86' lang='lat' dir='ltr'><strong>dictum</strong></span> <span class='ocrx_word' id='word_1_391' title='bbox 1318 2396 1371 2423; x_wconf 89' lang='lat' dir='ltr'><strong>est</strong></span> <span class='ocrx_word' id='word_1_392' title='bbox 1397 2389 1468 2433; x_wconf 77' lang='lat' dir='ltr'><strong>(hic</strong></span> <span class='ocrx_word' id='word_1_393' title='bbox 1487 2388 1575 2435; x_wconf 81' lang='lat' dir='ltr'><strong>sup.)</strong></span> <span class='ocrx_word' id='word_1_394' title='bbox 1587 2401 1597 2423; x_wconf 91' lang='lat'><strong>.·</strong></span> <span class='ocrx_word' id='word_1_395' title='bbox 1631 2396 1664 2422; x_wconf 91' lang='lat' dir='ltr'><strong>et</strong></span> <span class='ocrx_word' id='word_1_396' title='bbox 1685 2388 1767 2422; x_wconf 87' lang='lat' dir='ltr'><strong>ideo</strong></span> <span class='ocrx_word' id='word_1_397' title='bbox 1789 2397 1833 2422; x_wconf 89' lang='lat' dir='ltr'><strong>eo</strong></span> 
     </span>
     <span class='ocr_line' id='line_1_38' title="bbox 270 2439 1833 2488; baseline 0.001 -15"><span class='ocrx_word' id='word_1_398' title='bbox 270 2439 382 2473; x_wconf 90' lang='lat' dir='ltr'><strong>modo</strong></span> <span class='ocrx_word' id='word_1_399' title='bbox 411 2451 466 2474; x_wconf 90' lang='lat' dir='ltr'><strong>ars</strong></span> <span class='ocrx_word' id='word_1_400' title='bbox 492 2439 599 2474; x_wconf 87' lang='lat' dir='ltr'><strong>habet</strong></span> <span class='ocrx_word' id='word_1_401' title='bbox 626 2441 803 2475; x_wconf 75' lang='lat' dir='ltr'><strong>rationein</strong></span> <span class='ocrx_word' id='word_1_402' title='bbox 831 2443 981 2483; x_wconf 73' lang='lat' dir='ltr'><strong>virtutis,</strong></span> <span class='ocrx_word' id='word_1_403' title='bbox 1009 2442 1101 2476; x_wconf 90' lang='lat' dir='ltr'><strong>sicut</strong></span> <span class='ocrx_word' id='word_1_404' title='bbox 1135 2450 1169 2476; x_wconf 89' lang='lat' dir='ltr'><strong>et</strong></span> <span class='ocrx_word' id='word_1_405' title='bbox 1194 2442 1336 2476; x_wconf 84' lang='lat' dir='ltr'><strong>habitus</strong></span> <span class='ocrx_word' id='word_1_406' title='bbox 1365 2441 1595 2488; x_wconf 82' lang='lat' dir='ltr'><strong>speculativi3</strong></span> <span class='ocrx_word' id='word_1_407' title='bbox 1621 2441 1833 2488; x_wconf 88' lang='lat' dir='ltr'><strong>inquantum</strong></span> 
     </span>
     <span class='ocr_line' id='line_1_39' title="bbox 270 2492 1833 2542; baseline 0.001 -15"><span class='ocrx_word' id='word_1_408' title='bbox 270 2493 408 2528; x_wconf 87' lang='lat' dir='ltr'><strong>scilicet</strong></span> <span class='ocrx_word' id='word_1_409' title='bbox 428 2504 494 2528; x_wconf 89' lang='lat' dir='ltr'><strong>nec</strong></span> <span class='ocrx_word' id='word_1_410' title='bbox 525 2505 592 2535; x_wconf 83' lang='lat' dir='ltr'><strong>ars,</strong></span> <span class='ocrx_word' id='word_1_411' title='bbox 619 2505 686 2527; x_wconf 87' lang='lat' dir='ltr'><strong>nec</strong></span> <span class='ocrx_word' id='word_1_412' title='bbox 710 2494 851 2529; x_wconf 77' lang='lat' dir='ltr'><strong>habitus</strong></span> <span class='ocrx_word' id='word_1_413' title='bbox 878 2495 1118 2541; x_wconf 82' lang='lat' dir='ltr'><strong>speculativus</strong></span> <span class='ocrx_word' id='word_1_414' title='bbox 1147 2495 1282 2530; x_wconf 87' lang='lat' dir='ltr'><strong>faciunt</strong></span> <span class='ocrx_word' id='word_1_415' title='bbox 1306 2496 1443 2529; x_wconf 89' lang='lat' dir='ltr'><strong>bonum</strong></span> <span class='ocrx_word' id='word_1_416' title='bbox 1471 2506 1573 2542; x_wconf 91' lang='lat' dir='ltr'><strong>opus,</strong></span> <span class='ocrx_word' id='word_1_417' title='bbox 1595 2503 1769 2541; x_wconf 81' lang='lat' dir='ltr'><strong>quantum</strong></span> <span class='ocrx_word' id='word_1_418' title='bbox 1790 2492 1833 2529; x_wconf 90' lang='lat' dir='ltr'><strong>ad</strong></span> 
     </span>
     <span class='ocr_line' id='line_1_40' title="bbox 270 2549 1832 2598; baseline 0.001 -16"><span class='ocrx_word' id='word_1_419' title='bbox 270 2560 386 2591; x_wconf 89' lang='lat' dir='ltr'><strong>usum,</strong></span> <span class='ocrx_word' id='word_1_420' title='bbox 409 2549 504 2595; x_wconf 87' lang='lat' dir='ltr'><strong>quod</strong></span> <span class='ocrx_word' id='word_1_421' title='bbox 528 2557 579 2583; x_wconf 90' lang='lat' dir='ltr'><strong>est</strong></span> <span class='ocrx_word' id='word_1_422' title='bbox 601 2550 786 2595; x_wconf 87' lang='lat' dir='ltr'><strong>proprium</strong></span> <span class='ocrx_word' id='word_1_423' title='bbox 809 2550 947 2585; x_wconf 67' lang='lat' dir='ltr'><strong>virtutis</strong></span> <span class='ocrx_word' id='word_1_424' title='bbox 966 2551 1182 2597; x_wconf 82' lang='lat' dir='ltr'><strong>perficientis</strong></span> <span class='ocrx_word' id='word_1_425' title='bbox 1203 2551 1413 2598; x_wconf 85' lang='lat' dir='ltr'><strong>appetitum,</strong></span> <span class='ocrx_word' id='word_1_426' title='bbox 1435 2550 1496 2585; x_wconf 91' lang='lat' dir='ltr'><strong>sed</strong></span> <span class='ocrx_word' id='word_1_427' title='bbox 1518 2549 1638 2585; x_wconf 68' lang='lat' dir='ltr'><strong>solum</strong></span> <span class='ocrx_word' id='word_1_428' title='bbox 1660 2558 1832 2597; x_wconf 87' lang='lat' dir='ltr'><strong>quantum</strong></span> 
     </span>
     <span class='ocr_line' id='line_1_41' title="bbox 270 2602 819 2648; baseline 0 -12"><span class='ocrx_word' id='word_1_429' title='bbox 270 2602 312 2636; x_wconf 86' lang='lat' dir='ltr'><strong>ad</strong></span> <span class='ocrx_word' id='word_1_430' title='bbox 336 2602 544 2636; x_wconf 79' lang='lat' dir='ltr'><strong>facultatem</strong></span> <span class='ocrx_word' id='word_1_431' title='bbox 567 2602 658 2637; x_wconf 85' lang='lat' dir='ltr'><strong>bene</strong></span> <span class='ocrx_word' id='word_1_432' title='bbox 678 2603 819 2648; x_wconf 74' lang='lat' dir='ltr'><strong>agendi.</strong></span> 
     </span>
    </p>

    <p class='ocr_par' dir='ltr' id='par_1_11' title="bbox 268 2656 1835 2972">
     <span class='ocr_line' id='line_1_42' title="bbox 340 2656 1834 2705; baseline 0 -14"><span class='ocrx_word' id='word_1_433' title='bbox 340 2656 399 2690; x_wconf 75' lang='lat' dir='ltr'><strong>Ao</strong></span> <span class='ocrx_word' id='word_1_434' title='bbox 433 2667 581 2691; x_wconf 70' lang='lat' dir='ltr'>PIUMUM</span> <span class='ocrx_word' id='word_1_435' title='bbox 610 2668 695 2701; x_wconf 74' lang='lat' dir='ltr'><strong>ergo</strong></span> <span class='ocrx_word' id='word_1_436' title='bbox 723 2657 928 2699; x_wconf 81' lang='lat' dir='ltr'><strong>dicendum,</strong></span> <span class='ocrx_word' id='word_1_437' title='bbox 957 2658 1052 2704; x_wconf 85' lang='lat' dir='ltr'><strong>quod</strong></span> <span class='ocrx_word' id='word_1_438' title='bbox 1081 2669 1163 2692; x_wconf 89' lang='lat' dir='ltr'><strong>cum</strong></span> <span class='ocrx_word' id='word_1_439' title='bbox 1192 2658 1318 2705; x_wconf 83' lang='lat' dir='ltr'><strong>aliquis</strong></span> <span class='ocrx_word' id='word_1_440' title='bbox 1345 2657 1482 2692; x_wconf 85' lang='lat' dir='ltr'><strong>habens</strong></span> <span class='ocrx_word' id='word_1_441' title='bbox 1521 2665 1634 2692; x_wconf 87' lang='lat' dir='ltr'><strong>artem</strong></span> <span class='ocrx_word' id='word_1_442' title='bbox 1668 2664 1834 2704; x_wconf 80' lang='lat' dir='ltr'><strong>operatur</strong></span> 
     </span>
     <span class='ocr_line' id='line_1_43' title="bbox 270 2709 1831 2757; baseline 0.001 -14"><span class='ocrx_word' id='word_1_443' title='bbox 270 2709 405 2743; x_wconf 82' lang='lat' dir='ltr'><strong>malum</strong></span> <span class='ocrx_word' id='word_1_444' title='bbox 430 2709 632 2752; x_wconf 67' lang='lat' dir='ltr'><strong>artificium,</strong></span> <span class='ocrx_word' id='word_1_445' title='bbox 656 2710 725 2743; x_wconf 82' lang='lat' dir='ltr'><strong>hoc</strong></span> <span class='ocrx_word' id='word_1_446' title='bbox 749 2721 820 2743; x_wconf 84' lang='lat' dir='ltr'><strong>nou</strong></span> <span class='ocrx_word' id='word_1_447' title='bbox 845 2719 896 2744; x_wconf 83' lang='lat' dir='ltr'><strong>est</strong></span> <span class='ocrx_word' id='word_1_448' title='bbox 919 2723 1008 2757; x_wconf 81' lang='lat' dir='ltr'><strong>opus</strong></span> <span class='ocrx_word' id='word_1_449' title='bbox 1031 2712 1127 2754; x_wconf 77' lang='lat' dir='ltr'><strong>artis,</strong></span> <span class='ocrx_word' id='word_1_450' title='bbox 1147 2712 1222 2746; x_wconf 90' lang='lat' dir='ltr'><strong>imo</strong></span> <span class='ocrx_word' id='word_1_451' title='bbox 1245 2719 1299 2746; x_wconf 87' lang='lat' dir='ltr'><strong>cst</strong></span> <span class='ocrx_word' id='word_1_452' title='bbox 1321 2719 1445 2745; x_wconf 85' lang='lat' dir='ltr'><strong>contra</strong></span> <span class='ocrx_word' id='word_1_453' title='bbox 1469 2718 1597 2745; x_wconf 87' lang='lat' dir='ltr'><strong>artem:</strong></span> <span class='ocrx_word' id='word_1_454' title='bbox 1617 2710 1708 2745; x_wconf 88' lang='lat' dir='ltr'><strong>sicut</strong></span> <span class='ocrx_word' id='word_1_455' title='bbox 1726 2709 1831 2745; x_wconf 86' lang='lat' dir='ltr'><strong>etiarn</strong></span> 
     </span>
     <span class='ocr_line' id='line_1_44' title="bbox 269 2762 1835 2811; baseline 0 -14"><span class='ocrx_word' id='word_1_456' title='bbox 269 2775 351 2797; x_wconf 89' lang='lat' dir='ltr'><strong>cum</strong></span> <span class='ocrx_word' id='word_1_457' title='bbox 376 2763 502 2809; x_wconf 86' lang='lat' dir='ltr'><strong>aliquis</strong></span> <span class='ocrx_word' id='word_1_458' title='bbox 525 2765 640 2798; x_wconf 81' lang='lat' dir='ltr'><strong>sciens</strong></span> <span class='ocrx_word' id='word_1_459' title='bbox 663 2775 786 2797; x_wconf 80' lang='lat' dir='ltr'><strong>verum</strong></span> <span class='ocrx_word' id='word_1_460' title='bbox 811 2765 991 2806; x_wconf 84' lang='lat' dir='ltr'><strong>mentitur,</strong></span> <span class='ocrx_word' id='word_1_461' title='bbox 1015 2765 1084 2799; x_wconf 81' lang='lat' dir='ltr'><strong>lioc</strong></span> <span class='ocrx_word' id='word_1_462' title='bbox 1105 2766 1200 2811; x_wconf 79' lang='lat' dir='ltr'><strong>quod</strong></span> <span class='ocrx_word' id='word_1_463' title='bbox 1221 2765 1316 2806; x_wconf 85' lang='lat' dir='ltr'><strong>dicit,</strong></span> <span class='ocrx_word' id='word_1_464' title='bbox 1336 2775 1409 2799; x_wconf 91' lang='lat' dir='ltr'><strong>non</strong></span> <span class='ocrx_word' id='word_1_465' title='bbox 1429 2771 1483 2799; x_wconf 85' lang='lat' dir='ltr'><strong>est</strong></span> <span class='ocrx_word' id='word_1_466' title='bbox 1504 2763 1703 2798; x_wconf 86' lang='lat' dir='ltr'><strong>secundum</strong></span> <span class='ocrx_word' id='word_1_467' title='bbox 1725 2762 1835 2798; x_wconf 87' lang='lat' dir='ltr'><strong>scien·</strong></span> 
     </span>
     <span class='ocr_line' id='line_1_45' title="bbox 268 2817 1832 2864; baseline 0.001 -14"><span class='ocrx_word' id='word_1_468' title='bbox 268 2817 368 2859; x_wconf 85' lang='lat' dir='ltr'><strong>tiam,</strong></span> <span class='ocrx_word' id='word_1_469' title='bbox 391 2818 450 2851; x_wconf 81' lang='lat' dir='ltr'><strong>sed</strong></span> <span class='ocrx_word' id='word_1_470' title='bbox 475 2826 599 2851; x_wconf 81' lang='lat' dir='ltr'><strong>contra</strong></span> <span class='ocrx_word' id='word_1_471' title='bbox 622 2817 830 2857; x_wconf 66' lang='lat' dir='ltr'><strong>scit-minim</strong></span> <span class='ocrx_word' id='word_1_472' title='bbox 854 2818 947 2852; x_wconf 84' lang='lat' dir='ltr'><strong>unde</strong></span> <span class='ocrx_word' id='word_1_473' title='bbox 967 2820 1057 2852; x_wconf 81' lang='lat' dir='ltr'><strong>sicut</strong></span> <span class='ocrx_word' id='word_1_474' title='bbox 1079 2819 1240 2861; x_wconf 78' lang='lat' dir='ltr'><strong>scientia,</strong></span> <span class='ocrx_word' id='word_1_475' title='bbox 1263 2830 1300 2853; x_wconf 89' lang='lat' dir='ltr'><strong>sc</strong></span> <span class='ocrx_word' id='word_1_476' title='bbox 1323 2818 1430 2852; x_wconf 86' lang='lat' dir='ltr'><strong>habet</strong></span> <span class='ocrx_word' id='word_1_477' title='bbox 1454 2817 1497 2852; x_wconf 86' lang='lat' dir='ltr'><strong>ad</strong></span> <span class='ocrx_word' id='word_1_478' title='bbox 1519 2817 1657 2852; x_wconf 88' lang='lat' dir='ltr'><strong>bonum</strong></span> <span class='ocrx_word' id='word_1_479' title='bbox 1679 2826 1832 2864; x_wconf 82' lang='lat' dir='ltr'><strong>semper,</strong></span> 
     </span>
     <span class='ocr_line' id='line_1_46' title="bbox 270 2870 1832 2917; baseline 0.001 -13"><span class='ocrx_word' id='word_1_480' title='bbox 270 2879 307 2905; x_wconf 85' lang='lat' dir='ltr'><strong>ut</strong></span> <span class='ocrx_word' id='word_1_481' title='bbox 329 2870 463 2904; x_wconf 83' lang='lat' dir='ltr'><strong>dictum</strong></span> <span class='ocrx_word' id='word_1_482' title='bbox 487 2879 539 2905; x_wconf 85' lang='lat' dir='ltr'><strong>est</strong></span> <span class='ocrx_word' id='word_1_483' title='bbox 561 2871 642 2916; x_wconf 70' lang='lat' dir='ltr'><strong>(art.</strong></span> <span class='ocrx_word' id='word_1_484' title='bbox 661 2877 771 2917; x_wconf 66' lang='lat' dir='ltr'><strong>praec.</strong></span> <span class='ocrx_word' id='word_1_485' title='bbox 794 2870 836 2904; x_wconf 74' lang='lat' dir='ltr'><strong>ad</strong></span> <span class='ocrx_word' id='word_1_486' title='bbox 854 2871 910 2917; x_wconf 81' lang='lat'><em>3.)‚</em></span> <span class='ocrx_word' id='word_1_487' title='bbox 940 2871 986 2905; x_wconf 68' lang='lat' dir='ltr'><strong>ita</strong></span> <span class='ocrx_word' id='word_1_488' title='bbox 1009 2879 1042 2906; x_wconf 86' lang='lat' dir='ltr'><strong>et</strong></span> <span class='ocrx_word' id='word_1_489' title='bbox 1065 2883 1132 2914; x_wconf 81' lang='lat' dir='ltr'><strong>ars,</strong></span> <span class='ocrx_word' id='word_1_490' title='bbox 1163 2881 1197 2906; x_wconf 88' lang='lat' dir='ltr'><strong>et</strong></span> <span class='ocrx_word' id='word_1_491' title='bbox 1226 2871 1426 2906; x_wconf 85' lang='lat' dir='ltr'><strong>secundum</strong></span> <span class='ocrx_word' id='word_1_492' title='bbox 1453 2870 1524 2906; x_wconf 85' lang='lat' dir='ltr'><strong>hoc</strong></span> <span class='ocrx_word' id='word_1_493' title='bbox 1549 2871 1677 2906; x_wconf 81' lang='lat' dir='ltr'><strong>dicitur</strong></span> <span class='ocrx_word' id='word_1_494' title='bbox 1705 2870 1832 2913; x_wconf 75' lang='lat' dir='ltr'><strong>virtu83</strong></span> 
     </span>
     <span class='ocr_line' id='line_1_47' title="bbox 270 2923 1832 2972; baseline 0.001 -15"><span class='ocrx_word' id='word_1_495' title='bbox 270 2924 304 2957; x_wconf 86' lang='lat' dir='ltr'><strong>in</strong></span> <span class='ocrx_word' id='word_1_496' title='bbox 327 2924 397 2958; x_wconf 84' lang='lat' dir='ltr'><strong>hoc</strong></span> <span class='ocrx_word' id='word_1_497' title='bbox 419 2931 540 2958; x_wconf 80' lang='lat' dir='ltr'><strong>tamen</strong></span> <span class='ocrx_word' id='word_1_498' title='bbox 560 2923 677 2959; x_wconf 66' lang='lat' dir='ltr'><strong>delicit</strong></span> <span class='ocrx_word' id='word_1_499' title='bbox 701 2935 719 2958; x_wconf 89' lang='lat' dir='ltr'><strong>a</strong></span> <span class='ocrx_word' id='word_1_500' title='bbox 742 2923 897 2970; x_wconf 74' lang='lat' dir='ltr'><strong>perfecta</strong></span> <span class='ocrx_word' id='word_1_501' title='bbox 918 2925 1055 2960; x_wconf 75' lang='lat' dir='ltr'><strong>ratione</strong></span> <span class='ocrx_word' id='word_1_502' title='bbox 1078 2925 1229 2968; x_wconf 79' lang='lat' dir='ltr'><strong>virtutis,</strong></span> <span class='ocrx_word' id='word_1_503' title='bbox 1252 2925 1334 2972; x_wconf 84' lang='lat' dir='ltr'><strong>quia</strong></span> <span class='ocrx_word' id='word_1_504' title='bbox 1356 2935 1429 2960; x_wconf 90' lang='lat' dir='ltr'><strong>non</strong></span> <span class='ocrx_word' id='word_1_505' title='bbox 1453 2923 1538 2960; x_wconf 82' lang='lat' dir='ltr'><strong>facit</strong></span> <span class='ocrx_word' id='word_1_506' title='bbox 1559 2924 1675 2972; x_wconf 88' lang='lat' dir='ltr'><strong>ipsum</strong></span> <span class='ocrx_word' id='word_1_507' title='bbox 1695 2923 1832 2959; x_wconf 81' lang='lat' dir='ltr'><strong>bonum</strong></span> 
     </span>
    </p>
   </div>
  </div>
 </body>
</html>
