1875 3198
223 176 306 217 618
629 187 851 223 QUAESTIO
887 187 1079 216 LXXXVII.
1113 186 1358 216 ARTICULUS
1392 186 1420 216 1.

221 269 291 303 niri
310 280 385 303 non
407 277 460 304 est
481 268 632 311 malurn,
651 269 713 303 sed
729 268 805 302 fieri
826 279 945 314 poena
967 267 1138 314 dignum3
1158 267 1252 301 unde
1275 275 1393 301 reatus
1413 277 1554 313 poenae
1575 266 1711 301 directe
1732 277 1794 313 po-

221 323 316 357 nitur
338 322 486 357 effectus
508 322 658 369 peccati.

292 377 353 411 AD
377 387 549 410 TERTIUM
564 375 770 417 dicendum,
786 374 883 421 quod
905 386 1023 421 poena
1045 373 1106 408 illa
1125 374 1321 409 inordinati
1339 374 1451 408 animi
1469 373 1618 409 debetur
1638 381 1791 420 peccato

222 442 264 464 ex
284 430 369 472 hoc,
391 430 488 476 quod
511 429 677 463 ordinem
699 429 848 463 rationis
867 428 1056 474 pervertit:
1083 427 1123 462 fit
1149 435 1271 462 autem
1292 439 1374 462 reus
1396 427 1542 462 alterius
1567 438 1710 473 poenae
1731 438 1795 473 per

223 483 307 526 hoc,
331 483 427 529 quod
449 482 620 529 pervertit
642 482 808 516 ordinem
829 481 919 528 legis
942 481 1095 524 divinae,
1117 481 1176 516 vel
1197 481 1391 516 humanae.

773 640 1121 686 ARTICULUS
1157 641 1214 683 Π.
1725 650 1791 695 461

450 761 604 792 UTRUM
630 761 869 791 PECCATUM
895 761 1048 790 Possrr
1075 761 1176 790 ESSE
1202 760 1348 791 POENA
1374 759 1574 790 PECCATI.

511 860 599 904 (2-2.
622 871 651 905 q.
670 859 724 906 36.
744 865 808 894 art.
827 871 858 895 2.
878 859 920 894 ad
941 871 974 905 4.
993 865 1023 895 et
1043 872 1069 895 I.
1089 860 1178 895 Dist.
1200 860 1258 904 46.
1281 865 1346 895 art.
1364 871 1396 894 2.
1415 858 1458 894 ad
1476 870 1510 904 4.

366 919 396 949 et
412 926 444 949 2.
462 914 551 948 Dist.
569 913 622 959 36.
642 918 706 948 art.
729 925 760 948 2.
782 919 813 949 et
830 913 914 948 Mal.
937 925 967 959 q.
989 926 1017 948 I.
1039 919 1104 949 art.
1126 924 1159 958 4.
1179 913 1222 948 ad
1242 925 1269 948 Ι.
1288 918 1318 948 et
1335 914 1431 949 Rom.
1450 925 1477 948 1.
1501 913 1570 948 lect.
1593 912 1654 959 7.).

295 1014 355 1049 AD
383 1024 591 1049 SECUNDUM
617 1013 668 1048 sic
695 1014 915 1060 proceditur.
938 1013 1101 1056 Videtur,
1129 1013 1227 1060 quod
1253 1020 1446 1060 peccatum
1471 1024 1547 1047 non
1579 1012 1694 1059 possit
1718 1023 1796 1048 esse
1828 1015 1845 1062 g

224 1079 343 1115 poena
363 1067 525 1115 peccati:
542 1079 684 1114 poenae
707 1068 805 1102 enim
827 1076 910 1102 sunt
935 1067 1116 1110 inductae,
1143 1075 1182 1102 ut
1207 1079 1271 1113 per
1297 1078 1357 1101 eas
1382 1067 1552 1101 homines
1578 1066 1797 1101 reducantur
1867 1063 1868 1066 ’

225 1121 269 1155 ad
288 1122 427 1156 bonum
448 1121 600 1164 virtutis,
631 1129 670 1156 ut
702 1129 802 1168 patet
829 1133 893 1168 per
920 1120 1058 1156 Philos.
1088 1121 1126 1155 iu
1160 1132 1212 1156 10.
1241 1120 1402 1155 Ethicor.
1427 1120 1516 1168 (cap.
1541 1121 1600 1155 ult.
1625 1126 1751 1167 parum
1777 1132 1798 1156 a
1835 1140 1837 1142 ·

218 1175 350 1223 princ.)
363 1188 372 1210 :
400 1175 462 1209 sed
484 1187 548 1221 per
567 1183 761 1222 peccatum
784 1187 858 1210 non
882 1175 1064 1210 reducitur
1084 1175 1200 1210 homo
1219 1175 1256 1209 in
1273 1175 1413 1209 bonum
1425 1174 1579 1217 virtutis,
1593 1175 1656 1209 sed
1675 1174 1713 1209 in
1735 1186 1796 1221 op·
1827 1183 1834 1195 ³

225 1229 403 1276 positum;
427 1239 514 1274 ergo
537 1236 728 1275 peccatum
752 1240 827 1263 non
850 1236 902 1263 est
923 1240 1041 1274 poena
1064 1229 1215 1274 peccati.

296 1293 327 1316 2.
349 1282 586 1317 PRAETEREA.
610 1282 756 1317 Poenae
779 1284 895 1329 justae
918 1290 1001 1317 sunt
1022 1294 1041 1316 a
1063 1283 1157 1325 Deo,
1179 1290 1218 1317 ut
1238 1290 1336 1329 patet
1356 1293 1419 1329 per
1437 1282 1592 1328 August.
1607 1281 1645 1316 in
1662 1281 1722 1316 lib.
1742 1282 1798 1329 83.

227 1335 317 1377 QQ.
341 1342 384 1382 (q.
404 1337 486 1378 32.).·
506 1345 696 1382 peccatum
721 1345 844 1371 autem
864 1348 940 1371 non
956 1344 1009 1371 est
1024 1336 1152 1380 aDeo,
1167 1344 1202 1371 et
1223 1344 1275 1371 est
1297 1337 1490 1382 injustum3
1511 1347 1586 1371 non
1609 1347 1696 1382 ergo
1717 1347 1800 1383 pec·
1828 1354 1834 1357 Α

226 1398 349 1425 catum
370 1398 489 1437 potest
510 1402 588 1425 esse
610 1402 729 1437 poena
751 1391 902 1437 peccati.

301 1455 329 1490 3.
357 1444 594 1479 PRAETEREA.
618 1445 673 1478 De
696 1444 836 1479 ratione
858 1455 999 1490 poenae
1026 1452 1089 1487 est,
1116 1444 1214 1491 quod
1241 1444 1285 1479 sit
1311 1452 1437 1478 contra
1462 1443 1710 1479 voluntatem:
1733 1443 1796 1478 sed

226 1505 419 1544 peccatum
447 1506 500 1532 est
526 1509 545 1532 a
566 1497 765 1540 voluntate,
795 1506 833 1532 ut
859 1510 901 1532 ex
927 1498 1140 1544 supradictis
1166 1506 1265 1545 patet
1292 1498 1337 1544 (q.
1360 1509 1414 1544 74.
1437 1503 1502 1533 art.
1524 1511 1551 1534 1.
1573 1503 1604 1534 et
1624 1498 1688 1543 2.)‚·
1712 1509 1800 1544 ergo

226 1559 419 1599 peccatum
442 1563 516 1586 non
538 1560 658 1598 potest
679 1564 758 1586 esse
780 1563 898 1598 poena
920 1552 1073 1598 peccati.

300 1606 374 1640 SED
397 1617 553 1640 CONTRA
573 1614 636 1648 est,
660 1605 756 1652 quod
776 1606 930 1651 Gregor.
947 1606 1033 1640 dicit
1054 1617 1160 1652 super
1173 1605 1306 1640 Ezech.
1323 1604 1425 1650 (hom.
1440 1618 1486 1641 H.
1501 1617 1522 1640 α
1537 1605 1619 1640 med.
1634 1610 1664 1640 et
1677 1605 1733 1640 lib.
1751 1615 1800 1652 25.

227 1660 317 1694 Μον.
345 1667 415 1706 cap.
436 1672 468 1706 9.
491 1661 569 1694 circ.
586 1661 715 1706 princ.)
737 1660 834 1705 quod
857 1660 1037 1706 quaedam
1059 1668 1210 1706 peccata
1231 1667 1313 1694 sunt
1333 1670 1474 1706 poenae
1495 1659 1647 1706 peccati.

297 1713 527 1748 RESPONDEO
562 1713 769 1756 dicendum,
797 1713 895 1759 quod
917 1713 960 1747 de
982 1722 1134 1760 peccato
1157 1713 1332 1760 dupliciter
1345 1712 1673 1759 loquipossumus:
1690 1718 1753 1760 per
1771 1725 1802 1748 εὖ

227 1766 375 1809 scilicet,
391 1775 425 1801 et
434 1774 496 1813 per
509 1766 667 1809 accidms,
689 1778 752 1813 per
767 1778 804 1801 se
820 1766 968 1813 quidem
982 1767 1084 1802 nullo
1103 1766 1216 1802 modo
1235 1775 1426 1814 peccatum
1447 1774 1567 1818 potest
1587 1778 1665 1801 esse
1683 1777 1802 1813 poena

226 1821 382 1867 peccati:
405 1829 598 1867 peccatum
621 1821 719 1855 enim
740 1833 805 1866 per
826 1832 863 1855 se
887 1821 1146 1863 consideratur,
1164 1820 1367 1856 secundum
1389 1821 1487 1868 quod
1509 1820 1692 1867 egreditur
1709 1831 1804 1855 avo·
1829 1818 1832 1822 ’

226 1874 382 1909 luntate:
405 1874 455 1908 sic
478 1874 576 1908 enim
590 1874 700 1909 habet
713 1875 895 1910 rationem
915 1875 1060 1922 culpae:
1085 1875 1128 1910 de
1150 1876 1292 1910 ratione
1313 1883 1436 1910 autem
1457 1886 1598 1922 poenae
1620 1883 1683 1918 est,
1705 1874 1802 1922 quod

227 1928 272 1962 sit
294 1936 420 1962 contra
441 1928 681 1971 voluntatem,
703 1937 741 1963 ut
762 1929 799 1962 in
825 1940 852 1963 1.
874 1929 1039 1964 habitum
1063 1937 1115 1972 est
1137 1929 1183 1976 (q.
1205 1930 1262 1975 48.
1284 1934 1348 1964 art.
1367 1929 1430 1976 5.);
1454 1929 1548 1964 unde
1570 1928 1802 1964 manifestum

229 1991 292 2024 est,
315 1982 412 2028 quod
434 1990 637 2029 peccatum,
654 1994 716 2028 per
738 1994 775 2017 se
798 1982 995 2029 loquendo,
1012 1982 1114 2017 nullo
1137 1983 1250 2018 modo
1271 1991 1391 2029 potest
1413 1994 1490 2018 esse
1511 1994 1631 2030 poena
1651 1982 1802 2030 peccati.
1828 2013 1829 2018 ,

228 2036 297 2070 Per
312 2035 480 2070 accidens
497 2044 618 2070 autern
633 2044 827 2083 peccatum
848 2045 968 2083 potest
989 2048 1066 2071 esse
1085 2048 1204 2084 poena
1225 2036 1368 2083 peccati
1380 2036 1579 2083 tripliciter.
1592 2037 1709 2072 Primo
1727 2036 1804 2083 qui-

229 2090 312 2124 dem
340 2101 382 2124 ex
407 2098 508 2136 parte
535 2101 678 2132 causae,
701 2102 793 2136 quae
821 2098 873 2125 est
898 2091 1055 2125 remotio
1078 2091 1322 2137 prohibentis:
1345 2090 1407 2125 sed
1429 2090 1525 2124 enim
1549 2101 1680 2125 causae
1706 2089 1805 2124 incli-

229 2152 355 2178 nantes
377 2144 420 2177 ad
442 2152 646 2190 peccatum,
669 2144 868 2190 passiones,
890 2145 1041 2179 tentatio
1065 2144 1211 2187 diaboli,
1227 2152 1262 2179 et
1276 2143 1346 2178 alia
1367 2144 1598 2190 hujusmodi:
1621 2155 1713 2191 quae
1732 2144 1821 2190 qui-⁷

230 2197 313 2231 dem
336 2208 466 2231 causae
488 2197 734 2242 impediuntur
760 2209 823 2244 per
845 2198 1018 2232 auxilium
1040 2198 1182 2232 divinae
1210 2198 1358 2244 gratiae,
1381 2209 1473 2244 quae
1499 2198 1720 2232 subtrahitur
1740 2207 1827 2244 per.

230 2259 439 2297 peccatum3
462 2251 568 2292 unde,
592 2262 676 2285 cum
697 2251 774 2297 ipsa
796 2251 994 2286 subtractio
1024 2252 1161 2298 gratiae
1183 2252 1228 2286 sit
1249 2252 1429 2298 quaedam
1450 2262 1571 2298 poena
1592 2263 1613 2286 a
1632 2251 1715 2286 Deo
1737 2250 1799 2296 [al.
1823 2274 1827 2283 .

224 2311 346 2352 poena,
366 2310 393 2340 ul
415 2317 434 2338 ιι
457 2306 543 2350 Deo]
561 2313 599 2339 ut
613 2316 719 2351 supra
735 2305 872 2339 dictum
887 2314 940 2340 est
956 2306 1000 2352 (q.
1015 2317 1069 2352 79.
1085 2311 1148 2340 art.
1160 2307 1219 2352 3),
1238 2305 1408 2352 sequitur,
1423 2305 1520 2352 quod
1542 2316 1606 2352 per
1627 2305 1798 2340 accidens
1819 2334 1822 2339 .

230 2359 339 2394 etiam
358 2367 561 2405 peccatum,
577 2359 673 2405 quod
689 2372 731 2392 ex
752 2359 823 2393 hoc
846 2360 1017 2406 sequitur,
1039 2371 1159 2405 poena
1181 2359 1334 2394 dicatur:
1360 2367 1396 2394 et
1416 2359 1488 2393 hoc
1510 2359 1622 2394 modo
1644 2359 1804 2406 loquitur

230 2412 443 2459 Apostolus·
460 2412 568 2446 Rom.
595 2423 622 2446 1.
646 2412 788 2447 dicens:
813 2414 952 2459 Propter
978 2413 1063 2460 quod
1086 2413 1227 2448 tradidit
1258 2425 1309 2448 eos
1331 2413 1422 2448 Deus
1450 2414 1485 2447 in
1511 2412 1670 2447 desideria
1696 2411 1803 2447 cordis

229 2478 356 2509 eorum,
380 2478 470 2512 quac
492 2474 574 2500 sunt
597 2466 738 2500 animae
761 2467 966 2512 passiones:
991 2467 1074 2513 quia
1096 2467 1235 2502 scilicet
1255 2466 1388 2501 deserti
1408 2466 1577 2501 homines
1600 2466 1642 2500 ab
1670 2461 1822 2500 auxilio'

230 2520 373 2554 divinae
396 2520 543 2565 gratiae,
566 2520 759 2554 vincuntur
781 2531 800 2553 η
822 2521 1069 2566 passionibus3
1093 2529 1127 2555 et
1147 2521 1219 2555 hoc
1245 2520 1358 2555 modo
1380 2531 1522 2566 semper
1544 2527 1736 2567 peccatum
1757 2518 1824 2566 di-3

231 2574 322 2607 citur
343 2585 421 2608 esse
443 2584 561 2620 poena
583 2573 830 2619 praecedentis
858 2574 1016 2619 peccati:
1040 2574 1106 2609 alio
1135 2574 1228 2609 modo
1256 2586 1299 2609 ex
1319 2582 1419 2620 parte
1445 2573 1667 2608 substantiae
1691 2579 1825 2615 actus,·

231 2629 291 2674 qui
313 2628 549 2663 afflictionem
570 2628 725 2670 inducit;
745 2628 818 2662 sive
841 2628 885 2662 sit
901 2637 1000 2662 actus
1022 2628 1182 2670 interior,
1201 2636 1239 2663 ut
1260 2635 1359 2675 patet
1371 2628 1408 2662 in
1422 2627 1499 2674 ipsa
1520 2627 1584 2670 ira,
1600 2636 1635 2662 et
1651 2626 1804 2669 invidia;

231 2683 306 2717 sive
329 2690 428 2717 actus
451 2682 618 2724 exterior,
641 2690 679 2716 ut
700 2689 797 2728 patet
812 2693 896 2716 cum
919 2682 1030 2728 aliqui
1049 2683 1150 2728 gravi
1171 2682 1295 2717 labore
1318 2681 1582 2728 opprimuntur,
1599 2689 1634 2716 et
1654 2680 1817 2722 damn0‚,-

232 2745 270 2771 ut
291 2736 457 2782 expleant
483 2743 606 2770 actum
632 2735 783 2782 peccati,
810 2735 1011 2770 secundum
1038 2735 1127 2770 illud
1150 2735 1309 2783 Sapient.
1337 2746 1383 2780 5.:
1406 2735 1536 2770 Lassati
1556 2745 1670 2770 sumus
1690 2735 1725 2768 in
1745 2734 1821 2768 via*

231 2791 433 2836 iniquitatis:
453 2791 547 2825 tertio
571 2789 682 2824 modo
705 2800 748 2823 ex
769 2797 868 2835 parte
892 2788 1052 2831 effectus,
1068 2798 1105 2824 ut
1123 2789 1263 2824 scilicet
1283 2788 1431 2835 aliquod
1452 2795 1645 2835 peccatum
1665 2784 1812 2822 dicatur'

232 2855 351 2890 poena
381 2852 546 2891 respectu
573 2842 722 2878 effectus
749 2843 1020 2889 consequentis:
1044 2843 1107 2878 sed
1129 2843 1184 2878 his
1215 2843 1355 2878 duobus
1381 2841 1518 2877 ultimis
1547 2841 1666 2876 modis
1691 2850 1807 2877 unum»,

233 2906 425 2944 peccatum
446 2909 520 2932 non
543 2897 663 2933 solui-n
685 2905 738 2932 est
759 2908 877 2944 poena
904 2897 1153 2944 praecedentis
1173 2896 1326 2943 peccati,
1347 2895 1410 2932 sed
1432 2895 1542 2932 etiam
1562 2895 1628 2931 sui.
