1955 3182
266 188 323 242 46
620 219 626 225 .
714 194 932 230 QUAESTIO
964 194 1024 224 111.
1059 192 1303 223 ARTICULUS
1336 192 1376 221 v.

264 279 374 312 finem
390 291 397 313 t
419 277 514 311 unde
536 276 768 311 manifestum
791 283 854 317 est,
874 275 972 321 quod
991 274 1138 308 ultimus
1155 273 1235 307 finis
1249 284 1324 306 non
1337 280 1458 318 potest
1484 271 1680 306 consistere
1705 271 1740 305 in
1758 271 1831 305 vita

265 332 392 373 activa,
415 342 506 377 quae
527 331 682 376 pertinet
702 330 746 363 ad
768 328 993 363 intellectum
1014 327 1226 373 practicum.
1267 327 1378 360 Tertio
1400 325 1497 359 idem
1518 333 1664 371 apparet
1685 336 1727 358 ex
1747 324 1832 366 hoc,

264 385 361 431 quod
382 386 418 418 in
438 385 512 418 vita
546 382 828 429 contemplativa
861 382 976 415 homo
1009 380 1257 414 communicat
1291 391 1374 412 curn
1407 378 1661 424 superioribus,
1695 376 1833 411 scilicet

265 451 348 473 cum
369 439 463 480 Deo,
487 446 522 472 et
545 437 708 483 Angelis,
731 436 858 482 quibus
880 446 944 481 per
963 433 1224 468 beatitudinem
1246 431 1478 466 assimilatur:
1502 431 1564 465 sed
1585 431 1622 465 in
1643 431 1710 473 his,
1738 441 1831 476 quae

265 493 443 538 pertinent
465 491 508 525 ad
529 492 641 524 vitam
664 490 831 531 activam,
855 488 964 522 etiam
983 487 1052 521 alia
1072 485 1242 520 animalia
1257 497 1340 520 cum
1354 485 1504 519 homine
1522 484 1723 531 aliqualiter
1736 495 1836 518 corn-

265 546 463 586 municant,
486 544 570 578 licet
591 542 812 589 imperfecte.
834 541 878 575 Et
898 541 980 575 ideo
1002 540 1141 582 ultima,
1164 547 1199 574 et
1219 538 1377 586 perfecta
1399 538 1596 580 beatitudo,
1618 549 1710 584 quae
1732 547 1835 583 expe-

265 606 380 633 ctatur
400 598 436 631 in
457 597 575 631 futura
596 597 680 638 vita,
701 604 777 629 tota
799 594 1044 641 principaliter
1063 593 1226 627 consistit
1243 593 1280 626 in
1301 591 1628 637 contemplatione:
1647 590 1832 625 beatitudo

266 660 387 685 autem
409 649 632 696 imperfecta,
655 649 770 695 qualis
791 648 851 681 hic
878 648 1002 681 haberi
1035 655 1164 693 potest,
1193 647 1308 693 primo
1343 645 1502 691 quidem,
1536 652 1571 679 et
1597 644 1836 692 principalitar

267 704 430 739 consistit
450 704 485 737 in
508 702 831 748 contemplatione,
852 701 1048 736 secundario
1070 711 1157 734 vero
1179 700 1214 733 in
1238 699 1449 745 operatione
1467 698 1616 744 practici
1634 697 1836 732 intellectus

266 757 464 792 ordinantis
487 757 660 797 actiones,
683 764 717 789 et
735 755 920 801 passiones
935 754 1126 795 humanas,
1141 761 1179 786 ut
1193 753 1322 786 dicitur
1336 752 1372 785 in
1392 762 1443 786 10.
1458 751 1574 786 Ethic.
1590 751 1681 798 (cap.
1696 762 1716 797 7
1730 756 1758 785 et
1771 751 1833 796 8.).

337 811 397 845 AD
423 820 572 844 PRIMUM
595 820 682 854 ergo
706 808 912 849 dicendum,
934 807 1030 853 quod
1053 806 1252 841 similitudo
1268 806 1451 851 praedicta
1466 804 1671 839 intellectus
1685 804 1835 851 practici

267 864 311 898 ad
331 865 454 898 Deum
476 871 529 897 est
550 862 751 896 secundum
772 860 1169 907 proportionalitatem,
1192 859 1275 905 quia
1297 858 1436 892 scilicet
1455 858 1566 892 habet
1587 869 1625 892 se
1653 858 1698 892 ad
1727 869 1834 892 suurn

268 917 467 963 cognitum,
489 916 580 950 sicut
592 916 692 949 Deus
708 915 750 948 ad
765 925 887 956 suum,
903 914 964 947 sed
979 913 1191 947 assimilatio
1204 910 1407 946 intellectus
1422 910 1634 957 speculativi
1647 911 1691 944 ad
1704 911 1838 945 Deum.

268 979 322 1006 est
334 970 535 1005 secundum
550 969 735 1009 unionem,
753 966 811 1001 vel
829 966 1138 1007 informationem,
1158 976 1249 1011 quae
1269 972 1322 999 est
1339 964 1455 998 multo
1474 965 1591 1010 major
1609 963 1822 998 assimilatio

268 1024 312 1058 Et
331 1032 454 1058 tamen
476 1022 546 1056 dici
567 1029 696 1068 potest,
719 1020 815 1066 quod
838 1028 1001 1066 respectu
1022 1018 1229 1065 principalis
1245 1018 1393 1064 cogniti,
1409 1017 1506 1064 quod
1522 1025 1576 1052 est
1588 1029 1652 1052 sua
1668 1018 1841 1052 essentia'

266 1088 340 1111 non
363 1077 470 1110 habet
490 1076 590 1109 Deus
612 1074 810 1120 practicam
832 1073 1093 1118 cognitionem,
1115 1071 1178 1106 sed
1199 1070 1462 1118 speculativam
1483 1078 1636 1105 tantum.

339 1130 399 1164 AD
422 1138 629 1163 SECUNDUM
651 1126 857 1168 dicendum,
880 1126 978 1172 quod
999 1125 1203 1160 intellectus
1225 1125 1404 1171 practicus
1425 1125 1534 1159 habet
1560 1124 1712 1167 bonum,
1741 1123 1839 1170 quod

269 1191 321 1217 est
343 1191 440 1216 extra
461 1182 596 1227 ipsum:
620 1180 682 1215 sed
704 1179 907 1214 intellectus
929 1178 1170 1225 speculativus
1192 1179 1302 1213 habet
1321 1179 1460 1212 bonum
1481 1178 1518 1212 in
1545 1178 1676 1224 seipso,
1703 1177 1842 1212 scilicet

269 1235 619 1282 contemplationem
641 1234 816 1268 veritatis:
840 1241 874 1267 et
895 1233 924 1267 si
944 1232 1034 1267 illud
1054 1233 1193 1267 bonum
1207 1232 1252 1266 sit
1265 1231 1478 1278 perfectum,
1494 1242 1537 1266 ex
1551 1242 1595 1266 eo
1609 1240 1707 1266 totus
1724 1231 1840 1266 homo

267 1290 460 1337 perficitur,
484 1296 518 1323 et
539 1288 578 1322 fit
598 1288 735 1322 bonus:
759 1287 855 1333 quod
878 1286 1026 1332 quidem
1047 1285 1250 1320 intellectus
1272 1285 1453 1331 practicus
1478 1296 1552 1319 non
1574 1285 1695 1328 habet,
1713 1285 1776 1320 sed
1795 1285 1839 1319 ad

268 1343 356 1378 illud
379 1343 531 1377 ordinat.

340 1397 400 1431 AD
435 1405 606 1430 TERTIUM
633 1393 840 1435 dicendum,
863 1393 959 1439 quod
982 1393 1072 1427 ratio
1088 1392 1149 1426 illa
1163 1392 1388 1439 procederet,
1403 1393 1434 1427 si
1446 1393 1600 1439 ipsemet
1613 1391 1728 1427 homo
1747 1401 1842 1427 esset

270 1450 417 1485 ultimus
439 1450 534 1483 finis:
557 1457 641 1483 tunc
665 1448 762 1482 enim
797 1447 1052 1488 consideratio,
1087 1455 1121 1481 et
1155 1447 1334 1480 ordinatio
1369 1455 1529 1488 actuum,
1563 1454 1598 1481 et
1629 1446 1841 1493 passionum

269 1506 345 1550 ejus
368 1511 461 1538 esset
480 1502 680 1537 beatitudo:
704 1501 766 1535 sed
789 1502 871 1547 quia
893 1500 1040 1534 ultimus
1062 1500 1223 1534 hominis
1246 1499 1326 1534 finis
1349 1507 1408 1534 est·
1425 1499 1521 1534 aliud
1542 1500 1681 1534 bonurn
1713 1499 1840 1534 extrin-

270 1569 406 1599 secum,
428 1556 567 1591 scilicet
587 1556 688 1590 Deus
711 1555 754 1588 ad
777 1565 886 1600 quem
908 1565 972 1600 per
993 1554 1245 1600 operationem
1266 1553 1472 1588 intellectus
1494 1553 1708 1600 speculativi
1741 1553 1843 1588 attin-

271 1611 401 1657 gimus,
423 1611 505 1644 ideo
527 1609 644 1655 magis
664 1608 849 1642 beatitudo
883 1607 1043 1642 hominis
1076 1607 1112 1641 in
1149 1608 1360 1653 operatione
1394 1607 1598 1642 intellectus
1631 1606 1842 1654 speculativi

272 1664 445 1706 consistit,
469 1675 578 1710 quam
599 1663 635 1697 in
658 1662 869 1708 operatione
891 1660 1095 1695 intellectus
1117 1661 1277 1707 practici.

830 1790 1176 1836 ARTICULUS
1203 1791 1281 1834 VI.
1795 1812 1838 1837 22

471 1902 623 1932 UTRUM
644 1901 897 1931 BERTITUDO
923 1901 1169 1931 CONSISTAT
1191 1901 1237 1931 IN
1260 1900 1648 1932 CONSIDERATIONE

696 1967 992 1997 SCIENTIARUM
1015 1966 1422 1996 SPECULATIVARUM.

466 2054 549 2098 (2-2.
573 2066 602 2099 q.
625 2054 698 2100 167.
722 2059 785 2088 art.
808 2067 834 2089 1.
858 2053 900 2088 ad
921 2066 947 2088 r.
970 2059 998 2088 et
1019 2060 1126 2099 opusc.
1148 2065 1179 2088 2.
1203 2060 1274 2100 cap.
1297 2065 1372 2098 104.
1392 2054 1470 2089 262.
1493 2059 1524 2089 et
1540 2054 1650 2100 264).

347 2142 406 2176 AD
429 2153 582 2176 SEXTL’M
604 2143 654 2176 sic
678 2142 895 2188 proceditur.
916 2141 1079 2184 Videtur,
1101 2142 1198 2188 quod
1219 2142 1404 2176 beatitudo
1422 2142 1584 2177 hominis
1611 2143 1785 2178 consistat
1806 2143 1842 2177 in

273 2195 562 2229 consideratione
582 2196 812 2230 scientiarum
832 2195 1152 2241 speculativarum:
1176 2195 1423 2242 Philosophus
1439 2196 1537 2230 enim
1552 2196 1637 2231 dicit
1652 2197 1687 2231 in
1705 2196 1766 2231 lib.
1790 2207 1842 2232 10.

274 2249 388 2283 Ethic.
413 2248 500 2295 (cap.
527 2261 554 2295 7.
579 2251 611 2283 in
630 2251 756 2295 princ.)
781 2249 877 2294 quod
899 2248 1051 2283 felicitas
1074 2257 1128 2283 est
1149 2251 1312 2295 operatio
1335 2249 1536 2284 secundum
1554 2249 1753 2296 perfectam
1773 2250 1842 2284 vir-

272 2311 404 2337 tutem:
427 2311 461 2337 et
482 2303 704 2347 distinguens
723 2303 870 2336 virtutes
897 2302 1150 2348 speculativas,
1171 2314 1246 2337 non
1268 2303 1370 2349 ponit
1391 2303 1461 2338 nisi
1482 2308 1567 2339 tres:
1588 2305 1770 2346 scientiam,
1791 2316 1843 2339 sa-

267 2357 448 2402 piantiam,
474 2364 507 2390 et
525 2357 720 2391 ¹inffllactum
733 2370 742 2391 .·
762 2368 854 2402 quae
873 2367 1001 2390 omnes
1015 2357 1194 2402 pertinent
1209 2356 1252 2390 ad
1269 2357 1598 2392 considerationem
1611 2357 1843 2392 scientiarum

274 2409 598 2455 speculativarum3
622 2422 708 2456 ergo
729 2409 853 2443 ultima
873 2409 1032 2444 hominis
1051 2410 1234 2444 beatitudo
1250 2410 1285 2444 in
1301 2410 1592 2446 consideratione
1611 2411 1843 2446 scientiarum

274 2462 580 2509 speculativarum
604 2464 778 2498 consistit.

370 2527 400 2551 2.
424 2517 660 2552 PRAETEREA.
684 2517 775 2551 lllud
798 2517 938 2551 videtur
960 2528 1038 2552 esse
1060 2516 1187 2551 ultima
1209 2511 1370 2552 hominis
1396 2518 1595 2562 beatitudo,
1621 2519 1720 2565 quod
1744 2527 1845 2554 natu-

275 2569 395 2604 raliter
418 2571 639 2606 desideratur
662 2571 703 2604 ab
727 2571 894 2605 omnibus
918 2579 1064 2617 propter
1085 2572 1262 2616 seipsum:
1286 2571 1346 2605 sed
1369 2571 1581 2617 hujusmodi
1602 2580 1656 2607 est
1682 2573 1846 2608 conside—

273 2624 365 2658 ratio
382 2624 688 2671 speculativarum
708 2624 960 2658 scientiarum:
981 2626 1074 2670 quia,
1090 2634 1126 2658 ut
1141 2624 1270 2659 dicitur
1287 2626 1322 2659 in
1342 2636 1369 2659 1.
1386 2625 1624 2672 Metaphysic.
1641 2626 1844 2673 (inprinc.):

278 2678 398 2712 Omnes
419 2678 562 2713 homines
583 2684 706 2713 natura
727 2679 808 2712 scire
830 2678 1022 2713 desiderant.
1045 2678 1087 2712 Et
1110 2687 1190 2724 post
1208 2689 1323 2724 pauca
1345 2679 1507 2714 subditur
1529 2670 1617 2726 (cap.
1636 2691 1666 2716 2.
1682 2681 1842 2727 aprinc.)

274 2731 371 2776 quod
397 2731 615 2778 speculati-vas
642 2733 793 2766 scientiae
815 2736 953 2778 propter
978 2733 1093 2778 seipsas
1119 2737 1345 2777 quaet-unam,-
1374 2744 1461 2779 ergo
1489 2733 1524 2767 in
1553 2733 1844 2768 consideratione

276 2785 506 2819 scientiarum
529 2785 833 2831 speculativarum
856 2785 1017 2819 consistit
1037 2785 1232 2820 beatitudo.

350 2850 378 2884 3.
407 2838 642 2874 PRAETEREA.
679 2838 869 2873 Beatitudo
907 2847 959 2873 est
989 2838 1114 2873 ultima
1146 2839 1306 2874 hominis
1336 2839 1527 2886 perfectio:
1559 2841 1844 2888 unumquodque

277 2899 397 2926 autem
419 2891 609 2937 perficitur,
632 2892 831 2927 secundum
851 2893 947 2939 quod
969 2892 1148 2927 reducitur
1167 2892 1210 2927 de
1229 2893 1388 2938 potentia
1411 2893 1447 2928 in
1475 2901 1614 2929 actum:
1640 2893 1844 2930 intellectus
