1907 3198
539 190 762 227 ouans-1¹10
794 193 867 225 xc.
899 194 1145 228 Λιιτιευιυε
1177 198 1205 228 1.
1571 194 1654 249 645

162 267 240 306 SED
259 279 416 306 CONTRA
442 279 508 314 est,
540 272 638 319 quod
660 273 705 309 ad
731 273 852 321 legem
878 277 1032 323 pertinet
1065 280 1283 328 praecipere,
1305 291 1340 318 et
1361 284 1570 330 prohibere:
1593 288 1655 323 sed

90 320 268 369 imperare
289 330 344 358 est
363 324 525 369 rationis,
544 334 582 360 ut
603 337 710 374 supra
743 328 907 365 habitum
929 339 983 367 est
1007 333 1054 379 (q.
1075 345 1125 380 17.
1151 340 1218 370 art.
1239 337 1300 382 ι.),·
1323 348 1411 383 ergo
1431 337 1488 374 lex
1510 348 1564 375 est
1595 341 1656 376 ali-

90 375 177 423 quid
193 376 355 413 rationis.
405 417 409 422 ,

160 427 391 467 Rmonneo
409 431 723 481 dicendum,quod
741 435 798 471 lex
819 438 1000 484 quaedam
1022 440 1147 487 regula
1168 450 1232 485 cst,
1255 451 1290 478 et
1310 455 1480 480 mensura
1495 455 1654 490 actuum,

88 482 290 518 secundum
307 495 418 531 quam
439 485 621 522 inducitur
642 487 771 535 aliquis
793 491 837 526 ad
860 493 1054 538 agendum,
1069 495 1126 530 vel
1145 495 1189 530 ab
1212 498 1355 542 agendo
1377 500 1587 536 retrahitur:
1607 502 1654 536 di-

88 536 181 571 citur
196 536 296 572 enim
316 536 372 573 lex
393 549 414 573 a
435 538 595 586 ligando,
617 542 700 588 quia
734 543 872 590 obligat
893 546 935 580 ad
959 547 1162 591 agendum:
1193 550 1318 596 regula
1341 560 1474 595 autem,
1500 562 1536 589 et
1556 566 1655 590 men-

87 599 170 625 sura
205 589 454 627 humanorum
488 601 635 629 actuum
668 604 722 631 est
751 597 854 640 ratio,
876 610 969 645 quae
1003 609 1057 636 est
1083 602 1299 649 principium
1325 605 1484 652 primum
1505 617 1651 644 actuum

86 641 346 686 humanorum,
367 653 406 680 ut
426 657 468 680 ex
487 648 679 692 praedictis
701 658 797 697 patet
817 653 863 698 (q.
879 653 936 688 66.
951 659 1015 688 art.
1031 656 1075 700 ι.)
1086 668 1096 690 .·
1119 657 1268 692 rationis
1290 659 1388 694 enim
1409 669 1464 695 est
1484 662 1652 698 ordinare

87 694 132 731 ad
152 694 276 740 finem,
292 697 355 745 qui
375 706 429 734 est
442 700 600 746 primum
615 702 833 750 principium
851 705 886 740 in
909 708 1070 752 agendis,
1091 711 1292 746 secundum
1307 712 1520 761 Philosoph.
1532 715 1606 760 (lib.
1621 728 1652 763 7.

29 767 35 771 ·
86 748 195 786 Elbt'c.
219 756 293 798 cap.
313 751 346 788 8.
367 763 389 787 a
409 753 532 798 med.):
558 754 594 789 in
617 757 840 804 unoquoque
861 767 983 795 autem
1010 773 1144 807 genere
1171 764 1207 798 in
1229 766 1326 811 quod
1348 775 1402 802 est
1422 768 1651 816 principium,

85 809 141 838 est
159 813 342 847 mensura,
355 812 391 841 et
410 806 537 852 regula
552 807 647 844 illius
669 811 827 855 generis:
843 812 936 848 sicut
950 815 1068 850 unitas
1089 816 1125 850 in
1147 828 1280 863 genere
1301 821 1455 863 numeri,
1474 830 1509 857 et
1529 833 1651 859 motus

85 855 223 903 primus
241 856 279 893 in
299 869 434 905 genere
456 869 635 897 motuum.
664 863 770 900 Unde
793 865 1016 913 relinquitur,
1037 869 1135 915 quod
1166 870 1221 905 lex
1247 872 1292 907 sit
1313 873 1445 921 aliquid
1468 876 1650 922 pertinens

85 908 131 945 ad
151 909 343 947 rationem.

154 963 217 1000 An
229 973 380 1002 mmm(
394 976 483 1014 ergo
497 967 704 1013 dicendum,
725 972 822 1018 quod
837 984 922 1008 cum
936 973 993 1009 lex
1007 975 1052 1011 sit
1065 977 1191 1023 regula
1205 980 1396 1025 quaedam,
1415 991 1450 1018 et
1467 994 1649 1028 mensura,

82 1014 213 1052 dicitur
231 1017 408 1066 dupliciter
435 1031 514 1056 esse
534 1022 571 1057 in
591 1022 734 1070 aliquo:
756 1037 820 1060 uno
842 1026 939 1062 modo
959 1028 1051 1064 sicut
1067 1030 1105 1065 in
1124 1042 1368 1077 mensurante,
1390 1044 1425 1071 et
1443 1037 1647 1084 regulante:

82 1077 119 1106 et
137 1070 223 1118 quia
241 1071 315 1108 hoc
336 1081 392 1109 est
411 1075 598 1122 proprium
619 1077 782 1122 rationis,
802 1079 884 1115 ideo
906 1093 969 1128 per
990 1082 1087 1118 hunc
1110 1086 1263 1120 modum
1290 1087 1346 1123 lex
1369 1098 1421 1124 est
1448 1091 1482 1125 in
1509 1092 1648 1129 ratione

81 1122 178 1161 sola:
197 1124 266 1161 alio
283 1126 380 1162 modo
399 1127 493 1163 sicut
513 1129 549 1164 in
576 1130 756 1176 regulato,
784 1140 820 1167 et
847 1144 1075 1171 mensurato:
1106 1146 1141 1173 et
1167 1139 1217 1174 sic
1244 1140 1301 1176 lex
1327 1151 1381 1177 est
1407 1144 1442 1178 in
1466 1147 1647 1190 omnibus,

81 1188 175 1225 quae
195 1179 414 1217 inclinantur
435 1183 470 1217 in
492 1182 627 1230 aliquid
649 1196 691 1220 ex
712 1185 832 1233 aliqua
853 1186 954 1235 lege3
973 1189 1022 1224 ita
1043 1192 1141 1238 quod
1164 1194 1346 1240 quaelibet
1364 1197 1552 1234 inclinatio
1570 1212 1648 1246 pro-

79 1232 229 1268 veniens
242 1243 286 1269 ex
299 1233 420 1281 aliqua
440 1234 521 1283 lege
535 1245 655 1282 potest
675 1238 747 1274 dici
760 1239 818 1275 lex
831 1252 905 1276 non
920 1244 1170 1289 essentialiter,
1185 1248 1246 1282 sed
1261 1250 1363 1295 quasi
1383 1252 1646 1300 participative:

80 1291 115 1320 et
134 1284 208 1322 hoc
228 1286 343 1324 modo
364 1287 552 1325 inclinatio
572 1290 651 1338 ipsa
672 1293 923 1330 membrorum
937 1297 981 1332 ad
1003 1300 1340 1346 concupiscendum
1356 1304 1407 1339 lex
1421 1308 1647 1343 membrorum

78 1346 244 1375 vocamr.

149 1391 213 1429 An
232 1403 442 1432 sncuunuu
461 1395 670 1442 dicendum,
690 1401 788 1446 quod
810 1402 903 1438 sicut
923 1404 961 1438 in
982 1406 1122 1442 actibus
1142 1409 1378 1447 exterioribus
1405 1421 1459 1448 est
1483 1416 1646 1451 conside-

77 1455 158 1481 rare
176 1448 442 1494 operationem,
464 1457 500 1485 et
520 1460 723 1497 operatum,
749 1463 834 1501 puta
862 1457 1168 1503 aedificationem,
1196 1471 1230 1498 et
1257 1464 1507 1511 aedificatum3
1533 1469 1582 1504 ita
1608 1470 1644 1504 in

77 1498 248 1546 operibus
267 1501 418 1538 rationis
439 1511 495 1539 est
514 1505 744 1542 considerare
765 1508 884 1555 ipsum
907 1520 1030 1547 actum
1051 1515 1212 1558 rationis,
1234 1518 1295 1564 qui
1313 1527 1368 1554 est
1380 1520 1596 1568 intelligere,
1610 1532 1645 1559 ct

76 1552 298 1597 ratiocinari,
323 1562 359 1591 et
383 1555 519 1604 aliquid
547 1569 610 1605 per
627 1559 839 1605 hujusmodi
867 1572 989 1600 actum
1019 1568 1276 1605 constitutum:
1310 1574 1408 1619 quod
1438 1575 1585 1621 quidem
1606 1577 1642 1611 in

74 1605 298 1653 speculativa
315 1608 456 1645 ratione
462 1612 578 1658 pn'mo
599 1613 746 1660 quidem
765 1624 818 1651 est
839 1617 1022 1663 definitio;
1043 1623 1180 1658 secundo
1202 1626 1422 1662 enuntiatio:
1445 1631 1540 1665 tertio
1555 1642 1642 1666 vero

74 1658 323 1707 syllogismus,
336 1661 395 1698 vel
409 1666 697 1710 argumentatio:
713 1676 748 1703 et
761 1671 844 1716 quia
859 1672 951 1707 ratio
967 1674 1078 1709 etiam
1093 1674 1251 1721 practica
1269 1679 1380 1715 utitur
1397 1684 1557 1728 quodam
1572 1684 1641 1731 syl-

75 1711 237 1760 logismo
249 1713 287 1750 in
300 1716 555 1763 operabilibus,
569 1727 608 1754 ut
621 1731 727 1766 supra
742 1722 906 1759 habitum
921 1734 976 1761 est
991 1727 1038 1774 (q.
1053 1740 1095 1775 13.
1111 1736 1176 1765 art.
1189 1743 1217 1777 3.
1231 1737 1261 1767 et
1273 1745 1303 1779 q.
1320 1745 1372 1780 77.
1387 1741 1450 1770 art.
1470 1748 1501 1772 2.
1520 1737 1564 1772 ad
1575 1739 1640 1784 4.),

74 1766 277 1803 secundum
298 1769 396 1815 quod
417 1769 556 1807 Philos.
578 1772 685 1808 docet
706 1774 742 1809 in
764 1787 796 1822 7.
819 1777 935 1813 Ethic.
959 1780 1048 1828 (cap.
1068 1783 1130 1828 3.),·
1154 1784 1235 1819 ideo
1251 1795 1304 1821 est
1317 1787 1480 1825 invenire
1507 1791 1641 1838 aliquid

77 1818 269 1857 iuratione
289 1823 460 1870 practica,
481 1825 579 1872 quod
601 1826 650 1861 ita
664 1839 702 1862 se
716 1829 848 1866 habeat
869 1833 913 1866 ad
936 1836 1178 1880 operationes,
1203 1839 1297 1874 sicut
1317 1852 1356 1876 se
1382 1842 1491 1878 habet
1512 1857 1641 1892 propo-

72 1873 156 1910 sitio
180 1873 218 1910 in
237 1875 378 1912 ratione
398 1878 622 1925 speculativa
645 1881 688 1916 ad
708 1883 979 1921 conclusiones:
1003 1896 1038 1923 et
1059 1889 1269 1935 hujusmodi
1285 1897 1552 1941 propositiones
1567 1899 1642 1934 uni·

72 1926 232 1964 versales
250 1929 401 1966 rationis
421 1932 603 1978 practicae
616 1935 803 1972 ordinatae
818 1939 861 1973 ad
877 1940 1038 1977 actiones
1059 1943 1195 1980 habent
1216 1947 1393 1983 rationem
1417 1949 1524 1997 legis:
1546 1964 1639 1999 quae

72 1980 221 2028 quidem
240 1983 510 2030 propositiones
530 1986 726 2034 aliquando
748 1992 936 2028 actualiter
954 1996 1238 2041 considerantur,
1258 2000 1452 2048 aliquando
1471 2016 1558 2040 vero
1579 2006 1640 2042 ha-

73 2033 254 2071 bitualiter
275 2047 296 2072 a
315 2037 458 2074 ratione
478 2047 657 2076 tenentur.

142 2088 204 2126 An
230 2098 403 2127 mrtuu
429 2092 636 2137 dicendum,
661 2097 759 2142 quod
786 2099 877 2134 ratio
904 2100 1014 2137 habet
1039 2103 1113 2138 vim
1135 2107 1307 2142 movendi
1330 2120 1349 2143 a
1375 2110 1574 2155 voluntate,
1600 2122 1638 2149 ut

70 2150 181 2188 supra
200 2142 340 2179 dictum
360 2152 415 2180 est
435 2145 482 2192 (q.
504 2158 554 2194 17.
572 2154 639 2184 art.
660 2151 728 2194 1.):
750 2162 791 2186 ex
813 2152 884 2187 hoc
908 2155 1004 2189 enim
1027 2157 1124 2203 quod
1144 2157 1271 2205 aliquis
1295 2162 1370 2197 vult
1397 2163 1518 2208 finem,
1546 2167 1637 2202 ratio

70 2192 227 2242 imperat
245 2196 291 2232 de
311 2197 473 2246 hisquae
490 2209 573 2236 sunt
595 2202 638 2236 ad
662 2202 797 2247 finem3
819 2207 880 2241 scd
903 2208 1071 2244 voluntas
1095 2210 1140 2246 dc
1155 2211 1210 2246 his
1225 2225 1318 2260 quae
1337 2216 1570 2263 imperantur,
1591 2221 1636 2256 ad

70 2246 144 2285 hoc
164 2250 263 2297 quod
283 2249 374 2298 legis
391 2253 571 2290 rationem
593 2255 736 2299 habeat,
750 2268 894 2304 oportet
915 2262 1012 2308 quod
1035 2263 1081 2298 sit
1101 2263 1220 2311 aliqua
1240 2269 1379 2304 ratione
1397 2272 1577 2317 regulata:
1602 2284 1637 2310 ct

68 2299 271 2340 hocmodo
282 2303 506 2353 intelligitur,
520 2308 618 2355 quod
636 2309 804 2347 voluntas
822 2313 991 2362 principis
1019 2316 1128 2353 habet
1148 2319 1314 2365 vigorem
1337 2322 1445 2370 legis:
1473 2325 1634 2374 alioquin

62 2354 240 2394 noluntas
258 2358 431 2407 principis
450 2362 568 2409 magis
587 2371 681 2398 esset
698 2364 880 2412 iniquitas,
901 2379 1011 2415 quam
1033 2370 1101 2406 lex.

626 2500 972 2551 ARTICULUS
1005 2507 1062 2552 11.

221 2594 376 2629 υτκυκ
397 2597 481 2630 Lex
506 2599 762 2635 onmmzrun
789 2606 950 2639 SEMPER
978 2610 1036 2640 AD
1066 2611 1218 2644 nonum
1246 2615 1478 2649 commune.

125 2679 231 2729 (Insr.
251 2694 283 2730 q.
303 2694 356 2730 9¹·
376 2690 441 2722 art.
463 2698 492 2723 ι.
512 2695 602 2736 corp.
621 2694 649 2725 et
662 2696 726 2726 art.
743 2693 776 2728 6.
797 2693 841 2728 ad
858 2707 886 2741 3.
908 2701 937 2731 el
957 2709 986 2743 q.
1011 2699 1069 2744 96.
1091 2705 1155 2735 art.
1175 2713 1201 2737 1.
1225 2713 1256 2738 2.
1273 2715 1299 2749 3.
1322 2715 1354 2748 4.
1377 2710 1406 2740 ct
1426 2707 1459 2741 6.
1481 2715 1571 2755 corp.

111 2742 183 2772 2-2.
195 2746 228 2783 q.
235 2736 291 2783 58.
303 2742 370 2774 art.
377 2749 407 2786 5.
419 2746 510 2788 corp.
525 2746 554 2777 et
562 2748 653 2790 part.
668 2756 697 2790 3.
711 2757 742 2792 q.
757 2757 811 2792 70.
825 2753 890 2786 art.
906 2761 936 2785 2.
951 2751 994 2785 ad
1008 2763 1039 2787 2.
1054 2758 1084 2788 ct
1098 2753 1155 2790 lib.
1168 2767 1194 2801 3.
1209 2756 1325 2792 Contr.
1339 2770 1369 2803 g.
1385 2762 1628 2808 cap.1o3.fin.).

207 2962 237 2992 8.
256 2964 381 2995 Tuon·
400 2967 505 2997 sum
530 2970 689 3009 molal-¹⁴4.
711 2974 774 3003 Vol.
797 2975 834 3004 11.
