1907 3198
0 2008 63 3198 W·Mwffl2³·”’³wffi“*
6 1932 26 1982 ···

507 177 733 213 QUAESTIO
767 176 919 206 XXXIV.
953 176 1204 207 ARTICULUS
1238 177 1266 206 Ι.
1597 179 1684 222 257

662 347 1014 394 ARTICULUS
1047 348 1082 392 1.
1618 371 1684 409 194

443 446 600 489 UTRUM
626 458 762 489 OMNIS
791 458 1080 488 DELECTATIO
1110 458 1180 488 SIT
1207 457 1342 488 MALA.

93 547 142 594 (4.
158 549 248 584 Dist.
264 560 317 596 39.
336 559 367 595 q.
386 559 415 595 3.
438 553 504 584 art.
525 559 558 593 4.
582 554 671 595 corp.
691 553 720 583 et
745 548 834 583 Veri.
853 532 884 594 q'.
905 559 949 595 15.
969 552 1034 582 art.
1057 559 1090 593 4.
1113 552 1144 582 et
1164 559 1216 583 10.
1235 547 1313 582 ΕΗ).
1335 546 1408 582 lect.
1427 559 1455 582 l.
1474 558 1508 584 2.
1524 559 1554 594 3.
1574 552 1603 582 et
1620 548 1686 594 4.).

163 638 224 673 An
244 648 397 673 anmt
419 638 470 673 sic
492 638 713 685 proceditur.
736 639 901 681 Videtur,
921 638 1020 685 quod
1039 637 1162 672 omnis
1181 636 1377 671 delectatio
1396 637 1442 671 sit
1459 635 1576 671 mala:
1596 636 1685 671 illud

90 692 202 735 enim,
223 693 323 739 quod
345 692 547 739 corrumpit
567 689 811 739 prudentiam,
830 701 866 727 et
886 692 1041 740 impedit
1060 692 1213 726 rationis
1235 702 1355 733 usum,
1373 691 1518 726 videtur
1536 702 1616 726 esse
1634 702 1689 725 se-

91 746 254 782 cundum
274 757 313 782 se
335 746 489 789 malum,
511 747 597 793 quia
618 748 741 781 bonum
762 747 908 782 hominis
924 751 969 782 est
985 745 1164 782 secundnm
1184 747 1351 780 rationem
1373 757 1447 788 esse,
1468 753 1508 780 ut
1524 746 1681 792 Dionys.

91 800 178 836 dicit
197 800 235 835 in
256 810 290 844 4.
313 812 392 847 cap.
414 800 460 835 de
480 800 565 835 Div.
587 800 739 835 Nomin.
763 800 870 849 (part.
892 812 926 846 4.
949 801 1022 836 lect.
1043 801 1134 846 21.).·
1163 800 1228 835 sed
1256 799 1452 834 delectatio
1485 799 1689 846 corrumpit

89 854 333 902 prudentiam,
355 862 392 889 et
410 854 564 902 impedit
585 855 738 890 rationis
759 866 887 898 usum;
918 863 953 890 et
977 863 1081 890 tanto
1104 854 1235 901 magis,
1257 861 1395 900 quanto
1419 853 1684 889 delectationes

90 917 175 944 sunt
194 909 372 955 majores3
393 909 490 944 unde
516 909 555 943 in
581 908 886 944 delectationibus
907 909 1085 951 venereis,
1107 919 1201 955 quae
1226 917 1313 943 sunt
1333 908 1531 950 maximae,
1553 908 1689 954 impos-

90 962 195 998 sibile
224 970 279 998 est
307 962 444 1010 aliquid
473 962 691 1010 intelligere,
722 971 762 998 ut
792 964 924 998 dicitur
944 963 982 997 in
1004 974 1036 1010 7.
1059 963 1142 998 Eth.
1165 963 1257 1010 (cap.
1279 963 1357 1008 IL).
1380 962 1425 997 Et
1447 962 1547 997 Hier.
1575 962 1687 997 etiarn

91 1016 179 1052 dicit
199 1027 308 1063 super
327 1016 458 1052 Matth.
482 1016 557 1062 (ubi
578 1017 663 1052 nihil
691 1020 865 1053 occurrit:
894 1018 948 1053 sed
977 1018 1105 1065 implic.
1133 1017 1239 1052 habet.
1266 1023 1316 1064 ep.
1343 1029 1390 1053 ιι.
1414 1017 1458 1052 ad
1467 1017 1637 1064 Ageruch.
1666 1029 1688 1051 α

91 1070 175 1106 med.
190 1078 317 1119 expres.
339 1076 451 1107 autem
467 1071 564 1118 Orig.
579 1071 668 1106 hom.
684 1072 717 1108 6.
735 1073 771 1106 in
783 1072 889 1107 Num.
909 1084 930 1107 a
943 1072 1056 1118 med),
1073 1071 1185 1119 quod,
1199 1070 1264 1106 illo
1279 1080 1459 1118 tempore,
1474 1082 1548 1118 quo
1564 1072 1688 1117 conju-

91 1124 193 1173 gales
219 1133 321 1161 actus
351 1133 537 1173 geruntur,
569 1126 775 1172 praesentia
804 1126 932 1161 Sancti
962 1126 1118 1173 Spiritus
1144 1137 1220 1160 non
1247 1125 1402 1168 dabitur,
1430 1125 1575 1160 etiamsi
1601 1125 1688 1159 Pro-

91 1179 203 1227 pheta
223 1179 391 1225 videatur
411 1190 503 1222 esse,
525 1180 587 1226 qui
615 1179 739 1214 officio
767 1180 1016 1227 generationis
1044 1180 1277 1226 obsequitur;
1297 1190 1386 1226 ergo
1409 1179 1607 1214 delectatio
1634 1188 1687 1214 est

92 1233 295 1268 secundum
314 1244 353 1269 se
373 1233 532 1276 malum3
554 1244 644 1280 ergo
667 1234 788 1269 omnis
811 1233 1008 1268 delectatio
1031 1242 1085 1269 est
1106 1234 1216 1268 mala.

163 1297 196 1323 2.
218 1288 460 1324 PRAETEREA.
481 1287 589 1331 Illud,
611 1288 710 1335 quod
731 1287 825 1335 fugit
837 1288 1035 1331 virtuosus,
1051 1296 1087 1323 et
1107 1288 1343 1335 prosequitur
1361 1288 1490 1335 aliquis
1513 1287 1689 1323 deficiens

92 1354 114 1378 a
133 1342 279 1386 virtute,
299 1342 444 1377 videtur
465 1353 546 1378 esse
571 1342 775 1377 secundum
806 1353 844 1377 se
875 1342 1028 1385 malum,
1051 1351 1086 1377 et
1106 1341 1343 1389 fugiendum:
1367 1344 1462 1389 quia,
1491 1351 1530 1377 ut
1556 1342 1688 1376 dicitur

92 1397 129 1431 in
155 1407 208 1433 10.
230 1396 349 1432 Ethic.
367 1397 459 1444 (cap.
474 1407 504 1444 5.
524 1398 605 1432 circ.
616 1397 694 1442 fin.)
703 1409 717 1438 ;
739 1396 925 1432 virtuosus
947 1405 1002 1431 est
1023 1397 1127 1444 quasi
1148 1407 1332 1439 mensura,
1355 1405 1390 1431 et
1411 1396 1540 1443 regula
1560 1396 1689 1431 huma-

91 1462 226 1486 nomm
254 1458 422 1486 actuum:
444 1458 480 1486 et
500 1450 705 1498 Apostolus
732 1450 821 1486 dicit
850 1462 879 1485 1.
907 1451 952 1485 ad
976 1451 1063 1486 Cor.
1092 1461 1144 1486 2.:
1169 1451 1365 1498 Spiritnalis
1386 1450 1520 1497 jud1'cat
1550 1452 1686 1485 omnia:

93 1506 156 1541 sed
177 1505 292 1553 pueri,
314 1513 351 1540 et
369 1505 520 1548 bestiae,
546 1505 583 1539 in
610 1505 740 1552 quibus
771 1516 847 1540 non
878 1513 932 1540 est
956 1506 1081 1549 virtus,
1111 1513 1383 1552 prosequuntur
1404 1504 1690 1547 delectationes,

91 1559 186 1607 fugit
206 1567 331 1594 autem
352 1571 414 1595 eas
435 1567 680 1606 temperatus;
703 1570 792 1606 ergo
815 1559 1078 1594 delectationes
1100 1559 1304 1594 secundum
1332 1570 1371 1594 se
1393 1567 1477 1594 sunt
1498 1558 1630 1601 malae,
1653 1567 1689 1593 et

92 1612 300 1660 fugiendae.

167 1679 197 1715 3.
219 1667 461 1704 PRAETEREA.
483 1667 621 1710 Virtus,
644 1676 678 1702 et
700 1679 757 1703 ars
780 1676 863 1703 sunt
885 1668 984 1703 circa
1004 1668 1148 1716 difficile,
1172 1676 1207 1703 et
1230 1669 1368 1711 bonum,
1383 1676 1422 1702 ut
1441 1667 1573 1702 dicitur
1594 1668 1631 1702 in
1654 1677 1685 1701 2.

93 1721 256 1757 Ethicor.
279 1722 371 1770 (cap.
389 1734 418 1769 3.
440 1723 523 1758 circ.
537 1722 638 1767 fin.).·
661 1722 724 1757 sed
746 1722 848 1757 nulla
871 1734 927 1757 ars
950 1722 1118 1758 ordinata
1133 1730 1188 1757 est
1206 1722 1251 1756 ad
1273 1722 1579 1765 delectationem3
1599 1733 1687 1768 ergo

94 1776 290 1811 delectatio
311 1787 387 1811 non
407 1784 462 1811 est
483 1775 619 1824 aliquid
639 1776 792 1811 bonum.
1677 1770 1679 1772 ’

167 1830 244 1865 SED
266 1840 424 1866 CONTRA
447 1838 512 1873 est,
523 1831 623 1877 quod
644 1830 682 1864 in
703 1830 762 1866 Ps.
782 1829 834 1877 36.
855 1830 1004 1865 dicitur:
1027 1831 1204 1866 Delectare
1223 1832 1258 1865 in
1277 1831 1428 1865 Domino
1441 1843 1451 1865 .·
1471 1842 1557 1865 cum
1578 1830 1689 1876 igitur

95 1884 140 1919 ad
161 1884 253 1919 nihil
275 1883 366 1919 mali
386 1884 586 1920 auctoritas
607 1884 731 1920 divina
757 1885 917 1928 inducat,
939 1886 1093 1928 videtur,
1115 1886 1214 1932 quod
1240 1897 1316 1920 non
1344 1885 1465 1920 omnis
1493 1885 1690 1920 delectatio

95 1939 141 1974 sit
161 1938 271 1973 mala.

167 1993 402 2029 RsssPONDEo
420 1993 630 2035 dicendum,
650 1993 761 2040 quod,
780 1993 875 2028 sicut
896 1993 1027 2028 dicitur
1044 1994 1082 2028 in
1105 2004 1157 2028 10.
1172 1993 1291 2028 Ethic.
1308 1994 1401 2041 (cap.
1417 2005 1448 2029 2.
1464 1999 1494 2028 et
1510 1994 1556 2040 3.)
1578 1993 1690 2040 aliqui

94 2055 308 2095 posuerunt,
330 2058 461 2082 omnes
482 2046 745 2082 delectationes
775 2059 854 2082 esse
883 2048 1018 2091 malas;
1041 2049 1144 2094 cujus
1171 2049 1263 2082 ratio
1285 2047 1428 2082 videtur
1454 2047 1577 2090 fuisse,
1605 2049 1689 2094 quia

94 2101 339 2137 intentionem
360 2113 465 2137 suam
487 2101 693 2136 referebant
714 2101 758 2136 ad
781 2101 878 2136 solas
898 2101 1162 2137 delectationes
1185 2101 1384 2144 sensibiles,
1407 2110 1443 2136 et
1465 2101 1690 2148 corporales,

96 2167 191 2203 quae
212 2164 297 2191 sunt
316 2156 436 2203 magis
457 2155 693 2191 manifestae:
716 2168 804 2190 nam
827 2166 862 2190 et
888 2157 924 2190 in
953 2156 1105 2191 caeteris
1135 2155 1381 2202 intelligibilia
1411 2167 1431 2190 a
1458 2155 1689 2190 sensibilibus

97 2210 236 2258 antiqui
256 2209 471 2257 philosophi
492 2221 568 2245 non
591 2210 875 2256 distinguebant,
897 2221 964 2244 nec
987 2209 1217 2245 intellectum
1245 2222 1264 2244 a
1292 2221 1412 2253 sensu,
1435 2218 1474 2244 ut
1496 2210 1627 2244 dicitur
1652 2210 1689 2244 in

95 2263 157 2299 lib.
180 2274 212 2299 2.
235 2264 280 2299 de
301 2264 440 2299 Anima
460 2264 542 2311 (tex.
562 2265 663 2311 150.):
686 2263 950 2298 delectationes
973 2273 1096 2299 autem
1120 2263 1331 2311 corporales
1355 2263 1621 2298 arbitrabantur
1642 2264 1692 2298 di-

97 2317 232 2353 cendas
253 2329 384 2353 omnes
406 2329 486 2353 esse
507 2317 642 2360 malas3
665 2326 705 2352 ut
725 2317 776 2352 sic
795 2318 979 2360 homines,
993 2318 1056 2365 qui
1078 2318 1122 2352 ad
1138 2317 1403 2352 delectationes
1425 2317 1690 2352 immoderatas

97 2379 180 2407 sunt
200 2372 319 2419 proni,
342 2383 361 2407 a
383 2371 689 2407 delectationibus
711 2383 750 2406 se
772 2371 1010 2414 retrahentes,
1038 2372 1083 2406 ad
1109 2372 1273 2406 medium
1296 2372 1438 2406 virtutis
1465 2373 1689 2418 perveniant.

99 2425 172 2461 Sed
192 2425 286 2461 haec
307 2425 529 2461 existimatio
550 2437 627 2460 non
652 2424 719 2460 fuit
745 2426 981 2460 conveniens.
1015 2425 1112 2460 Cum
1141 2426 1240 2460 enim
1271 2425 1392 2460 nullus
1423 2427 1539 2472 possit
1566 2426 1690 2460 vivere

98 2479 177 2515 sine
199 2479 321 2527 aliqua
342 2479 516 2522 sensibili,
540 2488 576 2515 et
597 2479 782 2526 corporali
803 2479 1060 2522 delectatione,
1083 2480 1112 2514 si
1133 2479 1186 2514 illi
1208 2479 1270 2526 qui
1291 2479 1427 2514 docent
1448 2490 1577 2513 omnes
1596 2478 1693 2513 dele-

99 2534 278 2571 ctationes
300 2544 379 2569 esse
401 2533 530 2576 malas,
553 2533 873 2580 deprehendantur
900 2533 1040 2580 aliquas
1066 2533 1328 2568 delectationes
1355 2533 1550 2580 suscipere,
1573 2533 1690 2579 magis

98 2587 273 2623 homines
295 2587 340 2622 ad
371 2587 636 2622 delectationes
667 2596 773 2623 erunt
799 2587 981 2635 proclives
1010 2587 1180 2634 exemplo
1208 2599 1375 2634 operum,
1403 2587 1601 2621 verborum
1631 2586 1692 2620 do-

101 2641 214 2677 ctrina
233 2641 510 2689 praetermissa:
528 2641 565 2676 in
584 2641 859 2689 operationibus
878 2641 989 2684 enim,
1008 2650 1042 2676 et
1061 2642 1291 2688 passionibus
1309 2641 1494 2682 humanis,
1510 2642 1545 2675 {n
1561 2640 1691 2687 quibus

101 2693 323 2743 eiperientia
345 2694 545 2742 plurimum
566 2695 676 2738 valet,
695 2696 814 2743 magis
833 2703 985 2730 movent
1007 2695 1186 2742 exempla,
1208 2707 1320 2742 quam
1340 2695 1461 2729 verba.
1481 2694 1691 2729 Dicendum

102 2757 158 2784 est
177 2760 279 2797 ergo,
301 2747 442 2796 aliquas
463 2748 727 2784 delectationes
755 2761 833 2785 esse
859 2749 989 2792 bonaS,
1017 2757 1052 2784 et
1079 2748 1219 2796 aliquas
1250 2760 1328 2784 esse
1357 2748 1493 2783 malas:
1517 2756 1571 2782 est
1592 2748 1690 2782 enim

101 2801 297 2838 delectatio
320 2804 422 2850 quies
444 2802 662 2850 appetitivae
684 2803 824 2837 virtutis
846 2803 882 2837 in
906 2802 1028 2850 aliquo
1046 2803 1146 2837 bono
1170 2811 1306 2845 amato,
1330 2811 1365 2837 et
1387 2813 1616 2849 consequens
1632 2802 1692 2836 ali-

101 2866 212 2904 quam
233 2856 510 2904 operationem;
531 2856 628 2891 unde
657 2856 766 2903 hujus
794 2857 888 2891 ratio
918 2856 1040 2904 duplex
1066 2857 1184 2904 accipi
1211 2864 1341 2904 potest.
1370 2856 1444 2891 Una
1472 2856 1621 2903 quidem
1649 2867 1691 2890 ex

80 2917 202 2958 ‘parte
221 2910 322 2954 boni,
347 2911 384 2946 in
411 2921 486 2958 quo
513 2909 644 2957 aliquis
677 2911 870 2957 quiescens
904 2910 1123 2946 delectatur:
1146 2912 1269 2946 bonum
1304 2910 1415 2953 enim,
1442 2919 1477 2945 et
1503 2910 1632 2945 malum
1652 2910 1690 2944 in
