1907 3182
271 209 351 251 174
694 206 912 242 QUAESTIO
945 205 1016 234 XX.
1050 204 1297 234 ARTICULUS
1331 203 1374 232 ΙΙ.

823 357 1167 402 ARTICULUS
1203 357 1258 399 ΙΙ.
1757 365 1821 402 126

381 462 533 492 UTRUM
566 461 688 491 TOTA
720 461 923 499 BONITAS,
957 461 1012 489 ET
1045 460 1228 489 MALITIA
1259 459 1518 488 EXTERIORIS
1551 459 1692 488 ACTUS

437 527 698 557 DEPENDEAT
726 526 782 554 EX
808 526 1045 564 BONITATE,
1063 527 1118 555 ET
1146 525 1329 554 MALITIA
1348 525 1642 555 VOLUNTATIS.

333 611 392 645 AD
415 621 621 646 SECUNDUM
643 610 692 643 sic
712 609 928 655 proceditur.
944 608 1106 650 Videtur,
1125 608 1221 654 quod
1243 615 1319 642 tota
1339 608 1493 650 bonitas,
1509 616 1543 642 et
1563 607 1700 641 malitia
1723 614 1821 641 actus

262 665 445 698 exterioris
479 664 679 710 dependeat
701 674 742 696 ex
763 661 959 696 voluntate.
993 662 1135 696 Dicitur
1169 662 1266 696 enim
1299 662 1399 695 Matt.
1428 672 1477 707 7.:
1501 662 1577 696 Non
1597 665 1700 708 potest
1721 661 1823 695 arbor

262 719 347 752 bona
368 718 470 752 malos
487 718 621 763 srmtus
652 717 776 762 falsare,
805 727 860 750 nec
883 717 984 750 arbor
1004 716 1222 761 malzzfacere
1235 715 1371 761 fructus
1404 716 1526 749 bonos:
1560 726 1623 761 per
1656 715 1821 748 arborem

262 779 383 805 autem
405 770 615 815 intelligitur
636 768 815 811 voluntas,
838 777 872 803 et
893 780 956 814 per
976 768 1133 802 fructum
1156 780 1256 814 opus,
1279 768 1479 802 secundum
1502 767 1604 802 Glos.
1628 767 1715 813 (ord.
1734 768 1822 813 Aug.

262 824 318 860 lib.
340 837 367 859 1.
390 829 491 858 contr.
509 824 636 868 Julian.
659 829 728 868 cap.
751 824 781 857 8.
805 828 878 856 ante
899 822 1019 867 med.);
1044 833 1131 867 ergo
1166 833 1240 855 non
1268 830 1387 868 potest
1420 833 1509 864 esse,
1537 822 1632 868 quod
1653 821 1821 856 voluntas

261 876 410 910 interior
431 876 475 910 sit
492 876 598 918 bona,
627 883 662 910 et
684 883 783 909 actus
806 875 961 909 exterior
983 875 1027 909 sit
1049 875 1185 910 malus:
1209 883 1268 909 aut
1290 887 1308 910 e
1332 886 1520 910 converso.

332 939 363 963 2.
390 929 625 964 PRAETEREA.
654 928 806 974 August.
830 928 916 962 dicit
936 929 972 962 in
987 929 1046 962 lib.
1070 940 1097 962 1.
1121 928 1276 963 Retract.
1299 928 1459 975 (cap.9.)‚
1480 928 1577 974 quod
1597 927 1744 962 nonnisi
1763 938 1824 961 vo-

260 981 396 1016 luntate
418 990 607 1028 peccatur,
633 982 663 1016 si
686 993 772 1027 ergo
794 993 869 1015 non
891 982 935 1016 sit
955 990 1145 1028 peccatum
1167 982 1203 1015 in
1225 981 1422 1024 voluntate,
1448 993 1523 1015 non
1545 982 1611 1016 erit
1630 989 1822 1027 peccatum

259 1036 295 1069 in
318 1036 484 1070 exteriori
506 1043 606 1069 actu:
630 1042 664 1069 et
684 1035 766 1069 ideo
789 1042 865 1069 tota
885 1035 1038 1077 bonitas,
1060 1034 1119 1069 vel
1141 1035 1279 1069 malitia
1301 1035 1488 1070 exterioris
1514 1043 1613 1069 actus
1636 1046 1678 1069 ex
1699 1033 1823 1069 volun-

257 1097 328 1123 tate
351 1089 538 1135 dependet.

333 1153 360 1188 3.
384 1142 619 1176 PRAETEREA.
643 1141 799 1184 Bonum,
822 1149 857 1176 et
878 1141 1029 1183 malum,
1052 1141 1095 1175 de
1118 1152 1189 1187 quo
1216 1153 1312 1176 nunc
1334 1141 1529 1188 loquimur,
1555 1148 1637 1176 sunt
1661 1139 1824 1175 differen-

257 1195 327 1229 tiae
346 1195 493 1229 moralis
515 1203 632 1229 actus:
657 1194 880 1229 differentiae
903 1203 1023 1229 autem
1046 1206 1108 1241 per
1129 1206 1166 1229 se
1188 1195 1352 1229 dividunt
1373 1206 1498 1241 genus,
1520 1194 1722 1229 secundum
1743 1194 1824 1228 Phi-

258 1248 454 1294 losophum
476 1249 511 1282 in
534 1259 565 1294 7.
587 1248 745 1295 Metaph.
771 1248 848 1292 (tex.
871 1249 959 1294 43.);
984 1260 1067 1282 cum
1088 1248 1197 1294 igitur
1223 1255 1323 1283 actus
1350 1249 1395 1282 sit
1415 1248 1564 1283 moralis
1591 1259 1633 1282 ex
1660 1258 1703 1282 eo
1725 1247 1822 1293 quod

259 1310 311 1336 est
331 1301 565 1344 voluntarius,
591 1302 743 1345 videtur,
770 1302 866 1348 quod
901 1303 1034 1344 honum,
1069 1310 1104 1336 et
1132 1302 1257 1337 malum
1281 1302 1454 1349 accipitur
1474 1304 1510 1337 in
1533 1309 1615 1336 actu
1641 1301 1761 1336 solum
1779 1313 1821 1335 ex

258 1362 356 1402 parte
378 1355 583 1390 voluntatis.

331 1409 405 1443 SED
428 1419 582 1443 CONTRA
605 1416 667 1452 est,
691 1409 788 1455 quod
819 1409 972 1454 August.
1001 1408 1085 1443 dicit
1109 1409 1146 1442 in
1167 1408 1226 1443 lib.
1256 1409 1394 1443 Contra
1416 1408 1649 1443 Mendacium
1674 1409 1761 1454 (cap.
1791 1418 1820 1453 7.

255 1469 381 1509 parum
404 1468 477 1497 anta
505 1462 602 1507 med.)
623 1463 719 1508 quod
742 1463 920 1508 quaedam
943 1469 1034 1504 sunt,
1057 1474 1148 1509 quae
1170 1461 1271 1496 nullo
1298 1462 1400 1508 quasi
1421 1463 1519 1496 bono
1541 1461 1624 1504 fine,
1647 1469 1706 1496 aut
1725 1461 1822 1494 bona

260 1515 444 1550 voluntate
466 1524 616 1561 possunt
633 1517 723 1550 bene
739 1516 824 1550 fieri.

331 1569 559 1603 RESPONDEO
582 1569 787 1610 dicendum,
810 1568 918 1614 quod,
940 1570 1032 1603 sicut
1057 1570 1130 1614 jam
1157 1569 1294 1603 dictum
1323 1577 1374 1604 est
1400 1569 1483 1614 (art.
1507 1569 1646 1615 praec),
1674 1569 1710 1603 in
1730 1575 1822 1602 exte-

260 1623 345 1657 riori
367 1631 447 1657 actu
469 1630 588 1669 potest
610 1622 829 1656 considerari
850 1623 966 1669 duplex
987 1622 1140 1664 bonitas,
1162 1622 1220 1656 vel
1242 1622 1399 1656 malitia:
1424 1633 1490 1656 una
1508 1621 1708 1656 secundum
1729 1621 1823 1656 debi-

259 1684 334 1710 tam
356 1677 557 1719 materiam,
581 1684 614 1710 et
637 1676 947 1711 circumstantias:
975 1677 1044 1710 alia
1065 1676 1264 1710 secundum
1287 1675 1453 1710 ordinem
1480 1675 1523 1709 ad
1549 1674 1671 1711 finem.
1691 1675 1736 1709 Et
1760 1674 1821 1708 illa

260 1730 416 1776 quidem,
440 1741 530 1776 quae
553 1738 606 1764 est
627 1730 827 1764 secundum
851 1729 1015 1763 ordinem
1044 1730 1086 1763 ad
1108 1729 1230 1771 finem,
1252 1737 1329 1763 tota
1355 1729 1532 1775 dependet
1553 1740 1595 1763 ex
1615 1728 1820 1763 voluntate:

258 1783 318 1818 illa
346 1791 478 1825 autem,
501 1795 592 1829 quae
615 1791 668 1817 est
694 1794 735 1817 ex
763 1783 881 1817 debita
910 1783 1070 1825 materia,
1103 1782 1162 1817 vel
1192 1783 1482 1825 circumstantiis,
1510 1783 1686 1829 dependet
1708 1795 1751 1818 ex
1772 1794 1823 1817 ra-

258 1839 420 1871 tione2et
442 1849 483 1871 ex
505 1837 572 1871 hac
596 1836 773 1882 dependet
787 1837 928 1871 bonitas
944 1837 1154 1879 voluntatis,
1175 1837 1376 1871 secundum
1399 1838 1495 1883 quod
1510 1837 1546 1870 in
1560 1837 1676 1883 ipsam
1698 1835 1820 1871 fertur.

258 1890 320 1924 Est
341 1898 462 1924 autem
485 1891 800 1932 considerandum,
823 1891 931 1936 quod,
946 1890 1038 1924 sicut
1052 1902 1157 1937 supra
1171 1890 1308 1925 dictum
1324 1898 1376 1925 est
1390 1891 1560 1937 (q.praec.
1579 1895 1641 1925 art.
1658 1890 1690 1925 6.
1705 1890 1747 1924 ad
1759 1891 1819 1936 1.),

258 1944 301 1978 ad
323 1944 393 1978 hoc
418 1944 513 1990 quod
536 1944 668 1990 aliquid
691 1944 736 1978 sit
757 1944 907 1986 malum,
927 1943 1057 1978 sufficit
1078 1955 1168 1978 unus
1191 1944 1381 1990 singularis
1403 1943 1580 1979 defectus:
1606 1944 1648 1978 ad
1670 1943 1740 1978 hoc
1764 1955 1822 1977 au-

258 2005 330 2031 tem
353 1998 449 2043 quod
479 1999 525 2031 sit
559 1997 769 2043 simpliciter
790 1997 940 2039 bonum,
978 2008 1052 2031 non
1082 1996 1213 2032 sufficit
1243 2009 1356 2031 unum
1385 1997 1565 2044 singulare
1586 1997 1736 2040 bonum,
1758 1997 1820 2031 sed

258 2051 447 2097 requiritur
473 2051 657 2097 integritas
684 2051 872 2085 bonitatis:
894 2051 923 2085 si
946 2051 1052 2097 igitur
1077 2050 1244 2085 voluntas
1266 2051 1310 2085 sit
1331 2051 1425 2085 bona
1448 2059 1483 2086 et
1504 2062 1545 2085 ex
1573 2051 1715 2096 objecto
1742 2062 1821 2097 pro-

259 2105 348 2151 prio,
378 2111 411 2138 et
439 2116 480 2138 ex
506 2104 587 2146 fine,
628 2115 853 2150 consequens
885 2112 947 2146 est,
976 2112 1098 2138 actum
1125 2105 1340 2139 exteriorem
1371 2116 1448 2139 esse
1474 2104 1632 2139 bonum:
1655 2104 1719 2139 sed
1746 2115 1819 2138 non

259 2157 388 2192 sufficit
409 2157 452 2191 ad
475 2158 545 2191 hoc
568 2158 663 2203 quod
688 2165 786 2192 actus
810 2158 962 2192 exterior
981 2158 1025 2192 sit
1038 2158 1164 2200 bonus,
1187 2158 1327 2193 bonitas
1353 2157 1413 2203 [al.
1437 2158 1594 2203 bonitate]
1612 2157 1818 2200 voluntatis,

259 2222 349 2257 quae
373 2218 425 2245 est
447 2223 487 2245 ex
509 2211 709 2245 intentione
733 2211 830 2253 finis3
853 2211 914 2245 sed
930 2212 956 2245 si
976 2211 1143 2245 voluntas
1165 2212 1210 2246 sit
1232 2211 1328 2245 mala
1350 2211 1424 2245 sive
1447 2222 1488 2245 ex
1507 2212 1707 2246 intentione
1729 2211 1819 2253 finis,

259 2265 333 2299 sive
357 2277 398 2298 ex
417 2272 497 2298 actu
519 2264 645 2306 volito,
668 2276 894 2310 consequens
918 2272 979 2306 est,
1000 2272 1121 2299 actum
1143 2265 1358 2299 exteriorem
1381 2276 1458 2299 esse
1481 2264 1629 2299 malum.

330 2317 390 2352 AD
412 2328 559 2352 1¹R1MUM
591 2329 675 2363 ergo
704 2318 907 2361 dicendum,
937 2319 1034 2365 quod
1055 2318 1221 2353 voluntas
1251 2319 1357 2362 bona,
1379 2326 1484 2366 prout
1511 2318 1733 2365 significatur
1758 2329 1819 2365 per

259 2372 423 2406 arborem
442 2372 588 2413 bonam,
611 2379 662 2405 est
681 2372 900 2417 accipienda,
923 2372 1122 2406 secundum
1136 2373 1234 2419 quod
1256 2373 1363 2407 habet
1381 2373 1579 2407 bonitatem
1599 2384 1640 2406 ex
1660 2380 1740 2406 actu
1759 2382 1820 2405 vo-

258 2425 333 2468 lito,
357 2432 390 2459 et
413 2436 452 2459 ex
476 2425 544 2458 fine
567 2425 715 2459 intento.

328 2478 387 2513 At>
404 2489 609 2513 SECUNDUM
626 2478 828 2521 dicendum,
843 2479 940 2525 quod
955 2490 1026 2513 non
1042 2479 1162 2514 solum
1178 2479 1303 2527 aliquis
1321 2479 1506 2514 voluntate
1521 2487 1658 2527 peccat,
1673 2479 1818 2526 quando

259 2531 333 2566 vult
355 2531 491 2565 malum
516 2531 636 2574 finem,
659 2532 719 2565 sed
744 2532 851 2566 etiam
874 2532 1017 2577 quando
1040 2533 1116 2567 vult
1140 2533 1276 2568 malum
1299 2541 1432 2568 actum.

329 2585 388 2619 AD
408 2595 577 2619 TERTIUM
598 2583 800 2628 dicendum,
824 2585 919 2631 quod
934 2586 1163 2620 7υοῖιωιιιινῐιιιη
1180 2587 1308 2621 dicitur
1322 2598 1395 2621 non
1417 2586 1536 2621 solum
1553 2594 1650 2621 actus
1673 2587 1818 2621 interior

259 2638 463 2681 voluntatis,
483 2639 545 2673 sed
565 2639 673 2673 etiam
690 2646 788 2672 actus
812 2639 1017 2680 exteriores,
1034 2649 1136 2685 prout
1153 2653 1171 2674 a
1186 2641 1370 2676 voluntate
1385 2640 1595 2688 procedunt,
1611 2648 1644 2675 et
1662 2640 1817 2681 ratione;

258 2699 292 2726 et
310 2692 391 2727 ideo
414 2693 508 2727 circa
527 2700 697 2739 utrosque
717 2700 815 2726 actus
838 2700 955 2738 potest
978 2703 1054 2727 esse
1077 2693 1274 2729 differentia
1298 2696 1385 2736 boni,
1410 2702 1443 2729 et
1465 2695 1556 2729 mali.
