1875 3198
174 166 260 208 882
582 179 804 214 QUAESTIO
840 178 956 207 cxiv.
991 177 1237 207 ARTICULUS
1269 176 1327 206 v1.

170 261 271 295 titur:
302 260 404 295 Orate
425 267 490 307 pro
516 261 672 302 invicem,
699 265 734 294 ut
758 260 935 294 salvemini
944 271 956 300 ;
986 270 1070 292 cum
1096 257 1206 303 igitur
1232 256 1328 292 salus
1355 257 1516 292 hominis
1537 269 1612 292 non
1634 257 1749 303 possit

171 325 250 348 esse
271 313 341 348 nisi
361 325 425 359 per
446 314 612 360 gratiam,
633 313 775 347 videtur
802 312 899 359 quod
921 323 1013 346 unus
1039 312 1155 346 homo
1181 311 1295 358 possit
1316 310 1418 346 alteri
1440 311 1572 346 mereri
1592 313 1750 358 primam

171 367 338 414 gratiam.

246 432 274 467 3.
297 420 535 455 PRAETEREA.
555 420 678 454 Lucae
705 418 756 454 16.
780 419 930 453 dicitur:
957 420 1070 454 Facite
1092 420 1187 453 vobis
1208 419 1332 453 amicos
1353 418 1389 453 de
1410 429 1604 453 mammona
1629 419 1752 464 iniqui-

172 475 258 516 tatis,
281 479 318 508 ut
335 487 407 509 cum
427 474 621 520 defeceritis,
639 474 805 520 recipiant
821 485 880 507 vos
899 474 932 506 in
947 477 1079 507 aeterna
1099 472 1336 507 tabernacula.-
1359 472 1422 506 sed
1439 471 1561 506 nullus
1580 471 1751 518 recipitur

170 527 207 562 in
235 536 381 562 aeterna
408 527 641 562 tabernacula
667 527 736 561 nisi
763 538 826 572 per
851 526 1019 572 gratiam,
1046 537 1108 572 per
1136 537 1246 571 quarn
1273 525 1392 560 solam
1429 525 1558 572 aliquis
1592 533 1751 560 meretur

171 582 284 616 vitam
311 592 508 623 aeternam,
535 589 574 614 ut
599 592 706 627 supra
734 581 871 614 dictum
893 587 946 613 est
973 579 1054 624 (art.
1082 591 1113 614 2.
1136 579 1206 625 ij.
1230 591 1259 625 q.
1282 584 1312 614 et
1333 591 1364 625 q.
1384 591 1461 626 109.
1480 583 1544 614 art.
1561 579 1633 626 5.);
1663 589 1750 625 ergo

171 647 264 670 unus
285 636 400 670 homo
423 643 543 681 potest
565 634 668 668 alteri
690 634 877 680 acquirere
900 633 1076 667 merendo
1098 633 1256 679 primam
1278 632 1444 679 gratiam.

246 689 321 724 SED
338 699 494 724 CONTRA
510 697 573 730 est,
591 688 688 734 quod
704 688 833 721 dicitur
842 687 975 732 Jerem.
1000 698 1011 720 1
1023 698 1070 722 1.:
1090 687 1127 721 Si
1148 687 1268 721 steterit
1289 687 1428 732 Moyses,
1446 691 1474 721 et
1489 686 1622 721 Samuel
1637 697 1749 720 coram

171 756 234 786 me,
257 755 322 777 non
349 748 391 777 est
413 744 528 776 anima
554 754 627 776 mea
654 741 696 776 ad
716 741 883 788 populum
911 742 1028 775 istam:
1056 741 1118 786 qui
1143 748 1267 774 tamen
1292 739 1439 775 fuerunt
1459 739 1612 774 maximi
1632 739 1752 774 meriti

172 796 267 844 apud
288 797 431 838 Deum3
453 795 594 829 videtur
617 806 717 841 ergo,
737 795 834 841 quod
852 794 973 829 nullus
990 794 1104 841 possit
1126 794 1229 828 alteri
1250 794 1384 828 mereri
1404 794 1562 841 primam
1584 794 1750 840 gratiam.

243 849 474 884 Rssspoxmzo
498 849 706 891 dicendum,
729 849 838 895 quod,
854 849 947 883 sicut
968 860 1011 882 ex
1033 848 1247 893 supradictis
1263 856 1362 894 patet
1376 849 1457 893 (art.
1473 860 1501 883 r.
1516 853 1588 893 et4.
1607 848 1676 893 huj.
1692 847 1750 894 q),

172 915 263 950 opus
286 911 452 937 nostrum
470 903 580 937 habet
598 902 779 936 rationem
797 902 916 936 meriti
936 914 978 936 ex
996 901 1144 936 duobus:
1163 903 1277 948 primo
1297 902 1444 948 quidem
1463 912 1506 936 ex
1522 901 1560 935 vi
1577 901 1752 935 motionis

172 957 333 991 divinae:
358 965 392 991 et
410 957 460 990 sic
480 965 639 990 meretur
658 955 786 1002 aliquis
806 967 848 990 ex
867 955 1069 1002 condigno:
1093 955 1159 989 alio
1178 954 1275 989 modo
1290 955 1401 989 habet
1418 955 1600 990 rationem
1621 954 1752 996 meriti,

172 1010 375 1044 secundum
398 1010 495 1056 quod
517 1010 682 1056 procedit
704 1021 745 1044 ex
767 1009 881 1043 libero
905 1009 1065 1051 arbitrio,
1087 1009 1304 1054 inquantum
1321 1008 1528 1043 voluntarie
1550 1008 1685 1055 aliquid
1706 1007 1754 1042 fa-

172 1064 309 1099 cimus:
341 1072 376 1098 et
406 1076 449 1098 ex
478 1064 548 1097 hac
578 1072 679 1110 parte
707 1071 760 1098 est
781 1063 951 1097 meritum
974 1063 1149 1109 congrui3
1173 1064 1257 1108 quia
1280 1074 1485 1109 congruum
1507 1070 1572 1104 est,
1594 1070 1643 1104 ut,
1666 1062 1753 1096 dum

171 1118 287 1152 homo
319 1118 409 1151 bene
445 1118 555 1151 utitur
577 1129 641 1151 sua
662 1117 804 1158 virtute,
836 1117 936 1151 Deus
967 1116 1169 1150 secundum
1200 1115 1551 1162 superexcellentem
1581 1116 1751 1149 virtutem

174 1171 410 1206 excellentius
431 1179 610 1217 operetur.
634 1170 685 1204 Ex
708 1182 780 1217 quo
803 1179 912 1216 patet,
934 1170 1031 1216 quod
1054 1170 1185 1204 merito
1209 1170 1383 1215 condigni
1403 1169 1524 1204 nullus
1537 1177 1658 1216 potest
1678 1179 1753 1202 me-

172 1225 243 1260 reri
265 1224 368 1259 alteri
389 1225 546 1271 primam
576 1224 743 1271 gratiam,
773 1224 843 1258 nisi
871 1223 970 1258 solus
999 1223 1186 1258 Christus:
1213 1223 1297 1270 quia
1319 1223 1566 1270 unusquisque
1586 1230 1752 1257 nostrum

173 1287 340 1312 movetur
363 1290 381 1312 a
403 1279 484 1312 Deo
507 1289 571 1324 per
594 1278 732 1312 donum
751 1278 900 1323 gratiae,
923 1286 962 1311 ut
982 1277 1071 1323 ipse,
1095 1278 1138 1311 ad
1160 1277 1274 1311 vitam
1297 1285 1483 1311 aeternam
1501 1277 1697 1323 perveniat,
1720 1283 1755 1310 et

171 1332 254 1366 ideo
282 1333 453 1366 meritum
482 1332 658 1378 condigni
684 1331 777 1366 ultra
803 1332 898 1366 hanc
926 1331 1133 1366 motionem
1158 1342 1234 1365 non
1261 1342 1299 1365 se
1327 1330 1507 1365 extendit:
1535 1330 1598 1365 sed
1632 1330 1753 1364 anima

173 1386 311 1421 Christi
333 1395 433 1420 mota
453 1394 506 1420 est
525 1398 544 1420 a
562 1386 644 1420 Deo
664 1397 727 1431 per
746 1386 912 1432 gratiam,
931 1396 1006 1419 non
1022 1385 1142 1419 solum
1162 1393 1201 1419 ut
1217 1385 1294 1431 ipse
1312 1384 1517 1431 perveniret
1534 1384 1578 1419 ad
1597 1383 1752 1430 gloriam

171 1440 267 1474 vitae
301 1448 480 1480 aeternae,
509 1439 571 1474 sed
600 1439 709 1473 etiam
736 1447 775 1473 ut
802 1438 893 1473 alios
920 1439 956 1472 in
986 1450 1068 1472 eam
1095 1438 1301 1480 adduceret,
1328 1438 1545 1484 inquantum
1571 1445 1625 1472 est
1646 1444 1755 1483 caput

173 1493 372 1535 Ecclesiae,
397 1502 431 1528 et
453 1501 580 1527 auctor
599 1493 723 1527 salutis
738 1493 934 1534 humanae,
954 1492 1155 1526 secundum
1172 1491 1262 1525 illud
1282 1491 1326 1525 ad
1340 1491 1450 1526 Hebr.
1473 1502 1525 1526 2.:
1549 1492 1621 1536 Qui
1634 1491 1754 1526 maltos

162 1547 256 1593 filios
287 1549 319 1582 in
346 1548 491 1593 gloriam
521 1548 715 1589 adduxerat,
746 1552 915 1581 auctorem
944 1546 1070 1587 salutis,
1099 1554 1187 1580 etc.:
1218 1545 1280 1580 sed
1307 1545 1438 1579 merito
1462 1544 1616 1590 congrui
1635 1552 1755 1591 potest

173 1600 302 1647 aliquis
326 1601 428 1635 alteri
450 1601 581 1635 mereri
603 1601 758 1647 primam
782 1600 948 1645 gratiam.
971 1599 1068 1640 Quia
1091 1599 1189 1633 enim
1207 1599 1324 1633 homo
1345 1599 1382 1632 in
1405 1598 1519 1644 gratia
1537 1598 1753 1632 constitutus

172 1654 302 1701 implet
322 1655 392 1689 Dei
413 1654 654 1697 voluntatem,
677 1665 882 1699 congruum
905 1662 958 1687 est
980 1653 1182 1687 secundum
1205 1652 1386 1686 amicitiae
1407 1652 1697 1699 proportionem,
1716 1659 1754 1686 ut

172 1708 273 1743 Deus
306 1708 458 1755 impleat
490 1708 652 1743 hominis
680 1708 910 1742 voluntatem
936 1707 972 1740 in
1000 1706 1201 1741 salvatione
1229 1706 1397 1749 alterius;
1423 1705 1509 1740 licet
1530 1705 1749 1753 quandoque

172 1762 287 1808 possit
312 1763 447 1797 habere
474 1762 780 1808 impedimentum
807 1773 850 1796 ex
876 1769 976 1807 parte
1003 1760 1110 1802 illius,
1138 1761 1239 1806 cujus
1266 1759 1394 1806 aliquis
1416 1768 1563 1794 sanctus
1583 1759 1753 1806 justifica-

173 1816 313 1850 tionem
333 1816 528 1850 desiderat:
551 1824 584 1850 et
601 1816 638 1849 in
656 1816 728 1850 hoc
748 1826 833 1849 casu
849 1814 1010 1861 loquitur
1029 1814 1224 1848 auctoritas
1238 1813 1418 1859 Jeremiae
1436 1813 1567 1848 ultimo
1587 1813 1752 1848 adducta.

246 1870 306 1904 AD
329 1881 481 1905 PRtMUM
503 1881 591 1916 ergo
611 1869 818 1911 dicendum,
841 1869 938 1915 quod
957 1867 1045 1902 fides
1068 1867 1225 1902 aliorum
1245 1867 1342 1902 valet
1359 1867 1421 1902 alii
1439 1867 1484 1902 ad
1502 1866 1660 1902 salutem
1681 1877 1754 1902 me-

174 1925 242 1958 rito
267 1924 431 1970 congrui,
452 1935 527 1958 non
550 1924 682 1957 merito
706 1923 888 1969 condigni.

246 1978 306 2012 AD
324 1988 533 2012 SECUNDUM
548 1977 756 2018 dicendum,
771 1976 867 2022 quod
882 1976 1090 2022 impetratio
1103 1975 1278 2010 orationis
1293 1975 1455 2010 innititur
1467 1975 1752 2010 misericordiae:

174 2031 345 2066 meritum
372 2039 494 2065 autem
523 2031 695 2077 condigni
722 2030 885 2064 innititur
910 2030 1088 2076 justitiae,
1116 2038 1151 2064 et
1176 2029 1259 2064 ideo
1286 2029 1401 2063 multa
1423 2029 1562 2063 orando
1583 2029 1754 2076 impetrat

173 2085 289 2119 homo
313 2096 354 2119 ex
377 2085 498 2119 divina
520 2085 783 2125 misericordia,
807 2095 899 2130 quae
921 2092 1043 2118 tamen
1066 2094 1141 2117 non
1163 2091 1322 2117 meretur
1342 2082 1544 2117 secundum
1565 2082 1752 2128 justitiam,

174 2139 376 2173 secundum
398 2138 486 2173 illud
508 2138 671 2173 Danielis
694 2150 747 2186 9.:
769 2138 882 2184 Neque
903 2139 992 2172 enim
1013 2139 1047 2172 in
1065 2138 1355 2184 justificationibus
1375 2139 1496 2173 nostris
1510 2138 1753 2184 prosternimus

169 2199 283 2239 preces
304 2198 377 2227 anta
391 2194 518 2239 faciem
539 2198 642 2235 tuam,
670 2192 721 2227 scd
741 2193 773 2226 [n
793 2193 1058 2226 miserationibus
1077 2193 1139 2226 tuis
1160 2191 1283 2225 multis.

246 2247 307 2281 AD
335 2257 507 2281 TERTIUM
529 2246 736 2288 dicendum,
760 2245 857 2292 quod
879 2256 1056 2291 pauperes
1076 2244 1330 2291 eleemosynas
1348 2244 1566 2291 recipientes
1585 2244 1753 2279 dicuntur

175 2299 336 2346 recipere
360 2299 450 2334 alios
472 2300 507 2333 in
532 2308 676 2334 aeterna
698 2298 943 2341 tabernacula,
962 2298 1021 2332 vel
1039 2299 1267 2345 impetrando
1283 2298 1333 2333 eis
1354 2299 1502 2333 veniam
1521 2298 1673 2341 orando,
1695 2297 1753 2333 vel

176 2354 350 2388 merendo
381 2365 443 2400 per
471 2353 541 2387 alia
568 2353 664 2387 bona
692 2364 734 2387 ex
762 2364 945 2399 congruo:
974 2352 1032 2386 vel
1059 2353 1169 2386 etiam
1191 2351 1427 2387 materialiter
1447 2351 1646 2398 loquendo,
1669 2352 1752 2398 quia

175 2418 238 2453 per
259 2408 335 2454 ipsa
358 2419 468 2454 opera
496 2407 779 2448 misericordiae,
808 2418 899 2452 quae
923 2407 1001 2452 quis
1023 2407 1059 2440 in
1080 2418 1257 2453 pauperes
1280 2414 1435 2449 exercet,
1461 2414 1619 2441 meretur
1640 2406 1753 2452 recipi

174 2461 210 2494 in
234 2469 379 2495 aeterna
401 2460 646 2495 tabernacula.

735 2577 1084 2622 ARTICULUS
1116 2578 1218 2621 VII.
1683 2586 1752 2623 616

201 2674 354 2704 UTRUM
382 2675 512 2704 HOMO
546 2674 698 2704 POSSIT
733 2674 812 2704 SIBI
844 2675 1002 2704 MERERI
1036 2674 1377 2706 REPARATIONEM
1402 2674 1515 2705 POST
1542 2673 1726 2704 LAPSUM.

521 2752 569 2798 (3.
593 2752 680 2786 Dist.
703 2762 756 2797 27.
779 2757 844 2786 art.
867 2763 900 2796 4.
923 2751 1011 2798 (1213.
1034 2757 1064 2787 ct
1086 2752 1190 2787 Hebr.
1214 2751 1247 2787 6.
1270 2752 1339 2787 lect.
1358 2751 1416 2798 3.).

249 2836 309 2870 AD
333 2846 525 2870 SEPTIMUM
549 2836 598 2869 sic
622 2835 840 2882 proceditur.
862 2834 1025 2877 Videtur,
1048 2835 1145 2881 quod
1174 2835 1303 2882 aliquis
1325 2834 1439 2882 possit
1459 2834 1526 2869 sibi
1548 2833 1681 2869 mereri
1702 2845 1753 2868 re-

178 2889 403 2935 parationem
427 2898 510 2936 post
531 2889 689 2936 lapsum:
713 2888 800 2923 illud
824 2888 933 2930 enim,
953 2889 1049 2934 quod
1072 2890 1164 2934 juste
1183 2900 1201 2923 a
1221 2889 1302 2924 Deo
1318 2888 1460 2935 petitur,
1478 2888 1593 2923 homo
1611 2887 1752 2922 videtur
