1875 3198
220 198 302 239 550
632 195 849 230 QUAESTIO
883 196 1027 224 LXXVI.
1064 195 1308 225 ARTICULUS
1342 195 1368 224 Ι.

288 278 347 312 AD
371 288 577 312 SECUNDUM
599 276 803 318 dicendum,
827 276 923 322 quod
947 276 1038 310 sicut
1057 276 1217 318 scientia,
1240 288 1349 322 quam
1371 276 1465 310 tollit
1490 277 1706 323 ignorantia,
1729 289 1780 311 re-

218 331 322 377 spicit
342 338 533 377 peccatum
555 341 596 364 ex
618 337 717 376 parte
739 329 1004 371 conversionis;
1028 329 1074 363 ita
1097 329 1207 362 etiam
1225 329 1430 375 ignorantia
1452 341 1492 364 ex
1514 338 1614 376 parte
1633 341 1780 365 conver-

218 384 329 418 sionis
352 392 405 418 est
426 395 535 418 causa
556 383 707 430 peccati,
727 390 764 416 ut
786 394 977 416 removens
1000 382 1204 428 prohibens.

288 437 347 471 AD
371 447 541 472 TERTIUM
561 436 765 477 dicendum,
789 435 884 481 quod
907 435 942 469 in
964 435 1052 469 illud
1080 435 1176 481 quod
1199 443 1251 469 est
1272 443 1446 482 quantum
1469 436 1512 469 ad
1535 436 1659 470 omnia
1679 436 1780 482 igno-

217 500 306 532 tum,
328 501 401 524 non
423 498 541 536 potest
562 489 644 523 ferri
665 488 850 523 voluntas:
885 488 947 522 sed
970 489 998 522 si
1021 488 1154 534 aliquid
1174 496 1227 522 est
1252 490 1452 523 secundum
1479 488 1613 535 aliquid
1638 497 1778 531 notum,

219 553 254 579 et
271 544 470 578 secundum
493 543 626 589 aliquid
649 551 700 576 est
721 543 899 588 ignotum,
921 550 1038 588 potest
1063 541 1230 576 voluntas
1258 541 1344 576 illud
1370 541 1480 576 velle:
1509 550 1544 576 et
1569 542 1640 576 hoc
1667 543 1779 577 modo

218 597 421 643 ignorantia
444 605 496 631 est
518 607 625 630 causa
647 595 804 642 peccati3
827 595 919 629 sicut
941 607 1024 628 cum
1047 595 1173 641 aliquis
1196 595 1262 629 scit
1283 595 1391 637 hunc,
1410 606 1519 641 quem
1542 595 1686 638 occidit,
1702 607 1778 630 esse

218 651 419 693 hominem,
442 650 503 684 sed
525 649 639 683 nescit
661 659 743 682 eum
766 659 842 682 esse
864 656 1023 694 patrem,
1044 647 1102 682 vel
1125 659 1208 682 cum
1235 647 1362 694 aliquis
1385 649 1451 682 scit
1471 648 1630 694 aliquem
1658 658 1778 683 actum

219 715 295 738 esse
319 701 581 744 delectabilem,
603 701 716 735 nescit
740 709 862 735 tamen
885 712 969 735 eum
992 712 1069 735 esse
1091 709 1293 747 peccatum.

780 841 1124 886 ARTICULUS
1155 841 1209 883 II.
1711 861 1777 893 ,ιη

593 948 745 978 UTRUM
768 948 1040 978 IGNORANTIA
1063 949 1130 977 SIT
1152 948 1403 977 PEccATUM.

286 1038 387 1084 (Insr.
410 1049 439 1082 q.
462 1038 517 1081 84.
540 1041 603 1070 art.
626 1047 657 1080 4.
681 1036 722 1070 ad
744 1048 772 1082 5.
795 1041 824 1070 et
844 1049 874 1082 q.
898 1048 963 1081 105.
983 1041 1048 1070 art.
1071 1048 1102 1071 2.
1123 1036 1165 1070 ad
1187 1048 1218 1082 9.
1240 1041 1270 1071 et
1287 1047 1355 1071 2-2.
1378 1048 1408 1082 q.
1423 1048 1467 1082 53.
1487 1041 1551 1071 art.
1575 1047 1605 1071 2.
1628 1035 1671 1070 ad
1689 1048 1719 1071 2.

431 1095 459 1124 et
484 1102 515 1125 2.
536 1090 623 1124 Dist.
645 1101 700 1134 42.
723 1101 752 1135 q.
776 1101 806 1124 2.
829 1094 891 1123 art.
914 1101 944 1124 2.
965 1089 1006 1123 ad
1024 1102 1051 1135 3.
1075 1094 1102 1124 ct
1125 1090 1207 1123 Mal.
1227 1101 1256 1135 q.
1273 1101 1300 1135 3.
1321 1095 1383 1124 art.
1407 1101 1436 1135 7.
1463 1096 1552 1136 corp.

572 1149 602 1177 et
619 1143 661 1177 ad
682 1155 708 1177 Ι.
729 1154 758 1188 7.
774 1147 802 1177 et
822 1155 867 1177 ΙΙ.
887 1148 914 1178 et
942 1143 1063 1187 chodl.
1086 1155 1113 1177 r.
1133 1148 1198 1177 art.
1220 1155 1271 1188 19.
1299 1143 1418 1189 corp).

288 1232 348 1266 AD
364 1242 571 1266 SECUNDUM
586 1231 635 1265 sic
656 1231 871 1277 proceditur.
895 1231 1057 1273 Videtur,
1077 1232 1173 1276 quod
1196 1231 1401 1277 ignorantia
1415 1241 1489 1264 non
1507 1230 1552 1264 sit
1573 1238 1779 1276 peccatum:

218 1293 406 1332 peccatum
426 1285 523 1318 enim
539 1293 591 1319 est
604 1284 739 1326 dictum,
755 1284 960 1330 wlfadum,
979 1284 1031 1318 vel
1049 1285 1259 1331 concupitum
1274 1289 1389 1327 contra
1403 1284 1502 1329 lagem
1524 1284 1600 1324 Dei,
1621 1291 1660 1318 ut
1674 1294 1779 1330 supra

217 1339 379 1373 habiturn
402 1346 454 1372 est
468 1338 515 1383 (q.
531 1349 578 1384 71.
594 1342 657 1371 art.
677 1337 747 1382 6.).·
770 1337 831 1371 sed
848 1338 1051 1383 ignorantia
1067 1348 1141 1371 non
1160 1338 1332 1383 importat
1351 1337 1508 1383 al=⁷quem
1528 1345 1649 1371 actum
1662 1348 1779 1383 neque

217 1392 436 1433 interiorem,
459 1402 575 1436 neque
598 1390 833 1432 exteriorem3
856 1402 943 1436 ergo
966 1391 1171 1436 ignorantia
1193 1402 1266 1424 non
1290 1398 1342 1424 est
1364 1399 1565 1436 peccatum.

290 1456 320 1479 2.
343 1445 578 1480 PRAETEREA.
594 1445 791 1479 Peccatum
813 1445 981 1478 directius
1003 1445 1197 1490 opponitur
1216 1445 1363 1490 gratiae,
1380 1456 1488 1490 quam
1503 1445 1696 1478 scientiae:
1719 1444 1780 1478 sed

219 1499 371 1545 privatio
387 1498 523 1544 gratiae
538 1509 611 1531 non
628 1506 679 1532 est
694 1506 896 1543 peccatum,
914 1498 974 1531 sed
990 1498 1106 1543 magis
1122 1509 1238 1544 poena
1258 1497 1437 1544 quaedam
1459 1508 1686 1543 consequens
1702 1508 1780 1543 pec-

218 1560 358 1594 catum;
377 1563 464 1597 ergo
480 1551 694 1597 ignorantia,
710 1562 801 1597 quae
823 1559 875 1585 est
890 1551 1040 1597 privatio
1057 1551 1240 1593 scientiae,
1267 1562 1340 1585 non
1363 1559 1416 1585 est
1436 1558 1638 1597 peccatum.

291 1617 319 1651 3.
342 1605 577 1639 PRAETEREA.
603 1604 638 1637 Si
662 1604 865 1649 ignorantia
897 1612 949 1638 est
971 1612 1172 1650 peccatum,
1194 1604 1265 1638 hoc
1288 1616 1362 1638 non
1393 1612 1445 1638 est
1471 1604 1540 1638 nisi
1565 1604 1780 1650 inquantum

217 1666 270 1692 est
290 1657 512 1692 voluntaria:
536 1658 596 1691 sed
619 1658 647 1691 si
669 1658 872 1703 ignorantia
895 1658 938 1691 sit
957 1666 1157 1703 peccatum,
1186 1658 1399 1704 inquantum
1422 1665 1475 1692 est
1495 1657 1712 1699 voluntaria,
1734 1658 1782 1690 vi-

217 1712 318 1746 detur
332 1719 522 1757 peccatum
541 1710 575 1744 in
595 1711 672 1756 ipso
696 1719 777 1744 actu
796 1710 991 1744 voluntatis
1012 1711 1208 1745 consistere
1236 1711 1363 1757 magis,
1378 1722 1488 1757 quarn
1504 1710 1540 1744 in
1556 1710 1780 1756 ignorantia;

217 1777 304 1811 ergo
320 1765 523 1811 ignorantia
538 1776 611 1798 non
627 1765 693 1798 erit
707 1772 908 1810 peccatum,
920 1765 980 1798 sed
997 1765 1112 1810 magis
1127 1764 1261 1810 aliquid
1276 1776 1503 1811 consequens
1519 1764 1562 1798 ad
1578 1773 1780 1810 peccatum.

286 1828 319 1861 4.
335 1818 570 1852 PRAETEREA.
587 1817 711 1852 Omne
726 1825 913 1862 peccatum
929 1830 991 1864 per
1009 1818 1270 1864 poenitentiam
1288 1818 1436 1860 tollitur,
1455 1829 1520 1852 nec
1538 1817 1684 1864 aliquod
1703 1828 1782 1864 pec·

218 1880 339 1905 catum
359 1871 536 1905 transiens
558 1878 656 1904 reatu
679 1879 842 1904 remanet
864 1879 956 1913 actu,
978 1871 1045 1904 nisi
1067 1870 1187 1905 solum
1210 1871 1402 1917 originale:
1426 1871 1631 1917 ignorantia
1659 1879 1780 1905 autem

216 1936 289 1959 non
304 1924 441 1958 tollitur
458 1936 521 1970 per
534 1924 806 1970 poenitentiam,
826 1924 886 1958 sed
910 1925 1026 1958 adhuc
1043 1932 1206 1958 remanet
1226 1932 1318 1966 actu,
1339 1925 1439 1958 omni
1461 1917 1561 1958 reatu
1576 1935 1639 1970 per
1660 1924 1782 1970 poeni-

216 1979 365 2012 tentiam
393 1985 553 2020 remot03
577 1989 663 2023 ergo
686 1977 889 2023 ignorantia
915 1989 989 2021 non
1012 1985 1064 2012 est
1086 1985 1287 2023 peccatum,
1319 1978 1387 2011 nisi
1410 1977 1501 2012 forte
1524 1977 1569 2012 sit
1591 1976 1779 2023 originale.

292 2043 319 2076 ς.
342 2032 578 2066 PRAETEREA.
603 2031 640 2065 Si
659 2031 734 2077 ipsa
758 2031 960 2077 ignorantia
983 2031 1027 2065 sit
1048 2039 1250 2077 peccatum,
1273 2031 1444 2077 quamdiu
1464 2039 1668 2065 remaneret
1683 2031 1781 2076 igno-

218 2085 331 2119 rantia
354 2086 387 2118 in
409 2085 570 2126 homine,
593 2085 730 2118 tamdiu
764 2092 843 2118 actu
873 2093 1057 2130 peccaret:
1086 2085 1147 2118 sed
1171 2085 1342 2118 continue
1370 2092 1493 2118 manet
1515 2084 1717 2130 ignorantia
1745 2084 1779 2117 in

217 2139 426 2184 ignorante3
450 2149 535 2183 ergo
559 2138 729 2183 ignorans
746 2138 915 2171 continue
938 2145 1114 2183 peccaret,
1130 2137 1226 2183 quod
1249 2146 1346 2184 patet
1364 2149 1441 2172 esse
1457 2137 1608 2179 falsum;
1628 2137 1710 2183 quia
1730 2137 1778 2171 sic

218 2192 420 2237 ignorantia
443 2199 535 2225 esset
557 2191 831 2236 gravissimum3
855 2202 927 2224 non
955 2202 1041 2236 ergo
1064 2191 1267 2235 ignorantia
1291 2199 1343 2225 est
1365 2199 1565 2237 peccatum.

289 2245 363 2280 SED
387 2255 552 2279 CONTRA.
580 2244 680 2278 Nihil
704 2253 859 2279 meretur
882 2256 1050 2290 poenam,
1072 2245 1139 2278 nisi
1163 2253 1371 2290 peccatum:
1395 2245 1457 2279 sed
1483 2245 1687 2291 ignorantia
1710 2256 1782 2279 me-

218 2306 313 2332 retur
334 2309 504 2344 poenam,
526 2298 724 2332 secundum
748 2297 833 2332 illud
854 2309 879 2332 1.
904 2298 946 2332 ad
971 2298 1136 2332 Corinth.
1158 2308 1207 2340 14.
1222 2310 1228 2332 :
1244 2299 1364 2344 Siquis
1382 2301 1526 2344 ignorat,
1548 2299 1778 2344 ignorabitur,-

217 2363 304 2398 ergo
327 2351 530 2397 ignorantia
553 2360 605 2385 est
628 2359 828 2397 peccatum.

288 2405 516 2439 RESPONDEO
540 2404 745 2445 dicendum,
768 2404 863 2450 quod
886 2405 1090 2450 ignorantia
1112 2405 1148 2438 in
1170 2405 1240 2439 hoc
1265 2416 1283 2438 a
1306 2405 1502 2439 nescientia
1531 2403 1660 2446 differt,
1683 2405 1778 2451 quod

217 2459 413 2493 nescientia
440 2459 526 2492 dicit
547 2458 749 2504 simplicem
773 2459 943 2492 scientiae
966 2459 1216 2504 negationem3
1239 2458 1332 2492 unde
1356 2460 1572 2504 cuicumque
1600 2458 1700 2492 deest
1722 2457 1780 2492 ali-

217 2524 370 2558 quarum
393 2523 511 2546 rerum
539 2511 700 2552 scientia,
728 2519 844 2557 potest
871 2511 940 2545 dici
968 2512 1106 2545 nescire
1134 2511 1231 2553 ill-as3
1258 2511 1458 2546 secundum
1487 2522 1595 2557 quem
1627 2511 1777 2545 modurn

217 2566 415 2612 Dionysius
438 2566 472 2599 in
490 2565 625 2611 angelis
642 2565 875 2598 nescientiam
893 2565 1004 2610 ponit,
1020 2576 1050 2610 7.
1068 2576 1144 2611 cap.
1162 2565 1265 2599 Coei.
1283 2565 1421 2599 Hierar.
1439 2565 1472 2608 (a
1486 2564 1566 2599 und.
1582 2569 1610 2600 cl
1625 2571 1696 2611 cap.
1708 2564 1778 2610 5.):

218 2620 420 2665 ignorantia
454 2630 540 2653 vero
572 2619 743 2664 importat
777 2618 946 2651 scientiae
976 2618 1226 2664 privationem,
1257 2619 1342 2652 dum
1377 2617 1514 2652 scilicet
1548 2617 1654 2652 alicui
1681 2617 1779 2651 deest

217 2673 388 2707 scientiae
411 2684 550 2714 eorum,
573 2683 663 2718 quae
687 2679 788 2717 aptus
815 2679 918 2704 natus
941 2679 992 2704 est
1015 2671 1115 2705 scire.
1141 2671 1281 2705 Horum
1305 2679 1425 2705 autem
1448 2671 1626 2717 quaedam
1651 2670 1778 2717 aliquis

217 2726 308 2760 scire
330 2734 487 2767 tenetur3
515 2725 575 2759 illa
597 2724 745 2766 scilicet,
773 2724 847 2758 sine
875 2736 1029 2770 quorum
1053 2725 1201 2758 scientia
1229 2736 1302 2759 non
1326 2732 1441 2770 potest
1468 2724 1627 2759 debitum
1657 2732 1777 2758 actum

218 2788 312 2813 recte
336 2791 522 2820 exercere3
547 2778 639 2812 unde
662 2789 789 2812 omnes
818 2786 982 2811 tenentur
1009 2778 1099 2811 scire
1122 2778 1364 2812 communiter
1386 2789 1440 2819 ea,
1463 2789 1554 2824 quac
1580 2785 1662 2811 sunt
1684 2776 1777 2817 fidei,

217 2841 251 2867 et
274 2832 487 2866 universalia
511 2832 595 2876 juris
619 2839 826 2877 praecepta:
851 2830 979 2875 singuli
1004 2839 1122 2864 autem
1147 2843 1199 2871 ea,
1221 2843 1312 2877 quae
1336 2831 1378 2864 ad
1401 2842 1527 2865 corum
1555 2839 1699 2871 statum,
1721 2829 1777 2864 vel

218 2884 377 2920 officium
400 2893 581 2932 spectant:
604 2885 780 2930 quaedam
804 2895 889 2917 vero
909 2892 1000 2921 sunt,
1024 2895 1114 2929 quae
1137 2884 1200 2918 etsi
1225 2884 1352 2930 aliquis
1374 2892 1478 2918 natus
1500 2892 1552 2918 est
1578 2883 1681 2923 scire,
1703 2894 1775 2918 non
