1907 3198
492 201 715 236 QUAESTIO
751 200 881 229 XXXV.
917 198 1165 229 ARTICULUS
1199 199 1239 228 V.
1567 186 1650 240 269

73 283 223 331 plationi
261 283 430 329 adjuncta
465 294 528 329 per
550 282 719 317 accidens
742 282 981 316 contrariatur
1008 279 1241 315 delectationi
1268 280 1363 325 ejus:
1386 290 1473 313 narn
1499 278 1653 320 tristitia,

73 349 165 384 quae
179 344 232 371 est
254 337 297 371 de
320 337 583 382 impedimento
607 335 1027 382 contemplationis,non
1051 334 1292 369 contrariatur
1314 333 1549 368 delectationi
1572 343 1656 366 con-

72 390 338 438 templationis:
362 391 424 425 sed
447 391 564 434 magis
586 391 695 425 habet
718 389 942 431 affinitatem,
966 397 999 423 et
1019 388 1315 423 convenientiam
1335 398 1419 421 cum
1442 387 1530 434 ipsa,
1555 395 1593 421 ut
1613 398 1655 420 ex

72 456 178 492 supra
199 444 303 479 dictis
322 452 419 491 patet
442 444 521 489 (art.
540 445 694 491 praec).-
722 445 864 478 tristitia
886 455 985 486 vero,
1015 443 1074 477 vel
1110 442 1271 484 afflictio,
1299 454 1391 488 quae
1419 450 1471 476 est
1493 442 1536 476 de
1559 441 1656 476 lassi-

71 498 194 534 tudine
217 497 410 545 corporali,
433 509 507 532 non
531 499 574 532 ad
596 499 694 532 idem
717 509 831 544 genus
854 497 1021 532 refertur:
1046 497 1140 531 unde
1163 504 1216 531 est
1234 496 1377 542 penitus
1400 496 1598 542 disparata:
1621 503 1656 530 et

71 552 123 598 sic
145 551 379 587 manifestum
399 559 463 594 est,
486 553 584 598 quod
603 552 952 598 delectationi,quae
976 559 1030 586 est
1051 551 1095 585 de
1117 551 1194 597 ipsa
1218 549 1543 596 contemplatione,
1556 549 1655 584 nulla

70 605 213 641 tristitia
239 606 492 648 contrariatur,
512 617 579 640 nec
603 606 811 652 adjungitur
833 606 865 640 ei
889 605 1008 652 aliqua
1027 604 1170 640 tristitia
1196 604 1265 639 nisi
1287 616 1350 651 per
1372 604 1552 638 accidens.

143 659 204 695 AD
226 670 377 695 PRIMUM
400 671 488 706 ergo
511 660 827 706 dicendum,quod
851 659 912 694 illa
934 659 1089 701 tristitia,
1105 670 1198 705 quae
1219 666 1272 693 est
1293 658 1496 692 secundum
1518 658 1655 699 Deum,

71 724 146 749 non
169 721 223 749 est
249 714 293 748 de
314 714 391 760 ipsa
415 713 728 760 contemplatione
751 714 894 756 mentis,
917 713 979 748 sed
1003 721 1056 747 est
1082 712 1125 747 de
1148 711 1283 759 aliquo,
1311 713 1408 758 quod
1436 723 1541 746 mens
1569 722 1655 745 con-

70 766 278 814 templatur,
300 759 441 802 scilicet
453 768 496 802 de
512 776 678 814 peccato,
699 769 797 814 quod
819 779 922 803 mens
945 768 1152 802 considerat
1165 775 1203 801 ut
1222 768 1446 802 contrarium
1468 766 1655 801 dilectioni

73 820 134 867 [al.
157 821 378 867 delectationi]
398 822 553 856 divinae.

142 875 202 910 AD
224 886 433 911 SECUNDUM
461 876 667 919 dicendum,
690 876 788 923 quod
816 888 857 911 ea
885 888 977 923 quae
999 884 1082 911 sunt
1109 875 1291 910 contraria
1314 875 1350 910 in
1372 887 1493 909 rerum
1514 882 1654 916 natura,

71 929 272 964 secundum
295 930 392 976 quod
415 939 498 964 sunt
518 930 554 964 in
578 938 714 972 mente,
735 942 810 964 non
837 931 972 965 habent
999 930 1311 965 contrarietatem:
1332 941 1407 964 non
1430 929 1527 964 enim
1551 929 1657 963 ratio-

70 993 134 1018 nes
153 984 421 1018 contrariorum
447 992 531 1018 sunt
565 985 789 1027 contrariae3
818 985 879 1019 sed
902 985 1020 1030 magis
1054 996 1168 1019 unum
1192 985 1460 1019 contrariorum
1489 991 1542 1018 est
1563 983 1655 1016 ratio

71 1037 321 1084 cognoscendi
348 1038 464 1072 aliud:
487 1046 635 1085 propter
657 1038 755 1085 quod
774 1046 828 1073 est
849 1050 920 1072 una
943 1039 1092 1073 scientia
1117 1039 1396 1073 contrariorum.

142 1091 203 1126 AD
225 1101 399 1127 TERTIUM
417 1092 626 1135 dicendum,
646 1093 743 1139 quod
761 1092 1025 1139 contemplatio
1040 1094 1242 1127 secundum
1265 1104 1302 1127 se
1324 1103 1526 1138 numquam
1546 1091 1657 1126 habet

69 1145 250 1180 rationem
279 1145 391 1189 mali3
426 1157 512 1180 curn
534 1146 799 1192 contemplatio
826 1146 918 1181 nihil
941 1146 1037 1181 aliud
1068 1147 1125 1188 sit,
1159 1158 1270 1193 quam
1299 1146 1545 1181 consideratio
1568 1146 1656 1188 veri,

71 1199 168 1246 quod
202 1207 256 1234 est
283 1200 423 1235 bonum
445 1200 667 1235 intellectus:
703 1201 765 1234 sed
792 1212 856 1247 per
891 1201 1059 1235 accidens
1092 1208 1252 1243 tantum3
1281 1201 1496 1247 inquantum
1519 1199 1658 1234 scilicet

71 1254 335 1302 contemplatio
369 1254 507 1290 vilioris
537 1255 689 1301 impedit
711 1255 1067 1301 contemplationem
1096 1255 1280 1298 melioris;
1310 1255 1369 1290 vel
1400 1267 1441 1289 ex
1473 1263 1574 1301 parte
1606 1254 1657 1288 rei

72 1308 354 1356 contemplatae,
374 1309 417 1343 ad
440 1320 550 1356 quam
573 1309 777 1344 inordinate
805 1309 985 1356 appetitus
1010 1308 1175 1345 afficitur.

143 1363 205 1399 AD
219 1374 409 1404 QUARTUM
431 1364 640 1407 dicendum,
663 1365 760 1411 quod
782 1364 936 1406 tristitia,
959 1376 1051 1411 quae
1075 1372 1127 1399 est
1148 1365 1192 1399 de
1208 1364 1472 1411 impedimento
1489 1371 1651 1398 contem-

73 1417 255 1466 plationis,
276 1430 352 1454 non
375 1419 617 1454 contrariatur
638 1418 874 1454 delectationi
897 1418 1232 1466 contemplationis,
1254 1419 1316 1454 sed
1340 1427 1393 1453 est
1412 1419 1444 1453 ei
1466 1417 1594 1461 affinis,
1614 1426 1651 1452 ut

77 1472 215 1507 dictum
238 1480 292 1508 est
314 1472 365 1518 (in
386 1479 475 1520 corp.
498 1474 593 1519 art).

144 1526 205 1562 AD
227 1537 409 1567 QUINTUM
436 1527 644 1569 dicendum,
667 1527 764 1574 quod
788 1527 936 1562 afflictio
952 1527 1070 1562 carnis
1086 1539 1149 1574 per
1171 1527 1354 1570 accidens,
1376 1534 1410 1562 et
1425 1526 1600 1561 indirecte
1619 1537 1656 1561 se

73 1580 184 1616 habet
205 1581 250 1616 ad
273 1581 627 1629 contemplationem
650 1582 793 1624 mentis,
815 1589 855 1616 ut
877 1581 1016 1616 dictum
1039 1590 1092 1617 est
1115 1581 1241 1628 (ibid).

635 1714 985 1760 ARTICULUS
1014 1715 1092 1758 VI.
1588 1736 1654 1772 203

398 1825 554 1856 UTRUM
582 1825 714 1855 MAGIS
744 1826 811 1855 SIT
840 1825 1066 1856 FUGIENDA
1093 1825 1331 1866 TRISTITIA,

501 1892 627 1928 QUAM
652 1892 940 1922 DELECTATIO
962 1892 1237 1921 APPETENDA.

309 1981 393 2028 (2-2.
416 1993 446 2029 q.
468 1982 534 2029 138.
557 1987 622 2017 art.
638 1995 666 2018 Ι.
695 1988 786 2030 corp.
807 1987 834 2017 αι
852 1994 880 2029 3.
904 1982 993 2017 Dist.
1016 1993 1069 2029 27.
1093 1994 1123 2028 q.
1142 1994 1170 2017 1.
1193 1986 1259 2017 art.
1282 1993 1307 2026 3.
1329 1980 1372 2016 ad
1389 1992 1417 2027 3.

542 2041 571 2072 et
591 2048 624 2082 4.
647 2037 738 2072 Dist.
761 2049 819 2084 49.
845 2049 914 2084 q.3.
937 2041 1001 2071 art.
1021 2049 1049 2084 3.
1073 2036 1117 2077 ad,
1133 2037 1192 2084 3.).

150 2125 209 2160 AD
224 2135 377 2161 SEXTUM
399 2125 451 2160 sic
472 2127 692 2173 proceditur.
708 2126 872 2168 Videtur,
889 2126 986 2173 quod
1002 2127 1119 2173 magis
1135 2126 1179 2161 sit
1193 2125 1365 2173 fugienda
1379 2125 1533 2167 tristitia,
1548 2136 1658 2171 quam

79 2178 272 2214 delectatio
295 2181 514 2227 appetenda:
537 2181 625 2215 dicit
646 2181 744 2215 enim
760 2181 854 2227 Aug.
871 2181 906 2214 in
922 2180 981 2215 lib.
997 2181 1053 2227 83.
1076 2180 1165 2222 QQ.
1188 2180 1239 2228 (q.
1258 2180 1312 2227 36.
1328 2186 1455 2227 parum
1470 2191 1489 2214 ιι
1506 2179 1636 2226 princ.)
1649 2192 1659 2214 .·

80 2233 185 2269 Nemo
205 2239 259 2277 est,
282 2235 423 2281 quinon
444 2236 551 2281 magis
572 2235 719 2270 dolorem
733 2235 861 2281 fugiat,
885 2247 984 2281 quam
1004 2239 1137 2282 appetat
1158 2235 1361 2281 voluptatem
1372 2246 1384 2275 ;
1408 2233 1496 2268 illud
1525 2242 1659 2276 autern,

79 2287 117 2322 in
137 2299 210 2335 quo
232 2289 479 2324 communiter
505 2289 631 2324 omnia
654 2289 898 2331 consentiunt,
920 2289 1062 2324 videtur
1084 2300 1162 2324 esse
1184 2288 1369 2331 naturale3
1393 2300 1480 2335 ergo
1495 2288 1660 2336 naturale

80 2349 145 2386 est,
166 2350 202 2378 et
223 2343 457 2386 conveniens,
479 2344 577 2391 quod
600 2343 680 2391 plus
699 2344 844 2378 tristitia
866 2343 1035 2390 fugiatur,
1058 2355 1170 2391 quam
1192 2343 1387 2378 delectatio
1411 2351 1610 2390 appetatur.

152 2406 184 2432 2.
205 2396 444 2433 PRAETEREA.
467 2398 577 2433 Actio
598 2398 771 2433 contrarii
785 2397 871 2432 facit
887 2398 929 2432 ad
945 2397 1194 2440 velocitatem,
1211 2406 1245 2432 et
1259 2397 1504 2432 intensionem
1520 2405 1658 2431 motus:

83 2459 175 2497 aqua
192 2451 290 2486 enirn
306 2451 423 2486 calida
442 2452 559 2494 citius,
580 2460 614 2487 et
632 2451 760 2487 fortius
780 2451 1006 2498 congelatur,
1022 2460 1060 2487 ut
1078 2452 1164 2487 dicit
1178 2451 1316 2486 Philos.
1333 2452 1368 2486 in
1384 2451 1443 2487 lib.
1464 2462 1492 2486 1.
1507 2451 1659 2485 Meteor.

83 2503 227 2550 (summa
247 2517 273 2552 3.
296 2505 350 2540 vel
370 2512 442 2552 cap.
465 2506 537 2551 22.)
550 2519 560 2541 .·
589 2506 650 2541 sed
674 2505 758 2552 fuga
780 2507 944 2541 tristitiae
974 2514 1027 2541 est
1049 2518 1090 2541 ex
1113 2506 1371 2541 contrarietate
1394 2505 1660 2540 contristantis:

83 2559 259 2606 appetitus
281 2567 403 2595 autem
425 2560 678 2595 delectationis
698 2572 771 2595 non
788 2569 840 2595 est
855 2572 897 2595 ex
913 2560 1034 2607 aliqua
1049 2561 1305 2595 contrarietate
1325 2559 1584 2601 contristantis,
1599 2559 1660 2593 sed

82 2613 199 2660 magis
224 2614 389 2660 procedit
414 2625 456 2648 ex
484 2614 739 2649 convenientia
766 2614 1001 2657 delectantis;
1029 2626 1118 2661 ergo
1146 2615 1266 2661 major
1293 2623 1346 2649 est
1372 2614 1457 2661 fuga
1484 2614 1661 2655 tristitiae,

84 2677 193 2714 quarn
214 2668 392 2715 appetitus
414 2668 679 2703 delectationis.

157 2720 438 2767 3-PRAETER1-2A.
456 2721 608 2763 Quanto
632 2722 761 2769 aliquis
783 2723 984 2758 secundum
1007 2723 1187 2758 rationem
1216 2722 1356 2757 fortiori
1379 2722 1539 2769 passioni
1563 2733 1663 2768 repu-

86 2783 182 2821 gnat,
202 2781 304 2810 tanto
325 2774 544 2811 laudabilior
564 2784 628 2818 est,
657 2784 692 2811 et
720 2777 933 2812 virtuosior:
963 2778 1047 2824 quia
1072 2779 1182 2812 virtus
1204 2783 1246 2812 est
1273 2779 1363 2812 circa
1385 2777 1526 2823 difficile,
1555 2781 1584 2811 et
1611 2777 1662 2811 lvo-

84 2838 177 2871 num,
200 2835 238 2863 ut
259 2829 389 2864 dicitur
418 2829 453 2864 in
483 2839 514 2864 2.
542 2830 658 2865 Ethic.
689 2830 776 2878 (cap.
797 2843 823 2878 3.
847 2833 927 2867 circ.
944 2832 1037 2878 fin),
1066 2832 1126 2866 sed
1151 2831 1264 2873 sortis,
1292 2831 1352 2877 qui
1375 2831 1506 2865 resistit
1533 2830 1662 2873 motui,

86 2890 160 2928 quo
186 2880 322 2929 fugitur
347 2883 464 2927 dolor,
486 2891 540 2919 est
565 2884 772 2927 virtuosior,
796 2897 906 2932 quam
932 2893 1168 2932 temperatus,
1195 2885 1256 2932 qui
1279 2884 1411 2919 resistit
1432 2884 1560 2927 motui,
1589 2895 1662 2931 quo

89 2936 264 2983 appetitur
284 2935 498 2974 delectatio:
521 2939 608 2974 dicit
629 2939 726 2974 enim
748 2939 887 2974 Philos.
910 2940 946 2974 in
973 2951 1000 2974 1.
1024 2940 1130 2974 Rhet.
1155 2939 1245 2987 (cap.
1268 2951 1300 2986 9.
1323 2944 1398 2974 anta
1420 2938 1532 2985 med),
1563 2938 1660 2985 quod
