1907 3198
0 1029 18 1092 ’Ὗ

0 1715 5 1735 ··
0 1677 7 1690 ⁷
0 1509 15 1657 Juv-

544 203 766 241 Qumzswo
800 202 887 234 ctx.
922 200 1167 234 ARTICULUS
1199 202 1239 231 v.
1589 189 1669 245 833

109 287 280 324 dominus
299 298 449 322 suorum
475 297 641 334 operum,
661 285 802 322 videtur
822 285 919 333 quod
941 284 977 320 in
1004 285 1080 331 eius
1101 291 1279 332 potestate
1306 283 1542 318 constitutum
1565 283 1609 319 sit
1631 284 1674 319 ad

109 341 224 378 vitam
245 347 430 376 aeternam
453 341 652 388 pervenire.

179 406 209 442 3.
231 394 468 431 PRAETEREA.
490 393 573 429 Vita
608 401 753 428 aeterna
780 401 832 428 est
855 392 1002 427 ultimus
1035 391 1115 426 finis
1137 391 1231 426 vitae
1252 390 1452 425 humanae:
1475 390 1536 425 sed
1572 402 1678 437 quae-

109 448 197 485 libet
216 459 272 484 res
292 448 466 483 naturalis
488 459 550 495 per
564 459 627 482 sua
650 447 826 482 naturalia
845 455 962 494 potest
984 445 1157 492 consequi
1179 444 1288 480 finem
1308 455 1428 487 suum3
1450 455 1538 490 ergo
1561 444 1676 479 multo

110 502 228 550 magis
248 502 376 544 homo,
398 502 458 549 qui
485 510 538 536 est
558 501 694 536 altioris
721 510 882 542 naturae,
904 512 967 548 per
987 511 1050 535 sua
1077 498 1253 534 naturalia
1280 506 1398 545 potest
1419 498 1605 544 pervenire
1633 498 1676 532 ad

109 556 223 592 vitam
244 563 429 591 aeternam
457 555 591 602 absque
613 555 732 601 aliqua
752 554 877 600 gratia.

134 632 137 634 -
182 608 258 645 San
284 619 441 645 con-riu.
463 617 528 650 est,
549 608 646 655 quod
668 609 797 655 Apost.
819 607 906 642 dicit
928 607 970 642 ad
994 607 1102 642 Rom.
1124 605 1174 642 6.:
1199 606 1321 642 Gratia
1344 606 1412 641 Dei
1427 607 1499 640 vita
1521 610 1676 646 aeterna,-

110 663 208 712 quod
222 663 306 699 ideo
320 663 461 705 dicitur,
476 662 568 697 sicut
584 662 706 697 Gloss.
721 662 829 707 (Aug.
846 663 880 696 in
896 662 952 696 lib.
967 661 1004 696 de
1021 662 1118 697 Grai.
1132 666 1161 696 ct
1180 661 1254 695 Lib.
1275 661 1359 696 Arb.
1375 666 1449 707 cap.
1465 661 1529 706 9.)‚
1544 659 1678 695 ibidem

111 718 217 755 dicit:
251 718 295 754 Ut
321 717 583 764 intelligeremus,
611 717 721 752 Deum
743 716 787 751 ad
807 717 913 750 vitam
936 721 1104 751 aeternam
1121 721 1188 763 pro
1213 726 1273 750 sua
1298 715 1506 749 miseratione
1531 726 1590 749 nos
1605 720 1679 761 per·

110 773 236 810 ducere.

180 826 412 863 Rasroumzo
434 824 642 867 dicendum,
663 824 760 872 quod
779 831 880 859 actus
902 823 1138 871 perducentes
1160 822 1203 858 ad
1223 822 1332 857 finem
1352 830 1495 870 oportet
1517 833 1595 858 esse
1617 821 1679 857 fini

111 880 426 930 proportionatos:
447 878 569 914 nullus
591 886 712 914 autem
728 887 827 913 actus
851 878 992 913 excedit
1013 877 1288 924 proportionem
1310 876 1476 923 principii
1496 876 1621 911 activi:
1644 883 1678 910 et

110 935 195 972 ideo
214 934 380 970 videmus
400 933 437 968 in
458 933 563 968 rebus
584 932 822 968 naturalibus:
851 932 947 978 quod
970 931 1068 966 nulla
1091 942 1146 966 res
1168 938 1286 978 potest
1312 930 1484 977 perficere
1507 929 1679 965 effectum

111 999 176 1038 per
194 998 299 1024 suam
317 987 570 1035 operationem
592 988 652 1034 qui
675 986 826 1021 excedat
847 986 1015 1021 virtutem
1039 985 1215 1027 activam3
1237 984 1298 1019 sed
1321 984 1440 1019 solum
1463 991 1582 1031 potest
1602 994 1681 1031 pro-

112 1042 244 1079 ducere
273 1053 337 1090 per
362 1041 614 1089 operationem
648 1051 752 1076 suam
783 1039 952 1075 effectum
980 1050 1066 1074 suae
1093 1039 1215 1073 virtuti
1241 1038 1568 1085 proportionatum.
1596 1037 1679 1072 Vita

112 1103 235 1132 autem
248 1103 394 1131 aeterna
415 1102 469 1130 est
481 1094 562 1130 finis
576 1095 754 1129 excedens
776 1093 1051 1141 proportionem
1072 1101 1222 1127 naturae
1240 1093 1435 1135 humanae,
1449 1100 1487 1127 ut
1505 1104 1547 1127 ex
1562 1103 1682 1138 supra-

111 1149 216 1186 dictis
235 1156 334 1197 patet
354 1149 403 1196 (q.
420 1159 449 1195 5.
471 1153 537 1184 art.
555 1148 622 1194 5.),·
646 1155 681 1183 et
702 1147 784 1182 ideo
811 1148 926 1181 homo
949 1158 1011 1194 per
1032 1158 1096 1181 sua
1118 1146 1296 1181 naturalia
1317 1157 1390 1180 non
1413 1154 1531 1193 potest
1553 1146 1682 1192 produ-

111 1214 195 1240 cere
214 1213 326 1251 opera
347 1202 532 1237 meritoria
546 1201 821 1249 proportionata
836 1201 930 1236 vitae
953 1209 1119 1236 aeternae
1135 1213 1143 1243 ;
1162 1200 1223 1235 sed
1239 1201 1282 1234 ad
1305 1200 1376 1235 hoc
1400 1201 1554 1246 exigitur
1577 1199 1682 1235 altior

111 1257 237 1300 virtus,
257 1268 349 1304 quae
370 1264 423 1291 est
448 1255 560 1291 virtus
581 1255 735 1302 gratiae;
758 1263 793 1289 et
819 1255 901 1289 ideo
928 1254 1004 1289 sine
1027 1254 1141 1300 gratia
1167 1254 1283 1288 homo
1309 1265 1382 1288 non
1406 1262 1526 1300 potest
1552 1254 1682 1288 mereri

111 1311 225 1347 vitam
246 1318 450 1346 aeternam:
478 1317 596 1357 potest
617 1316 739 1343 tamen
770 1307 888 1343 facere
911 1319 1021 1355 opera
1043 1308 1276 1354 perducentia
1303 1307 1346 1341 ad
1369 1307 1506 1342 bonum
1535 1307 1681 1354 aliquod

112 1364 256 1401 homini
287 1362 535 1406 connaturale,
568 1363 661 1397 sicut
693 1361 858 1396 laborare
886 1361 921 1396 in
944 1372 1044 1407 agro,
1066 1361 1198 1402 bibere,
1226 1361 1458 1402 manducare,
1485 1369 1520 1396 et
1547 1361 1680 1396 habere

114 1418 287 1461 amicum,
307 1424 344 1452 et
363 1416 434 1451 alia
455 1415 676 1463 hujusmodi,
698 1423 737 1450 ut
751 1415 846 1461 Aug.
866 1415 952 1450 dicit
966 1415 1002 1449 in
1020 1426 1048 1461 3.
1071 1414 1308 1461 responsione
1323 1423 1449 1449 contra
1465 1414 1683 1461 Pelagianos

114 1471 189 1518 (lib.
205 1483 235 1518 3.
256 1470 463 1518 Hypognost.
489 1476 563 1517 cap.
585 1470 645 1515 4.).

185 1524 246 1560 AD
260 1533 410 1560 anou
424 1534 512 1571 ergo
526 1522 732 1565 dicendum,
744 1522 840 1570 quod
856 1522 972 1557 homo
988 1533 1053 1557 sua
1067 1521 1254 1557 voluntate
1270 1521 1355 1556 facit
1369 1533 1479 1569 opera
1497 1522 1683 1557 meritoria

113 1578 209 1615 vitae
221 1585 406 1613 aeternae:
428 1577 503 1620 sed,
518 1577 611 1612 sicut
632 1576 786 1623 August.
801 1576 836 1610 in
859 1576 990 1611 eodem
1005 1575 1095 1610 libro
1121 1575 1235 1621 (ibid.)
1250 1575 1347 1618 dicit,
1367 1576 1411 1610 ad
1426 1576 1497 1611 hoc
1518 1576 1682 1623 exigitur,

114 1631 213 1680 quod
232 1630 401 1667 voluntas
421 1630 582 1666 hominis
603 1638 834 1677 praeparetur
856 1640 875 1664 a
897 1630 978 1664 Deo
1001 1641 1064 1676 per
1087 1629 1252 1675 gratiam.

186 1685 248 1722 AD
276 1694 484 1721 SECUNDUM
505 1684 713 1726 dicendum,
735 1683 845 1731 quod,
872 1683 964 1718 sicut
999 1682 1119 1718 Gloss.
1144 1683 1230 1728 (ord.
1258 1684 1347 1729 Aug.
1381 1683 1437 1718 lib.
1463 1683 1502 1718 de
1527 1684 1628 1720 Grae.
1655 1691 1683 1720 ct

115 1740 191 1776 Lib.
212 1740 299 1776 Arb.
317 1745 389 1787 cap.
415 1739 464 1784 8.)
484 1738 592 1773 Rom.
615 1736 647 1772 6.
670 1748 777 1784 super
798 1737 908 1772 illud:
931 1737 1056 1773 Gratia
1078 1737 1145 1772 Dei
1165 1739 1235 1772 vita
1255 1742 1399 1779 aeterna,
1419 1737 1523 1772 dicit:
1548 1738 1683 1773 Certum

114 1798 169 1837 est,
185 1794 296 1829 vitam
321 1797 494 1828 aeternam
515 1793 605 1827 bonis
626 1793 775 1838 operibus
797 1790 907 1826 reddi:
933 1790 985 1826 sad
1011 1792 1082 1838 ipsa
1104 1797 1203 1838 opera
1224 1792 1341 1837 quihus
1368 1791 1527 1833 redditur,
1550 1791 1593 1826 ad
1621 1793 1686 1827 Dei

112 1847 450 1895 gratiampertinenn
466 1857 550 1881 cum
565 1845 674 1880 etiam
691 1856 796 1891 supra
811 1845 947 1880 dictum
967 1845 1012 1879 sit
1026 1845 1108 1890 (art.
1120 1846 1263 1892 pram),
1283 1845 1379 1891 quod
1400 1845 1442 1879 ad
1459 1844 1684 1892 implendum

115 1900 287 1936 mandata
308 1899 398 1946 legis
419 1899 619 1935 secundum
634 1898 795 1934 debitum
818 1899 982 1941 modum,
997 1909 1059 1945 per
1081 1909 1190 1945 quem
1205 1909 1333 1933 eorum
1356 1898 1520 1946 impletio
1543 1907 1595 1934 est
1614 1911 1688 1934 me·

115 1955 252 1998 ritoria,
270 1954 462 2002 requiritur
482 1954 607 2000 gratia.

188 2008 249 2045 AD
269 2018 442 2045 τεκτιυκ
463 2007 670 2049 dicendum,
690 2006 788 2054 quod
810 2006 969 2052 objectio
992 2006 1052 2040 illa
1077 2006 1243 2053 procedit
1274 2007 1317 2041 de
1349 2006 1417 2042 fine
1440 2007 1582 2041 homini
1604 2018 1687 2042 con-

116 2061 291 2099 naturali:
311 2070 439 2098 natura
461 2069 582 2097 autem
602 2061 762 2096 humana
785 2072 826 2095 ex
848 2060 918 2095 hoc
943 2060 1022 2107 ipso
1045 2060 1141 2107 quod
1164 2060 1323 2095 nobilior
1344 2069 1408 2101 est,
1432 2068 1549 2107 potest
1569 2061 1611 2095 ad
1635 2060 1687 2095 al-

117 2116 250 2152 tiorem
271 2115 382 2151 finem
403 2115 563 2163 perduci,
578 2114 706 2150 saltem
723 2114 856 2149 auxilio
871 2114 1020 2159 gratiae,
1037 2114 1079 2148 ad
1095 2126 1202 2161 quem
1219 2114 1406 2149 inferiores
1421 2123 1569 2149 naturae
1584 2115 1685 2150 nullo

119 2169 233 2206 modo
254 2169 457 2217 pertingere
478 2176 644 2216 possunt:
668 2168 760 2203 sicut
782 2168 896 2202 homo
919 2176 972 2202 est
994 2167 1123 2202 melius
1138 2168 1333 2215 dispositus
1348 2168 1391 2202 ad
1407 2169 1611 2210 sanitatem,
1625 2170 1684 2215 qui

121 2222 298 2271 aliquibus
319 2222 460 2258 auxiliis
481 2222 684 2258 medicinae
706 2230 824 2269 potest
846 2222 1037 2256 sanitatem
1061 2222 1249 2269 consequi,
1271 2234 1380 2269 quam
1407 2222 1478 2265 ille,
1501 2222 1562 2269 qui
1584 2222 1685 2258 nullo

121 2277 248 2321 modo,
268 2284 307 2313 ut
326 2275 540 2324 philosoph.
563 2275 758 2311 introducit
780 2275 814 2309 in
839 2285 869 2310 2.
892 2275 936 2310 de
959 2274 1078 2311 Coelo
1102 2276 1179 2320 (tex.
1203 2276 1260 2321 64.
1283 2281 1311 2311 ct
1333 2277 1412 2322 65.).

679 2405 1024 2452 ARTICULUS
1059 2407 1134 2451 V1.
1623 2419 1682 2464 581

122 2515 277 2548 UTRUM
297 2514 427 2547 HOMO
447 2515 598 2546 POSSIT
620 2515 800 2546 SEH‘SUM
818 2516 876 2546 AD
898 2516 1094 2547 GRATIAM
1113 2518 1387 2547 PRAEPARARE
1407 2518 1483 2548 PER
1505 2517 1687 2547 SElPSUM

469 2587 639 2624 ABSQUE
666 2587 899 2618 EXTERIORI
927 2587 1109 2618 AUXILIO
1139 2589 1342 2619 GRATIAE.

641 2677 754 2722 (Part.
777 2690 802 2713 1.
825 2690 855 2724 q.
878 2679 930 2714 61.
952 2684 1016 2713 art.
1039 2690 1069 2714 2.
1091 2678 1134 2712 ud
1153 2690 1179 2723 3.

264 2734 293 2767 et
314 2730 400 2766 Dist.
422 2731 476 2767 28.
498 2735 564 2767 art.
586 2742 620 2775 4.
641 2736 669 2765 et
698 2731 784 2766 l'cri.
807 2744 836 2778 q.
859 2743 913 2776 24.
936 2738 1000 2766 ure.
1024 2744 1065 2777 15·
1089 2737 1116 2766 ct
1137 2732 1179 2766 ud
1203 2731 1305 2766 llslvr.
1329 2743 1377 2767 12.
1400 2732 1471 2766 lust.
1497 2733 1549 2776 3.).

198 2818 258 2856 Al>
279 2826 431 2855 sexum
447 2818 497 2854 sic
520 2819 736 2867 proceditur.
753 2818 914 2862 Videtur,
929 2820 1025 2867 quod
1041 2820 1156 2855 homo
1171 2820 1283 2867 possit
1298 2820 1455 2867 seipsum
1473 2821 1514 2854 ad
1535 2820 1688 2865 gratiam

125 2881 338 2920 praeparare
359 2882 423 2921 per
443 2872 602 2920 seipsum
618 2872 751 2920 absque
767 2873 934 2908 exteriori
949 2873 1081 2908 auxilio
1097 2873 1251 2918 gratiae:
1275 2873 1364 2907 nihil
1381 2873 1477 2908 enim
1494 2873 1690 2920 imponitur

126 2925 280 2971 homini,
300 2925 398 2974 quod
424 2926 469 2962 sit
497 2926 530 2962 ei
557 2926 794 2974 impossibile,
824 2935 861 2962 ut
890 2938 997 2974 supra
1026 2927 1164 2962 dictum
1186 2935 1239 2962 est
1260 2927 1342 2972 (are.
1366 2939 1398 2972 4.
1420 2927 1489 2974 huj.
1512 2939 1542 2974 q.
1565 2927 1608 2962 ad
1632 2930 1688 2972 1.):
