1875 3198
187 195 213 236 6
217 193 269 248 58
608 204 829 240 QUAESTIO
863 203 967 233 xcu.
1001 202 1246 233 ARTICULUS
1278 202 1306 232 1.

185 286 282 334 quod
304 287 469 333 proprius
492 285 640 321 effectus
662 286 751 332 legis
770 286 815 320 sit
832 286 948 320 bonos
963 285 1081 319 facere
1097 296 1172 327 eos,
1188 283 1315 330 quibus
1331 283 1444 326 datur,
1458 282 1517 318 vel
1530 282 1752 330 simpliciter,

184 340 243 375 vel
264 341 464 376 secundum
486 340 581 386 quid.
606 340 644 374 Si
667 340 763 374 enim
788 339 847 384 [al.
866 340 960 384 vero]
982 339 1133 373 intentio
1148 337 1293 373 ferentis
1313 337 1434 384 legem
1447 338 1571 372 tendat
1587 337 1625 372 in
1639 349 1752 372 unum

183 395 333 437 bonum,
357 395 453 441 quod
473 402 527 429 est
546 394 687 428 bonum
710 404 907 427 commune
930 392 1130 427 secundum
1152 392 1327 438 justitiam
1349 391 1510 425 divinam
1535 390 1752 438 regulatum‚

184 449 344 495 sequitur
366 448 461 494 quod
484 459 547 494 per
568 447 688 493 legem
710 447 879 481 homines
901 446 987 481 fiant
1008 446 1095 480 boni
1116 445 1347 492 simpliciter:
1370 445 1399 479 si
1419 456 1506 479 vero
1536 445 1688 480 intentio
1707 445 1754 480 le-

185 502 365 548 gislatoris
387 502 519 536 feratur
543 501 585 535 ad
608 501 654 543 id,
678 501 774 547 quod
796 512 870 534 non
893 509 945 534 est
971 500 1109 534 bonum
1141 498 1363 546 simpliciter,
1393 499 1454 533 sed
1484 498 1582 541 utile,
1612 498 1671 534 vel
1698 499 1754 533 de-

184 555 350 590 lectabile
373 556 450 597 sibi,
465 555 523 589 vel
538 565 740 601 repugnans
755 554 910 600 justitiae
926 554 1080 595 divinae,
1095 561 1179 588 tunc
1195 552 1251 587 lex
1265 564 1339 586 non
1353 552 1470 586 bonos
1485 551 1569 586 facit
1583 552 1753 587 homines

184 609 405 656 simpliciter,
428 609 489 643 sed
509 609 710 643 secundum
733 608 828 653 quid,
851 607 989 642 scilicet
1009 608 1045 641 in
1065 607 1190 641 ordine
1211 606 1253 640 ad
1268 606 1338 640 tale
1354 606 1535 652 regimen:
1559 606 1610 640 sic
1633 613 1753 641 autem

184 663 321 697 bonum
344 662 523 697 invenitur
546 662 655 696 etiam
680 662 715 695 in
738 673 800 707 per
823 673 860 696 se
883 661 1008 696 malis:
1025 661 1117 695 sicut
1132 660 1260 706 aliquis
1275 660 1404 694 dicitur
1417 660 1534 694 bonus
1547 659 1653 702 latro,
1672 660 1755 707 quia

185 725 354 764 operatur
377 716 617 750 accommode
641 715 684 749 ad
707 714 828 749 finem.

256 771 315 805 AD
338 781 487 805 PRIMUM
510 781 597 815 ergo
620 769 825 811 dicendum,
848 768 944 815 quod
967 768 1087 815 duplex
1108 776 1161 802 est
1181 767 1304 810 virtus,
1320 775 1358 802 ut
1376 779 1417 802 ex
1432 767 1642 814 supradictis
1657 775 1755 814 patet

185 825 230 871 (q.
254 825 301 871 63.
325 829 388 859 art.
405 837 432 871 3.
456 829 483 858 at
504 824 579 869 4.),·
603 822 758 858 scilicet:
782 824 954 868 acquisita,
977 831 1011 857 et
1033 823 1165 868 insum:
1193 822 1237 856 ad
1260 830 1450 868 utramque
1473 829 1594 856 autem
1621 821 1754 868 aliquid

184 886 354 924 operatur
378 889 531 924 operum
554 877 768 919 assuetud03
792 877 853 911 sed
876 876 1137 911 diversimode:
1159 887 1246 909 narn
1267 875 1437 910 virtutem
1463 875 1610 922 quidem
1637 875 1754 922 acqui-

182 933 289 967 sitam
310 940 452 974 causat,
476 932 519 965 ad
541 932 710 965 virtutem
734 939 855 965 autem
877 930 1033 964 infusam
1057 930 1226 976 disponit,
1249 937 1283 964 et
1305 941 1386 964 eam
1407 930 1479 975 jam
1494 929 1656 963 habitam
1671 940 1755 963 con-

183 994 312 1028 servat,
332 994 365 1020 et
387 993 596 1032 promovet:
621 993 656 1019 et
674 985 756 1031 quia
778 984 835 1018 lex
858 984 901 1018 ad
923 984 994 1018 hoc
1017 984 1131 1026 datur,
1154 991 1191 1018 ut
1213 983 1343 1030 dirigat
1364 991 1464 1017 actus
1485 983 1679 1025 humanos,
1705 983 1754 1016 in-

183 1047 359 1086 quantum
383 1047 482 1073 actus
504 1039 656 1072 humani
684 1046 878 1084 operantur
905 1037 949 1072 ad
975 1038 1157 1080 virtutem,
1184 1037 1364 1071 intantum
1391 1036 1448 1071 lex
1473 1036 1559 1071 facit
1584 1036 1753 1070 homines

186 1095 318 1127 bonos:
342 1094 437 1127 unde
458 1101 492 1127 et
513 1092 650 1126 Philos.
674 1092 760 1126 dicit
781 1092 816 1125 in
840 1101 870 1125 2.
894 1091 1000 1125 Polit.
1027 1095 1112 1138 (cap.
1137 1091 1169 1126 6.
1187 1098 1313 1137 parum
1335 1095 1409 1125 ante
1419 1091 1483 1137 fin.
1502 1095 1532 1125 et
1553 1090 1608 1125 lib.
1627 1102 1658 1125 2.
1677 1090 1752 1125 Eth.

181 1153 251 1194 cap.
279 1148 336 1193 L),
360 1146 456 1193 quod
475 1145 702 1192 legislatores
725 1144 1005 1180 assuefacientes
1030 1144 1089 1190 [al.
1114 1143 1372 1190 assuefaciendo]
1396 1143 1534 1178 faciunt
1554 1143 1683 1178 bonos.

254 1201 314 1236 AD
330 1211 537 1236 SECUNDUM
553 1200 758 1242 dicendum,
784 1200 879 1246 quod
901 1211 975 1234 non
991 1211 1133 1246 semper
1150 1199 1277 1246 aliquis
1296 1199 1418 1234 obedit
1438 1198 1512 1245 legi
1527 1211 1569 1233 ex
1589 1199 1751 1234 bonitate

182 1254 340 1302 perfecta
358 1255 517 1297 virtutis;
536 1254 597 1288 sed
618 1254 836 1300 quandoque
856 1254 1002 1300 quidem
1018 1265 1059 1287 ex
1081 1253 1213 1288 timore
1228 1264 1381 1299 poenae,
1397 1253 1615 1299 quandoque
1631 1262 1751 1287 autern

183 1320 225 1342 ex
247 1308 327 1343 solo
351 1308 545 1342 dictamine
573 1308 733 1350 rationis,
757 1307 853 1354 quod
882 1315 934 1342 est
956 1307 1141 1354 quoddam
1166 1307 1384 1353 principium
1409 1306 1561 1349 virtutis,
1587 1314 1626 1341 ut
1647 1318 1753 1353 supra

181 1363 347 1397 habitum
370 1370 423 1396 est
446 1362 491 1408 (q.
515 1362 562 1408 63.
586 1366 650 1396 art.
672 1363 728 1407 1.).

254 1417 313 1451 AD
329 1427 501 1452 TERTIUM
525 1416 731 1458 dicendum,
747 1415 843 1462 quod
857 1415 999 1450 bonitas
1016 1414 1205 1461 cujuslibet
1218 1415 1328 1462 partis
1351 1414 1599 1449 consideratur
1619 1415 1656 1449 in
1675 1426 1753 1461 pro-

183 1471 350 1518 portione
371 1470 413 1504 ad
436 1482 543 1505 suum
557 1478 696 1512 totum,
718 1469 812 1503 unde
827 1477 862 1504 et
883 1469 1108 1515 Augustinus
1123 1469 1209 1503 dicit
1222 1469 1259 1502 in
1277 1480 1305 1515 3.
1322 1468 1470 1503 Confes.
1493 1467 1581 1515 (cap.
1601 1469 1632 1504 8.
1646 1469 1750 1516 paulo

183 1525 359 1572 aprina),
384 1524 481 1570 quod
502 1525 614 1570 turpis
639 1532 691 1558 est
713 1524 833 1558 omnis
852 1534 945 1569 pars,
966 1535 1057 1569 quae
1080 1534 1146 1557 suo
1161 1523 1228 1557 toti
1241 1534 1315 1557 non
1335 1522 1521 1569 congruit:
1544 1534 1628 1556 cum
1645 1523 1753 1569 igitur

181 1578 331 1625 quilibet
351 1578 466 1612 homo
490 1578 533 1612 sit
552 1589 633 1624 pars
656 1577 821 1619 civitatis,
839 1576 1064 1623 impossibile
1080 1584 1143 1618 est,
1166 1576 1260 1622 quod
1276 1576 1404 1622 aliquis
1425 1576 1541 1610 homo
1557 1576 1602 1610 sit
1621 1575 1750 1619 bonus,

179 1632 248 1666 nisi
270 1632 314 1666 sit
331 1632 422 1666 bene
441 1631 735 1678 proportionatus
757 1631 855 1665 bono
878 1630 1085 1664 communi:
1108 1642 1176 1664 nec
1198 1638 1317 1664 totum
1335 1637 1454 1676 potest
1473 1630 1566 1664 bene
1588 1630 1751 1672 existere,

179 1686 249 1720 nisi
268 1697 310 1720 ex
331 1685 491 1732 partibus
513 1685 579 1719 sibi
601 1685 906 1731 proportionati33
929 1683 1023 1718 unde
1045 1683 1271 1730 impossibile
1295 1691 1358 1726 est,
1378 1683 1475 1730 quod
1496 1683 1635 1717 bonum
1655 1695 1751 1718 com-

180 1751 289 1773 mune
312 1739 465 1773 civitatis
491 1739 582 1772 bene
605 1750 641 1772 se
663 1739 806 1780 habeat,
829 1738 897 1772 nisi
920 1738 1015 1772 cives
1043 1738 1113 1772 sint
1134 1737 1296 1780 virtuosi,
1326 1737 1369 1772 ad
1391 1739 1510 1772 minus
1537 1737 1601 1780 illi,
1623 1738 1749 1784 quibus

180 1794 350 1827 convenit
372 1792 576 1839 principari.
601 1791 741 1826 Sufficit
764 1801 885 1826 autem
911 1799 1087 1838 quantum
1111 1791 1154 1825 ad
1176 1792 1315 1825 bonum
1345 1791 1629 1833 communitatis,
1653 1791 1749 1837 quod

179 1846 238 1880 alii
260 1847 440 1881 intantum
462 1847 532 1880 sint
546 1846 707 1888 virtuosi,
730 1846 826 1892 quod
848 1845 1053 1892 principum
1068 1845 1248 1879 mandatis
1271 1845 1461 1888 obediant;
1478 1852 1512 1879 et
1532 1844 1614 1879 ideo
1630 1845 1752 1879 Philo-

178 1901 315 1946 sophus
337 1900 424 1934 dicit
444 1900 480 1933 in
506 1912 534 1946 3.
562 1899 704 1934 Politic.
728 1897 819 1945 (cap.
839 1900 899 1946 3.),
923 1899 1020 1945 quod
1047 1899 1176 1933 eadem
1199 1906 1253 1933 est
1266 1899 1378 1933 virtus
1399 1897 1582 1945 principis,
1605 1906 1638 1933 et
1665 1899 1751 1933 boni

178 1954 260 1988 viri:
284 1966 357 1988 non
381 1962 504 1989 autem
527 1953 655 1988 eadem
679 1961 731 1988 est
752 1953 864 1987 virtus
888 1954 1149 1999 cujuscumque
1172 1953 1271 1995 civis,
1295 1961 1328 1987 et
1348 1953 1436 1987 boni
1456 1952 1534 1987 viri.

250 2008 309 2042 AD
326 2018 514 2047 QUARTUM
532 2007 738 2049 dicendum,
762 2007 858 2053 quod
873 2007 929 2041 lex
951 2007 1151 2053 tyrannica,
1172 2018 1256 2040 cum
1277 2018 1352 2041 non
1366 2007 1411 2041 sit
1424 2007 1625 2041 secundum
1647 2006 1752 2041 ratio-

178 2073 275 2104 nem,
303 2073 377 2096 non
404 2070 457 2096 est
484 2061 694 2108 simpliciter
720 2061 788 2103 lex,
816 2061 878 2095 sed
906 2061 1023 2107 magis
1051 2068 1103 2095 est
1130 2060 1309 2107 quaedam
1337 2061 1552 2107 perversitas
1579 2060 1687 2108 legis:
1717 2070 1751 2096 et

178 2124 301 2150 tamen
324 2116 539 2162 inquantum
560 2115 669 2149 habet
691 2114 824 2161 aliquid
840 2114 883 2149 de
906 2115 1045 2148 ratione
1067 2113 1169 2160 legis,
1188 2114 1340 2148 intendit
1362 2114 1406 2148 ad
1427 2114 1511 2157 hoc,
1533 2115 1631 2161 quod
1653 2115 1750 2150 cives

179 2170 249 2205 sint
274 2170 379 2204 boni:
409 2181 483 2203 non
514 2170 611 2203 enim
641 2169 749 2203 habet
777 2169 820 2203 de
843 2169 982 2203 ratione
1010 2168 1112 2214 legis,
1139 2168 1208 2202 nisi
1234 2168 1435 2203 secundum
1461 2168 1546 2211 hoc,
1573 2168 1670 2216 quod
1697 2177 1751 2204 est

179 2224 361 2258 dictamen
378 2223 529 2269 alicujus
545 2223 781 2269 praesidentis
803 2223 838 2256 in
861 2223 1011 2257 subditis
1037 2222 1098 2267 [al.
1114 2223 1178 2256 111'51'
1192 2222 1254 2257 hoc
1268 2222 1354 2268 quod
1371 2227 1414 2257 est
1428 2222 1589 2257 dictamen
1609 2223 1750 2269 alicujus

173 2278 390 2324 praesidentis
410 2279 445 2312 in
465 2277 644 2321 szzlnlitos]:
662 2285 696 2311 et
719 2277 761 2310 ad
782 2277 853 2310 hoc
876 2276 1001 2318 tendit,
1025 2285 1061 2310 ut
1076 2276 1208 2310 subditi
1229 2276 1301 2322 legi
1322 2276 1393 2311 sint
1405 2276 1498 2311 bene
1520 2276 1747 2320 obedientes3

179 2333 275 2379 quod
299 2340 351 2367 est
371 2343 434 2366 eos
457 2342 533 2365 esse
555 2331 683 2372 bonos,
706 2342 780 2364 non
808 2329 1032 2377 simpliciter,
1055 2330 1170 2365 sedin
1193 2330 1318 2364 ordine
1342 2329 1385 2364 ad
1407 2329 1479 2364 tale
1501 2329 1676 2377 regimen.

743 2490 1090 2535 ARTPCULUS
1129 2491 1185 2533 H.
1679 2513 1744 2551 491

382 2600 533 2629 UTRUM
556 2599 679 2629 LEGIS
709 2599 850 2629 ACTUS
874 2599 1208 2630 CONVENIENTER
1229 2600 1544 2630 ASSIGNENTUR.

251 2700 311 2734 AD
335 2710 542 2735 SECUNDUM
565 2700 614 2734 sic
638 2699 854 2746 proceditur.
878 2699 1040 2741 Videtur,
1068 2700 1165 2746 quod
1188 2699 1278 2746 legis
1301 2707 1402 2734 actus
1423 2710 1497 2734 non
1525 2699 1595 2734 sint
1621 2710 1748 2733 conve-

179 2754 320 2788 nienter
342 2754 512 2799 assignati
534 2754 569 2787 in
591 2754 662 2788 hoc
686 2753 781 2800 quod
805 2753 944 2796 dicitur,
968 2754 1064 2799 quod
1094 2753 1183 2799 legis
1205 2762 1306 2788 actus
1329 2761 1382 2788 cst
1403 2754 1593 2800 imperare,
1614 2761 1746 2795 vetare,

179 2808 397 2853 permittere,
420 2816 454 2842 et
474 2808 619 2854 punire:
643 2807 699 2842 lex
719 2808 814 2842 enim
835 2808 953 2841 omnis
968 2816 1202 2854 praeceptum
1225 2819 1422 2842 commune
1441 2816 1505 2850 cst,
1521 2815 1558 2842 ut
1571 2807 1747 2854 legiscon-

179 2860 292 2895 sultus
314 2862 533 2907 Papinianus
555 2861 641 2895 dicit
663 2862 737 2906 (lib.
753 2874 778 2896 I.
795 2861 832 2907 ff.
856 2862 902 2895 tit.
924 2873 951 2907 3.
975 2861 1010 2895 dc
1034 2862 1145 2906 Legit.
1165 2866 1195 2896 ct
1205 2861 1469 2906 Settclltc5s011s.).·
1491 2861 1553 2896 sed
1574 2861 1671 2895 idem
1693 2867 1746 2894 est

178 2914 370 2961 imperare,
393 2915 489 2961 quod
512 2915 736 2962 praecipere3
759 2925 846 2961 crgo
866 2914 935 2948 alia
962 2914 1028 2949 tria
1051 2914 1283 2961 superfluunt.
