1907 3198
484 182 708 219 QUAESTIO
742 181 859 212 LXXI.
893 181 1142 212 ARTICULUS
1175 182 1217 212 V.
1560 182 1640 225 501

135 281 166 317 3.
193 269 432 305 PRAETEREA.
454 269 494 304 Si
514 277 707 316 peccatum
731 279 826 304 esset
859 269 994 315 absque
1023 268 1146 315 aliquo
1174 276 1270 310 actu,
1297 275 1521 314 sequeretur,
1548 265 1646 312 quod

61 335 105 360 ex
124 324 197 358 hoc
220 323 300 370 ipso
323 323 420 370 quod
443 323 573 370 aliquis
596 331 713 358 cessat
727 323 769 357 ab
786 332 868 357 actu
889 323 1022 364 debito,
1038 331 1226 369 peccaret:
1250 321 1312 356 sed
1328 321 1502 356 continue
1518 319 1647 366 aliquis

62 385 180 413 cessat
201 377 245 412 ab
267 386 350 412 actu
372 377 507 419 debito,
529 376 590 411 ille
617 376 768 419 scilicet,
794 376 856 423 qui
882 387 1085 422 numquam
1114 384 1237 410 actum
1264 375 1428 409 debitum
1456 382 1647 420 operatur3

61 442 150 478 ergo
173 440 396 478 sequeretur,
419 431 517 477 quod
540 430 712 465 continue
734 438 919 477 peccaret:
942 430 1040 477 quod
1060 438 1114 464 est
1134 428 1292 472 falsum;
1314 440 1390 463 non
1413 439 1502 474 ergo
1520 436 1572 462 est
1589 425 1649 461 ali-

61 485 147 534 quid
168 492 363 531 peccatum
385 484 520 532 absque
541 493 634 519 actu.

134 538 211 574 SED
233 548 391 574 CONTRA
413 547 477 580 est,
500 538 598 585 quod
621 538 752 573 dicitur
768 537 844 584 Jac.
867 548 920 581 4.:
939 538 1063 573 Scientz'
1082 539 1205 572 bonum
1220 538 1349 584 facere,
1372 541 1400 572 et
1415 548 1481 570 non
1492 536 1647 582 facienti,

55 597 230 641 peccatum
251 597 296 627 est
315 592 386 627 illi:
409 592 472 627 sed
494 603 569 626 non
592 591 713 627 facere
734 603 810 627 non
826 592 1000 639 importat
1013 591 1174 638 aliquem
1190 600 1313 626 actum
1326 603 1335 633 3
1350 601 1438 636 ergo
1455 598 1649 637 peccatum

61 654 182 695 potest
201 656 280 681 esse
302 645 438 692 absque
461 654 554 680 actu.

131 700 363 736 Respoxnzo
385 699 593 742 dicendum,
615 699 713 746 quod
735 700 900 746 quaestio
922 699 991 734 ista
1020 699 1268 746 principaliter
1298 706 1468 733 movetur
1500 705 1649 744 propter

62 761 257 802 peccatum
278 753 500 798 omissionis,
530 752 574 788 de
601 764 675 800 quo
698 752 809 800 aliqui
830 753 1049 788 diversimode
1076 753 1282 799 opinantur.
1307 752 1458 798 Quidam
1482 751 1581 786 enim
1604 750 1653 784 di-

64 815 161 850 cunt,
189 807 288 854 quod
321 807 358 841 in
388 807 489 842 omni
522 816 676 854 peccato
706 807 917 842 omissionis
948 815 1002 842 est
1031 806 1161 853 aliquis
1192 815 1293 841 actus
1319 806 1377 841 vel
1405 805 1566 846 interior,
1592 802 1651 838 vel

65 861 239 897 exterior:
257 860 409 896 interior
423 860 583 908 quidem,
597 861 690 895 sicut
705 873 788 896 cum
808 860 937 908 aliquis
955 860 1033 896 vult
1050 872 1125 895 non
1144 861 1195 895 ire
1216 861 1259 894 ad
1279 859 1486 901 ecclesiam,
1505 857 1652 905 quando

65 915 117 951 ire
138 922 298 950 tenetur:
320 914 477 950 exterior
498 923 632 957 autem,
654 915 748 950 sicut
769 927 853 950 curn
876 915 1006 962 aliquis
1027 914 1089 950 illa
1111 915 1215 958 hora,
1233 926 1305 962 qua
1324 915 1368 949 ad
1387 913 1583 949 ecclesiam
1601 912 1653 946 ire

65 977 219 1012 tenetur,
240 968 300 1004 vel
321 969 432 1004 etiam
452 977 534 1003 ante
556 978 714 1016 occupat
734 980 772 1004 se
794 969 938 1012 talibus,
957 969 1087 1016 quibus
1107 969 1148 1003 ab
1169 969 1290 1003 eundo
1309 969 1353 1002 ad
1375 967 1572 1002 ecclesiam
1590 966 1654 1000 im-

67 1024 225 1072 peditur:
240 1030 276 1057 et
289 1023 362 1058 hoc
377 1022 654 1069 quodammodo
669 1023 812 1058 videtur
825 1023 861 1057 in
876 1023 1036 1070 primurn
1055 1023 1190 1058 redire:
1215 1023 1277 1070 qui
1294 1023 1393 1057 enim
1412 1021 1489 1056 vult
1507 1019 1654 1068 aliquid,

69 1089 155 1113 curn
182 1087 256 1124 quo
283 1075 380 1110 aliud
407 1075 516 1111 simul
543 1087 621 1111 esse
647 1088 722 1111 non
749 1085 879 1124 potest,
907 1089 949 1112 ex
971 1077 1210 1124 consequenti
1231 1075 1308 1111 vult
1329 1075 1392 1110 illo
1416 1086 1559 1117 carere;
1585 1073 1655 1108 nisi

70 1130 163 1166 forte
185 1141 258 1165 non
281 1129 493 1177 perpendat,
520 1130 617 1177 quod
639 1141 704 1177 per
724 1130 796 1165 hoc
819 1130 917 1177 quod
939 1130 1016 1165 vult
1037 1130 1168 1173 facere,
1195 1130 1391 1177 impeditur
1413 1130 1455 1164 ab
1478 1140 1535 1171 eo,
1557 1127 1655 1175 quod

70 1185 190 1221 facere
210 1192 371 1220 tenetur:
398 1185 436 1218 in
463 1196 535 1231 quo
563 1195 649 1219 casu
671 1194 794 1232 posset
814 1196 878 1232 per
898 1185 1163 1232 negligentiam
1187 1183 1374 1231 culpabilis
1395 1182 1559 1229 judicari.
1582 1181 1657 1217 Alii

71 1251 159 1275 vero
182 1239 317 1282 dicunt,
339 1237 437 1285 quod
458 1238 495 1272 in
517 1247 670 1285 peccato
693 1239 904 1274 omissionis
926 1250 1001 1273 non
1024 1239 1216 1285 requiritur
1239 1238 1367 1284 aliquis
1390 1246 1508 1272 actus:
1536 1237 1656 1283 ipsum

73 1293 173 1329 enim
201 1303 276 1328 non
302 1291 433 1334 facere,
463 1292 562 1339 quod
592 1292 671 1339 quis
699 1291 819 1327 facere
847 1300 1001 1335 tenetur,
1028 1301 1223 1339 peccatum
1255 1301 1318 1326 est.
1346 1291 1510 1337 Utraque
1533 1291 1662 1324 autem'

73 1347 199 1394 opinio
228 1345 428 1381 secundum
463 1345 599 1392 aliquid
632 1346 822 1380 veritatem
850 1346 979 1381 habet:
1011 1346 1041 1380 si
1071 1346 1170 1380 enim
1196 1345 1420 1392 intelligatur
1446 1346 1482 1379 in
1504 1352 1657 1391 peccato

74 1399 286 1436 omissionis
310 1398 401 1434 illud
426 1398 560 1442 solum,
587 1400 685 1446 quod
712 1411 776 1446 per
801 1411 839 1434 se
861 1400 1016 1447 pertinet
1037 1401 1082 1434 ad
1103 1400 1284 1434 rationem
1304 1399 1457 1445 peccati,
1478 1398 1529 1433 sic
1549 1408 1658 1444 quan-

73 1454 194 1501 doque
216 1452 426 1488 omissionis
447 1461 643 1500 peccatum
665 1462 719 1488 est
740 1465 825 1488 cum
848 1462 930 1488 actu
952 1454 1133 1488 interiori:
1162 1462 1201 1488 ut
1227 1465 1312 1487 cum
1334 1452 1464 1499 aliquis
1485 1451 1562 1485 vult
1582 1461 1658 1485 non

73 1507 126 1544 ire
148 1507 192 1542 ad
214 1506 427 1542 ecclesiam:
459 1507 678 1554 quandoque
709 1518 797 1542 vero
820 1507 955 1554 absque
978 1508 1081 1542 omni
1103 1516 1186 1542 actu
1209 1507 1267 1542 vel
1289 1507 1464 1548 interiori,
1486 1505 1543 1539 vel
1567 1512 1659 1539 exte-

73 1561 180 1604 riori;
201 1560 295 1596 sicut
316 1571 401 1595 cum
423 1559 553 1607 aliquis
573 1560 678 1603 hora,
701 1573 772 1608 qua
793 1569 936 1596 tenetur
956 1561 1008 1596 ire
1031 1562 1075 1596 ad
1098 1561 1305 1603 ecclesiam,
1332 1560 1425 1595 nihil
1451 1560 1590 1606 cogitat
1615 1558 1658 1592 de

74 1614 208 1658 eundo,
221 1613 280 1649 vel
297 1625 372 1649 non
391 1614 512 1649 eundo
527 1614 572 1649 ad
587 1614 794 1649 ecclesiam.
811 1615 850 1649 Si
864 1626 951 1650 vero
966 1615 1003 1649 in
1017 1624 1171 1662 peccato
1187 1615 1398 1650 omissionis
1411 1613 1660 1660 intelligantur

75 1668 186 1704 etiam
208 1679 353 1711 causae,
373 1667 432 1703 vel
454 1668 668 1703 occasiones
691 1669 895 1712 omittendi,
913 1669 964 1704 sic
983 1680 1133 1704 necesse
1152 1677 1205 1704 est
1222 1669 1259 1703 in
1278 1677 1430 1714 peccato
1450 1666 1660 1702 omissionis

76 1721 235 1770 aliquem
266 1730 390 1757 actum
419 1733 518 1758 esse:
551 1733 627 1757 non
658 1722 756 1756 enim
785 1731 838 1757 est
870 1731 1064 1770 peccatum
1087 1723 1310 1766 omissionis,
1332 1723 1402 1757 nisi
1424 1733 1509 1756 cum
1531 1720 1660 1766 aliquis

76 1775 341 1823 praetermittit,
363 1775 462 1822 quod
484 1784 605 1822 potest
625 1775 757 1818 facere,
777 1785 812 1811 et
829 1788 904 1811 non
927 1775 1067 1819 facere;
1086 1777 1183 1824 quod
1207 1785 1330 1811 autem
1352 1776 1481 1822 aliquis
1504 1773 1662 1809 declinet

83 1830 122 1865 ad
142 1840 218 1865 non
240 1829 449 1864 faciendum
478 1829 580 1872 illud,
611 1830 709 1876 quod
736 1838 857 1877 potest
885 1829 1018 1872 facere,
1045 1839 1080 1865 et
1105 1841 1178 1865 non
1202 1830 1334 1873 facere,
1355 1841 1430 1864 non
1453 1838 1507 1864 est
1527 1828 1596 1863 nisi
1618 1838 1662 1862 ex

80 1883 200 1931 aliqua
222 1894 344 1927 causa,
365 1883 424 1918 vel
445 1883 643 1918 occasione
665 1885 873 1930 conjuncta,
899 1884 958 1919 vel
979 1884 1232 1931 praecedente.
1260 1883 1304 1918 Et
1325 1884 1354 1918 si
1376 1883 1524 1930 quidem
1552 1892 1662 1916 causa

76 1937 140 1973 illa
159 1948 235 1972 non
256 1938 302 1973 sit
321 1937 358 1972 in
379 1945 559 1985 potestate
585 1937 759 1979 hominis,
781 1938 934 1972 omissio
957 1949 1032 1972 non
1054 1938 1163 1973 habet
1184 1938 1365 1973 rationem
1388 1937 1548 1984 peccati;
1571 1936 1664 1971 sicut

79 2002 164 2026 cum
179 1990 308 2038 aliquis
322 2000 470 2038 propter
483 1991 732 2026 infirmitatem
751 1991 1005 2038 praetermittit
1019 1993 1063 2026 ad
1079 1991 1275 2027 ecclesiam
1293 1993 1361 2027 ire:
1384 1992 1414 2026 si
1434 2002 1521 2026 vero
1541 2000 1662 2032 causa,

77 2044 138 2080 vel
158 2045 307 2080 occasio
329 2045 522 2080 omittendi
542 2045 705 2091 subjacet
726 2045 917 2088 voluntati,
940 2046 1093 2081 omissio
1114 2046 1225 2081 habet
1245 2047 1426 2080 rationem
1448 2044 1605 2092 peccati:
1629 2053 1664 2078 et

78 2107 163 2134 tunc
185 2109 330 2145 semper
351 2106 507 2146 oportet,
530 2099 628 2146 quod
654 2099 722 2134 ista
749 2111 871 2142 causa,
897 2100 1113 2146 inquantum
1137 2109 1191 2135 est
1211 2100 1428 2142 voluntaria,
1450 2100 1583 2134 habeat
1604 2098 1665 2132 ali-

79 2163 189 2200 quem
211 2160 335 2188 actum
356 2153 401 2188 ad
424 2153 544 2188 minus
565 2153 778 2188 interiorem
800 2153 1016 2188 voluntatis:
1040 2154 1101 2201 qui
1123 2154 1270 2201 quidem
1301 2163 1414 2196 actus,
1443 2153 1663 2200 quandoque

80 2206 214 2242 directe
235 2205 346 2242 fertur
367 2207 404 2241 in
425 2206 543 2254 ipsam
565 2207 825 2250 omissionem3
847 2216 933 2254 puta
955 2219 1040 2242 cum
1063 2207 1192 2255 aliquis
1214 2208 1291 2242 vult
1312 2219 1388 2243 non
1409 2208 1461 2242 ire
1485 2207 1528 2241 ad
1552 2205 1666 2241 eccle·

80 2259 185 2303 siam,
213 2260 332 2295 vitans
360 2259 547 2296 laborem:
577 2268 612 2295 et
638 2268 724 2295 tunc
751 2261 833 2295 talis
863 2270 965 2296 actus
995 2273 1058 2309 per
1085 2273 1122 2297 se
1151 2262 1306 2309 pertinet
1333 2262 1377 2296 ad
1404 2261 1665 2303 omissionem3

81 2313 253 2349 voluntas
274 2314 374 2348 enim
396 2315 659 2361 cujuscumque
681 2314 824 2361 peccati
849 2326 913 2361 per
939 2326 977 2350 se
1007 2315 1162 2361 pertinet
1191 2316 1235 2350 ad
1263 2324 1456 2363 peccatum
1486 2315 1593 2357 illud;
1621 2325 1665 2348 eo

82 2368 180 2416 quod
200 2367 448 2403 voluntarium
472 2377 526 2403 est
546 2368 590 2403 de
612 2368 752 2402 ratione
774 2369 934 2415 peccati:
957 2370 1176 2416 quandoque
1200 2378 1322 2404 autem
1345 2378 1446 2404 actus
1468 2367 1665 2403 voluntatis

83 2421 218 2457 directe
238 2420 352 2457 fertur
372 2421 409 2456 in
432 2421 542 2464 aliud,
564 2433 628 2469 per
649 2421 747 2468 quod
768 2422 885 2457 homo
912 2423 1108 2470 impeditur
1130 2423 1173 2458 ab
1197 2432 1278 2458 actu
1302 2423 1443 2458 debito:
1468 2423 1542 2457 sive
1564 2421 1666 2463 illud,

82 2475 119 2511 in
146 2475 244 2523 quod
274 2474 387 2511 fertur
418 2475 601 2518 voluntas,
629 2476 674 2510 sit
704 2477 943 2522 conjunctum
973 2477 1185 2520 omissioni3
1215 2486 1302 2524 puta
1328 2489 1413 2512 cum
1440 2477 1569 2523 aliquis
1591 2475 1668 2509 vult

82 2527 219 2573 luder'e,
253 2529 401 2577 quando
429 2529 473 2564 ad
500 2529 696 2564 ecclesiam
723 2529 870 2565 deberet
894 2530 968 2565 ire:
1004 2531 1080 2566 sive
1107 2531 1217 2566 etiam
1243 2531 1289 2566 sit
1314 2531 1554 2578 praecedens;
1582 2537 1669 2576 puta

85 2593 170 2619 cum
191 2583 321 2632 aliquis
340 2583 419 2619 vult
439 2584 500 2619 diu
520 2583 672 2631 vigilare
694 2584 738 2619 de
757 2595 850 2627 sero,
872 2595 914 2619 ex
936 2596 1009 2632 quo
1036 2585 1209 2632 sequitur,
1231 2586 1328 2632 quod
1351 2597 1426 2620 non
1448 2585 1556 2619 vadat
1576 2584 1668 2618 hora

23 2684 26 2690 ι
85 2636 291 2672 matutinali
311 2637 356 2672 ad
377 2637 594 2674 ecclesiam:
616 2647 652 2672 et
672 2645 757 2672 tunc
777 2646 878 2673 actus
897 2638 963 2673 iste
985 2638 1147 2682 interior,
1165 2639 1224 2674 vel
1243 2639 1400 2674 exterior
1418 2651 1481 2686 per
1499 2637 1669 2672 accidens

31 2716 33 2722 .
86 2700 126 2726 se
149 2690 261 2726 habet
285 2691 330 2726 ad
357 2691 615 2727 omissionem:
643 2691 727 2738 quia
754 2692 906 2727 omissio
940 2693 1102 2740 sequitur
1135 2702 1278 2740 praeter
1311 2693 1565 2735 intentionem,
1595 2691 1668 2725 hoc

87 2751 208 2780 autem
230 2744 386 2780 dicimus
406 2756 471 2792 per
491 2745 660 2780 accidens
680 2756 771 2788 esse,
794 2745 892 2793 quod
917 2755 971 2781 est
997 2755 1139 2793 praeter
1165 2747 1420 2789 intentionem,
1448 2755 1485 2780 ut
1512 2753 1609 2793 patet
1633 2745 1669 2779 in

89 2797 277 2846 2.Physic.
297 2798 442 2846 (implic.
458 2804 520 2834 tex.
534 2811 592 2846 49.
606 2811 660 2846 50.
676 2804 704 2834 et
717 2800 819 2846 seq.);
839 2800 934 2834 unde
946 2799 1180 2835 manifestum
1195 2810 1260 2843 est,
1272 2801 1368 2848 quod
1380 2810 1464 2836 tunc
1477 2807 1669 2848 peccatum

89 2851 299 2888 omissionis
319 2851 431 2887 habet
455 2852 604 2900 quidem
627 2852 786 2900 aliquem
809 2862 932 2889 actum
955 2855 1206 2900 conjunctum,
1225 2855 1283 2890 vel
1303 2855 1594 2902 praecedentem,
1609 2853 1671 2900 qui

88 2912 213 2941 tamen
240 2916 305 2954 per
333 2905 503 2942 accidens
532 2917 570 2942 se
591 2906 701 2942 habet
727 2907 772 2941 ad
798 2916 991 2954 peccatum
1020 2908 1243 2944 omissionis.
1266 2909 1449 2955 Judicium
1477 2917 1599 2943 autem
1627 2907 1671 2942 de

237 2986 267 3016 S.
287 2987 411 3016 Tuon!
432 2987 538 3016 Summa
564 2988 728 3025 Theologica.
749 2989 815 3017 Vol.
837 2989 876 3018 11.
1494 3001 1525 3027 33
