1875 3198
225 207 307 250 572
625 206 846 242 QUAESTIO
880 207 1025 238 LXXIX.
1060 206 1304 237 ARTICULUS
1337 207 1364 235 Ι.

223 351 275 377 est
295 350 502 389 peccatum3
525 353 611 387 ergo
633 342 732 376 Deus
754 342 962 376 hominibus
983 350 1036 376 est
1058 353 1165 376 causa
1186 343 1336 388 peccati.

293 406 325 430 2.
352 396 586 430 PRAETEREA.
611 395 769 441 Sapient.
796 406 847 438 14.
870 396 1016 429 dicitur:
1041 395 1223 430 Creaturaza
1244 397 1310 430 Dei
1331 397 1366 430 in
1387 396 1499 430 odium
1517 397 1631 442 factae
1655 401 1730 431 sunt
1753 401 1782 431 et

222 451 257 483 in
284 450 492 484 tentationem
513 450 687 482 animabus
708 449 899 483 hominum:
922 449 984 483 sed
1006 449 1154 483 tentatio
1188 449 1281 484 solet
1313 449 1384 483 dici
1405 451 1617 495 provocatio
1639 450 1682 484 ad
1703 461 1784 495 pec-

224 503 397 537 candum:
421 513 504 536 cum
527 512 614 547 ergo
637 510 822 536 creaturae
843 513 916 536 non
939 502 1008 536 sint
1030 501 1145 536 factae
1160 503 1228 537 nisi
1242 514 1261 536 a
1276 503 1368 545 Deo,
1384 510 1422 536 ut
1435 503 1471 536 in
1485 503 1603 549 primo
1618 503 1782 537 habitum

223 564 277 590 est
299 556 343 601 (q.
361 566 417 600 44.
434 560 498 589 art.
515 556 574 600 L),
598 555 748 597 videtur,
770 555 866 601 quod
889 555 988 589 Deus
1010 555 1054 590 sit
1076 567 1185 590 causa
1206 556 1346 602 peccati
1366 567 1569 602 provocans
1589 556 1778 591 hominem

223 609 266 642 ad
288 608 526 654 peccandum.

295 673 323 707 3.
345 661 580 696 PRAETEREA.
605 660 791 706 Quidquid
813 669 866 695 est
888 673 995 696 causa
1017 673 1160 704 causae,
1182 670 1235 696 est
1256 673 1364 697 causa
1386 661 1553 697 effectus:
1589 662 1652 697 sed
1680 663 1780 696 Deus

223 723 276 749 est
297 726 404 748 causa
425 714 528 748 liberi
549 714 694 756 arbitrii,
716 714 812 760 quod
835 723 888 749 est
909 726 1017 749 causa
1034 716 1194 761 peccati3
1213 727 1300 761 ergo
1318 716 1418 750 Deus
1437 723 1490 750 est
1508 727 1616 750 causa
1631 715 1780 762 peccati.

292 778 325 811 4.
347 768 581 802 PRAETEREA.
606 767 728 802 Omne
750 767 889 802 malum
912 769 1106 814 opponitur
1126 769 1246 804 bono:
1269 769 1330 803 sed
1352 780 1426 803 non
1447 776 1624 815 repugnat
1640 768 1782 802 divinae

221 821 384 862 bonitati,
406 820 502 866 quod
524 821 599 866 ipse
620 821 665 854 sit
686 831 793 854 causa
814 820 902 854 mali
923 832 1081 867 poenae:
1105 821 1148 855 de
1169 822 1238 856 isto
1260 822 1357 856 enim
1376 821 1475 856 malo
1494 821 1623 856 dicitur
1639 821 1706 856 Isa.
1724 831 1781 866 45.

223 875 319 921 quod
340 876 432 909 Deus
451 879 493 909 est
510 886 624 909 creans
646 875 783 917 malum,
811 883 846 909 et
872 875 989 909 Amos
1014 887 1061 921 3.:
1087 876 1123 910 Si
1143 881 1188 911 est
1208 877 1334 910 malum
1358 877 1394 910 in
1416 877 1560 918 civitate,
1583 875 1668 921 quod
1692 875 1783 909 Deus

221 940 286 962 non
300 928 440 974 fecerit;
465 938 550 974 ergo
574 927 683 962 etiam
705 927 847 962 divinae
867 928 1020 962 bonitati
1040 940 1115 963 non
1136 936 1324 975 repugnat,
1346 928 1443 975 quod
1471 929 1571 963 Deus
1600 929 1645 963 sit
1673 939 1782 963 causa

223 980 361 1027 culpae.
1238 1017 1241 1019 ,

293 1034 367 1068 SED
395 1044 560 1069 CONTRA.
588 1033 671 1079 Sap.
699 1044 750 1067 11.
773 1033 922 1068 dicitur:
944 1035 1042 1069 Nihil
1062 1034 1158 1069 odisti
1171 1046 1298 1077 eorum,
1313 1046 1395 1081 quae
1406 1035 1534 1079 fecisti:
1557 1033 1634 1068 odit
1654 1041 1775 1068 autem

222 1088 322 1122 Deus
343 1095 544 1133 peccatum,
566 1086 766 1121 secundum
783 1087 870 1121 illud
891 1087 974 1134 Sap.
1002 1098 1073 1131 14.:
1091 1088 1177 1124 Odio
1192 1093 1235 1123 est
1252 1089 1324 1123 Deo
1342 1089 1475 1135 impius,
1494 1092 1523 1123 et
1535 1088 1684 1134 impietas
1697 1089 1782 1133 ejus;

224 1152 310 1188 ergo
332 1141 432 1175 Deus
453 1152 527 1175 non
550 1148 603 1175 est
624 1151 733 1174 causa
753 1141 903 1187 peccati.

294 1194 523 1229 REspon-:o
542 1193 746 1236 dicendum,
764 1194 861 1240 quod
887 1194 1002 1229 homo
1024 1193 1197 1241 dupliciter
1207 1203 1260 1229 est
1281 1205 1390 1230 causa
1411 1194 1551 1241 peccati
1567 1192 1627 1228 vel
1647 1194 1713 1236 sui,
1727 1192 1786 1227 vel

225 1247 385 1282 alterius:
408 1259 471 1282 uno
494 1247 588 1281 modo
611 1247 756 1289 directe,
777 1247 987 1282 inclinando
1009 1247 1148 1282 scilicet
1168 1247 1395 1282 voluntatem
1416 1259 1532 1290 suam,
1558 1247 1616 1281 vel
1639 1246 1783 1281 alterius

225 1301 268 1335 ad
287 1300 530 1347 peccandum:
554 1300 620 1335 alio
638 1300 734 1334 modo
754 1300 940 1342 indirecte,
962 1300 1049 1334 dum
1071 1301 1210 1336 scilicet
1229 1312 1304 1335 non
1325 1301 1474 1336 retrahit
1500 1299 1641 1346 aliquos
1663 1311 1683 1334 a
1704 1310 1784 1345 pec·
1808 1338 1809 1341 Ἴ

224 1362 325 1397 cat03
349 1354 441 1388 unde
459 1353 590 1388 Ezech.
616 1352 876 1399 3.speculatori
899 1354 1045 1388 dicitur:
1061 1354 1096 1389 Si
1117 1366 1182 1389 non
1199 1354 1323 1389 dixeris
1340 1355 1465 1401 impio:
1490 1355 1600 1388 Morte
1617 1354 1782 1394 morieris,
1828 1354 1836 1361 ‘

223 1409 413 1453 sangninem
446 1409 514 1453 ejus
549 1406 585 1441 cla
618 1418 719 1440 manu
753 1411 809 1441 tua
830 1409 1010 1453 requiram.
1041 1407 1142 1442 Deus
1164 1416 1285 1442 autem
1311 1418 1386 1442 non
1412 1414 1530 1454 potest
1550 1417 1627 1441 esse
1653 1406 1786 1440 directe

227 1472 334 1495 causa
356 1460 494 1506 peccati
514 1459 573 1493 vel
593 1459 658 1502 sui,
677 1459 735 1493 vel
757 1459 923 1494 alterius:
947 1460 1030 1506 quia
1049 1472 1158 1495 omne
1181 1468 1371 1507 peccatum
1387 1469 1440 1495 est
1457 1471 1520 1507 per
1540 1470 1724 1494 recessum
1743 1459 1785 1493 ab

226 1514 363 1556 ordine,
386 1514 446 1560 qui
469 1521 521 1548 est
540 1513 576 1546 in
598 1513 731 1555 Deum,
753 1513 845 1548 sicut
865 1513 901 1547 in
922 1513 1052 1548 finem:
1067 1514 1166 1549 Deus
1190 1523 1311 1549 autem
1326 1514 1450 1548 onmia
1468 1513 1628 1555 inclinat,
1649 1521 1684 1547 et
1705 1524 1788 1547 con-

226 1568 332 1602 vertit
345 1567 380 1600 in
402 1567 571 1612 seipsum,
598 1566 690 1600 sicut
711 1567 746 1600 in
766 1566 934 1601 ultimum
955 1566 1074 1609 finem,
1096 1568 1187 1602 sicut
1208 1568 1361 1614 Dionys.
1384 1567 1470 1601 dicit
1492 1577 1519 1601 1.
1539 1578 1616 1612 cap.
1639 1566 1682 1600 de
1703 1566 1785 1600 Div.

226 1621 336 1655 Nom.
369 1619 465 1664 (vers.
491 1621 548 1664 fin.
571 1620 639 1654 lect.
662 1621 722 1666 3.);
746 1620 838 1654 unde
860 1620 1083 1666 impossibile
1110 1629 1174 1664 est,
1198 1621 1295 1667 quod
1325 1621 1369 1655 sit
1394 1621 1472 1663 sibi,
1498 1619 1556 1655 vel
1581 1619 1658 1654 aliis
1679 1630 1788 1654 causa

227 1674 434 1709 discedendi
467 1674 508 1708 ab
533 1673 670 1715 ordine,
692 1674 753 1720 qui
774 1682 827 1708 est
859 1674 894 1707 in
916 1674 1055 1720 ipsum3
1078 1674 1171 1708 unde
1193 1685 1267 1708 non
1285 1682 1404 1720 potest
1425 1673 1559 1708 directe
1580 1683 1658 1707 esse
1680 1683 1789 1707 causa

228 1728 377 1774 peccati.
391 1727 564 1762 Similiter
586 1727 695 1760 etiam
716 1738 833 1773 neque
855 1727 1242 1774 indirecte.Contingit
1255 1727 1476 1774 enim‚·quod
1493 1727 1593 1761 Deus
1612 1726 1788 1772 aliquibus

225 1793 299 1815 non
321 1781 467 1827 praebet
489 1780 661 1814 auxilium
684 1780 727 1813 ad
750 1780 957 1814 evitandum
979 1788 1138 1826 peccata,
1161 1781 1258 1827 quod
1279 1781 1308 1815 si
1336 1781 1534 1827 praeberet,
1560 1790 1634 1814 non
1661 1790 1786 1826 pecca-

228 1842 320 1868 rent:
344 1834 405 1868 sed
428 1834 498 1868 hoc
519 1842 636 1868 toturn
652 1833 737 1867 facit
750 1833 950 1868 secundum
965 1834 1131 1868 ordinem
1152 1845 1238 1868 suae
1257 1833 1509 1880 sapientiae,et
1529 1833 1788 1879 justitiae,cum

226 1889 302 1934 ipse
321 1888 365 1922 sit
385 1887 571 1933 sapientia,
593 1895 627 1920 et
648 1886 800 1931 justitia;
822 1887 916 1921 unde
938 1898 1013 1921 non
1034 1887 1231 1933 imputatur
1250 1887 1294 1929 ei,
1309 1887 1406 1933 quod
1428 1886 1518 1921 alius
1540 1894 1676 1933 peccet,
1698 1887 1790 1921 sicut

229 1954 358 1976 causae
372 1942 528 1988 peccati:
547 1941 638 1975 sicut
655 1941 874 1987 gubernator
887 1953 961 1976 non
984 1942 1112 1976 dicitur
1133 1953 1242 1976 causa
1259 1941 1517 1976 submersionis
1538 1941 1638 1976 navis
1658 1952 1700 1975 ex
1717 1941 1788 1976 hoc

227 1996 323 2042 quod
345 2007 419 2030 non
441 1996 615 2041 gubernat
636 2006 779 2037 navem,
800 1995 868 2029 nisi
890 1995 1034 2041 quando
1062 1995 1238 2029 subtrahit
1265 1995 1566 2041 gubernationem
1593 2002 1733 2040 potens,
1755 2001 1790 2028 et

227 2049 360 2084 debens
383 2049 593 2095 gubernare.
616 2048 660 2082 Et
685 2050 734 2082 sic
757 2057 864 2094 patet,
887 2049 983 2095 quod
1005 2049 1105 2083 Deus
1126 2048 1227 2083 nullo
1250 2049 1362 2083 modo
1384 2057 1437 2084 est
1458 2059 1567 2083 causa
1588 2048 1741 2095 peccati.

299 2103 359 2137 AD
380 2113 528 2137 PRIMUM
552 2113 638 2147 ergo
661 2101 867 2144 dicendum,
901 2102 998 2148 quod
1029 2110 1204 2148 quantum
1238 2102 1282 2136 ad
1308 2102 1417 2137 verba
1443 2101 1614 2148 Apostoli
1640 2113 1682 2136 ex
1708 2101 1787 2148 ipso

228 2164 325 2190 textu
347 2164 444 2201 patet
465 2155 616 2190 solutio:
636 2155 665 2189 si
687 2155 782 2189 enim
804 2156 904 2190 Deus
930 2155 1039 2190 trahit
1070 2155 1209 2202 aliquos
1240 2155 1276 2189 in
1310 2155 1504 2202 reprobum
1536 2166 1695 2197 sensum,
1715 2155 1790 2201 jam
1813 2178 1818 2186 .

230 2220 316 2255 ergo
335 2209 530 2255 reprobum
551 2220 698 2243 sensum
715 2208 849 2244 habent
868 2209 910 2243 ad
927 2208 1132 2243 faciendum
1144 2220 1198 2251 ea,
1213 2220 1304 2255 quae
1318 2219 1392 2243 non
1404 2208 1644 2251 conveniunt3
1661 2192 1818 2253 dicitur?

230 2274 316 2308 ergo
338 2262 478 2296 tradere
511 2273 573 2296 eos
607 2262 642 2295 in
676 2262 870 2308 reprobum
892 2274 1051 2304 sensum,
1074 2262 1286 2308 inquantum
1316 2273 1390 2297 non
1425 2261 1592 2309 prohibet
1613 2272 1688 2304 eos,
1702 2261 1807 2308 quin·

229 2327 334 2350 suum
356 2326 501 2349 sensum
523 2316 716 2361 reprobum
739 2324 950 2361 sequantur:
986 2317 1078 2350 sicut
1103 2315 1257 2349 dicimur
1283 2326 1463 2362 exponere
1489 2314 1583 2357 illos,
1604 2326 1695 2361 quos
1715 2324 1789 2349 non

229 2378 382 2403 tuemur.
407 2368 518 2409 Quod
547 2376 668 2402 autem
695 2369 846 2413 August.
870 2369 955 2403 dicit
981 2369 1016 2402 in
1038 2368 1097 2403 lib.
1125 2369 1168 2403 de
1196 2368 1296 2403 Grat.
1328 2376 1362 2403 et
1392 2368 1509 2402 Liber.
1536 2367 1668 2402 Arbitr.
1696 2366 1789 2402 unde

230 2431 373 2468 sumpta
396 2430 449 2456 cst
471 2421 572 2456 Glos.
596 2422 692 2468 quod
720 2423 809 2457 Deus
837 2423 976 2458 inclinat
996 2423 1178 2457 wluntatcs
1196 2423 1366 2457 hominum
1389 2423 1423 2456 in
1445 2423 1578 2464 bonnm,
1601 2427 1630 2457 ct
1652 2422 1788 2464 malum,

231 2477 281 2511 sic
304 2475 577 2521 intelligendum
601 2483 665 2517 est,
688 2476 783 2521 quod
811 2476 846 2509 in
873 2476 1011 2510 bonum
1037 2476 1182 2522 quidem
1211 2476 1343 2510 directe
1370 2475 1522 2509 inclinat
1542 2474 1788 2518 voluntatem;

232 2530 267 2563 in
287 2529 424 2563 malum
448 2537 580 2570 autem,
603 2530 814 2574 inquantum
837 2541 910 2563 non
931 2529 1108 2575 prohibet,
1130 2529 1222 2564 sicut
1243 2529 1379 2563 dictum
1395 2537 1448 2564 est
1463 2529 1513 2574 (in
1531 2535 1622 2576 corp.
1636 2529 1733 2574 art.);
1755 2534 1791 2563 et

233 2591 355 2617 tamen
376 2582 447 2616 hoc
471 2582 579 2616 etiam
604 2582 779 2627 contingit
802 2594 842 2616 ex
866 2583 994 2616 merito
1018 2582 1265 2629 praecedentis
1286 2582 1436 2629 peccati.

304 2637 363 2670 AD
391 2645 596 2670 SECUNDUM
623 2635 826 2676 dicendum,
843 2636 938 2682 quod
963 2647 1045 2669 cum
1068 2636 1214 2670 dicitur:
1240 2634 1421 2670 Crcalurac
1443 2635 1510 2670 Dei
1522 2635 1636 2682 factm:
1659 2640 1735 2670 sunt
1755 2634 1789 2668 {n

233 2689 357 2731 odium,
380 2695 408 2724 ct
435 2690 696 2723 intentationem
719 2690 893 2723 ‹minmluts
928 2690 1110 2731 hominum,
1138 2689 1227 2723 haec
1251 2689 1451 2735 propositio
1484 2690 1518 2723 in
1547 2699 1621 2723 non
1648 2687 1790 2735 ponitur

234 2742 435 2784 causaliter,
457 2743 518 2776 sed
542 2742 790 2776 consecutive:
815 2754 886 2776 non
911 2742 1006 2776 enim
1026 2742 1125 2776 Deus
1147 2742 1230 2776 fecit
1252 2750 1433 2776 creaturas
1452 2742 1495 2776 ad
1518 2741 1654 2776 malum
1677 2739 1791 2776 homi-

234 2808 342 2838 num3
365 2796 424 2830 sed
447 2797 516 2830 hoc
534 2804 768 2830 consecutum
791 2804 843 2830 cst
866 2804 1009 2841 propter
1032 2795 1273 2841 insipientiam
1290 2795 1501 2837 hominum;
1517 2795 1609 2829 unde
1631 2794 1790 2829 subditur

234 2856 262 2885 ιἸ
284 2851 316 2884 in
340 2850 554 2896 manipulum
573 2849 710 2896 palibus
725 2850 958 2895 insipisntiutn,
983 2849 1041 2894 qui
1065 2848 1201 2884 scilicet
1223 2860 1285 2895 per
1306 2859 1409 2883 suam
1430 2847 1672 2895 insipientiam
1691 2855 1791 2882 utun·

234 2912 289 2937 tur
311 2903 482 2938 creaturis
506 2903 548 2937 ad
572 2902 680 2944 aliud,
696 2913 803 2948 quam
826 2903 867 2936 ad
890 2903 986 2948 quod
1003 2901 1117 2937 saetae
1139 2910 1231 2937 sunt.

1826 235 1837 259 s
1856 247 1857 252 1

223 288 285 322 sed
298 288 416 322 facere
430 298 522 334 quae
538 299 613 322 non
628 288 858 330 conveniunt,
873 297 907 323 et
924 288 1090 323 inclinari
1107 289 1308 323 secundum
1321 288 1547 323 voluntatem
1566 289 1610 324 ad
1628 289 1778 330 malum,
1814 284 1815 287 ¹
1854 289 1857 316 ἕ

1851 329 1857 360 4
