1955 3182
317 162 371 203 So
750 174 970 209 QUAESTIO
1004 173 1061 202 vr.
1096 173 1339 203 ARTICULus
1372 173 1446 202 vn.

388 265 418 289 2.
446 255 682 290 PRAETEREA.
716 255 817 289 Sicut
839 266 902 301 per
927 255 1099 289 timorem
1126 254 1273 289 timidus
1301 255 1376 300 agit
1397 262 1524 288 contra
1552 253 1599 296 id,
1629 253 1726 300 quod
1753 265 1883 300 propo-

315 309 439 343 nebat:
456 309 504 342 ita
518 309 748 343 incontinens
764 317 909 354 propter
924 308 1277 354 concupiscentiam:
1293 308 1355 342 sed
1370 308 1480 342 timor
1495 307 1615 353 aliquo
1631 308 1743 341 modo
1759 315 1883 342 causat

314 362 618 405 involuntarium3
642 374 728 408 ergo
752 370 786 396 et
808 362 1114 408 concupiscentia.

391 427 419 461 3.
446 416 683 450 PRAETEREA.
712 416 769 449 Ad
796 415 1045 450 voluntarium
1071 415 1264 462 requiritur
1291 415 1470 460 cognitio:
1499 414 1561 449 sed
1589 415 1884 461 concupiscentia

317 469 516 515 corrumpit
535 469 803 515 cognitionem:
825 469 913 503 dicit
932 469 1029 503 enim
1047 469 1184 504 Philos.
1207 470 1243 503 in
1258 468 1289 503 6.
1306 469 1386 503 Eth.
1404 469 1489 514 (cap.
1501 470 1546 514 5.)
1566 469 1663 515 quod
1679 468 1883 511 delectatio,

315 523 389 556 sive
413 523 708 568 concupiscentia
731 522 981 557 delectationis
1005 523 1205 570 corrumpit
1228 522 1520 557 aestimationem
1542 523 1768 568 prudentiae;
1795 533 1882 569 ergo

316 577 611 622 concupiscentia
634 584 758 610 causat
779 576 1075 611 involuntarium.

388 629 462 664 SED
486 641 641 664 CONTRA
660 638 724 672 est,
746 630 843 676 quod
864 631 1036 664 Damasc.
1053 630 1138 664 dicit
1152 631 1227 675 (lib.
1250 642 1280 665 2.
1303 630 1378 664 fid.
1405 630 1500 665 Orth.
1523 636 1595 676 cap.
1616 630 1710 675 24.).·
1731 629 1885 664 involun-

317 684 441 718 tarium
462 688 504 718 est
525 684 769 727 misericordia,
792 684 845 719 vel
866 684 1072 730 indulgentia
1094 684 1242 730 dignum,
1266 689 1295 719 et
1316 696 1391 718 cum
1410 684 1544 718 tristitia
1565 684 1696 730 agitur:
1718 683 1781 718 sed
1801 694 1886 717 neu-

316 745 412 771 trum
433 737 567 770 horum
591 738 766 783 competit
787 738 830 779 ei,
858 738 1045 784 quodper
1073 737 1410 784 concupiscentiam
1437 737 1572 783 agitur3
1603 748 1689 783 ergo
1717 737 1886 783 concupi-

316 791 453 825 scentia
473 802 549 825 non
572 800 696 826 causat
717 791 1015 826 involuntarium.

388 845 618 880 RESPONDEO
654 846 860 888 dicendum,
889 846 985 892 quod
1014 845 1309 891 concupiscentia
1336 856 1411 879 non
1439 853 1564 879 causat
1588 843 1884 886 involuntarium,

318 899 380 933 sed
403 899 519 945 magis
541 898 627 934 facit
649 899 783 945 aliquid
806 899 1071 933 voluntarium:
1093 899 1334 932 diciturenim
1358 898 1492 944 aliquid
1511 898 1758 933 voluntarium
1777 909 1885 939 exeo,

318 952 415 998 quod
435 952 604 987 voluntas
627 953 662 987 in
684 953 719 986 id
745 952 873 987 fertur:
898 964 959 999 per
987 952 1323 998 concupiscentiam
1351 960 1473 986 autem
1497 951 1668 986 voluntas
1693 951 1887 986 inclinatur

319 1006 361 1040 ad
388 1006 586 1040 volendum
613 1007 659 1049 id,
687 1007 784 1052 quod
812 1006 1054 1052 concupiscit:
1083 1014 1118 1040 et
1142 1006 1224 1040 ideo
1258 1006 1553 1052 concupiscentia
1587 1005 1705 1052 magis
1731 1005 1817 1040 facit
1843 1004 1886 1038 ad

317 1060 387 1094 hoc
411 1060 507 1106 quod
531 1060 665 1106 aliquid
687 1061 732 1094 sit
752 1060 1011 1101 voluntarium,
1030 1057 1143 1106 'quarn
1166 1059 1263 1106 quod
1285 1060 1330 1093 sit
1352 1059 1648 1094 involuntarium.

389 1114 448 1147 AD
464 1124 613 1148 PRIMUM
629 1125 716 1159 ergo
733 1114 938 1155 dicendum,
955 1114 1051 1159 quod
1068 1114 1178 1147 timor
1193 1121 1246 1147 est
1261 1114 1303 1147 de
1318 1113 1435 1147 malo:
1455 1113 1750 1160 concupiscentia
1765 1121 1887 1147 autem

318 1167 462 1213 respicit
482 1168 639 1209 bonum;
662 1166 800 1201 malum
824 1176 945 1202 autern
971 1167 1173 1201 secundum
1196 1178 1232 1201 se
1256 1167 1495 1201 contrariatur
1519 1166 1717 1202 voluntati:
1745 1167 1807 1201 sed
1827 1167 1888 1200 bo-

317 1232 406 1254 num
433 1228 486 1254 est
518 1220 697 1255 voluntati
724 1232 949 1263 consonum3
976 1220 1070 1255 unde
1098 1221 1214 1267 magis
1242 1232 1279 1255 se
1306 1221 1416 1255 habet
1446 1221 1558 1255 timor
1592 1221 1636 1255 ad
1663 1220 1887 1255 causandum

318 1273 616 1317 involuntarium,
639 1286 749 1321 quam
772 1274 1078 1321 concupiscentia.

390 1328 450 1362 AD
472 1338 680 1362 SECUNDUM
700 1328 906 1370 dicendum,
925 1328 1022 1374 quod
1044 1328 1080 1361 in
1102 1339 1158 1370 eo,
1181 1328 1240 1374 qui
1256 1339 1320 1373 per
1341 1335 1481 1362 metum
1505 1327 1642 1374 aliquid
1665 1327 1750 1374 agit,
1765 1336 1889 1361 manet

319 1382 557 1428 repugnantia
577 1381 773 1416 voluntatis
793 1382 835 1415 ad
854 1382 900 1423 id,
923 1381 1020 1427 quod
1040 1382 1167 1427 agitur,
1183 1381 1384 1416 secundum
1408 1381 1506 1427 quod
1520 1381 1556 1415 in
1575 1392 1612 1415 se
1628 1381 1887 1416 consideratur:

320 1435 381 1470 sed
404 1435 440 1468 in
462 1446 518 1477 eo,
540 1436 601 1481 qui
623 1436 696 1481 agit
718 1435 851 1482 aliquid
870 1447 933 1481 per
960 1435 1296 1480 concupiscentiam
1325 1435 1435 1479 (sicut
1461 1443 1514 1469 est
1539 1435 1786 1480 incontinens)
1813 1446 1888 1469 non

321 1497 444 1523 manet
470 1489 567 1535 prior
595 1489 775 1531 voluntas>
798 1500 890 1534 quae
923 1488 1135 1534 repudiabat
1161 1487 1262 1529 illud,
1284 1488 1382 1534 quod
1409 1488 1696 1534 concupiscitur3
1718 1489 1780 1523 sed
1814 1500 1890 1522 mu-

320 1551 415 1577 tatur
434 1543 477 1576 ad
495 1542 693 1577 volendum
711 1543 758 1584 id,
778 1543 874 1588 quod
893 1542 990 1588 prius
1008 1542 1236 1588 repudiabat:
1257 1549 1292 1575 et
1304 1541 1388 1576 ideo
1404 1542 1500 1588 quod
1521 1553 1585 1587 per
1605 1550 1746 1576 metum
1761 1542 1888 1588 agitur,

322 1597 481 1642 quodam
500 1597 612 1630 modo
635 1605 688 1631 est
705 1596 1009 1630 involuntarium:
1025 1596 1086 1629 sed
1102 1595 1198 1642 quod
1212 1606 1275 1640 per
1290 1595 1625 1642 concupiscentiam
1644 1596 1771 1642 agitur,
1787 1595 1888 1630 nullo

321 1651 454 1685 modo:
476 1662 563 1684 nam
589 1650 818 1684 incontinens
846 1649 1164 1696 concupiscentiae
1193 1649 1266 1695 agit
1292 1656 1418 1683 contra
1444 1649 1492 1691 id,
1519 1649 1616 1695 quod
1642 1649 1740 1696 prius
1761 1661 1891 1696 propo-

319 1704 438 1746 nebat,
460 1716 534 1738 non
562 1712 683 1738 autem
711 1713 837 1738 contra
862 1704 934 1737 hoc
958 1704 1055 1750 quod
1081 1714 1177 1737 nunc
1204 1702 1297 1737 vult:
1327 1702 1389 1737 sed
1415 1703 1564 1737 timidus
1591 1703 1665 1749 agit
1690 1711 1816 1738 contra
1842 1704 1889 1746 id,

321 1757 418 1804 quod
441 1758 549 1792 etiam
572 1769 667 1791 nunc
690 1758 891 1792 secundum
914 1768 950 1791 se
973 1756 1059 1791 vult.

392 1812 452 1846 AD
471 1822 643 1846 TERTIUM
665 1811 870 1853 dicendum,
894 1811 990 1857 quod
1013 1811 1042 1845 si
1065 1810 1359 1857 concupiscentia
1380 1809 1540 1844 totaliter
1561 1811 1810 1857 cognitionem
1834 1822 1892 1844 au-

321 1865 438 1908 ferret>
460 1866 552 1900 sicut
573 1866 751 1912 contingit
772 1866 807 1899 in
830 1865 910 1907 illis,
931 1866 991 1911 qui
1009 1872 1156 1911 propter
1174 1864 1508 1911 concupiscentiam
1531 1863 1621 1901 fiunt
1639 1873 1819 1907 amentes;
1841 1875 1892 1898 se-

319 1928 496 1965 queretur,
524 1920 620 1966 quod
641 1920 935 1965 concupiscentia
953 1918 1200 1952 voluntarium
1218 1918 1378 1953 tolleret:
1397 1929 1464 1952 nec
1484 1926 1608 1952 tamen
1626 1918 1771 1965 proprie
1793 1926 1890 1953 esset

321 1973 368 2007 ibi
390 1973 691 2015 involuntariumg
714 1974 797 2019 quia
819 1973 855 2006 in
877 1973 943 2015 his,
967 1983 1058 2018 quae
1080 1984 1186 2006 usum
1208 1972 1357 2006 rationis
1375 1983 1450 2006 non
1469 1972 1614 2015 habent,
1631 1984 1749 2019 neque
1766 1972 1892 2006 volun·
1936 1987 1944 1990 ·

319 2028 451 2061 tarium
474 2036 536 2070 est,
563 2039 680 2074 neque
702 2027 1004 2062 involuntarium:
1027 2026 1088 2061 sed
1112 2027 1330 2073 quandoque
1357 2027 1393 2060 in
1419 2026 1488 2069 his,
1515 2038 1607 2073 quae
1634 2038 1696 2073 per
1723 2027 1893 2073 concupi-

322 2082 498 2116 scentiam
522 2090 687 2127 aguntur‚
708 2093 783 2115 non
804 2081 964 2115 totaliter
992 2080 1131 2115 tollitur
1159 2080 1332 2126 cognitio,
1359 2080 1443 2126 quia
1467 2091 1542 2114 non
1567 2080 1706 2115 tollitur
1732 2088 1891 2127 potestas

323 2136 582 2181 cognoscendi,
604 2136 666 2169 sed
688 2135 807 2169 solum
830 2134 1072 2169 consideratio
1095 2134 1245 2168 actualis
1267 2134 1303 2168 in
1325 2133 1531 2180 particulari
1554 2134 1686 2180 agibili.
1706 2134 1750 2169 Et
1767 2142 1891 2168 tamen

321 2189 393 2223 hoc
416 2189 534 2234 ipsum
557 2197 609 2223 est
629 2189 887 2231 voluntarium,
910 2188 1110 2223 secundum
1133 2188 1229 2234 quod
1251 2187 1497 2222 voluntarium
1515 2188 1645 2222 dicitur
1665 2188 1763 2235 quod
1785 2197 1838 2223 est
1855 2188 1891 2222 in

321 2251 498 2289 potestate
520 2243 728 2284 voluntatis,
751 2251 789 2277 ut
809 2254 883 2277 non
907 2254 1024 2288 agere,
1048 2251 1082 2277 et
1104 2254 1178 2276 non
1196 2241 1309 2284 velle3
1331 2241 1496 2276 similiter
1524 2251 1646 2277 autem
1664 2250 1699 2277 et
1716 2253 1791 2277 non
1809 2253 1893 2276 con-

323 2296 500 2339 siderare3
529 2305 647 2343 potest
674 2297 771 2331 enim
805 2296 972 2330 voluntas
1007 2296 1167 2342 passioni
1196 2296 1372 2339 resistere,
1403 2304 1441 2330 ut
1469 2295 1560 2330 infra
1587 2296 1726 2331 dicetur
1759 2297 1807 2343 (q.
1839 2307 1891 2343 77.

323 2356 388 2385 art.
412 2351 443 2386 6.
466 2356 493 2386 et
515 2352 573 2397 7.).

855 2487 1202 2532 ARTICULUS
1233 2488 1355 2531 VIII.
1847 2500 1892 2543 48

577 2597 730 2627 UTRUM
758 2597 1032 2627 IGNORANTIA
1059 2597 1227 2627 CAUSET
1256 2597 1637 2628 INVOLUNTARIUM.

351 2692 452 2738 (Insr.
475 2704 504 2737 q.
527 2703 577 2737 19.
600 2696 664 2726 art.
688 2692 720 2726 6.
744 2698 834 2737 corp.
854 2696 882 2725 ct
901 2704 930 2736 q.
952 2692 1005 2736 76.
1027 2696 1092 2725 art.
1108 2703 1135 2737 3.
1155 2696 1184 2726 et
1201 2703 1233 2735 4.
1256 2697 1286 2726 ct
1307 2704 1333 2726 ι.
1356 2692 1444 2726 Dist.
1462 2703 1514 2738 39.
1537 2703 1567 2738 q.
1590 2703 1617 2726 1.
1638 2695 1701 2726 art.
1723 2703 1750 2726 ι.
1773 2690 1816 2726 ad
1835 2702 1868 2736 4.

656 2750 685 2780 et
699 2746 786 2779 Dist.
801 2753 928 2790 43·‘1³'l-
945 2758 971 2779 I.
987 2744 1028 2779 ad
1042 2757 1073 2780 2.
1088 2750 1117 2780 ct
1132 2746 1216 2779 Mal.
1232 2757 1262 2791 q.
1275 2757 1303 2791 3.
1319 2751 1382 2780 art.
1397 2747 1428 2781 8.
1443 2747 1560 2793 corp).

397 2834 457 2868 AD
487 2844 676 2869 ocTAvUM
703 2834 753 2868 sic
784 2834 1000 2880 proceditur.
1027 2833 1189 2876 Videtur,
1213 2834 1309 2880 quod
1331 2835 1535 2881 ignorantia
1557 2845 1630 2870 non
1653 2843 1776 2870 causet
1798 2834 1896 2870 invo-

326 2887 541 2922 luntarium:
571 2887 853 2922 involuntarium
885 2888 981 2922 enim
1011 2887 1155 2922 veniam
1188 2896 1356 2930 merctur,
1384 2897 1421 2923 ut
1447 2889 1618 2923 Damasc.
1647 2889 1734 2923 dicit
1761 2889 1833 2934 (lilv.
1863 2901 1893 2924 2.
