1875 3198
186 175 274 228 496
613 186 834 221 QUAESTIO
867 185 983 215 LXXI.
1017 185 1260 216 ARTtCULus
1292 185 1321 216 1.

187 267 270 312 (tex.
291 267 356 313 17.)
387 267 481 313 quod
515 267 627 302 virtus
656 276 708 302 est
735 267 921 314 dispositio
949 266 1096 313 perfecti
1123 267 1166 301 ad
1194 266 1392 313 optimum:
1421 265 1503 300 dico
1531 273 1652 300 autem
1673 277 1749 312 per-

186 319 282 362 fecti,
305 321 401 366 quod
429 328 482 355 est
508 321 723 367 dispositum
750 321 950 354 secundum
975 329 1153 354 naturam.
1180 321 1234 354 Ex
1260 321 1463 366 consequenti
1488 327 1610 354 autem
1636 319 1750 365 sequi-

186 381 253 416 tur,
277 374 372 419 quod
395 374 505 408 virtus
528 375 571 408 sit
597 375 738 408 bonitas
767 374 962 419 quaedam:
991 375 1025 407 in
1053 374 1123 407 hoc
1152 373 1249 407 enim
1276 373 1439 407 consistit
1464 373 1747 419 uniuscujusque

187 426 239 460 rei
260 427 413 468 bonitas,
436 428 532 472 quod
556 427 814 461 convenienter
834 438 871 461 se
893 427 1002 461 habet
1023 427 1222 460 secundum
1245 427 1396 460 modum
1420 437 1504 460 suae
1525 434 1692 460 naturae:
1712 425 1748 459 id

188 487 321 522 autem,
349 480 392 514 ad
420 481 516 526 quod
542 481 654 514 virtus
682 481 876 522 ordinatur,
913 488 966 514 est
993 488 1092 514 actus
1119 480 1247 522 bonus,
1278 488 1316 514 ut
1349 492 1390 514 ex
1417 479 1628 530 supradictis
1653 487 1751 526 patet

190 533 236 578 (q.
251 545 297 579 55.
320 539 385 568 art.
410 546 438 580 3.
457 539 487 567 et
514 546 543 579 q.
566 546 595 579 5.
619 539 681 568 art.
710 535 767 579 3.).
797 533 1005 567 Secundum
1032 533 1103 566 hoc
1131 533 1240 579 igitur
1264 533 1332 567 tria
1359 533 1589 567 inveniuntur
1615 532 1751 579 opponi

187 586 324 620 virtuti:
349 598 504 632 quorum
534 599 647 620 unum
670 595 722 621 est
745 592 930 633 peccatum,
961 587 1058 632 quod
1085 587 1279 633 opponitur
1305 587 1372 621 sibi
1400 598 1442 621 ex
1468 594 1568 632 parte
1590 587 1678 632 ejus,
1706 586 1749 620 ad

188 640 283 685 quod
305 641 416 674 virtus
436 640 637 674 ordinatur:
660 651 745 674 nam
768 648 959 686 peccatum
980 641 1124 686 proprie
1150 640 1317 674 nominat
1338 648 1459 674 actum
1485 640 1748 674 inordinatum:

187 692 279 726 sicut
301 701 400 727 actus
421 693 560 727 virtutis
583 701 637 727 est
659 701 757 727 actus
781 694 965 727 ordinatus
987 701 1021 727 et
1043 693 1200 728 debitus:
1225 693 1425 727 secundum
1446 701 1569 727 autem
1591 692 1686 739 quod
1707 692 1751 726 ad

187 746 366 779 rationem
388 746 527 780 virtutis
544 747 789 793 consequitur,
808 747 904 793 quod
919 747 964 781 sit
976 747 1119 781 bonitas
1139 746 1328 793 quaedam,
1348 742 1542 793 opponitur
1554 746 1675 780 virtuti
1684 758 1753 781 ma-

187 799 282 833 litia:
306 799 368 833 sed
390 800 591 833 secundum
613 800 660 841 id,
679 800 776 846 quod
798 800 932 834 directe
955 808 1008 834 est
1029 800 1072 834 de
1094 800 1233 834 ratione
1246 800 1397 842 virtutis,
1416 799 1611 846 opponitur
1629 799 1752 833 virtuti

187 853 318 886 vitium.
344 852 484 886 Vitium
511 853 609 887 enim
630 854 912 900 uniuscujusque
934 853 985 888 rei
1007 865 1084 888 esse
1111 854 1262 896 videtur,
1286 853 1382 900 quod
1404 865 1478 888 non
1504 853 1549 887 sit
1569 853 1752 900 disposita,

188 906 387 940 secundum
403 907 499 952 quod
515 907 685 941 convenit
705 918 791 941 suae
813 915 980 949 naturae3
995 907 1089 941 unde
1104 907 1329 953 Augustinus
1351 907 1436 942 dicit
1449 907 1486 941 in
1510 918 1539 954 3.
1561 907 1606 941 de
1620 907 1752 941 Libero

187 959 346 993 Arbitrio
366 959 456 1006 (cap.
478 971 528 1005 14.
551 962 586 994 in
596 961 675 1007 fin.)
700 960 796 1007 quod
815 960 1027 1007 perfectioni
1041 969 1190 995 naturae
1210 961 1335 995 deesse
1353 961 1587 1007 perspexeris,
1609 960 1645 994 id
1658 971 1752 994 voca

187 1020 326 1046 vitium.

258 1066 318 1100 AD
345 1077 495 1101 PR1MUM
522 1078 608 1113 ergo
632 1067 838 1110 dicendum,
865 1068 962 1114 quod
984 1068 1046 1102 illa
1073 1069 1139 1103 tria
1165 1079 1240 1102 non
1267 1068 1532 1103 contrariantur
1558 1067 1678 1102 virtuti
1702 1078 1754 1102 se-

188 1120 347 1154 cundum
369 1121 485 1163 idem;
509 1121 570 1155 sed
587 1126 758 1167 peccatum
782 1122 929 1168 quidem
952 1122 1202 1164 contrariatur,
1225 1122 1426 1156 secundum
1448 1121 1544 1168 quod
1565 1121 1677 1156 virtus
1700 1129 1753 1156 est

187 1174 372 1220 operativa
393 1175 497 1209 boni:
520 1176 651 1210 malitia
675 1184 808 1218 autem,
831 1176 1031 1211 secundum
1053 1176 1151 1222 quod
1173 1184 1226 1211 est
1242 1176 1385 1211 bonitas
1411 1175 1610 1223 quaedam3
1630 1176 1752 1210 vitimn

188 1235 309 1262 autem
331 1229 485 1274 proprie,
508 1229 709 1263 secundum
733 1230 829 1275 quod
853 1238 906 1264 est
926 1230 1048 1264 virtus.

257 1282 317 1316 AD
340 1293 547 1317 SECUNDUM
570 1283 775 1326 dicendum,
798 1284 894 1330 quod
916 1284 1028 1318 virtus
1049 1295 1124 1318 non
1152 1283 1272 1318 solum
1294 1283 1465 1330 importat
1485 1282 1751 1330 perfectionem

187 1336 382 1382 potentiae,
405 1347 497 1382 quae
520 1344 572 1370 est
593 1337 811 1383 principium
839 1338 988 1383 agendi3
1016 1338 1079 1372 sed
1102 1337 1211 1372 etiam
1234 1337 1406 1383 importat
1427 1337 1585 1371 debitam
1607 1336 1754 1383 disposi-

187 1390 326 1423 tionem
349 1391 435 1435 ejus,
458 1391 558 1436 cujus
581 1398 633 1424 est
658 1391 786 1425 virtus:
811 1399 846 1425 et
867 1392 937 1425 hoc
965 1391 1061 1433 ideo,
1085 1391 1168 1437 quia
1190 1390 1474 1436 unumquodque
1497 1397 1676 1436 operatur,
1703 1401 1754 1424 se-

189 1443 347 1476 cundum
366 1444 463 1489 quod
479 1452 559 1478 actu
576 1452 647 1486 est3
665 1444 857 1490 requiritur
872 1456 971 1490 ergo,
988 1445 1084 1491 quod
1101 1444 1235 1491 aliquid
1251 1445 1294 1478 sit
1314 1444 1350 1478 in
1365 1455 1402 1478 se
1416 1444 1508 1478 bene
1526 1444 1752 1490 dispositum,

189 1497 286 1542 quod
309 1497 415 1531 debet
429 1508 506 1531 esse
528 1498 615 1531 boni
637 1498 883 1543 operativum3
899 1506 934 1532 et
955 1499 1155 1532 secundum
1173 1498 1244 1532 hoc
1258 1498 1381 1532 virtuti
1400 1497 1528 1532 vitium
1548 1497 1752 1543 opponitur.

260 1550 320 1584 AD
343 1561 514 1585 TERTmM
537 1551 742 1593 dicendum,
765 1551 874 1597 quod,
890 1552 982 1586 sicut
1004 1551 1100 1585 Tull.
1118 1552 1203 1586 dicit
1224 1552 1260 1585 in
1275 1561 1307 1594 4.
1331 1551 1374 1585 de
1398 1550 1546 1585 Tuscul.
1571 1550 1660 1592 QQ.
1682 1551 1754 1597 (pa-

188 1615 264 1637 rum
285 1609 360 1638 ante
374 1604 484 1650 med),
505 1606 626 1647 morbi,
649 1610 679 1639 ct
700 1607 1056 1652 aegrotationespurtss
1069 1610 1144 1640 sunt
1156 1606 1354 1640 vitiositatis.
1374 1605 1414 1638 In
1430 1605 1641 1651 corporibus
1655 1604 1753 1638 enim

189 1657 359 1690 morbum
381 1657 537 1704 appellat
558 1659 655 1692 totins
677 1660 824 1704 corporis
838 1660 1106 1706 corruptionem:
1127 1667 1211 1704 puta
1232 1658 1382 1700 febrem,
1404 1658 1463 1692 vel
1485 1658 1617 1704 aliquid
1635 1658 1755 1703 hujus-

188 1711 304 1745 modi:
329 1711 617 1756 aegrotationem
640 1723 726 1745 vero
738 1713 891 1746 morbum
911 1724 984 1746 cum
1000 1713 1242 1747 imbecillitate:
1256 1712 1385 1746 vitium
1401 1719 1534 1754 autem,
1556 1724 1631 1746 cum
1642 1716 1755 1758 partes

187 1765 336 1810 corporis
359 1766 444 1799 inter
463 1777 493 1799 se
514 1764 684 1800 dissidant:
709 1773 743 1799 et
769 1767 934 1811 quamvis
956 1767 991 1800 in
1014 1777 1166 1812 corpore
1185 1765 1402 1812 quandoque
1429 1765 1474 1799 sit
1500 1765 1646 1800 morbus
1675 1765 1752 1799 sine

189 1818 458 1862 aegrotatione3
480 1826 565 1864 puta
588 1830 670 1852 cum
694 1818 821 1865 aliquis
845 1827 897 1853 est
918 1819 1067 1854 interius
1086 1819 1181 1853 male
1200 1819 1404 1866 dispositus,
1418 1830 1493 1853 non
1514 1827 1637 1853 tamen
1659 1826 1754 1853 exte-

187 1871 258 1905 rius
282 1872 511 1918 praepeditur
532 1884 550 1906 a
574 1872 689 1906 solitis
713 1873 1002 1919 operationibus3
1030 1873 1066 1907 in
1094 1873 1217 1907 animo
1239 1881 1374 1915 tamen,
1396 1881 1434 1907 ut
1459 1872 1535 1919 ipse
1557 1872 1655 1914 dicit,
1677 1873 1754 1907 haec

188 1925 250 1959 duo
274 1937 337 1959 non
352 1930 487 1971 possunt
508 1927 572 1960 nisi
586 1927 780 1971 cogitatione
801 1928 943 1962 secerni:
965 1938 1115 1962 necesse
1131 1935 1183 1961 est
1205 1927 1314 1969 enim,
1333 1927 1430 1973 quod
1452 1926 1754 1973 quandocumque

189 1978 316 2025 aliquis
339 1979 486 2013 interius
509 1988 561 2014 est
583 1980 678 2015 male
701 1980 894 2027 dispositus
914 1981 1050 2015 habens
1070 1981 1315 2015 inordinatum
1335 1979 1516 2022 affectum,
1535 1991 1578 2014 ex
1598 1980 1669 2014 hoc
1692 1980 1756 2014 im-

187 2032 326 2067 becillis
349 2033 517 2067 reddatur
540 2034 581 2067 ad
605 2034 742 2068 debitas
765 2036 997 2081 operationes
1014 2035 1250 2070 exercendas:
1269 2034 1351 2080 quia
1371 2045 1583 2080 unaquaeque
1600 2034 1704 2068 arbor
1716 2045 1755 2068 ex

188 2098 244 2121 suo
258 2087 375 2132 fructu
399 2089 616 2133 cognoscitur,
640 2088 731 2122 idest
752 2088 867 2122 homo
891 2100 932 2123 ex
952 2100 1072 2135 opere,
1094 2097 1132 2123 ut
1153 2089 1282 2123 dicitur
1302 2088 1430 2122 Matth.
1457 2098 1521 2124 12.:
1542 2087 1604 2122 sed
1625 2087 1754 2122 vitium

190 2140 313 2182 animi,
336 2148 373 2174 ut
396 2140 537 2175 Tullius
562 2141 694 2175 ibidem
715 2142 811 2184 dicit,
835 2147 877 2177 est
899 2143 1039 2184 habitus,
1063 2147 1120 2176 aut
1139 2142 1264 2188 affectio
1282 2143 1389 2181 animi
1413 2142 1448 2175 in
1467 2145 1531 2175 tota
1549 2142 1622 2176 vita
1643 2142 1754 2176 incon-

188 2198 285 2235 stans,
309 2199 336 2228 et
354 2206 373 2228 a
394 2196 499 2241 seipsa
526 2195 731 2230 dissentiens:
760 2196 857 2241 quod
884 2196 1030 2242 quidem
1057 2196 1235 2230 invenitur
1254 2195 1362 2229 etiam
1386 2195 1519 2241 absque
1538 2194 1679 2237 morbo,
1697 2193 1755 2228 vel

191 2248 456 2293 aegrotatione;
479 2256 602 2295 utpote
620 2261 702 2283 cum
726 2249 854 2295 aliquis
874 2261 914 2283 ex
936 2249 1155 2291 infirmitate,
1170 2249 1228 2284 vel
1250 2260 1291 2284 ex
1309 2248 1476 2295 passione
1499 2256 1640 2294 peccat:
1660 2247 1754 2282 unde

190 2301 225 2335 in
248 2301 327 2346 plus
350 2313 386 2336 sc
409 2302 517 2336 habet
538 2304 672 2345 vitium,
701 2315 809 2349 quam
842 2305 1037 2349 aegrotatio,
1065 2303 1124 2337 vel
1150 2304 1304 2338 morbus:
1331 2302 1424 2336 sicut
1449 2302 1559 2336 etiarn
1584 2303 1693 2336 virtus
1718 2301 1754 2335 in

190 2354 268 2401 plus
290 2366 326 2389 se
349 2356 467 2397 habet,
499 2368 608 2402 quam
635 2358 769 2397 sarzilus,
799 2368 885 2390 nam
912 2357 1046 2391 sanitas
1075 2357 1183 2391 etiam
1212 2356 1390 2402 quaedam
1415 2356 1526 2390 virtus
1552 2355 1697 2402 ponitur
1719 2355 1754 2389 in

191 2419 221 2454 7.
249 2408 393 2455 Pliysic.
416 2410 498 2454 (tax.
529 2410 616 2456 17.)‚·
641 2418 675 2444 ct
701 2410 783 2444 ideo
810 2410 933 2444 virtuti
962 2411 1235 2445 convenientius
1264 2410 1458 2457 opponitur
1483 2409 1623 2451 vitium,
1645 2419 1754 2455 quam

191 2463 404 2508 aegrotatio,
425 2462 484 2498 vel
505 2463 664 2498 morbus.
