1907 3182
246 199 328 242 340
605 198 822 234 QUAESTIO
854 197 1002 228 XLVIII.
1035 197 1278 227 ARTICULUS
1311 196 1372 226 111.

243 280 344 315 nimo
365 280 502 314 Philos.
524 280 610 314 dicit
629 280 667 314 in
686 290 718 323 4.
742 280 857 314 Ethic.
882 280 970 326 (cap.
989 292 1016 326 3.
1036 290 1057 313 α
1077 279 1179 324 med.)
1197 278 1294 325 quod
1317 286 1370 314 est
1390 278 1602 313 manifestus
1620 278 1751 320 oditor,
1769 285 1805 312 et

244 342 401 376 amator3
429 342 463 368 et
488 333 675 368 manifeste
697 334 793 375 dicit,
821 342 855 368 et
881 342 1060 380 operatur.
1088 333 1395 378 Concupiscentia
1423 341 1544 367 autem
1571 331 1700 366 dicitur
1726 343 1804 366 esse

243 388 356 430 latens,
370 393 398 422 et
414 387 582 429 insidiosa,
605 387 688 433 quia
703 396 741 421 ut
754 386 951 433 plurimum
973 385 1209 428 delectabilia,
1231 397 1323 432 quae
1342 387 1657 432 concupiscuntur,
1670 385 1805 420 habent

242 441 500 487 turpitudinem
533 440 740 487 quamdam,
763 448 798 474 et
819 439 1023 481 mollitiem,
1054 440 1089 473 in
1119 439 1247 485 quibus
1274 439 1388 474 homo
1422 439 1499 474 vult
1527 440 1656 474 latere:
1686 439 1724 473 in
1748 438 1805 472 his

244 503 376 536 autem,
399 506 490 540 quae
504 502 586 528 sunt
598 493 788 534 virilitatis,
811 501 845 527 et
866 492 1112 534 excellentiae,
1128 493 1332 538 cujusmodi
1353 501 1436 528 sunt
1454 493 1647 534 vindictae,
1666 491 1806 538 quaerit

243 548 357 582 homo
380 547 589 581 manifestus
611 558 698 581 esse.

314 601 374 635 AD
390 611 560 635 TERTIUM
575 600 780 641 dicendum,
803 599 912 645 quod,
934 599 1027 633 sicut
1047 599 1185 633 dictum
1207 607 1260 634 est
1273 600 1321 645 (q.
1343 600 1400 644 46.
1420 605 1485 635 art.
1507 601 1570 646 4.),
1593 607 1716 633 motus
1728 599 1802 633 irae

244 665 264 688 a
285 654 423 688 ratione
441 654 582 699 incipit:
607 661 641 687 et
657 652 739 686 ideo
762 652 962 686 secundum
983 652 1080 686 idem
1100 653 1279 699 appositio
1300 653 1360 698 [al.
1381 653 1551 699 oppositio]
1569 652 1740 687 contrarii
1762 652 1805 685 ad

244 707 465 741 contrarium
484 707 628 752 adjuvat
642 706 816 751 judicium
838 706 998 748 rationis,
1014 714 1049 740 et
1064 714 1172 752 auget
1191 707 1302 740 iram:
1327 718 1411 740 cum
1429 707 1527 740 enim
1549 706 1677 752 aliquis
1698 706 1807 740 habet

243 761 434 802 honorem,
460 760 518 794 vel
543 759 696 801 divitias,
725 767 759 793 et
784 768 910 805 postea
940 760 1091 794 incurrit
1117 759 1267 805 alicujus
1293 760 1561 801 detrimentum,
1587 759 1676 793 illud
1703 759 1806 793 detri-

245 822 408 847 mentum
435 822 581 859 apparet
607 814 748 858 majus:
775 820 852 846 tum
878 821 1024 859 propter
1049 813 1274 847 vicinitatem
1301 813 1492 847 contrarii:
1519 821 1598 847 tum
1623 813 1706 859 quia
1732 820 1808 846 erat

244 867 470 913 inopinatum
500 875 534 901 et
555 867 636 901 ideo
660 874 784 900 causat
810 867 989 911 majorem
1014 867 1214 900 tristitiam:
1239 867 1332 901 sicut
1353 867 1462 900 etiam
1489 877 1622 912 magna
1647 866 1744 900 bona
1765 877 1807 900 ex

244 921 430 966 inopinato
445 920 624 954 venientia
639 927 789 954 causant
802 921 980 965 majorem
996 920 1293 954 delectationem:
1311 928 1345 954 et
1355 920 1556 954 secundum
1569 927 1806 966 augmentum

241 974 403 1008 tristitiae
424 973 670 1020 praecedentis
692 981 955 1020 consequenter
977 982 1128 1019 augetur
1149 982 1184 1008 et
1202 974 1266 1008 ira.

817 1096 1161 1142 ARTICULUS
1191 1097 1267 1140 IV.
1741 1107 1808 1144 266

485 1206 638 1236 UTRUM
664 1206 735 1236 IRA
762 1206 930 1235 MAXIME
960 1206 1128 1236 CAUSET
1154 1205 1566 1236 TACITURNITATEM.

315 1293 375 1327 AD
397 1304 585 1332 QUARTUM
606 1296 656 1329 sic
678 1294 895 1340 proceditur.
911 1294 1070 1337 Videtur,
1083 1294 1180 1340 quod
1201 1294 1254 1328 ira
1273 1305 1349 1328 non
1370 1301 1494 1328 causet
1513 1292 1812 1328 taciturnitatem.

247 1345 489 1381 Taciturnitas
511 1348 608 1381 enim
634 1348 812 1382 locutioni
838 1348 1054 1394 opponitur:
1077 1348 1138 1382 sed
1160 1359 1223 1394 per
1245 1355 1473 1382 crementum
1487 1347 1562 1381 irae
1576 1357 1689 1393 usque
1711 1346 1812 1380 locu—

246 1400 385 1434 tionem
406 1402 628 1447 pervenitur;
652 1410 690 1435 ut
710 1410 808 1448 patet
824 1413 887 1448 per
902 1402 1032 1447 gradus
1047 1402 1132 1443 irae,
1155 1401 1252 1447 quod
1267 1401 1450 1435 Dominus
1465 1401 1624 1446 assignat
1637 1400 1765 1434 Matth.
1780 1411 1808 1445 ς.

247 1454 387 1488 dicens:
417 1456 488 1499 Qui
508 1457 666 1490 irascitur
688 1456 794 1500 fratri
819 1467 895 1490 suo:
923 1461 952 1490 et
973 1457 1030 1501 qui
1055 1455 1178 1490 dixerit
1191 1455 1300 1501 fratri
1320 1466 1399 1489 suo:
1418 1454 1522 1489 racha
1531 1466 1544 1495 ‚·
1567 1455 1671 1500 etqui
1688 1453 1809 1488 dixerit

240 1508 348 1554 fratri
368 1520 424 1542 suo
440 1521 450 1542 .·
464 1509 583 1554 fauce,-
604 1520 692 1554 ergo
714 1509 766 1542 ira
787 1520 861 1543 non
884 1517 1008 1542 causat
1028 1509 1323 1542 taciturnitatem.

320 1571 350 1595 2.
372 1562 670 1597 PRAETEREAAEx
691 1563 762 1596 hoc
778 1563 873 1608 quod
897 1562 1060 1596 custodia
1074 1562 1223 1596 rationis
1237 1561 1368 1603 deficit,
1383 1560 1562 1607 contingit
1575 1560 1673 1606 quod
1693 1559 1808 1594 horno

247 1623 459 1661 prorumpat
479 1615 523 1649 ad
544 1616 653 1650 verba
674 1616 895 1658 inordinata,
917 1616 1011 1650 unde
1034 1616 1162 1650 dicitur
1183 1616 1290 1649 Prov.
1319 1626 1397 1660 25.:
1423 1615 1516 1650 Sicut
1535 1615 1613 1649 urbs
1628 1619 1759 1662 patens,
1783 1619 1810 1648 et

247 1671 365 1714 absque
386 1681 560 1703 murorum
587 1671 733 1710 czmbitzc‚·
772 1671 819 1703 ila
852 1671 920 1711 vir,
947 1671 1003 1715 qui
1024 1681 1090 1703 non
1107 1674 1212 1716 potest
1238 1669 1386 1703 cohibere
1418 1670 1454 1702 in
1475 1667 1633 1714 loquendo
1652 1669 1810 1715 spiritum

246 1735 360 1757 suum:
383 1723 445 1757 sed
466 1723 518 1756 ira
540 1723 698 1757 maxime
716 1723 867 1769 impedit
888 1723 1062 1767 judicium
1084 1723 1245 1764 rationis,
1267 1730 1306 1756 ut
1331 1722 1469 1756 dictum
1491 1729 1545 1756 est
1564 1723 1645 1766 (art.
1662 1722 1809 1768 praec.);

246 1787 332 1822 ergo
362 1775 447 1810 facit
472 1776 628 1810 maxime
655 1776 834 1822 profluere
861 1776 897 1810 in
923 1776 1031 1810 verba
1052 1776 1276 1818 inordinata;
1298 1787 1374 1810 non
1404 1786 1493 1821 ergo
1521 1783 1647 1810 causat
1666 1775 1810 1810 tacitur-

247 1830 408 1864 nitatem.

324 1895 351 1929 3.
374 1883 609 1918 PRAETEREA.
643 1883 770 1918 Matth.
810 1894 880 1918 12.:
904 1883 1047 1917 dicitur:
1070 1884 1124 1918 Ex
1145 1883 1351 1918 abundantia
1373 1882 1480 1917 cordis
1501 1894 1537 1918 os
1559 1882 1726 1928 loquitur:
1748 1882 1810 1916 sed

248 1948 310 1983 per
331 1937 421 1970 iram
441 1948 504 1971 cor
525 1937 682 1971 maxime
698 1938 934 1983 perturbatur,
946 1945 983 1971 ut
994 1937 1130 1971 dictum
1142 1945 1194 1971 est
1216 1938 1300 1982 (art.
1320 1948 1350 1972 2.
1367 1937 1436 1982 huj.
1456 1937 1528 1982 q.),·
1551 1947 1639 1982 ergo
1654 1936 1810 1970 maxime

245 1999 367 2024 causat
388 1990 629 2032 locutionem,
652 2002 726 2025 non
748 2002 834 2035 ergo
858 1999 983 2025 causat
1003 1991 1297 2025 taciturnitatem.

319 2045 392 2079 SED
416 2055 566 2079 CONTRA
581 2053 644 2086 est,
667 2045 763 2090 quod
781 2044 933 2089 Gregor.
957 2045 1043 2078 dicit
1063 2045 1099 2078 in
1122 2055 1149 2089 ς.
1173 2044 1568 2090 Moral.(cap.3o.c·1'rc.
1590 2043 1692 2088 med.)
1713 2042 1810 2090 quod

250 2100 302 2132 ι’]ἰι
319 2105 380 2144 per
400 2099 563 2132 silentium
585 2099 696 2132 clausa
718 2100 806 2132 intra
828 2104 965 2132 mentem
990 2099 1209 2133 vehementius
1231 2103 1363 2132 aestuat.

319 2152 546 2186 Respoxnno
569 2152 773 2194 dicendum,
796 2152 891 2197 quod
919 2152 981 2193 ira,
1004 2152 1095 2186 sicut
1116 2153 1189 2197 jam
1212 2152 1348 2185 dictum
1371 2159 1425 2185 est
1447 2150 1526 2195 (art.
1547 2157 1661 2197 praec.
1688 2150 1730 2185 ad
1751 2151 1810 2195 1.),

250 2214 285 2241 et
306 2218 389 2240 cum
412 2206 549 2240 ratione
573 2214 635 2246 est,
659 2214 693 2239 et
714 2206 864 2251 impedit
885 2206 1082 2240 rationem:
1106 2213 1141 2240 et
1162 2216 1203 2239 ex
1230 2213 1381 2251 utraque
1403 2212 1501 2250 parte
1523 2212 1642 2250 potest
1666 2204 1812 2238 tacitur-

249 2260 399 2294 nitatem
423 2271 581 2293 causare.
605 2259 655 2292 Ex
672 2265 770 2305 parta
791 2259 937 2305 quidem
969 2259 1129 2300 rationis,
1153 2259 1298 2305 quando
1316 2258 1490 2303 judicium
1510 2258 1660 2292 rationis
1686 2258 1720 2291 in
1739 2266 1813 2291 tan-

249 2322 325 2347 tum
348 2313 463 2357 viget,-
478 2313 573 2358 quod
590 2314 654 2346 etsi
676 2324 749 2345 non
769 2312 938 2346 cohibeat
953 2311 1122 2346 affectum
1145 2312 1188 2346 ab
1210 2312 1417 2345 inordinato
1439 2311 1599 2357 appetitu
1620 2311 1812 2352 vindictae,

252 2367 398 2400 cohibet
419 2375 540 2400 tamen
563 2365 724 2409 linguam
748 2366 788 2399 ab
812 2366 1015 2399 inordinata
1041 2365 1245 2400 locutione:
1269 2365 1362 2399 unde
1391 2365 1544 2410 Gregor.
1567 2365 1602 2398 in
1633 2375 1660 2409 5.
1683 2363 1811 2399 Moral.

251 2421 330 2465 (loc.
351 2426 422 2466 sup.
452 2421 523 2464 cit.)
548 2419 654 2452 dicit:
679 2419 870 2464 Aliquando
894 2421 958 2460 ira,
978 2421 1171 2465 perturbato
1187 2420 1310 2460 animo,
1327 2419 1420 2464 quasi
1441 2430 1480 2452 cx
1497 2418 1625 2464 judicio
1647 2418 1812 2452 silentium

253 2474 386 2508 inducit.
422 2473 472 2506 Ex
502 2478 598 2518 pai-tc
620 2483 706 2506 vero
730 2472 978 2517 impedimenti
1015 2473 1176 2514 rationis,
1207 2472 1302 2518 quia,
1329 2472 1421 2506 sicut
1447 2471 1583 2506 dictum
1603 2479 1656 2506 est
1677 2471 1758 2515 (art.
1781 2482 1811 2506 2.

251 2528 320 2573 huj.
343 2528 404 2573 q.),
433 2526 652 2572 perturbatio
676 2526 747 2559 irae
772 2537 882 2570 usque
911 2526 952 2558 ad
976 2526 1152 2559 exteriora
1175 2526 1338 2560 membra
1361 2525 1577 2571 perducitur,
1599 2533 1635 2559 et
1656 2525 1812 2558 maxime

250 2592 361 2627 usque
385 2580 427 2614 ad
451 2579 509 2613 illa
532 2579 706 2619 membra,
734 2579 768 2611 in
797 2579 923 2623 quibus
951 2579 1150 2624 expressius
1186 2579 1321 2613 relucet
1342 2578 1534 2623 vestigium
1562 2578 1700 2618 cordis;
1722 2578 1814 2612 sicut

251 2635 285 2668 in
309 2634 435 2675 oculis,
457 2642 490 2667 et
513 2633 547 2666 in
571 2632 673 2673 facie,
701 2641 734 2666 et
757 2633 789 2665 in
819 2632 960 2675 linguan
988 2633 1093 2673 unde,
1119 2633 1210 2666 sicut
1244 2633 1380 2666 dictum
1407 2640 1460 2666 est
1493 2632 1574 2674 (art.
1600 2643 1631 2667 2.
1659 2632 1728 2677 huj.
1749 2632 1810 2677 q.),

251 2689 372 2730 lingua
392 2699 428 2721 se
451 2687 645 2732 praepedit,
665 2685 773 2719 facies
789 2686 949 2728 ignescit.
973 2695 1228 2731 exasperantur
1243 2685 1356 2727 oculi;
1373 2693 1490 2731 potest
1505 2696 1592 2731 ergo
1615 2696 1692 2719 esse
1713 2693 1811 2719 tanta

252 2741 469 2787 perturbatio
493 2741 576 2780 irae,
607 2740 702 2785 quod
725 2739 875 2772 omnino
899 2740 1113 2784 impediatur
1141 2740 1262 2785 lingua
1294 2739 1336 2773 ab
1364 2750 1428 2773 usu
1456 2738 1650 2784 loquendi:
1672 2747 1706 2773 et
1726 2746 1810 2772 tunc

252 2795 411 2840 sequitur
431 2794 664 2828 taciturnitas.

325 2844 382 2876 An
413 2852 559 2876 Pitinum
588 2852 674 2884 ergo
701 2840 906 2877 dicendum,
928 2840 1024 2885 quod
1052 2849 1287 2884 augmentum
1315 2840 1387 2874 irae
1409 2839 1603 2886 quandoque:
1625 2847 1678 2873 est
1699 2850 1810 2884 usque

254 2897 295 2929 ad
319 2895 586 2942 impediendam
609 2894 784 2928 rationem
821 2905 838 2927 a
873 2893 1094 2927 cohibitione
1134 2894 1297 2939 linguae:
1320 2894 1537 2939 quandoque
1572 2901 1692 2927 autem
1720 2892 1810 2926 ultra
