1875 3198
182 161 267 203 700
580 161 802 195 QUAESTIO
837 161 987 190 XCVIII.
1023 161 1266 191 ARTICULUS
1300 161 1356 190 IV.

180 243 214 275 in
234 242 337 276 lucem
354 243 512 288 gentium,
528 247 563 276 ut
582 244 625 277 sis
644 243 731 277 salus
753 254 823 277 mea
846 255 943 289 usque
965 243 1007 277 acl
1024 248 1208 278 extremum
1230 247 1355 283 terme,-
1376 253 1463 288 ergo
1481 241 1538 276 lex
1558 248 1661 276 vetus
1676 240 1752 275 dari

181 295 302 329 debuit
324 296 492 329 omnibus
516 296 693 341 gentibus,
716 304 750 330 et
771 308 845 330 non
868 296 930 330 uni
951 296 1088 343 populo
1110 304 1263 330 tantum.

254 359 285 383 2.
307 349 544 384 PRAETEREA.
569 350 671 383 Sicut
692 350 821 384 dicitur
849 350 930 384 Act.
959 361 1029 384 10.:
1058 350 1135 384 Non
1157 355 1201 384 est
1216 356 1438 396 personarum
1461 353 1615 396 acceptor
1634 349 1751 383 Deus.-

180 402 232 437 sed
253 404 287 436 in
310 405 400 437 omni
419 408 509 448 gente
531 405 587 448 qui
613 405 702 438 timet
728 404 851 445 Deum,
880 404 1011 449 etfacit
1027 405 1205 449 justitiam,
1235 408 1384 449 acceptus
1410 407 1452 437 est
1471 403 1544 444 illi‚·
1566 413 1642 436 non
1666 413 1753 448 ergo

182 457 298 502 magis
320 457 382 490 uni
403 456 552 503 populo,
578 468 689 503 quarn
713 457 790 491 aliis
812 458 909 491 viam
933 456 1056 491 salutis
1079 457 1201 491 debuit
1223 458 1372 503 aperire.

258 521 286 555 3.
310 510 547 544 PRAETEREA.
568 510 643 544 Lex
665 511 747 544 data
767 519 820 545 est
841 522 904 556 per
915 510 1183 557 angelos,sicut
1203 511 1277 556 jam
1299 510 1437 544 dictum
1452 517 1506 544 est
1519 508 1754 556 (art.praec.):

183 563 245 597 sed
283 563 482 597 ministeria
515 563 730 608 angelorum
752 564 852 598 Deus
877 576 953 598 non
980 563 1100 598 solum
1123 564 1280 610 Judaeis,
1303 564 1364 598 sed
1392 563 1561 598 omnibus
1588 562 1756 609 gentibus

183 628 327 663 semper
349 617 520 659 exhibuit,
543 617 673 651 dicitur
696 619 791 651 enim
825 617 936 653 Eccli.
968 628 1040 663 17.:
1069 618 1109 652 In
1136 629 1404 664 unamquamque
1423 622 1549 664 gentem
1563 617 1758 663 praeposuit

181 675 340 705 rectorem
356 683 366 705 .·
382 670 551 705 omnibus
566 671 676 704 etiarn
691 671 858 716 gentibus
889 671 1107 718 temporalia
1120 671 1217 705 bona
1238 671 1400 717 largitur,
1417 681 1509 717 quae
1525 670 1644 704 minus
1671 677 1755 704 sunt

184 735 291 759 curae
313 724 408 766 Deo,
441 736 551 770 quam
585 724 783 770 spiritualia
804 725 920 768 bona3
948 736 1036 771 ergo
1059 725 1169 760 etiam
1191 724 1313 770 legem
1340 724 1509 759 omnibus
1536 722 1679 770 populis
1701 723 1758 758 de-

183 777 259 812 buit
278 777 373 812 dare.

255 831 329 865 SED
357 841 513 866 CONTRA
547 839 612 874 est,
645 832 744 878 quod
776 832 905 867 dicitur
931 832 1039 867 Rom.
1062 844 1111 879 3.:
1147 831 1239 877 Quid
1265 843 1340 878 ergo
1366 831 1512 879 amplias
1532 831 1659 876 Jadaeo
1686 831 1759 866 est?

185 885 326 920 multum
349 885 479 931 quidem
501 891 563 931 per
584 897 714 920 omnem
740 886 873 920 modum
891 899 901 920 .·
927 886 1082 921 Primum
1097 886 1239 932 quidem,
1267 887 1346 932 qaia
1368 885 1492 920 credita
1516 890 1591 920 sant
1610 885 1675 919 illis
1697 884 1759 919 elo-

185 940 264 985 quia
283 939 361 973 Dei.
383 939 426 973 Et
447 939 484 973 in
506 939 563 973 Ps.
591 950 665 985 147.
694 939 841 974 dicitur:
866 940 943 974 Non
970 940 1055 986 fecit
1081 940 1192 975 taliter
1218 940 1311 974 omni
1331 940 1475 982 nationi,
1496 944 1526 974 et
1542 938 1673 985 judicia
1699 949 1760 972 sua

185 1004 251 1027 non
272 993 503 1038 manifestavit
523 994 576 1028 eis.

257 1047 487 1081 REsPoNDEo
507 1047 714 1089 dicendum,
742 1048 838 1093 quod
861 1055 984 1093 posset
1005 1059 1076 1081 una
1098 1047 1190 1082 ratio
1218 1047 1405 1092 assignari,
1427 1057 1537 1092 quare
1559 1045 1679 1093 potius
1701 1056 1762 1092 po-

185 1099 272 1146 pulo
283 1100 504 1145 Judaeorum
525 1101 606 1135 data
621 1101 666 1135 sit
679 1101 746 1143 lex,
763 1113 872 1147 quam
896 1101 973 1135 aliis
995 1101 1157 1147 populis:
1174 1101 1268 1147 quia,
1289 1100 1366 1135 aliis
1385 1099 1527 1147 populis
1550 1100 1595 1134 ad
1612 1094 1763 1134 idolola-

185 1153 291 1188 triam
315 1153 588 1196 declinantibus,
611 1155 711 1189 solus
738 1154 892 1201 populus
911 1154 1134 1200 Judaeorum
1162 1155 1198 1188 in
1219 1154 1315 1189 cultu
1342 1154 1448 1188 unius
1474 1153 1545 1188 Dei
1565 1153 1761 1188 remansit:

187 1215 221 1242 et
242 1207 324 1241 ideo
347 1207 408 1242 alii
429 1208 554 1255 populi
590 1209 729 1255 indigni
751 1217 853 1243 erant
874 1208 995 1254 legem
1017 1209 1189 1255 recipere,
1211 1221 1249 1243 ne
1280 1213 1431 1243 sanctum
1458 1208 1596 1242 canibus
1611 1207 1759 1242 daretur.

189 1261 260 1295 Sed
282 1261 348 1295 ista
370 1262 462 1296 ratio
486 1262 707 1297 conveniens
729 1274 804 1296 non
825 1262 988 1297 videtur:
1013 1262 1096 1309 quia
1118 1261 1274 1309 populus
1300 1261 1361 1297 ille
1384 1261 1494 1296 etiam
1526 1269 1609 1308 post
1640 1260 1763 1306 legem

186 1314 298 1348 latam
321 1315 365 1349 ad
393 1315 642 1350 idololatriam
676 1315 882 1358 declinavit,
914 1316 1011 1362 quod
1051 1316 1196 1362 gravius
1222 1315 1300 1358 fuit,
1322 1323 1360 1350 ut
1381 1323 1480 1362 patet
1505 1314 1619 1349 Exod.
1650 1324 1703 1361 32.
1728 1321 1764 1348 et

188 1369 305 1402 Amos
331 1379 379 1413 5.:
402 1369 578 1415 Numquid
598 1370 729 1412 hostias,
753 1375 782 1405 et
802 1370 1004 1416 sacrificium
1031 1370 1192 1405 obtulistis
1218 1370 1302 1404 mihi
1326 1370 1362 1404 in
1389 1369 1508 1404 deserto
1538 1368 1764 1415 quadraginta

186 1423 284 1457 (initis
301 1422 415 1457 domus
432 1423 546 1465 Israel,
566 1429 594 1458 et
606 1426 768 1470 portastis
786 1424 1035 1459 tabernaculam
1054 1424 1187 1459 Moloch
1209 1425 1282 1459 Deo
1303 1429 1421 1466 vestro,
1442 1429 1470 1459 et
1490 1425 1670 1469 imaginem
1693 1422 1760 1457 ido-

189 1476 298 1510 lorum
327 1482 525 1522 vestrorum,
552 1477 641 1523 fidus
674 1479 742 1512 Dei
762 1480 873 1520 vestri,
910 1489 992 1524 quae
1006 1478 1132 1524 fecistis
1157 1479 1280 1513 vobis?
1302 1477 1479 1524 Expresse
1501 1477 1612 1511 etiam
1634 1476 1764 1511 dicitur

188 1530 296 1564 Deut.
319 1541 370 1577 9.:
394 1531 494 1573 Scito,
518 1531 604 1577 quod
625 1544 691 1566 non
706 1537 846 1578 propter
865 1533 1012 1578 justitias
1031 1537 1101 1566 tuas
1123 1532 1291 1566 Dominus
1313 1532 1403 1566 Deus
1425 1536 1498 1566 taus
1519 1530 1605 1565 dedit
1626 1531 1687 1565 tibi
1701 1535 1765 1565 ter-

190 1595 265 1618 ram
287 1584 370 1619 lianc
392 1586 427 1618 in
440 1587 673 1632 possessionem
696 1597 770 1620 cum
793 1585 986 1620 durissimae
1009 1586 1148 1620 cervicis
1164 1586 1207 1620 sis
1222 1585 1385 1632 populus:
1401 1584 1463 1619 sed
1484 1584 1576 1618 ratio
1598 1584 1648 1618 ibi
1668 1594 1766 1630 prae-

190 1637 336 1671 mittut:
367 1638 411 1673 Ut
440 1639 617 1685 compleret
649 1641 788 1674 verbum
815 1652 910 1674 suum
937 1640 1118 1679 Dominus,
1142 1639 1228 1685 quod
1248 1640 1305 1674 sub
1324 1641 1514 1685 juramento
1535 1637 1703 1685 pollicitus
1724 1641 1767 1672 est

191 1691 348 1726 Patribus
371 1693 433 1726 tuis
459 1693 649 1735 Abraham,
677 1693 784 1735 Isaac,
819 1698 847 1727 et
874 1694 990 1737 Jacob.
1015 1692 1122 1733 Quae
1146 1700 1267 1727 autem
1294 1692 1490 1739 promissio
1513 1691 1563 1726 eis
1589 1691 1635 1726 sit
1660 1690 1766 1732 facta,

190 1745 347 1779 ostendit
368 1745 495 1791 Apost.
513 1746 556 1780 ad
577 1745 696 1781 Galat.
723 1758 751 1792 3.
774 1747 913 1781 dicens:
937 1747 1097 1781 Abrahae
1116 1746 1220 1781 dictae
1241 1751 1316 1781 sunt
1328 1747 1575 1793 promissiones,
1599 1749 1627 1780 et
1646 1746 1766 1780 semini

190 1801 276 1845 ejus:
300 1799 378 1833 Non
399 1799 500 1834 dicit:
521 1801 711 1842 seminibus,
740 1802 834 1846 quasi
857 1802 889 1834 in
912 1801 1035 1843 multis,
1057 1800 1109 1835 secl
1131 1802 1224 1846 qzcasi
1247 1802 1282 1834 in
1312 1812 1388 1842 ano,
1420 1804 1449 1834 et
1476 1800 1594 1835 semini
1621 1803 1686 1841 tuo,
1711 1799 1767 1845 qui

191 1857 233 1887 est
267 1852 443 1887 Christus:
465 1853 566 1887 Deus
588 1854 697 1900 igitur
718 1859 748 1889 et
769 1854 878 1899 legem,
899 1859 929 1889 et
951 1854 1019 1888 alia
1050 1855 1204 1900 beneficia
1229 1854 1386 1901 specialia
1407 1854 1459 1888 illi
1475 1853 1599 1901 populo
1620 1853 1767 1888 exhibuit

185 1911 325 1953 propter
340 1908 594 1953 promissionem
616 1919 730 1942 eorum
745 1909 901 1943 Patribus
915 1909 1060 1954 factam,
1085 1914 1121 1943 ut
1141 1921 1180 1943 ex
1202 1910 1245 1943 eis
1269 1909 1418 1943 Christus
1439 1912 1648 1942 nasceretur:
1663 1906 1766 1941 dece-

192 1961 253 1994 bat
275 1960 383 2002 enim,
407 1968 445 1994 ut
466 1960 527 1995 ille
557 1961 724 2008 populus,
742 1974 783 1996 ex
814 1973 885 2008 quo
914 1962 1083 1997 Christus
1105 1962 1307 1996 nasciturus
1330 1970 1416 2004 erat,
1439 1961 1597 2008 quadam
1621 1959 1769 2006 speciali

193 2013 480 2049 sanctificatione
503 2014 668 2060 polleret,
691 2016 892 2050 secundum
914 2015 1002 2049 illud
1024 2015 1121 2062 quod
1145 2016 1274 2050 dicitur
1296 2016 1410 2050 Levit.
1434 2026 1506 2062 19.:
1531 2015 1646 2050 Sancti
1667 2016 1767 2056 eritis,

194 2069 273 2113 quia
294 2079 348 2113 ego
369 2073 500 2103 sauctus
519 2081 615 2104 sum:
638 2080 705 2103 nec
726 2069 836 2104 etiam
854 2069 921 2104 fuit
942 2078 1089 2116 propter
1110 2070 1281 2104 meritum
1303 2069 1414 2116 ipsius
1425 2069 1607 2112 Abrahae,
1629 2076 1668 2103 ut
1687 2067 1769 2103 talis

194 2121 388 2168 promissio
424 2122 456 2156 ei
492 2122 604 2165 fieret,
631 2131 669 2157 ut
690 2122 829 2158 scilicet
857 2123 1023 2158 Christus
1050 2135 1092 2158 ex
1115 2124 1190 2169 ejus
1228 2123 1367 2158 semine
1399 2130 1621 2164 nasceretur,
1642 2122 1705 2156 sed
1727 2133 1769 2156 ex

195 2175 349 2221 gratuita
372 2176 442 2210 Dei
465 2175 655 2219 electione,
678 2185 712 2211 et
733 2179 946 2220 vocatione,
970 2177 1065 2211 unde
1088 2177 1218 2212 dicitur
1239 2177 1307 2211 Isa.
1330 2187 1407 2220 41.:
1431 2177 1518 2222 Quis
1534 2177 1707 2211 suscitavit
1728 2176 1769 2210 ab

198 2231 334 2265 Oriente
350 2232 489 2275 justum,
517 2233 656 2266 vocavit
677 2244 761 2274 euin,
786 2236 819 2266 ut
839 2237 1026 2278 sequeretur
1046 2233 1107 2267 se?
1142 2231 1202 2266 Sic
1237 2242 1325 2278 ergo
1356 2238 1466 2277 patet,
1497 2230 1595 2276 quod
1622 2241 1664 2264 ex
1691 2228 1770 2264 sola

196 2285 350 2330 gratuita
373 2284 569 2319 electiones
592 2285 716 2320 Patres
740 2286 1022 2331 promissionem
1045 2293 1277 2332 acceperunt,
1300 2292 1335 2319 et
1356 2284 1512 2331 populus
1539 2294 1581 2318 ex
1615 2283 1666 2318 eis
1693 2293 1771 2330 pro-

197 2339 337 2384 genitus
360 2338 481 2383 legem
504 2339 654 2385 accepit,
677 2339 879 2373 secundum
901 2339 989 2373 illud
1010 2339 1159 2374 Deuter.
1181 2349 1233 2382 4.:
1261 2338 1395 2374 Audisti
1421 2338 1525 2373 verba
1542 2337 1631 2372 illius
1652 2336 1689 2372 de
1709 2349 1772 2371 mc-

197 2392 249 2426 dio
269 2393 365 2437 ignis,
382 2394 461 2438 quia
479 2392 593 2427 dilexit
606 2393 718 2427 Patres
737 2398 818 2434 tuos,
838 2398 865 2427 et
887 2393 980 2438 elegit
999 2405 1105 2427 semen
1127 2405 1240 2439 eorum
1256 2397 1330 2439 post
1345 2392 1427 2426 illos.
1444 2391 1480 2426 Si
1506 2399 1628 2425 autem
1650 2401 1772 2424 rursus

197 2454 400 2492 quaeratur,
428 2458 538 2492 quare
559 2446 655 2480 hunc
680 2446 856 2492 populum
879 2446 999 2492 elegit,
1022 2454 1060 2481 ut
1081 2459 1123 2481 ex
1146 2457 1190 2480 eo
1210 2446 1377 2481 Christus
1398 2452 1618 2487 nasceretur,
1641 2452 1677 2478 et
1696 2455 1771 2478 non

198 2499 321 2542 aliurn,
344 2500 537 2534 conveniet
563 2500 751 2546 responsio
775 2500 929 2545 August.
953 2512 1063 2546 quam
1085 2500 1171 2534 dicit
1192 2511 1298 2546 super
1311 2499 1415 2545 Joan.
1451 2499 1566 2544 (tract.
1589 2498 1644 2533 26.
1663 2497 1768 2545 paulo

191 2558 265 2600 post
280 2554 407 2599 princi)
426 2567 435 2588 .·
460 2554 575 2598 Quare
598 2554 681 2589 liunt
704 2554 826 2596 trahat,
849 2559 877 2588 ot
901 2554 994 2588 illum
1017 2566 1081 2588 non
1105 2554 1230 2596 trahat,
1252 2553 1320 2588 noli
1339 2553 1422 2588 velle
1443 2552 1640 2598 dijudicare,
1659 2553 1688 2586 si
1706 2563 1771 2586 non

199 2609 250 2642 τίς
271 2620 395 2642 errare.

272 2662 331 2696 AD
346 2673 495 2696 PRIMUM
511 2673 598 2707 ergo
618 2661 825 2703 dicendum,
844 2661 940 2707 quod
961 2662 1126 2707 quamvis
1148 2660 1243 2696 salus
1263 2660 1379 2695 sutura
1395 2672 1458 2707 per
1473 2659 1661 2695 Christum
1681 2666 1773 2693 esset

201 2715 370 2749 omnibus
390 2716 555 2761 gentibus
575 2723 798 2761 praeparata,
813 2723 936 2749 tamen
953 2715 1143 2761 oportebat
1158 2726 1199 2749 ex
1214 2725 1287 2748 uno
1302 2714 1439 2760 populo
1455 2713 1644 2748 Christum
1661 2712 1773 2754 nasci,

200 2769 259 2814 qui
281 2777 427 2815 propter
452 2769 522 2803 hoc
551 2780 635 2815 prae
667 2769 744 2803 aliis
777 2770 1048 2815 praerogativas
1079 2769 1215 2811 habuit,
1246 2768 1446 2807 secundum
1474 2767 1562 2801 illud
1588 2766 1696 2801 Rom.
1718 2777 1771 2813 9.:

201 2823 366 2867 Quorum,
395 2823 534 2858 scilicet
555 2823 788 2868 Judaeorum,
816 2828 859 2857 cst
885 2822 1016 2869 adoptio
1036 2823 1202 2868 filiorum,
1231 2827 1261 2857 et
1282 2826 1518 2862 testamentum,
1545 2825 1574 2856 et
1600 2820 1771 2866 legislatio,

200 2887 340 2921 quoram
364 2882 486 2923 patres,
508 2883 536 2912 et
559 2889 596 2912 etr
617 2878 734 2923 quibas·
758 2877 904 2912 Christus
925 2882 968 2911 cst
993 2877 1168 2911 secundum
1196 2888 1340 2912 carnem.
