1907 3198
445 199 668 236 QUAESTIO
702 199 881 230 LXXXIX.
914 199 1160 230 ARTICULUS
1194 199 1251 231 IV.
1546 190 1625 245 641

0 265 8 326 Ῐ
129 293 162 319 2.
183 283 420 319 PRAETEREA.
442 281 676 329 Quicumque
703 290 823 329 potest
848 281 945 329 quod
973 290 1027 316 est
1053 280 1144 328 plus,
1171 289 1290 328 potest
1316 281 1427 316 etiam
1454 282 1551 328 quod
1579 290 1633 317 est

58 336 196 373 minus:
218 336 281 372 sed
303 335 454 383 angelus
477 337 594 381 potuit
614 336 765 382 diligere
787 336 925 370 bonum
949 343 1112 370 creatum
1134 335 1213 381 plus
1235 346 1345 381 quam
1372 335 1506 377 Deum,
1533 335 1631 382 quod

57 389 143 426 fecit
162 389 350 437 peccando
372 389 594 432 mortaliter;
617 400 705 434 ergo
728 389 837 424 etiam
865 389 982 435 potuit
1008 389 1145 423 bonum
1173 396 1337 423 creatum
1363 388 1513 435 diligere
1540 388 1632 423 infra

56 443 179 478 Deum
199 442 416 485 inordinate,
437 442 627 477 venialiter
648 442 847 489 peccando.

129 507 160 544 3.
182 496 420 532 PRAETEREA.
443 495 578 542 Angeli
600 495 688 530 mali
708 496 875 530 videntur
897 495 1016 542 aliqua
1044 495 1175 538 facere,
1201 507 1294 542 quae
1321 504 1403 530 sunt
1430 508 1471 530 ex
1499 507 1632 542 genere

55 561 124 586 suo
144 550 301 585 venialia
322 557 484 596 peccata,
506 549 743 596 provocando
765 549 936 584 homines
959 550 1002 584 ad
1026 551 1150 591 risum,
1172 558 1207 584 et
1234 550 1277 584 ad
1305 549 1393 584 alias
1420 550 1632 595 hujusmodi

56 603 237 639 levitates:
258 603 323 638 sed
345 603 618 638 circumstantia
639 614 816 649 personae
838 613 912 637 non
933 602 1019 637 facit
1042 603 1085 637 de
1106 603 1239 638 veniali
1261 603 1428 646 mortale,
1443 612 1480 638 ut
1495 604 1631 638 dictum

57 665 111 693 est
133 656 180 704 (q.
200 658 256 693 88.
278 662 344 692 art.
362 657 423 703 5.)‚
445 657 514 691 nisi
535 656 685 703 speciali
706 656 951 703 prohibitione
973 657 1269 702 superveniente3
1291 657 1388 704 quod
1415 668 1489 692 non
1517 666 1570 692 est
1595 658 1631 692 in

56 711 266 759 proposit03
288 721 377 757 ergo
400 710 550 757 angelus
572 718 692 757 potest
712 721 864 756 peccare
886 710 1085 745 venialiter.

0 761 2 764 ⁸
129 763 205 800 SED
227 774 384 800 CONTRA
406 772 471 806 est,
494 764 591 810 quod
614 764 732 810 major
754 772 807 798 est
821 763 994 810 perfectio
1010 764 1142 809 angeli,
1157 775 1267 810 quam
1283 763 1455 810 perfectio
1470 764 1632 799 hominis

0 838 7 850 r
56 817 93 852 in
113 818 234 864 primo
254 826 365 853 statu:
387 817 451 852 sed
473 817 589 852 homo
610 817 647 852 in
669 818 787 864 primo
808 825 902 852 statu
924 828 999 852 non
1021 818 1138 864 potuit
1155 829 1306 865 peccare
1320 817 1527 862 venialiter3
1543 829 1631 865 ergo

0 878 9 909 l
57 871 174 907 multo
196 871 317 906 minus
339 870 502 918 angelus.

128 925 360 961 RESPONDEO
383 924 590 967 dicendum,
612 924 709 972 quod
728 924 934 959 intellectus
951 924 1082 972 angeli,
1098 925 1189 960 sicut
1204 925 1239 960 in
1259 936 1286 960 1.
1302 925 1440 960 dictum
1454 934 1507 960 est
1522 925 1566 972 (q.
1578 927 1631 972 58.

0 986 11 1049 p
57 984 122 1015 art.
140 979 202 1027 3.)‚
223 989 299 1014 non
320 986 375 1014 est
395 979 634 1021 discursivus;
657 987 695 1013 ut
716 978 856 1014 scilicet
876 979 1050 1024 procedat
1072 990 1092 1013 a
1114 979 1298 1026 principiis
1311 980 1346 1013 in
1363 979 1632 1022 conclusiones,

55 1043 223 1068 seorsum
244 1040 438 1079 utrumque
459 1032 678 1079 intelligens,
700 1032 792 1067 sicut
814 1032 850 1066 in
876 1032 981 1067 nobis
1008 1033 1207 1079 contingit;
1234 1033 1329 1068 unde
1356 1041 1511 1080 oportet,
1533 1033 1631 1080 quod

56 1086 363 1134 quandocumque
385 1086 591 1121 considerat
614 1086 884 1128 conclusiones,
906 1086 1111 1122 consideret
1138 1098 1210 1129 eas,
1237 1097 1343 1134 prout
1369 1096 1452 1122 sunt
1479 1088 1514 1122 in
1540 1088 1633 1134 prin-

56 1140 179 1188 cipiis;
200 1140 237 1175 in
259 1139 511 1187 appetibilibus
534 1148 668 1182 autem,
690 1140 782 1174 sicut
803 1140 989 1174 multoties
1011 1140 1148 1174 dictum
1169 1149 1223 1175 est
1241 1141 1290 1187 (q.
1305 1142 1336 1177 S.
1352 1146 1415 1176 art.
1431 1153 1462 1177 2.
1485 1147 1515 1177 et
1529 1154 1558 1188 q.
1579 1153 1631 1188 72.

55 1199 119 1231 art.
138 1194 200 1242 5.),
223 1194 312 1230 fines
333 1202 416 1229 sunt
437 1194 530 1229 sicut
559 1194 752 1241 principia:
785 1205 827 1228 ea
855 1205 944 1228 vero
972 1205 1064 1240 quae
1092 1203 1175 1229 sunt
1205 1195 1248 1228 ad
1279 1194 1402 1237 finem,
1432 1204 1515 1230 sunt
1540 1195 1633 1230 sicut

57 1248 335 1292 conclusiones;
356 1248 451 1282 unde
474 1259 576 1282 mens
604 1247 724 1293 angeli
750 1258 824 1282 non
852 1247 963 1282 fertur
984 1248 1020 1282 in
1047 1259 1089 1282 ea
1116 1259 1208 1294 quae
1235 1256 1316 1283 sunt
1343 1249 1386 1283 ad
1414 1248 1536 1291 finem,
1564 1249 1633 1284 nisi

55 1302 259 1337 secundum
280 1301 378 1348 quod
401 1309 497 1336 stant
517 1301 582 1336 sub
605 1301 732 1336 ordine
760 1300 852 1335 finis.
879 1300 1032 1347 Propter
1061 1301 1133 1336 hoc
1164 1313 1206 1336 ex
1235 1310 1363 1336 natura
1391 1313 1455 1337 sua
1486 1302 1632 1345 habent,

57 1356 155 1403 quod
179 1366 255 1390 non
275 1355 390 1402 possit
416 1356 452 1390 in
479 1356 529 1390 eis
557 1366 636 1390 esse
662 1354 891 1390 deordinatio
919 1355 1014 1389 circa
1041 1366 1083 1390 ea
1110 1366 1203 1402 quae
1229 1365 1310 1390 sunt
1338 1356 1381 1390 ad
1409 1356 1537 1400 finem3
1564 1357 1633 1391 nisi

56 1408 167 1445 simul
187 1409 234 1444 sit
253 1408 482 1444 deordinatio
504 1408 600 1443 circa
622 1408 733 1443 finem
755 1408 890 1454 ipsum;
912 1408 1009 1454 quod
1025 1417 1077 1443 est
1092 1420 1155 1455 per
1169 1418 1359 1456 peccatum
1379 1410 1545 1445 mortale.
1559 1410 1632 1445 Sed

57 1461 179 1510 angeli
199 1462 285 1498 boni
304 1473 381 1497 non
402 1469 598 1497 moventur
618 1463 654 1496 in
677 1473 720 1497 ea
741 1473 833 1508 quae
854 1471 937 1497 sunt
958 1463 1002 1496 ad
1025 1462 1147 1506 finem,
1169 1463 1237 1498 nisi
1255 1464 1291 1498 in
1309 1464 1436 1498 ordine
1458 1464 1502 1498 ad
1520 1464 1631 1500 finem

57 1515 230 1558 debitum,
251 1516 313 1563 qui
334 1524 390 1551 est
409 1516 531 1558 Deus;
554 1523 589 1550 et
609 1524 756 1562 propter
777 1516 847 1550 hoc
871 1527 1000 1550 omnes
1022 1527 1151 1551 eorum
1173 1525 1273 1552 actus
1295 1526 1377 1552 sunt
1399 1526 1500 1552 actus
1519 1518 1633 1553 chari-

57 1569 160 1605 tatis:
181 1577 218 1605 et
236 1571 283 1605 sic
303 1571 340 1604 in
359 1571 404 1605 eis
423 1581 491 1604 non
511 1574 620 1617 potest
644 1581 704 1604 esse
726 1574 899 1616 peccatum
926 1570 1076 1605 veniale:
1104 1570 1224 1617 angeli
1249 1582 1337 1605 vero
1365 1571 1450 1606 mali
1477 1572 1513 1606 in
1541 1571 1633 1606 nihil

58 1631 266 1666 moventur,
293 1623 364 1658 nisi
394 1623 430 1658 in
458 1623 586 1658 ordine
616 1623 660 1657 ad
689 1622 799 1657 finem
829 1624 970 1669 peccati
999 1624 1187 1670 superbiae
1216 1624 1400 1672 ipsorum;
1423 1634 1457 1660 et
1486 1626 1568 1661 ideo
1595 1626 1631 1660 in

57 1677 230 1712 omnibus
261 1685 416 1724 peccant
449 1676 663 1719 mortaliter,
692 1688 945 1723 quaecumque
974 1678 1119 1725 propria
1147 1678 1335 1714 voluntate
1365 1688 1495 1725 agunt:
1525 1691 1632 1715 secus

58 1738 181 1766 autem
203 1739 257 1766 est
278 1731 321 1766 de
343 1731 503 1777 appetitu
524 1730 698 1765 naturalis
719 1730 818 1773 boni,
840 1731 901 1777 qui
923 1739 975 1765 est
996 1731 1031 1765 in
1055 1731 1118 1774 eis,
1141 1739 1178 1766 ut
1198 1732 1235 1766 in
1256 1743 1282 1768 1.
1299 1732 1435 1768 dictum
1451 1742 1504 1768 est
1520 1733 1564 1780 (q.
1581 1735 1630 1780 63.

55 1788 122 1820 art.
142 1796 171 1820 1.
189 1783 233 1819 ad
249 1795 278 1831 3.
299 1789 331 1820 et
350 1789 416 1820 art.
438 1785 500 1829 4.).

128 1838 190 1874 AD
210 1847 361 1874 PRIMUM
384 1848 473 1884 ergo
495 1837 703 1879 dicendum,
725 1838 822 1884 quod
844 1837 960 1872 homo
983 1839 1154 1873 convenit
1175 1839 1323 1886 quidem
1342 1852 1426 1875 cum
1443 1841 1580 1887 angelis
1595 1841 1631 1876 in

57 1899 191 1935 mente,
212 1891 289 1927 sive
310 1891 347 1926 in
368 1891 571 1933 intellectu;
593 1891 655 1926 sed
677 1890 795 1926 differt
816 1891 851 1925 in
874 1892 987 1926 modo
1010 1891 1247 1939 intelligendi,
1270 1902 1307 1928 ut
1334 1894 1471 1929 dictum
1499 1904 1552 1930 est
1580 1895 1631 1940 (in

55 1951 146 1993 corp.
166 1950 198 1981 et
212 1950 306 1993 part.
328 1957 355 1981 1.
377 1956 408 1992 q.
426 1956 472 1992 55.
494 1950 560 1980 art.
582 1946 643 1991 2.).

128 1999 190 2035 An
211 2009 420 2034 sncunnum
442 1998 651 2041 dicendum,
673 1998 771 2045 quod
794 1998 944 2045 angelus
970 2010 1044 2034 non
1073 2002 1189 2045 potuit
1210 2001 1330 2035 minus
1357 2001 1507 2047 diligere
1535 2014 1632 2038 crea-

54 2059 187 2095 turam,
208 2063 320 2099 quam
340 2052 474 2094 Deum,
496 2052 566 2087 nisi
583 2051 692 2087 simul
706 2051 863 2095 referens
877 2064 959 2087 eam
978 2053 1014 2087 in
1029 2053 1149 2088 Deum
1165 2054 1258 2089 sicut
1271 2055 1307 2089 in
1323 2054 1492 2090 ultimum
1509 2056 1631 2102 finem,

55 2104 116 2141 vel
134 2105 172 2141 in
194 2105 354 2153 aliquem
374 2105 486 2140 finem
508 2105 768 2148 inordinatum,
791 2106 930 2141 ratione
952 2108 1026 2152 jam
1048 2107 1144 2142 dicta
1168 2108 1218 2151 (in
1239 2116 1329 2156 corp.
1352 2110 1447 2154 art).

127 2159 188 2195 AD
209 2169 383 2195 TERTIUM
404 2159 611 2202 dicendum,
633 2160 730 2205 quod
753 2160 878 2194 omnia
897 2160 970 2202 illa,
985 2172 1077 2207 quae
1091 2161 1258 2196 videntur
1273 2174 1350 2198 esse
1369 2163 1537 2206 venialia,
1552 2164 1632 2199 dae-

56 2223 186 2249 mones
207 2220 413 2260 procurant,
427 2220 464 2247 ut
478 2213 648 2247 homines
671 2213 714 2247 ad
737 2213 790 2247 sui
815 2212 1098 2250 familiaritatem
1121 2216 1314 2258 attrahant,
1336 2226 1371 2252 et
1385 2218 1436 2252 sic
1451 2218 1632 2253 deducant

56 2276 120 2302 eos
140 2266 177 2301 in
199 2274 390 2314 peccatum
412 2265 586 2302 mortale:
608 2267 704 2301 unde
724 2267 758 2300 in
774 2267 944 2302 omnibus
958 2269 1088 2304 talibus
1104 2270 1305 2305 mortaliter
1319 2280 1472 2317 peccant
1486 2280 1632 2319 propter

55 2319 297 2356 intentionem
319 2319 411 2355 finis.

0 707 3 713 .
0 489 7 668 -Ὶὴγν

629 2391 976 2437 ARTICULUS
1009 2394 1064 2437 v.
1561 2410 1630 2456 478

214 2480 369 2513 UTRUM
401 2481 519 2513 PRIMI
552 2481 704 2512 Mo'rus
738 2483 1080 2515 SENSUALITATIS
1114 2486 1158 2516 IN
1192 2486 1469 2518 INFIDELIBUS

544 2547 643 2577 SINT
676 2548 876 2578 PECCATA
911 2550 1152 2581 MORTALIA.

207 2621 294 2668 (2-2.
319 2623 410 2659 Dist.
436 2625 504 2671 158.
530 2629 596 2660 art.
623 2635 654 2660 2.
683 2624 725 2658 ad
747 2637 775 2671 3.
801 2631 831 2661 et
856 2637 888 2661 2.
916 2627 1005 2662 Dist.
1033 2640 1083 2673 14.
1111 2641 1141 2675 q.
1165 2641 1192 2675 3.
1220 2635 1285 2665 art.
1313 2642 1344 2666 2.
1371 2637 1462 2678 corp.

67 2680 100 2712 et
119 2687 151 2724 3.
175 2676 266 2712 Dist.
292 2687 341 2724 23.
367 2688 398 2724 q.
424 2689 454 2713 1.
479 2683 545 2713 art.
570 2689 598 2724 3.
624 2690 654 2724 q.
682 2689 712 2713 2.
740 2678 782 2713 ad
804 2691 832 2726 3.
858 2685 888 2715 et
913 2692 945 2725 4.
975 2681 1063 2716 Dist.
1087 2694 1130 2728 33.
1158 2695 1188 2729 q.
1216 2695 1243 2718 1.
1269 2689 1335 2718 art.
1361 2696 1386 2729 3.
1415 2697 1444 2730 q.
1468 2697 1497 2720 2.
1526 2685 1568 2720 ‹ch
1585 2698 1612 2732 3.

162 2734 193 2766 et
209 2729 298 2766 Veri.
319 2740 350 2777 q.
368 2730 425 2766 26.
447 2737 514 2766 art.
536 2732 570 2766 6.
592 2731 635 2766 ad
656 2732 707 2767 16.
729 2737 760 2767 et
781 2732 866 2767 Mal.
887 2745 918 2779 q.
941 2745 970 2780 7.
993 2740 1058 2770 art.
1081 2737 1114 2772 8.
1135 2741 1165 2771 ct
1187 2737 1310 2782 Quodl.
1333 2738 1364 2772 S.
1388 2744 1450 2772 art.
1472 2750 1521 2773 21.

628 2789 658 2819 ct
681 2786 775 2820 Rom.
798 2786 830 2821 S.
853 2787 887 2820 in
911 2789 1055 2834 priua).

129 2854 192 2891 An
211 2864 395 2896 QumTuu
416 2854 466 2891 sic
490 2856 708 2904 proceditur.
730 2856 894 2901 Videtur,
921 2860 1018 2906 quod
1046 2861 1151 2907 primi
1181 2870 1302 2897 motus
1329 2864 1570 2900 sensualitatis
1592 2866 1627 2900 in

51 2907 262 2946 infidelibus
283 2909 355 2945 sint
376 2918 526 2956 peccata
547 2911 734 2946 mortalia:
757 2911 844 2947 dicit
865 2913 962 2947 enim
990 2912 1191 2960 Apostolus
1219 2916 1262 2951 ad
1286 2916 1442 2953 Roman.
1465 2919 1509 2962 8.‚
1531 2920 1627 2966 quod
