1907 3182
254 183 339 225 290
648 179 888 215 'QUAESTIO
923 179 1071 208 XXXIX.
1098 177 1342 209 ARTICULUS
1378 178 1422 208 11.

324 262 383 297 AD
406 273 555 298 PRIMUM
577 273 664 307 ergo
687 260 891 303 dicendum,
913 260 1009 306 quod
1031 271 1159 294 omnes
1185 259 1370 305 passiones
1400 259 1544 294 animae
1573 258 1732 305 regulari
1759 258 1818 293 de·

251 317 336 351 bent
357 316 555 350 secundum
577 314 739 361 regulam
763 314 922 356 rationis,
956 325 1048 359 quac
1070 321 1123 347 est
1142 313 1243 346 radix
1275 313 1362 347 boni
1393 313 1548 354 honesti,
1583 323 1692 358 quam
1724 320 1816 346 tran-

251 370 392 405 scendit
411 369 652 404 immoderata
673 368 827 410 tristitia,
849 369 892 402 de
914 378 983 413 qua
1004 366 1163 413 loquitur
1191 367 1286 412 Aug.
1309 374 1344 401 et
1363 366 1446 401 ideo
1480 365 1615 400 recedit
1636 377 1656 399 a
1676 365 1816 400 ratione

252 423 406 458 honesti.
748 429 750 433 ’

324 477 383 511 AD
406 487 612 511 SECUNDUM
635 475 840 516 dicendum,
863 474 958 520 quod
981 473 1073 507 sicut
1093 473 1234 507 tristitia
1257 472 1299 507 de
1321 472 1419 507 malo
1446 472 1608 518 procedit
1630 483 1672 505 ex
1692 471 1818 506 volun—

253 539 336 573 tate,
359 539 393 565 et
414 531 552 564 ratione
574 537 682 570 recta,
705 540 796 574 quae
819 528 1014 562 detestatur
1037 526 1194 568 malmm
1225 528 1272 560 ita
1294 527 1435 560 tristitia
1457 526 1499 560 de
1521 527 1619 560 bono
1653 524 1816 571 procedit

254 596 295 619 ex
316 585 466 625 ratione,
489 592 523 617 et
543 583 729 617 voluntate
751 593 929 627 perversa,
953 592 1043 626 quae
1063 581 1257 614 detestatur
1275 580 1423 622 bonum,
1439 588 1473 614 et
1487 580 1568 614 ideo
1583 578 1663 613 talis
1677 579 1818 613 tristitia

254 638 403 684 impedit
423 637 580 678 laudem,
601 635 660 670 vel
682 635 851 669 meritum
873 634 959 668 boni
980 634 1140 676 honesti3
1163 633 1255 668 sicut
1276 645 1359 667 cum
1377 634 1455 679 quis
1473 632 1558 667 facit
1577 644 1660 667 cum
1677 632 1818 667 tristitia

254 691 538 736 eleemosynam.

324 745 384 778 AD
407 753 578 778 TERTIUM
601 741 805 783 dicendum,
829 740 925 787 quod
948 740 1067 786 aliqua
1088 739 1374 786 praesentialiter
1407 740 1586 781 eveniunt,
1621 750 1712 785 quae
1744 750 1820 773 non

253 797 342 831 fiunt
362 797 443 831 Deo
466 796 623 837 volente,
645 795 707 828 sed
728 795 809 829 Deo
833 794 1072 839 permittente,
1095 794 1187 828 sicut
1208 801 1369 839 peccata,
1390 793 1485 827 unde
1504 792 1686 827 -voluntas
1720 804 1821 838 repu-

254 862 368 896 gnans
389 857 539 896 peccato
563 848 727 882 existenti
748 847 806 882 vel
827 848 863 881 in
886 858 934 889 se,
957 846 1014 881 vel
1035 847 1071 880 in
1095 846 1178 889 alio,
1200 858 1275 880 non
1297 846 1480 881 discordat
1498 857 1517 880 a
1535 845 1721 880 voluntate
1738 845 1818 879 Dei:

254 903 351 937 mala
371 914 457 937 vero
480 902 647 948 poenalia
668 901 953 947 praesentialiter
975 901 1191 945 contingunt
1205 900 1315 934 etiam
1327 900 1409 934 Deo
1424 899 1590 934 volente:
1605 910 1679 933 non
1697 907 1819 933 tamen

254 958 406 1002 exigitur
428 956 471 990 ad
493 955 744 990 rectitudinem
773 954 980 996 voluntatis,
1015 954 1111 1000 quod
1135 966 1177 988 ea
1198 955 1398 988 secundum
1420 965 1458 988 se
1478 954 1594 988 homo
1627 953 1724 995 velit,
1758 953 1820 987 sed

254 1010 374 1045 solum
396 1010 492 1056 quod
513 1020 588 1043 non
611 1008 872 1043 contranitatur
894 1007 1012 1042 ordini
1038 1008 1180 1042 divinae
1211 1008 1380 1053 justitiae,
1401 1015 1440 1042 ut
1461 1018 1566 1053 supra
1600 1006 1736 1041 dictum
1769 1013 1821 1041 est

256 1063 302 1110 (q.
325 1076 376 1110 19.
398 1068 463 1098 art.
486 1064 567 1109 10.)-

802 1204 1147 1249 ARTICULUS
1182 1204 1261 1248 ΠΙ.
1752 1226 1815 1251 221

507 1312 659 1341 UTRUM
686 1312 907 1342 TRISTITIA
932 1312 1084 1342 Possm-
1112 1313 1212 1341 Essr:
1239 1312 1392 1343 BONUM
1418 1311 1565 1341 UTILE.

457 1401 568 1445 (Part.
592 1413 620 1447 3.
648 1412 678 1446 q.
704 1412 747 1447 15.
774 1406 839 1436 art.
866 1401 898 1436 6.
926 1400 968 1435 ad
993 1413 1024 1436 2.
1052 1405 1080 1436 et
1102 1413 1130 1447 3.
1157 1405 1186 1435 et
1211 1412 1241 1446 q.
1267 1411 1324 1446 49.
1352 1404 1415 1435 art.
1443 1400 1475 1435 6.
1504 1399 1546 1434 ad
1572 1399 1632 1445 2.).

327 1490 387 1524 AD
410 1500 581 1525 TERTIUM
602 1490 652 1524 sic
675 1491 890 1537 proceditur.
914 1491 1075 1533 Videtur,
1095 1491 1191 1537 quod
1209 1490 1350 1525 tristitia
1367 1501 1442 1524 non
1460 1490 1574 1537 possit
1589 1501 1667 1525 esse
1685 1490 1823 1524 bonum

256 1543 341 1578 utile
359 1555 366 1577 ε
386 1544 515 1578 dicitur
537 1545 633 1578 enim
655 1544 764 1579 Eccli.
791 1556 862 1590 3o.:
886 1545 1010 1580 Multos
1031 1544 1148 1580 occidit
1171 1546 1318 1587 tristitia,
1341 1549 1369 1579 et
1389 1556 1455 1578 non
1476 1549 1518 1578 est
1538 1544 1663 1579 utilitas
1683 1545 1719 1578 in
1750 1544 1823 1579 illa.

328 1607 358 1630 2.
381 1597 615 1632 PRAETEREA.
639 1597 777 1632 Electio
801 1607 853 1633 est
875 1599 917 1632 de
940 1609 995 1639 eo,
1018 1598 1114 1644 quod
1138 1606 1191 1633 est
1211 1597 1297 1632 utile
1312 1598 1356 1632 ad
1371 1597 1480 1632 finem
1496 1598 1673 1644 aliquem:
1688 1598 1750 1632 sed
1769 1597 1825 1632 tri·
1869 1630 1874 1635 .

255 1650 350 1684 stitia
370 1661 444 1684 non
463 1658 516 1685 est
537 1650 718 1695 eligibilis:
739 1652 942 1697 quinimmo
960 1652 1058 1686 idem
1073 1652 1149 1686 sine
1164 1652 1318 1693 tristitia,
1331 1662 1441 1697 quam
1456 1663 1539 1685 cum
1552 1651 1694 1686 tristitia
1708 1651 1824 1697 magis

257 1710 309 1738 est
331 1703 550 1749 eligendum,
574 1712 611 1738 ut
632 1704 760 1739 dicitur
780 1705 817 1738 in
843 1716 871 1751 3.
895 1704 1025 1751 Topic.
1044 1706 1133 1752 (cap.
1149 1717 1180 1740 2.
1196 1705 1255 1740 loc.
1277 1717 1323 1751 23.
1343 1710 1373 1740 et
1390 1706 1477 1750 24.)‚·
1494 1716 1581 1751 ergo
1595 1704 1736 1740 tristitia
1749 1716 1824 1740 non

257 1765 309 1791 est
330 1757 468 1791 bonum
495 1757 592 1792 utile.

332 1822 360 1855 3.
384 1811 619 1846 PRAETEREA.
645 1811 777 1846 Omnis
798 1823 854 1846 res
889 1819 942 1846 est
973 1819 1120 1858 propter
1153 1823 1257 1846 suam
1292 1812 1556 1858 operationem,
1578 1820 1616 1847 ut
1637 1812 1766 1846 dicitur
1786 1811 1823 1846 in

257 1874 287 1897 2.
304 1863 347 1898 de
365 1863 483 1898 Coelo
501 1865 578 1908 (tex.
601 1866 667 1911 17.)
681 1878 691 1900 :
712 1865 773 1899 sed
792 1865 933 1899 tristitia
947 1865 1097 1912 impedit
1113 1866 1373 1911 operationem,
1387 1874 1426 1900 ut
1439 1866 1567 1900 dicitur
1580 1866 1617 1900 in
1638 1877 1690 1901 10.
1709 1865 1824 1900 Ethic.

259 1917 384 1964 (cttp.5.
411 1919 488 1952 circ.
511 1918 624 1963 mad.);
648 1930 735 1964 ergo
757 1919 899 1953 tristitia
920 1930 994 1953 non
1016 1919 1125 1954 habet
1145 1919 1324 1953 rationem
1345 1919 1431 1953 boni
1452 1919 1558 1954 utilis.

329 1970 402 2005 SED
425 1981 591 2006 CONTRA.
617 1971 768 2017 Sapiens
790 1984 864 2006 non
887 1973 1025 2018 quaerit
1046 1973 1114 2006 nisi
1136 1972 1253 2006 utilia:
1285 1973 1358 2015 sed,
1388 1973 1480 2007 sicut
1502 1972 1630 2007 dicitur
1651 1972 1748 2007 Eccl.
1773 1982 1824 2018 7.:

259 2023 328 2058 Cor
347 2026 541 2070 sapientium
560 2027 617 2060 ubi
635 2027 781 2068 tristitia,
804 2031 831 2060 ct
853 2038 909 2060 cor
929 2027 1102 2060 stzcltormn
1124 2028 1182 2061 ulai
1203 2027 1348 2066 laetitia,¹
1373 2037 1459 2071 ergo
1483 2026 1623 2060 tristitia
1645 2034 1698 2060 est
1719 2026 1824 2060 utilis.

329 2077 558 2113 RESPONDEO
581 2079 787 2121 dicendum,
811 2080 906 2125 quod
930 2092 972 2113 ex
994 2079 1092 2114 malo
1120 2080 1300 2126 praesenti
1332 2080 1485 2124 insurgit
1505 2079 1625 2126 duplex
1647 2079 1826 2126 appetitus

259 2139 390 2165 motus.
420 2133 510 2166 Unus
532 2132 678 2178 quidem
702 2141 765 2175 est,
788 2145 860 2179 quo
884 2134 1060 2180 appetitus
1084 2135 1320 2168 contrariatur
1340 2133 1438 2167 malo
1454 2133 1652 2179 praesenti:
1668 2138 1696 2168 ct
1710 2145 1748 2168 ex
1767 2135 1826 2168 ista

253 2191 352 2231 partu
375 2187 508 2220 tristitia
530 2198 593 2220 non
617 2187 710 2221 habet
731 2187 930 2227 militinam,-
955 2187 1038 2233 quia
1059 2187 1094 2221 id
1117 2188 1213 2233 quod
1241 2195 1293 2221 est
1314 2198 1495 2233 praesens,
1517 2198 1590 2221 non
1613 2194 1731 2233 potest
1751 2198 1826 2221 non

259 2250 337 2272 esse
360 2250 539 2284 praesens.
563 2240 726 2274 Secundus
748 2249 868 2275 motus
892 2241 1076 2286 consurgit
1098 2241 1133 2274 in
1157 2242 1314 2287 appetitu
1337 2241 1380 2274 ad
1407 2240 1636 2287 fugiendum;
1660 2249 1696 2275 et
1717 2240 1828 2287 repel-

258 2291 408 2326 lendum
430 2292 568 2326 malum
591 2293 822 2327 contristans:
847 2302 881 2328 et
903 2299 1062 2339 qzctmtltm
1085 2294 1126 2328 ad
1147 2295 1206 2328 hoc
1229 2295 1362 2328 tristitia
1376 2294 1470 2329 habret
1486 2295 1675 2337 utilitatem,
1693 2296 1720 2329 si
1733 2296 1774 2329 sit
1791 2294 1827 2329 da

259 2345 381 2390 ιιΙῐιμιο,
410 2346 494 2391 quod
515 2346 792 2392 ostsugiendum:
821 2356 874 2381 est
896 2347 992 2380 enim
1015 2347 1149 2393 aliquid
1176 2347 1387 2393 fugiendum
1409 2347 1592 2394 dupliciter.
1627 2348 1699 2383 Uno
1728 2347 1821 2382 modo

259 2407 404 2444 propter
425 2399 595 2445 seipsum,
619 2411 659 2433 ex
682 2401 936 2434 contrarietate
955 2412 1064 2446 quam
1087 2401 1195 2435 habet
1217 2402 1260 2435 ad
1282 2401 1431 2443 bonum,
1453 2401 1545 2436 sicut
1566 2409 1774 2448 peccatum,
1793 2409 1828 2435 ct

257 2452 340 2486 ideo
365 2453 505 2486 tristitia
527 2453 571 2487 de
595 2462 746 2499 peccato
769 2453 864 2487 utilis
887 2462 939 2488 est
961 2454 1004 2487 ad
1027 2455 1110 2496 hoc,
1133 2454 1229 2500 quod
1250 2454 1364 2488 homo
1384 2454 1498 2499 fugiat
1512 2462 1716 2501 peccatum,
1736 2455 1827 2489 sicut

258 2505 458 2551 Apostolus
481 2507 566 2540 dicit
590 2517 619 2540 2.
645 2507 687 2540 ad
711 2507 796 2541 Cor.
821 2518 862 2551 7.:
892 2508 1040 2550 Gaadw,
1065 2520 1128 2541 non
1152 2509 1230 2553 quia
1257 2509 1441 2543 contristati
1467 2509 1548 2549 estis,
1571 2508 1623 2543 scd
1648 2509 1726 2554 quia
1753 2520 1825 2543 con-

260 2561 378 2594 triittiti
400 2562 470 2594 cilis
492 2561 533 2594 αιΙ
551 2562 796 2606 poenitentiarii.
822 2561 899 2595 Alio
924 2562 1017 2595 modo
1041 2570 1092 2595 est
1115 2561 1247 2607 aliquid
1268 2561 1490 2606 fugiendum,
1512 2573 1586 2596 non
1609 2562 1691 2608 quia
1714 2562 1757 2596 sit
1776 2573 1826 2596 se-

260 2613 417 2647 cundum
433 2625 469 2647 se
493 2613 642 2653 malum,
665 2614 725 2647 sed
749 2616 830 2659 quia
847 2623 899 2648 est
914 2616 1059 2648 occasio
1089 2615 1194 2655 mali;
1217 2616 1303 2649 dunt
1330 2615 1387 2649 vel
1410 2616 1523 2650 homo
1539 2615 1645 2649 nimis
1662 2615 1824 2649 inhaeret

260 2667 291 2700 ei
312 2678 372 2711 per
395 2679 571 2709 amorem,
594 2668 651 2702 vel
675 2669 782 2701 etiam
807 2681 846 2702 ex
867 2669 935 2702 hoc
959 2669 1054 2714 quoti
1071 2669 1326 2714 praecipitatur
1342 2669 1376 2702 in
1393 2669 1538 2715 aliquod
1554 2669 1715 2704 malum:
1734 2669 1825 2703 sicut

261 2730 356 2768 patet
379 2722 412 2755 in
436 2722 539 2755 bonis
562 2722 838 2768 temporalibus:
863 2730 896 2756 et
919 2723 1117 2756 secundum
1140 2723 1210 2756 hoc
1234 2722 1374 2757 tristitia
1392 2723 1435 2756 de
1450 2723 1553 2757 bonis
1567 2722 1825 2768 temporalibus

261 2784 378 2821 potest
401 2787 477 2809 esse
500 2775 606 2816 utilis,
629 2776 720 2809 sicut
742 2775 870 2809 dicitur
893 2775 990 2809 Iit-cl.
1015 2787 1057 2820 7.:
1084 2777 1200 2810 ,Uelius
1222 2782 1263 2810 cst
1288 2778 1334 2810 irc
1360 2776 1402 2810 ad
1428 2776 1559 2810 domam
1583 2776 1697 2816 luctus,
1725 2787 1824 2821 quam

261 2829 302 2863 ιιι]
320 2829 450 2862 <tomum
472 2831 641 2863 couvi-vii:
664 2830 695 2862 iu
713 2830 768 2862 itta
791 2830 875 2863 anim
893 2830 964 2868 simi<
980 2834 1170 2862 snm-ioman
1187 2829 1383 2864 ‹tiitiwtiutur
1397 2830 1577 2864 immitium.
1600 2829 1686 2864 Ideo
1706 2837 1825 2863 autem

260 2883 399 2917 tristitia
415 2882 450 2916 in
473 2883 573 2916 omni
593 2882 689 2917 malo
713 2882 883 2927 fugientio
900 2891 951 2916 est
975 2882 1080 2924 utilis,
1103 2883 1184 2928 quia
1200 2883 1403 2928 geminatur
1420 2882 1580 2929 fugiendi
1596 2894 1705 2918 causa
1718 2896 1725 2918 ε
1740 2893 1824 2917 nam
