1907 3198
509 214 731 250 QUAESTIO
764 214 839 243 ΧΠ.
873 213 1119 244 ARTICULUS
1152 213 1179 242 Ι.
1550 213 1627 256 109

642 376 989 422 ARTICULUS
1024 377 1057 420 Ι.
1588 398 1632 433 70

127 485 282 517 UTRUM
308 485 523 515 INTENTIO
551 485 619 516 SIT
646 485 788 516 ACTUS
817 484 1134 524 INTELLECTUS,
1162 484 1242 513 VEL
1270 483 1568 513 VOLUNTATIS.

179 573 260 619 (2-2.
279 586 309 621 q.
331 574 407 610 168.
429 579 494 609 art.
517 586 544 609 1.
566 579 656 620 corp.
679 579 709 608 et
729 585 761 609 2.
783 574 870 608 Dist.
894 574 948 608 28.
971 578 1034 607 art.
1054 584 1081 619 3.
1103 577 1134 608 et
1161 572 1247 607 Veri.
1270 583 1300 618 q.
1323 583 1371 618 23.
1389 576 1454 606 art.
1476 582 1520 617 13.

571 633 600 662 cl
620 627 704 662 Mal.
726 639 757 674 q.
776 626 829 662 16.
851 631 915 661 art.
938 638 983 662 ιι.
1006 626 1048 661 ad
1066 627 1123 672 3.).

138 716 200 753 An
220 727 370 753 1>R1MUM
391 716 441 751 sic
465 716 681 763 proceditur.
703 715 867 758 Videtur,
889 715 987 762 quod
1008 715 1159 750 intentio
1179 714 1223 749 sit
1245 722 1344 748 actus
1367 712 1581 755 intellectus,
1600 720 1634 747 et

67 781 142 807 non
162 769 371 806 voluntatis.
396 769 540 805 Dicitur
566 770 663 804 enim
689 769 818 804 Matth.
845 767 898 804 6.:
925 769 962 804 Si
987 769 1099 804 oculus
1126 774 1199 804 tuus
1218 768 1326 814 suerit
1352 767 1499 813 simplex,
1527 771 1629 802 totum

67 830 183 873 corpus
195 829 288 861 tuum
301 823 447 860 lucidum
458 825 520 860 erit
532 837 542 859 .·
562 823 622 858 ubi
635 834 698 871 per
708 822 857 858 oculum
873 822 1096 869 significatur
1109 822 1274 864 intentio,
1289 829 1327 855 ut
1341 821 1426 855 dicit
1441 820 1633 866 Augustin.

67 879 104 914 in
124 877 185 914 lib.
213 888 245 914 2.
271 877 316 913 de
343 877 460 913 Serm.
486 877 598 912 Dom.
626 877 661 912 in
697 885 822 912 monte
851 876 940 924 (cap.
968 878 1045 924 13.):
1068 876 1130 911 sed
1160 875 1300 917 oculus,
1328 886 1412 909 cum
1439 874 1483 909 sit
1510 874 1635 908 instru-

67 940 234 968 mentum
262 931 372 975 visus,
400 931 580 979 significat
609 931 911 978 apprehensivam
941 930 1161 977 potentiam;
1188 940 1276 976 ergo
1303 928 1454 963 intentio
1481 938 1556 963 non
1583 935 1635 962 est

69 995 171 1022 actus
192 985 409 1034 appetitivae
430 987 624 1033 potentiae,
646 985 709 1020 sed
731 984 1027 1031 apprehensivae.

141 1050 173 1075 2.
195 1039 431 1075 PRAETEREA.
450 1038 587 1080 Ibidem
610 1038 836 1084 Augustinus
858 1037 944 1073 dicit
967 1038 1017 1082 (in
1027 1039 1092 1085 fin.
1111 1038 1216 1085 cap),
1239 1036 1337 1083 quod
1355 1035 1507 1071 intentio
1526 1035 1634 1070 lumen

68 1101 220 1130 vocatur
247 1103 268 1127 a
299 1092 464 1128 Domino
490 1093 550 1127 ubi
576 1092 662 1126 dicit
692 1092 827 1136 (Manh.
856 1092 930 1137 6.):
960 1092 997 1127 Si
1029 1091 1151 1134 lumen,
1182 1090 1268 1137 quod
1293 1091 1327 1125 iu
1356 1095 1385 1126 te
1405 1094 1461 1132 cst,
1485 1090 1636 1125 tenebrae

67 1152 155 1192 sunt,
176 1154 261 1183 etc.:
281 1145 344 1182 sed
366 1145 490 1180 lumen
512 1145 556 1180 ad
579 1145 829 1192 cognitionem
851 1145 1022 1192 pertinet;
1045 1156 1133 1191 ergo
1155 1153 1190 1179 et
1208 1143 1372 1179 intentio.

145 1211 175 1248 3.
196 1199 433 1236 Pura-nna«.
461 1199 617 1234 Intentio
644 1199 810 1245 designat
835 1198 1104 1233 ordinationem
1130 1198 1327 1245 quamdam
1355 1197 1391 1232 in
1418 1196 1545 1232 finem:
1573 1196 1635 1231 sed

70 1253 236 1290 ordinare
257 1260 311 1288 est
331 1252 499 1296 rationis;
522 1263 610 1299 ergo
636 1252 788 1287 intentio
815 1263 889 1287 non
917 1252 1069 1299 pertinet
1097 1252 1140 1286 ad
1167 1251 1406 1293 voluntatem,
1429 1250 1491 1285 sed
1514 1250 1558 1285 ad
1584 1261 1637 1284 ra-

68 1307 218 1344 tionem.

137 1370 172 1404 4.
193 1359 428 1396 PRAETEREA.
452 1359 567 1394 Actus
588 1358 785 1394 voluntatis
803 1370 877 1394 non
900 1367 954 1394 est
974 1359 1043 1393 nisi
1061 1358 1153 1401 finis,
1167 1357 1226 1393 vel
1240 1369 1367 1392 eorum
1387 1368 1479 1404 quae
1493 1364 1575 1392 sunt
1593 1357 1636 1391 ad

68 1412 195 1457 finem;
215 1413 279 1449 sed
291 1421 394 1449 actus
406 1412 603 1448 voluntatis
621 1422 786 1460 respectu
801 1412 880 1447 finis
894 1421 1046 1447 vocatur
1059 1413 1226 1455 voluntas,
1243 1423 1306 1446 seu
1309 1412 1456 1458 fruitio:
1473 1419 1636 1458 respectu

68 1475 189 1504 autem
210 1478 351 1510 eorum,
371 1478 464 1515 quae
486 1475 569 1502 sunt
590 1467 634 1502 ad
656 1467 778 1510 finem,
801 1475 854 1502 est
874 1467 998 1510 electt‘o,
1021 1478 1041 1501 a
1063 1467 1192 1513 quibus
1219 1465 1337 1501 differt
1364 1467 1501 1501 intentio
1511 1478 1524 1507 ,·
1547 1476 1636 1511 ergo

67 1520 219 1558 intentio
239 1532 314 1557 non
336 1529 390 1557 est
410 1528 512 1556 actus
533 1520 742 1556 voluntatis.

138 1573 214 1610 San
240 1585 397 1611 CONTRA
418 1582 483 1618 est,
503 1574 602 1622 quod
625 1575 850 1622 Augustinus
871 1575 959 1609 dicit
979 1575 1015 1609 in
1042 1585 1093 1610 10.
1116 1574 1160 1609 de
1183 1573 1314 1609 Trinit.
1338 1574 1425 1620 (cap.
1448 1585 1478 1620 7.
1497 1574 1558 1608 cir.
1571 1573 1635 1620 fin.

67 1629 233 1672 innuitur,
254 1633 284 1664 ct
299 1628 355 1664 lib.
377 1641 423 1665 ιι.
446 1635 517 1676 cap.
536 1640 565 1676 3.
586 1634 615 1664 et
635 1641 668 1674 4.
690 1635 720 1665 et
738 1630 770 1665 6.
793 1635 823 1664 et
843 1629 926 1664 clar.
953 1636 1025 1676 cap.
1049 1630 1111 1676 9.),
1135 1629 1233 1675 quod
1259 1627 1457 1663 voluntatis
1482 1627 1636 1662 intentio

67 1681 216 1730 copulat
236 1693 368 1730 corpus
387 1683 508 1718 visum
527 1682 633 1725 visui,
651 1691 687 1718 et
707 1683 874 1718 similiter
895 1683 1055 1730 speciem
1082 1683 1117 1717 in
1145 1682 1325 1717 memoria
1352 1682 1565 1716 existentem
1592 1681 1636 1715 ad

69 1735 187 1771 aciem
208 1735 320 1771 animi
339 1736 489 1772 interius
511 1736 724 1783 cogitantis;
747 1745 800 1772 est
820 1737 929 1783 igitur
950 1736 1102 1771 intentio
1123 1744 1223 1771 actus
1245 1735 1453 1770 voluntatis.

39 1835 44 1841 ·
138 1788 369 1826 RESPONDEO
391 1789 598 1833 dicendum,
620 1790 717 1837 quod
740 1792 890 1833 intentio,
913 1790 1005 1825 sicut
1027 1791 1147 1837 ipsum
1164 1801 1302 1824 nomen
1323 1798 1440 1832 sonat,
1458 1788 1638 1836 significat

70 1843 107 1878 in
126 1843 220 1879 aliud
239 1843 385 1879 tendere:
406 1844 444 1879 in
465 1843 599 1891 aliquid
623 1853 743 1879 autem
766 1845 880 1879 tendit
898 1852 932 1879 et
950 1844 1045 1879 actio
1061 1844 1253 1886 moventis,
1275 1852 1310 1878 et
1331 1852 1453 1878 motus
1474 1843 1636 1878 mobilis:

15 1895 24 1950 Σ
67 1896 129 1932 sed
150 1896 222 1932 hoc
247 1897 346 1944 quod
367 1905 489 1933 motus
511 1897 657 1933 mobilis
678 1898 715 1932 in
738 1898 871 1945 aliquid
895 1898 1020 1940 tendit,
1043 1899 1084 1933 ab
1105 1898 1248 1933 actione
1268 1897 1448 1932 moventis
1462 1897 1636 1944 procedit.

14 1972 28 1982 ι
69 1949 176 1986 Unde
197 1950 349 1986 intentio
370 1951 502 1999 primo,
524 1959 559 1987 et
579 1952 826 1999 principaliter
846 1953 1000 1999 pertinet
1026 1952 1069 1987 ad
1096 1952 1143 1994 id,
1170 1951 1267 1999 quod
1296 1959 1420 1986 movet
1441 1951 1485 1985 ad
1508 1951 1637 1993 finem;

66 2004 161 2040 unde
182 2005 337 2041 dicimus
359 2005 652 2049 architectorem,
674 2015 708 2041 et
735 2017 885 2041 omnem
912 2006 1196 2053 praecipientem
1223 2016 1372 2040 movere
1394 2016 1460 2040 suo
1482 2004 1637 2052 imperio

20 2079 22 2082 -
66 2058 158 2095 alios
179 2058 224 2094 ad
249 2058 297 2103 id,
323 2059 368 2095 ad
393 2059 491 2107 quod
518 2060 594 2107 ipse
620 2060 752 2095 tendit:
780 2060 949 2095 voluntas
977 2068 1099 2095 autem
1122 2068 1247 2094 movet
1273 2070 1401 2094 omnes
1429 2058 1517 2093 alias
1543 2059 1636 2093 vires

16 2119 24 2132 ⁴
67 2111 209 2148 animae
230 2112 276 2148 ad
298 2112 420 2157 finem,
442 2121 480 2148 ut
500 2125 608 2161 supra
629 2114 794 2148 habitum
817 2122 871 2149 est
893 2114 938 2160 (q.
961 2126 993 2160 9.
1016 2119 1080 2149 art.
1108 2115 1175 2160 1.);
1200 2113 1293 2148 unde
1315 2111 1547 2148 manifestum
1570 2120 1635 2154 est,

19 2165 22 2172 ’
66 2166 164 2214 quod
185 2166 338 2202 intentio
359 2167 503 2215 proprie
522 2176 576 2202 est
594 2176 695 2202 actus
714 2167 920 2202 voluntatis.

134 2220 196 2256 AD
221 2231 371 2256 ramum
392 2232 480 2268 ergo
501 2221 812 2268 dicendum,qu0d
828 2221 980 2256 intentio
1002 2221 1212 2256 nominatur
1226 2222 1337 2257 oculus
1356 2220 1627 2268 metaphorice;

64 2284 139 2310 non
159 2275 243 2322 quia
263 2274 308 2310 ad
326 2275 577 2322 cognitionem
606 2276 775 2323 pertinet;
803 2275 865 2310 sed
893 2276 976 2322 quia
1003 2276 1254 2322 cognitionem
1281 2275 1550 2322 praesupponit,
1574 2286 1636 2321 per

65 2339 176 2376 quam
200 2329 415 2376 proponitur
435 2328 614 2364 voluntati
642 2329 732 2373 finis,
760 2329 804 2364 ad
827 2341 936 2376 quem
963 2338 1102 2364 movet:
1125 2330 1219 2364 sicut
1239 2329 1349 2364 oculo
1371 2329 1636 2376 praevidemus,

65 2392 138 2429 quo
158 2381 306 2429 tendere
327 2382 566 2430 corporaliter
587 2383 796 2418 debeamus.

137 2436 198 2472 AD
220 2446 429 2472 SECUNDUM
447 2436 655 2479 dicendum,
677 2437 774 2484 quod
796 2437 948 2472 intentio
968 2437 1097 2472 dicitur
1123 2437 1244 2480 lumen,
1268 2437 1352 2484 quia
1372 2435 1562 2471 manifesta
1584 2444 1638 2470 est

65 2488 288 2533 intendenti;
310 2490 404 2525 unde
431 2499 467 2525 et
492 2501 603 2537 opera
630 2490 809 2534 dicuntur,
837 2492 995 2533 tenchrae,
1019 2492 1102 2538 quia
1124 2491 1240 2525 homo
1267 2491 1334 2526 scit
1360 2491 1445 2537 quid
1472 2490 1636 2531 intendit,

65 2543 128 2580 sed
153 2543 269 2580 nescit
286 2543 371 2591 quid
393 2556 436 2579 cx
455 2555 564 2591 opere
579 2553 760 2591 sequatur,
775 2545 866 2580 sicut
881 2546 975 2592 Aug.
999 2545 1132 2580 ibidem
1148 2545 1295 2591 exponit
1310 2545 1388 2589 (loc.
1404 2546 1458 2579 cit.
1482 2546 1514 2578 in
1533 2544 1635 2589 arg).

138 2597 198 2633 AD
224 2607 396 2633 TERTluM
418 2597 625 2640 dicendum,
654 2598 752 2645 quod
773 2598 942 2633 voluntas
976 2599 1122 2645 quidem
1146 2610 1219 2633 non
1243 2599 1396 2640 ordinat,
1424 2598 1483 2632 sed
1515 2606 1636 2632 tamen

66 2650 103 2687 in
124 2650 258 2699 aliquid
279 2651 394 2686 tendit
415 2651 616 2687 secundum
639 2652 804 2687 ordinem
832 2653 1000 2695 rationis;
1023 2653 1116 2688 unde
1144 2652 1214 2687 hoc
1238 2664 1385 2694 nomen,
1409 2652 1555 2692 intentio,
1577 2662 1639 2685 no-

66 2704 182 2740 minat
201 2713 323 2740 actum
344 2704 554 2746 voluntatis,
569 2707 845 2753 praesupposita
859 2707 1088 2742 ordinatione
1111 2707 1261 2742 rationis
1280 2706 1480 2741 ordinantis
1504 2704 1637 2751 aliquid

66 2757 104 2794 in
125 2757 247 2794 finem.

138 2812 199 2848 AD
220 2822 409 2853 QUARTUM
432 2813 747 2861 dicendum‚quod
770 2814 922 2849 intentio
944 2822 998 2849 cst
1019 2823 1119 2849 actus
1141 2814 1336 2849 voluntatis
1360 2822 1522 2860 respectu
1539 2812 1637 2848 finis:

66 2865 130 2902 sed
148 2865 317 2902 voluntas
339 2867 484 2914 respicit
505 2866 614 2902 finem
637 2868 824 2915 tripliciter.
853 2869 925 2904 Uno
954 2868 1049 2903 modo
1077 2868 1264 2903 absolute:
1289 2876 1323 2902 ct
1349 2868 1398 2902 sic
1433 2867 1562 2902 dicitur
1583 2879 1638 2902 vo-

67 2918 186 2964 luntas,
200 2928 307 2968 prout
328 2920 492 2957 absolute
513 2920 683 2957 volumus
705 2921 762 2957 vel
784 2922 989 2965 sanitatem,
1004 2921 1061 2957 vel
1079 2922 1107 2957 si
1130 2922 1215 2969 quid
1231 2921 1326 2957 aliud
1343 2930 1396 2956 est
1416 2921 1636 2968 hujusmodi.
