1875 3198
216 187 302 230 806
649 197 867 233 QUAESTIO
901 196 987 226 cvi.
1021 195 1269 226 ARTICULUS
1302 195 1347 226 11.

781 348 1126 393 ARTICULUS
1161 347 1217 390 Π.
1717 357 1778 404 565

639 458 792 488 UTRUM
824 457 909 486 LEX
939 456 1061 486 NOVA
1088 454 1355 498 JUSTIFICET.

285 549 345 583 AD
367 557 574 582 SECUNDUM
588 546 637 580 sic
653 545 870 591 proceditur.
882 544 1045 585 Videtur,
1061 543 1157 590 quod
1176 543 1233 578 lex
1246 554 1343 577 nova
1361 554 1436 577 non
1455 542 1640 589 justificet:
1663 541 1783 576 nullus

215 602 311 637 enim
333 601 556 647 justificatur,
584 600 652 633 nisi
678 599 751 643 legi
772 599 842 632 Dei
865 598 1021 640 obediat,
1051 597 1253 632 secundum
1278 596 1367 631 illud
1390 597 1434 630 ad
1456 596 1565 631 Hebr.
1592 607 1639 641 5.:
1661 597 1784 631 Pactus

213 662 269 698 ast,
296 655 434 690 scilicet
461 654 638 694 Christus,
666 653 817 686 omnibus
850 652 1151 698 obtemperantibus
1175 652 1238 685 sibi
1265 662 1365 685 causa
1388 650 1502 684 salutis
1527 655 1698 684 aeternae:
1720 649 1783 684 sed

213 709 453 754 Evangelium
483 718 556 741 non
587 717 729 752 semper
758 705 830 739 hoc
860 713 1040 750 operatur,
1063 703 1159 750 quod
1188 703 1359 738 homines
1381 703 1414 738 ei
1443 703 1624 745 obediant,
1655 703 1784 736 dicitur

214 763 311 796 enim
333 762 439 795 Rom.
468 771 534 795 10.:
559 760 635 794 Non
658 771 764 793 omncs
786 758 937 792 obediunt
959 758 1155 803 Evangelioe
1180 768 1266 803 ergo
1288 757 1346 791 lex
1368 768 1464 791 nova
1485 768 1559 791 non
1580 755 1759 802 justificat.

286 826 316 849 2.
338 816 575 849 PRAETEREA.
594 811 794 858 Apostolus
816 812 945 857 probat
960 811 1003 845 ad
1022 811 1131 845 Rom.
1146 810 1243 857 quod
1261 810 1319 844 lex
1336 818 1439 845 vetus
1459 821 1534 844 non
1554 809 1781 855 justificabat,

213 869 296 916 quia
319 880 360 903 ea
383 867 595 902 adveniente
618 865 879 912 praevaricatio
903 865 1031 899 crevit:
1055 864 1184 898 dicitur
1206 864 1302 898 enirn
1326 864 1369 897 ad
1390 863 1499 897 Rom.
1521 873 1574 906 4:
1598 863 1668 897 Lex
1692 864 1781 896 iram

213 927 391 970 operatur:
414 923 470 955 ubi
491 922 578 955 enim
604 932 669 954 non
699 924 742 953 est
771 919 834 961 lex,
856 931 912 953 nec
931 919 1203 964 praevaricatio:
1228 917 1290 951 sed
1319 916 1435 951 multo
1461 917 1578 962 magis
1604 915 1662 950 lex
1689 927 1784 950 nova

212 975 562 1022 praevaricationem
582 973 734 1007 addidit:
758 972 889 1017 majori
912 972 1009 1006 enim
1028 983 1147 1017 poena
1166 979 1219 1005 est
1238 970 1379 1017 dignus,
1394 970 1456 1016 qui
1476 977 1559 1016 post
1580 969 1701 1016 legem
1721 981 1784 1003 no-

214 1041 298 1063 vam
320 1029 442 1062 datam
465 1027 581 1061 adhuc
606 1033 743 1072 peccat,
759 1025 961 1060 secundum
982 1024 1071 1059 illud
1087 1024 1177 1058 Heb.
1197 1035 1268 1059 10.:
1291 1024 1431 1058 Irritam
1449 1025 1521 1069 qais
1534 1024 1664 1069 faciens
1685 1024 1785 1069 legem

216 1084 337 1128 Moysi,
359 1083 427 1116 sine
445 1081 513 1115 ulla
541 1081 746 1115 miseratione
768 1079 903 1120 duobus,
926 1079 978 1113 val
1001 1080 1104 1113 tribus
1123 1079 1254 1113 testibus
1275 1079 1440 1112 moritur:
1463 1082 1584 1124 quanto
1603 1078 1707 1123 magis
1723 1083 1785 1124 pu—

213 1138 287 1171 tatis
305 1136 468 1170 deteriora
485 1136 606 1168 mereri
623 1133 796 1180 supplicia,
812 1135 868 1178 qai
883 1133 1011 1167 Filium
1030 1133 1096 1166 Dei
1115 1132 1383 1166 conculcaverit?
1401 1139 1487 1174 etc.;
1506 1141 1594 1177 ergo
1612 1129 1670 1165 lex
1688 1142 1785 1164 nova

214 1201 289 1224 non
311 1188 490 1235 justificat,
513 1188 604 1222 sicut
630 1198 697 1221 nec
720 1194 833 1220 vetus.

287 1254 315 1289 3.
337 1242 575 1277 PRAETEREA.
593 1240 795 1286 Justificare
818 1247 872 1274 est
904 1239 1069 1285 proprius
1100 1238 1249 1273 effectus
1277 1239 1359 1281 Dei,
1389 1238 1591 1273 secundum
1619 1237 1708 1272 illud
1737 1237 1782 1271 ad

215 1296 323 1331 Rom.
347 1296 396 1329 8.:
419 1296 510 1329 Deus
531 1300 585 1336 est,
609 1295 665 1340 qai
683 1294 864 1339 justificat:
887 1293 950 1327 sed
972 1293 1028 1327 lex
1049 1301 1152 1327 vetus
1173 1292 1240 1327 fuit
1265 1304 1284 1326 a
1305 1293 1400 1334 Deo,
1422 1292 1515 1326 sicut
1535 1299 1570 1326 et
1586 1291 1644 1326 lex
1665 1302 1779 1334 nova3

214 1361 301 1396 ergo
323 1349 380 1383 lex
401 1360 498 1383 nova
519 1359 593 1382 non
616 1347 731 1393 magis
754 1346 934 1392 justificat,
957 1358 1066 1393 quam
1087 1346 1145 1380 lex
1165 1354 1280 1380 vetus.

287 1403 361 1437 SED
385 1413 541 1437 CONTRA
563 1409 627 1443 est,
654 1400 751 1447 quod
774 1400 903 1446 Apost.
927 1400 1013 1434 dicit
1043 1400 1086 1434 ad
1108 1399 1265 1434 Roman.
1293 1410 1341 1434 1.:
1364 1400 1442 1434 Non
1461 1399 1612 1434 crubesco
1634 1399 1783 1444 Evange-

216 1458 318 1492 lium:
341 1458 448 1490 virtus
469 1457 556 1490 anim
578 1456 644 1489 Dei
669 1459 711 1488 cst
736 1455 772 1487 in
797 1454 935 1488 salutem
963 1455 1054 1487 omni
1080 1453 1245 1488 credenti:
1268 1463 1342 1487 non
1369 1461 1492 1487 autem
1518 1460 1572 1487 est
1592 1451 1689 1487 salus
1714 1452 1785 1486 nisi

212 1510 434 1556 justificatis3
459 1520 546 1555 ergo
569 1508 626 1542 lex
647 1506 837 1553 Evangelii
858 1506 1037 1552 justificat.

284 1564 515 1598 RESPONDEO
539 1562 744 1602 dicendum,
760 1560 868 1607 quod,
891 1561 984 1595 sicut
1005 1561 1143 1595 dictum
1164 1568 1217 1595 est
1231 1561 1315 1606 (art.
1331 1566 1445 1606 praec.
1459 1561 1495 1594 in
1517 1565 1605 1606 corp.
1621 1559 1709 1594 etad
1725 1560 1784 1604 L),

214 1618 256 1652 ad
279 1617 399 1663 legem
421 1615 609 1662 Evangelii
631 1615 692 1649 duo
715 1616 904 1661 pertinent.
933 1615 1044 1649 Unam
1075 1614 1223 1660 quidem
1252 1613 1509 1660 principaliter,
1539 1612 1680 1648 scilicet
1707 1613 1785 1658 ipsa

213 1671 328 1718 gratia
351 1670 502 1715 Spiritus
524 1669 649 1703 Sancti
669 1668 817 1702 interius
845 1668 943 1702 data:
967 1676 1002 1702 et
1028 1662 1204 1714 quantum
1232 1667 1275 1701 ad
1301 1667 1373 1701 hoc
1399 1678 1497 1701 nova
1517 1666 1574 1701 lex
1595 1666 1782 1712 justificat;

214 1726 308 1759 unde
331 1724 523 1770 Augustin.
547 1723 632 1757 dicit
650 1722 687 1756 in
705 1722 764 1755 lib.
785 1722 828 1756 de
848 1721 994 1767 Spiritu,
1010 1729 1045 1755 et
1059 1722 1179 1756 Litera
1203 1721 1289 1768 (cap.
1312 1733 1362 1768 17.
1384 1722 1445 1756 cir.
1462 1721 1612 1767 princ.):
1632 1720 1697 1763 Ibi,
1719 1720 1787 1754 sci-

214 1779 299 1813 licet
319 1778 355 1812 in
376 1777 489 1812 veteri
506 1783 738 1817 testamento,
761 1776 810 1810 lex
831 1777 1028 1810 extrinsecus
1048 1780 1091 1809 est
1106 1776 1228 1821 posita,
1251 1786 1317 1821 qua
1338 1775 1453 1820 injusti
1474 1779 1696 1809 terrerentur:
1718 1774 1783 1816 hic,

217 1832 354 1867 scilicet
375 1832 411 1865 in
433 1842 530 1865 novo
552 1837 783 1871 testamento,
806 1831 1002 1864 intrinsecus
1027 1829 1106 1863 data
1131 1834 1186 1870 est,
1209 1840 1274 1874 qua
1288 1829 1566 1874 justificarentur.
1584 1826 1690 1862 Aliud
1706 1838 1786 1872 per-

213 1887 303 1921 tinet
325 1885 367 1919 ad
391 1885 510 1931 legem
532 1882 721 1929 Evangelii
747 1883 974 1924 secundario,
1002 1882 1141 1917 scilicet
1161 1883 1382 1916 documenta
1408 1881 1501 1924 fidei,
1533 1889 1568 1916 et
1593 1888 1786 1927 praecepta

216 1939 419 1974 ordinantia
443 1937 614 1972 affectum
635 1937 850 1978 humanum,
866 1945 900 1971 et
914 1937 1097 1970 humanos
1119 1944 1238 1970 actus:
1262 1944 1297 1970 et
1313 1940 1475 1981 quantum
1496 1934 1539 1970 ad
1555 1935 1614 1970 hoc
1633 1935 1683 1968 lex
1696 1945 1786 1968 nova

215 2005 279 2027 non
303 1993 480 2038 justfflca&
504 1991 599 2024 unde
614 1989 814 2036 Apostolus
833 1990 919 2023 dicit
940 2000 970 2024 2.
993 1989 1035 2023 ad
1051 1989 1138 2024 Cor.
1165 2001 1213 2035 3.:
1238 1990 1351 2024 Litera
1369 1988 1501 2031 occidit,
1519 1989 1655 2035 spiritus
1674 1993 1786 2022 autem

215 2047 389 2092 vivificat:
413 2053 447 2079 et
468 2044 621 2089 August.
645 2043 792 2088 exponit
812 2043 847 2077 in
870 2043 928 2077 lib.
953 2043 995 2077 de
1015 2043 1160 2089 Spiritu,
1178 2051 1214 2076 et
1227 2042 1348 2077 Litera
1371 2042 1460 2089 (cap.
1475 2053 1526 2086 14.
1541 2046 1570 2076 et
1583 2041 1660 2087 17.),
1687 2041 1784 2088 quod

220 2111 282 2146 per
302 2099 443 2133 literam
465 2097 676 2143 intelligitur
703 2096 884 2143 quaelibet
901 2097 1076 2142 scriptura
1092 2104 1190 2130 extra
1211 2096 1380 2130 homines
1400 2097 1565 2138 existens,
1581 2095 1691 2129 etiarn
1706 2105 1783 2128 rno-

217 2153 347 2187 ralium
375 2159 664 2198 praeceptorum,
697 2150 815 2196 qualia
851 2151 1082 2184 continentur
1103 2150 1138 2183 in
1168 2149 1389 2195 Evangelio3
1419 2149 1514 2183 unde
1544 2148 1654 2183 etiam
1682 2147 1785 2182 litera

215 2206 403 2251 Evangelii
425 2205 617 2246 occideret,
639 2204 705 2238 nisi
729 2204 870 2238 adesset
890 2204 1038 2238 interius
1061 2203 1174 2249 gratia
1196 2203 1279 2237 fidei
1299 2214 1442 2237 sanans.

289 2261 348 2294 AD
371 2269 519 2294 PRIMUM
543 2268 630 2303 ergo
650 2257 854 2300 dicendum,
874 2257 970 2303 quod
989 2257 1050 2291 illa
1066 2257 1222 2302 objectio
1241 2256 1403 2303 procedit
1421 2256 1465 2291 de
1485 2255 1567 2302 lege
1588 2266 1696 2298 nova,
1710 2265 1786 2289 non

217 2321 392 2360 quantum
415 2313 458 2346 ad
481 2312 527 2354 id,
550 2311 646 2357 quod
670 2319 723 2345 est
744 2311 942 2357 principale
962 2311 997 2345 in
1016 2311 1105 2357 ipsa,
1124 2310 1186 2345 sed
1208 2319 1385 2356 quantum
1407 2310 1451 2344 ad
1473 2309 1520 2351 id,
1542 2309 1639 2356 quod
1661 2316 1714 2343 est
1734 2319 1787 2343 se-

217 2366 430 2401 cundarium
453 2366 488 2399 in
514 2365 602 2411 ipsa,
630 2364 767 2398 scilicet
794 2372 969 2409 quantum
1000 2364 1043 2398 ad
1073 2364 1304 2406 documenta,
1338 2371 1373 2398 et
1406 2370 1597 2410 praecepta
1631 2361 1785 2397 exterius

216 2420 359 2456 homini
380 2418 507 2465 posita,
530 2417 588 2452 vel
609 2417 754 2463 scripto,
776 2417 834 2451 vel
855 2418 977 2452 verbo.

303 2475 363 2508 Ao
386 2482 593 2508 SECUNDUM
615 2471 820 2513 dicendum,
835 2471 931 2516 quod
954 2471 1068 2517 gratia
1086 2471 1173 2505 novi
1194 2470 1401 2505 testamenti
1421 2469 1488 2505 etsi
1510 2469 1655 2515 adjuvet
1668 2468 1786 2503 homi-

216 2539 301 2563 nem
325 2527 367 2561 ad
390 2538 463 2560 non
486 2525 809 2572 peccandum,non
824 2533 946 2559 tamen
970 2526 1017 2558 ita
1041 2524 1231 2559 confirmat
1252 2524 1289 2558 in
1310 2524 1420 2566 bono,
1442 2531 1481 2558 ut
1501 2523 1616 2557 homo
1632 2533 1785 2568 peccare

218 2593 291 2615 non
315 2581 445 2627 possit:
469 2580 539 2613 hoc
571 2578 668 2612 enim
698 2578 850 2623 pertinet
885 2578 927 2611 ad
961 2586 1093 2612 statum
1117 2577 1274 2624 gloriae3
1297 2585 1332 2612 et
1351 2577 1447 2619 ideo,
1468 2577 1498 2612 si
1523 2576 1603 2623 quis
1629 2583 1711 2622 post
1731 2586 1786 2609 ac-

219 2643 361 2681 ceptam
379 2633 531 2679 gratiam
547 2632 632 2666 novi
647 2631 854 2666 testamenti
870 2632 1084 2677 peccaverit,
1100 2631 1229 2676 majori
1244 2641 1363 2676 poena
1377 2639 1430 2665 est
1444 2630 1585 2676 dignus,
1596 2637 1784 2675 tamquam

220 2688 416 2733 majoribus
432 2685 616 2721 beneficiis
632 2687 802 2729 ingratus,
819 2692 853 2719 et
867 2685 998 2718 auxilio
1015 2685 1080 2718 sibi
1096 2685 1180 2718 dato
1196 2695 1269 2718 non
1286 2691 1404 2718 utens:
1420 2694 1486 2718 nec
1502 2691 1624 2717 tamen
1640 2690 1786 2728 propter

219 2742 289 2775 hoc
313 2741 451 2782 dicitur,
474 2739 570 2786 quod
589 2739 645 2773 lex
668 2749 763 2772 nova
785 2738 875 2771 iram
898 2746 1078 2782 operatur,
1093 2737 1188 2784 quia,
1203 2745 1378 2784 quantum
1400 2745 1454 2772 est
1474 2736 1518 2771 de
1536 2747 1586 2778 se,
1604 2734 1785 2771 sufficiens

221 2794 393 2829 auxilium
416 2794 476 2827 dat
499 2793 541 2826 ad
563 2804 636 2826 non
660 2792 896 2838 peccandum.

293 2848 352 2882 Αι)
375 2857 545 2882 TERTIUM
569 2846 774 2886 dicendum,
796 2844 891 2890 quod
908 2844 1027 2888 legem
1043 2856 1189 2886 novam,
1205 2853 1238 2879 ct
1253 2852 1413 2879 veterem
1436 2854 1526 2878 unus
1547 2842 1646 2877 Deus
1668 2841 1776 2884 dedit,

220 2901 282 2937 scd
305 2901 418 2943 aliter,
440 2908 474 2935 ct
496 2899 621 2935 aliter:
640 2911 724 2934 nam
747 2898 866 2946 legem
894 2905 1052 2933 veterem
1080 2898 1176 2933 dedit
1197 2898 1368 2945 scriptam
1390 2897 1427 2932 in
1452 2895 1583 2933 tabulis
1609 2894 1779 2944 lapideis3
