1907 3182
255 182 340 223 226
670 191 890 227 QUAESTIO
923 190 1041 219 XXIX.
1076 190 1319 220 ARTICULUS
1352 190 1392 220 V.

319 272 548 308 RESPONDEO
568 271 772 314 dicendum,
791 271 886 318 quod
900 271 1049 313 bonurn,
1065 278 1099 305 et
1114 282 1253 313 verum,
1268 278 1302 304 et
1316 281 1377 304 ens
1391 278 1472 305 sunt
1489 270 1586 306 idem
1606 271 1805 306 secundum

249 337 337 369 rem,
359 326 421 361 sed
443 325 610 360 differunt
630 326 787 360 ratione:
809 326 947 359 bonum
969 324 1064 358 enim
1086 324 1194 358 habet
1214 324 1393 358 rationem
1415 324 1632 370 appetibilis余
1652 336 1726 359 non
1749 336 1807 359 au-

248 387 323 414 tem
350 391 424 421 ens,
450 378 508 413 vel
533 390 678 421 verum3
702 379 785 424 quia
806 378 943 412 bonum
971 385 1033 420 est,
1060 377 1145 423 quod
1170 378 1283 411 omnia
1309 382 1479 423 appetunt3
1501 385 1536 412 et
1561 378 1642 412 ideo
1668 378 1806 412 bonum

249 432 449 467 secundum
471 432 648 466 rationem
669 431 755 465 boni
780 442 854 464 non
881 438 999 477 potest
1019 430 1104 464 odio
1126 430 1261 471 haberi,
1288 441 1354 464 nec
1380 430 1416 463 in
1442 430 1646 473 universali,
1672 442 1740 466 nec
1769 431 1806 465 in

249 485 476 532 particulari:
499 497 560 519 ens
583 493 715 527 autem,
738 492 772 518 et
792 496 918 518 verum
940 484 976 517 in
998 483 1191 518 universali
1210 483 1354 529 quidem
1377 483 1461 517 odio
1483 484 1607 518 haberi
1633 496 1708 518 non
1728 495 1808 531 pos-

249 547 349 581 sunt3
371 539 453 585 quia
476 538 695 572 dissonantia
723 545 775 572 est
801 548 909 571 causa
928 537 1012 579 odii,
1035 545 1069 571 et
1091 536 1343 570 convenientia
1365 548 1473 570 causa
1495 538 1646 580 amoris余
1665 548 1727 572 ens
1750 549 1807 571 au-

247 600 332 634 tem,
360 601 394 627 et
421 603 545 626 verum
572 599 653 625 sunt
679 591 889 624 communia
917 590 1094 624 omnibus.
1123 589 1194 624 Sed
1220 590 1256 623 in
1282 589 1487 636 particulari
1513 590 1603 624 nihil
1628 590 1806 637 prohibet,

249 646 433 692 quoddam
461 657 534 687 ens,
563 653 597 679 et
623 645 804 690 quoddam
830 655 957 678 verum
984 644 1068 678 odio
1094 644 1230 685 haberi,
1257 643 1470 689 inquantum
1495 643 1604 678 habet
1628 644 1806 679 rationem

249 699 430 741 contrarii,
453 707 487 732 et
513 698 762 744 repugnantis:
787 697 1020 731 contrarietas
1043 697 1151 738 enim,
1179 705 1213 731 et
1238 697 1473 743 repugnantia
1498 708 1573 731 non
1600 697 1807 732 adversatur

249 752 379 786 rationi
401 751 502 793 entis,
525 759 560 785 et
580 751 666 793 veri,
689 751 780 785 sicut
803 750 1009 784 adversatur
1035 750 1165 784 rationi
1185 750 1283 784 boni.
1307 749 1496 796 Contingit
1527 757 1658 793 autem,
1679 762 1806 785 verum

251 805 397 851 aliquod
423 803 638 851 particulare
665 805 839 851 tripliciter
871 815 1083 850 repugnare,
1110 802 1168 837 vel
1203 803 1414 837 contrariari
1438 803 1536 837 bono
1570 811 1708 838 amato:
1741 816 1806 838 uno

248 858 356 901 modo,
379 858 578 892 secundum
601 857 697 903 quod
719 857 848 891 veritas
871 865 924 891 est
946 856 1145 898 causaliter,
1166 864 1201 890 et
1222 855 1444 902 originaliter
1463 856 1500 890 in
1520 856 1605 902 ipsis
1627 856 1749 891 rebus:
1772 865 1808 892 et

248 914 297 946 sic
319 912 433 946 homo
463 911 680 957 quandoque
707 911 782 945 odit
809 910 966 956 aliquam
992 910 1192 952 veritatem,
1220 910 1306 943 dum
1331 909 1440 943 vellet
1465 920 1538 943 non
1565 921 1642 944 esse
1668 921 1806 952 verum,

250 965 345 1011 quod
368 972 420 999 est
440 976 584 998 verum:
608 965 673 998 alio
700 964 807 1005 modo,
831 964 1029 998 secundum
1053 963 1149 1009 quod
1170 963 1300 997 veritas
1328 971 1380 997 est
1404 963 1441 996 in
1468 962 1676 1008 cognitione
1697 963 1805 1010 ipsius

249 1018 420 1060 hominis,
439 1029 531 1064 quae
550 1017 701 1064 impedit
722 1017 839 1063 ipsum
857 1029 875 1051 a
892 1017 1145 1063 prosecutione
1168 1016 1293 1050 amati:
1316 1010 1408 1050 si'cut
1421 1016 1450 1050 si
1465 1015 1573 1062 aliqui
1587 1015 1720 1050 vellent
1732 1028 1806 1050 non

248 1083 469 1118 cognoscere
490 1071 679 1105 veritatem
702 1070 794 1113 fidei,
822 1079 860 1104 ut
886 1070 996 1105 libere
1022 1077 1230 1116 peccarent:
1255 1081 1296 1103 ex
1322 1080 1477 1115 quorum
1499 1080 1653 1115 persona
1680 1070 1807 1104 dicitur

243 1126 309 1171 Job
334 1135 407 1160 22.:
430 1125 607 1160 Scientiam
641 1126 777 1159 viarum
804 1129 936 1159 tuarum
959 1125 1129 1158 nolumus:
1153 1125 1247 1158 tertio
1270 1123 1363 1157 mocio
1385 1123 1537 1157 habetur
1563 1123 1648 1158 odio
1674 1124 1806 1159 veritas

246 1178 480 1224 particularis,
502 1186 688 1224 tamquam
716 1189 930 1224 repugnans,
957 1184 1062 1223 prout
1084 1185 1136 1211 est
1161 1177 1197 1210 in
1224 1176 1408 1211 intellectu
1431 1176 1593 1210 alterius:
1616 1185 1699 1223 puta
1722 1189 1805 1212 cum

247 1231 373 1278 aliquis
388 1232 463 1265 vult
476 1233 593 1277 jacere
608 1232 643 1265 in
659 1239 821 1277 peccato,
837 1231 911 1265 odit
926 1231 1021 1277 quod
1041 1230 1167 1276 aliquis
1181 1230 1369 1264 veritatem
1386 1230 1480 1264 circa
1495 1238 1685 1276 peccatum
1699 1242 1805 1265 suum

253 1294 468 1331 cognoscat:
492 1293 526 1319 et
547 1285 746 1319 secundum
771 1285 842 1318 hoc
871 1285 956 1318 dicit
977 1285 1129 1330 August.
1156 1284 1192 1317 in
1224 1294 1273 1318 10.
1298 1283 1462 1318 confess.
1491 1284 1578 1330 (cap.
1600 1295 1648 1330 23.
1669 1296 1689 1318 a
1709 1284 1806 1329 med.)

248 1340 343 1385 quod
366 1339 534 1373 homines
557 1346 680 1372 amant
700 1339 889 1372 veritatem
910 1338 1104 1378 lucentem,
1129 1337 1281 1372 oderunt
1303 1348 1383 1371 eam
1405 1337 1692 1383 redarguentem.

315 1393 359 1427 Et
380 1405 442 1439 per
462 1393 533 1426 hoc
556 1400 651 1438 patet
677 1393 864 1437 responsio
886 1403 935 1426 AD
955 1402 1114 1426 PRIMUM.

317 1447 376 1481 AD
404 1457 612 1481 SECUNDUM
645 1445 850 1487 dicendum,
877 1445 972 1491 quod
1001 1456 1223 1490 cognoscere
1250 1444 1439 1479 veritatem
1465 1444 1664 1478 secundum
1690 1455 1728 1479 se
1754 1453 1806 1479 est

248 1499 418 1534 amabile:
441 1508 585 1546 propter
607 1499 702 1545 quod
725 1499 810 1532 dicit
831 1499 983 1544 August.
1009 1497 1085 1541 (loc.
1105 1498 1176 1542 cit.)
1199 1498 1295 1543 quod
1314 1502 1427 1532 amant
1452 1509 1523 1532 eam
1545 1498 1721 1532 lucentem:
1743 1498 1804 1532 sed

246 1566 309 1600 per
331 1553 498 1587 accidens
521 1553 680 1599 cognitio
702 1552 860 1586 veritatis
878 1560 996 1598 potest
1017 1563 1093 1585 esse
1111 1551 1264 1593 odibilis,
1284 1552 1496 1597 inquantum
1517 1551 1668 1597 impedit
1685 1551 1727 1585 ab
1746 1551 1806 1586 ali-

246 1619 318 1653 quo
340 1607 553 1641 desiderato.

317 1661 376 1695 AD
405 1671 576 1695 TERTmM
598 1659 802 1700 dicendum,
825 1658 920 1705 quod
949 1670 990 1692 ex
1017 1658 1087 1692 hoc
1115 1658 1277 1704 procedit
1303 1658 1399 1705 quod
1425 1670 1499 1692 non
1526 1658 1599 1693 ficti
1627 1667 1803 1702 amantur,

245 1715 341 1761 quod
357 1715 469 1748 homo
490 1722 585 1748 amat
603 1712 803 1747 secundum
819 1724 855 1747 se
875 1723 1098 1758 cognoscere
1112 1711 1312 1754 veritatem,
1328 1723 1436 1758 quam
1454 1712 1622 1747 homines
1640 1724 1713 1747 non
1731 1712 1803 1748 ficti

246 1767 485 1803 manifestant.

796 1907 1139 1952 ARTICULUS
1174 1907 1250 1949 vr.
1740 1919 1802 1967 169

407 2016 559 2046 UTRUM
587 2016 770 2051 ALIQUID
799 2015 951 2045 POSSIT
978 2015 1135 2045 HABERI
1162 2015 1270 2044 ODIO
1298 2015 1341 2045 IN
1368 2015 1638 2046 UNIVERSALI.

832 2104 948 2150 (Supr.
968 2108 1030 2138 art.
1046 2115 1074 2149 5.
1098 2104 1217 2149 corp).

316 2193 375 2228 AD
398 2204 547 2227 SEXTUM
571 2193 620 2226 sic
644 2193 857 2239 proceditur.
878 2192 1039 2235 Videtur,
1059 2192 1154 2238 quod
1178 2191 1302 2226 odium
1324 2203 1397 2226 non
1419 2192 1532 2239 possit
1553 2203 1630 2227 esse
1651 2193 1800 2239 alicujus

245 2248 280 2281 in
303 2246 510 2281 universali:
535 2246 658 2280 odium
681 2246 778 2280 enim
797 2254 849 2280 est
866 2246 985 2292 passio
1006 2246 1182 2292 appetitus
1204 2245 1374 2288 sensitivi,
1397 2246 1457 2292 qui
1478 2254 1644 2280 movetur
1665 2257 1706 2281 ex
1727 2259 1803 2282 sen-

244 2300 338 2335 sibili
359 2300 666 2347 apprehensione:
694 2300 755 2334 sed
783 2311 907 2333 sensus
933 2310 1007 2333 non
1033 2307 1151 2345 potest
1178 2299 1446 2346 apprehendere
1473 2299 1692 2344 universa1e余
1714 2312 1801 2348 ergo

245 2354 371 2389 odium
391 2365 465 2388 non
487 2361 606 2400 potest
627 2365 702 2387 esse
726 2353 876 2398 alicujus
899 2353 934 2387 in
956 2352 1160 2387 universali.

316 2418 346 2442 2.
369 2407 603 2442 PRAETEREA.
629 2407 766 2441 Odium
789 2414 956 2440 causatur
977 2418 1019 2440 ex
1042 2406 1160 2453 aliqua
1183 2405 1414 2448 dissonantia,
1436 2418 1527 2453 quae
1549 2408 1802 2443 communitati

244 2469 435 2508 repugnat:
455 2460 515 2495 sed
539 2460 782 2494 communitas
801 2468 853 2494 est
871 2460 914 2494 de
933 2460 1072 2494 ratione
1094 2459 1325 2502 universalis余
1344 2471 1431 2506 ergo
1451 2460 1576 2496 odium
1590 2472 1663 2496 non
1684 2470 1801 2508 potest

245 2526 320 2549 esse
344 2513 494 2560 alicujus
514 2514 548 2547 in
571 2513 774 2548 universali.

319 2580 346 2614 3.
369 2568 605 2603 PRAETEREA.
631 2567 827 2612 Objectum
850 2567 922 2601 odii
946 2574 997 2601 est
1020 2566 1174 2601 malum:
1198 2565 1336 2601 malum
1359 2575 1478 2602 autern
1501 2575 1554 2602 est
1574 2567 1609 2602 in
1630 2567 1746 2610 rebus,
1767 2576 1803 2603 et

244 2633 317 2656 non
340 2622 375 2655 in
398 2629 529 2663 mente,
552 2629 589 2655 ut
611 2621 738 2655 dicitur
760 2621 794 2654 in
817 2619 846 2655 6.
868 2621 1025 2666 Metaph.
1049 2622 1130 2665 (tex.
1153 2621 1224 2666 8.).
1246 2632 1329 2655 cum
1351 2632 1437 2667 ergo
1460 2621 1661 2657 universale
1683 2623 1727 2657 sit
1747 2634 1802 2657 so-

245 2675 319 2709 lum
342 2675 377 2709 in
401 2683 533 2717 mente,
559 2686 650 2721 quae
679 2675 850 2709 abstrahit
876 2674 1077 2709 universale
1105 2687 1124 2709 a
1150 2674 1366 2721 particulari,
1387 2675 1538 2717 videtur,
1559 2676 1656 2722 quod
1677 2676 1800 2711 odium

245 2740 318 2763 non
342 2729 454 2775 possit
475 2740 552 2763 esse
575 2728 724 2774 alicujus
747 2727 968 2762 universalis.

319 2782 392 2817 SED
415 2793 568 2817 CONTRA
591 2790 654 2824 est,
677 2781 772 2828 quod
793 2781 927 2815 Philos.
951 2782 1035 2815 dicit
1057 2783 1090 2816 in
1114 2792 1145 2816 2.
1168 2782 1316 2816 Rhetor.
1339 2782 1428 2829 (cap.
1446 2794 1479 2827 4.
1491 2789 1594 2830 prope
1609 2784 1684 2828 fin.)
1704 2784 1800 2831 quod

246 2836 297 2870 ira
319 2847 461 2882 semper
483 2836 527 2870 sit
547 2836 637 2870 inter
659 2834 865 2881 singularia,
888 2835 1011 2869 odium
1039 2843 1160 2870 autem
1187 2835 1295 2870 etiam
1319 2835 1362 2870 ad
1385 2847 1534 2882 genera:
1561 2835 1676 2872 furem
1704 2838 1799 2872 enim

248 2889 334 2931 odit,
357 2898 390 2924 et
413 2889 712 2924 calumniatorem
736 2889 990 2935 unusquisque.
