1907 3198
468 183 692 220 QUAESTIO
728 184 860 214 XLVII.
894 183 1142 214 ARTICULUS
1175 183 1236 214 111.
1561 184 1642 227 335

63 269 101 304 in
119 267 247 315 quibus
261 266 519 314 despiciuntur,
534 279 609 302 non
626 276 770 302 curant:
786 267 848 302 sed
863 267 1047 314 praedicta
1062 266 1222 313 suspicio
1242 277 1284 300 ex
1300 264 1443 301 defectu
1458 266 1646 312 provenit3

63 333 150 369 ergo
172 321 333 356 defectus
356 329 410 356 est
431 322 548 367 magis
571 333 691 365 causa,
713 321 811 368 quod
832 321 961 368 aliquis
979 321 1167 363 irascatur,
1191 331 1301 366 quarn
1321 319 1548 355 excellentia.

137 387 165 423 3.
188 375 427 411 PRAETEREA.
451 375 514 417 Ea,
537 387 630 422 quae
659 377 703 410 ad
731 375 986 410 excellentiam
1014 375 1206 421 pertinent,
1235 374 1393 408 maxime
1420 373 1558 408 faciunt
1584 374 1648 407 ho-

63 429 179 465 mines
200 430 392 476 jucundos,
408 437 442 464 et
456 430 575 464 bonae
592 430 668 476 spei
684 441 781 465 esse:
801 429 863 464 sed
879 429 1016 464 Philos.
1033 429 1121 463 dicit
1138 431 1175 462 in
1191 438 1222 462 2.
1238 427 1345 462 Rhet.
1362 428 1450 475 (cap.
1467 440 1494 474 3.
1511 439 1531 462 a
1546 428 1644 474 med.)

63 483 159 531 quod
181 483 218 518 in
240 483 339 526 ludo,
362 484 398 518 in
421 484 505 526 risu,
528 485 563 518 in
585 483 690 526 festo,
711 485 746 518 in
763 484 1015 531 prosperitate,
1035 483 1070 517 in
1086 482 1408 517 consummatione
1430 493 1595 529 operum,
1610 482 1646 516 in

63 537 306 574 delectatione
327 549 402 573 non
425 538 530 585 turpi,
554 547 589 573 et
607 539 643 573 in
665 550 728 586 spe
750 539 890 586 optima
904 538 1074 573 homines
1089 549 1164 572 non
1186 537 1410 580 irascuntur3
1425 548 1513 583 ergo
1533 535 1648 571 excel-

64 591 176 628 lentia
193 603 268 627 non
291 600 344 627 est
366 604 476 627 causa
498 593 583 627 irae.

134 645 210 681 SED
229 656 386 681 CONTRA
401 654 466 689 est,
483 647 580 693 quod
596 646 734 682 Philos.
757 647 793 681 in
813 647 945 682 eodem
968 646 1059 681 libro
1076 645 1163 680 dicit
1179 645 1268 693 (cap.
1284 645 1333 692 9.)
1358 645 1455 691 quod
1474 644 1645 679 homines

61 708 208 749 propter
229 699 484 735 excellentiam
507 701 753 747 indignantur.

131 753 364 790 RESPONDEO
387 755 595 798 dicendum,
612 756 709 802 quod
726 767 835 790 causa
850 756 923 790 irae
946 755 981 789 in
1005 766 1048 790 eo
1064 754 1125 801 qui
1140 753 1316 796 irascitur,
1331 753 1510 801 dupliciter
1531 753 1646 800 accipi

61 817 191 858 potest.
220 810 293 845 Uno
315 809 412 845 modo
431 811 634 845 secundum
656 810 907 845 habitudinem
923 810 967 845 ad
983 809 1164 844 motivum
1185 809 1278 843 irae:
1302 816 1338 843 et
1358 808 1408 842 sic
1432 807 1646 843 excellentia

61 872 116 900 est
136 875 258 907 causa,
281 872 320 899 ut
341 863 472 911 aliquis
495 865 538 899 de
560 864 659 899 facili
680 865 872 900 irascatur:
889 872 942 899 est
964 864 1061 899 enim
1081 863 1261 898 motivum
1282 862 1356 897 irae
1379 862 1511 908 injusta
1533 861 1648 909 parvi-

60 918 200 967 pensi0‚
218 926 258 953 ut
278 918 418 953 dictum
444 927 498 953 est
525 921 606 963 (art.
629 919 786 966 praec.):
815 926 958 953 constat
985 926 1118 960 autem,
1147 917 1245 964 quod
1272 924 1409 963 quanto
1437 915 1566 963 aliquis
1594 924 1648 950 est

61 971 309 1015 excellentior,
331 973 498 1019 injustius
522 973 794 1020 parvipenditur
815 973 851 1007 in
874 973 958 1015 hoc,
988 973 1024 1006 in
1047 984 1119 1019 quo
1143 971 1305 1014 excellit3
1333 979 1368 1006 et
1388 971 1470 1006 ideo
1494 971 1557 1014 illi,
1585 971 1646 1017 qui

60 1034 144 1062 sunt
160 1026 197 1060 in
217 1026 338 1073 aliqua
357 1026 583 1070 excellentia,
602 1028 761 1062 maxime
777 1027 992 1070 irascuntur,
1014 1027 1044 1061 si
1058 1027 1382 1074 parvipendantur;
1402 1034 1487 1073 puta
1502 1026 1531 1060 si
1545 1026 1646 1060 dives

60 1080 332 1129 parvipenditur
353 1081 389 1116 in
411 1082 587 1128 pecunia;
611 1090 646 1116 et
668 1081 809 1116 Rhetor
830 1081 865 1115 in
888 1081 1094 1128 loquendo:
1123 1089 1159 1115 et
1180 1081 1230 1115 sic
1254 1081 1298 1115 de
1321 1080 1411 1115 aliis.
1440 1081 1519 1115 Alio
1546 1079 1645 1115 modo

62 1142 183 1182 potest
204 1135 427 1170 considerari
451 1147 560 1170 causa
582 1137 655 1170 irae
678 1136 714 1170 in
737 1146 781 1170 eo
805 1135 865 1182 qui
886 1135 1065 1177 irascitur,
1088 1146 1129 1169 ex
1151 1143 1252 1181 parte
1275 1135 1534 1181 dispositionis,
1554 1145 1646 1181 quae

60 1189 99 1224 in
121 1200 165 1224 eo
187 1188 404 1236 relinquitur
425 1200 468 1224 ex
489 1189 551 1224 tali
574 1190 735 1224 motivo:
755 1188 989 1224 manifestum
1013 1197 1066 1224 est
1084 1197 1218 1231 autem,
1234 1189 1332 1235 quod
1345 1188 1437 1223 nihil
1460 1196 1584 1223 movet
1602 1188 1646 1222 ad

61 1242 166 1286 iram,
188 1243 258 1278 nisi
279 1251 557 1286 nocumentum,
580 1243 677 1290 quod
701 1243 912 1278 contristat:
936 1254 978 1278 ea
997 1251 1131 1286 autem,
1151 1254 1244 1289 quae
1272 1243 1316 1277 ad
1334 1242 1517 1277 defectum
1544 1243 1648 1289 perti-

59 1305 158 1340 nent,
176 1297 338 1332 maxime
355 1305 439 1333 sunt
460 1298 727 1333 contristantia:
751 1298 835 1345 quia
849 1297 1020 1332 homines
1042 1296 1242 1332 defectibus
1257 1297 1486 1343 subjacentes
1504 1296 1646 1331 facilius

59 1351 271 1395 laeduntur-3
294 1359 330 1388 et
350 1352 417 1387 ista
436 1361 490 1387 est
512 1363 633 1395 causa,
656 1363 766 1399 quare
785 1352 955 1386 homines
975 1351 1037 1398 qui
1057 1359 1141 1386 sunt
1158 1351 1304 1394 infirmi,
1322 1350 1381 1386 vel
1399 1351 1435 1385 in
1451 1350 1530 1386 aliis
1552 1350 1647 1386 defe-

60 1406 188 1449 ctibus,
209 1405 352 1441 facilius
372 1406 594 1449 irascuntur;
622 1406 705 1453 quia
726 1405 868 1440 facilius
892 1406 1162 1440 contristantur.

131 1459 176 1495 Et
196 1471 260 1508 per
280 1460 353 1495 hoc
375 1468 473 1507 patet
494 1461 686 1508 responsio
707 1471 759 1495 AD
781 1471 944 1496 PRIMUM.

132 1514 193 1550 AD
215 1525 425 1550 SECUNDUM
448 1515 655 1557 dicendum,
670 1515 768 1562 quod
790 1514 851 1549 ille
866 1515 928 1561 qui
949 1514 1146 1561 despicitur
1163 1514 1199 1548 in
1218 1525 1275 1557 eo,
1297 1514 1333 1549 in
1356 1526 1429 1561 quo
1451 1512 1643 1549 manifeste

59 1568 217 1604 multum
239 1568 394 1612 excellit,
415 1580 491 1604 non
513 1577 656 1616 reputat
681 1581 719 1604 se
748 1569 909 1616 aliquam
928 1569 1105 1615 jacturam
1134 1569 1224 1615 pati:
1249 1577 1284 1603 et
1305 1568 1388 1603 ideo
1410 1581 1485 1604 non
1513 1569 1645 1603 contri-

58 1631 181 1666 statur,
204 1631 239 1658 et
257 1634 300 1658 ex
316 1624 386 1658 hac
400 1632 500 1671 parte
516 1624 637 1659 minus
651 1624 835 1658 irascitur:
859 1623 921 1658 sed
945 1634 986 1657 ex
1010 1623 1080 1658 alia
1095 1631 1208 1670 parte,
1230 1624 1449 1670 inquantum
1470 1624 1641 1670 indignus

59 1677 265 1725 despicitur,
287 1677 398 1713 habet
419 1679 600 1725 majorem
622 1678 803 1713 rationem
827 1677 1019 1720 irascendi,
1037 1678 1107 1712 nisi
1120 1677 1213 1712 forte
1235 1685 1377 1724 reputet
1398 1690 1435 1712 se
1458 1689 1533 1712 non
1555 1678 1644 1712 invi-

59 1731 135 1767 deri
157 1731 218 1778 [al.
233 1731 370 1778 rideri],
387 1731 447 1767 vel
464 1732 678 1767 subsannari
701 1732 762 1778 [al.
782 1732 974 1777 sublimari]
998 1740 1146 1778 propter
1168 1731 1393 1779 despectum,
1411 1732 1473 1767 sed
1495 1740 1644 1779 propter

58 1784 316 1833 ignorantiam,
330 1785 389 1821 vel
404 1794 552 1833 propter
567 1785 664 1820 aliud
686 1786 910 1832 hujusmodi.

131 1839 191 1875 AD
215 1850 389 1876 TERTIUM
411 1840 619 1883 dicendum,
642 1841 740 1887 quod
764 1840 889 1875 omnia
907 1840 970 1874 illa
992 1840 1195 1887 impediunt
1217 1840 1320 1882 iram,
1342 1840 1560 1887 inquantum
1579 1840 1644 1874 im-

59 1893 208 1942 pediunt
235 1894 438 1930 tristitiam:
465 1895 527 1930 sed
555 1906 597 1930 ex
625 1894 696 1929 alia
723 1902 823 1941 parte
856 1902 941 1929 nata
968 1902 1051 1929 sunt
1077 1905 1280 1941 provocare
1308 1894 1412 1937 iram,
1440 1895 1640 1929 secundum

60 1948 157 1996 quod
177 1947 316 1984 faciunt
336 1949 528 1984 hominem
550 1949 867 1984 inconvenientius
895 1949 1042 1996 despici.

636 2075 986 2121 ARTICULUS
1017 2076 1093 2120 IV.
1573 2087 1640 2123 262

270 2185 457 2217 UTRUM
496 2186 772 2216 DEFECTUS
814 2186 1070 2229 ALICUJUS
1113 2186 1197 2216 SIT
1235 2186 1427 2226 CAUSA,

400 2252 460 2282 UT
484 2253 664 2283 CONTRA
686 2253 779 2282 EUM
805 2253 1004 2283 FACILIUS
1034 2253 1296 2283 IRASCAMUR.

132 2336 192 2371 AD
214 2347 404 2377 QUARTUM
426 2337 477 2371 sic
493 2337 711 2384 proceditur.
727 2336 891 2379 Videtur,
914 2337 1012 2398 quod
1027 2336 1188 2372 defectus
1204 2336 1356 2383 alicujus
1375 2348 1450 2371 non
1472 2337 1517 2372 sit
1532 2348 1640 2371 causa

62 2396 101 2425 ut
121 2398 247 2426 contra
264 2391 384 2438 ipsum
406 2390 577 2426 facilius
570 2403 789 2426 irascamur:
819 2391 906 2426 dicit
928 2392 1025 2426 enim
1053 2391 1191 2426 Philos.
1214 2392 1250 2426 in
1274 2402 1305 2426 2.
1330 2392 1480 2426 Rhetor.
1505 2391 1591 2439 (zap.
1612 2405 1640 2439 3.

56 2449 182 2492 parum
204 2456 225 2480 a
243 2446 373 2492 princ.)
397 2445 495 2492 quod
522 2445 591 2488 his,
619 2445 680 2492 qui
707 2445 936 2488 confitentur,
959 2454 994 2480 et
1016 2446 1214 2492 poenitent,
1238 2454 1272 2480 et
1293 2445 1544 2488 humiliantur,
1567 2457 1640 2480 non

59 2494 260 2542 irascimur,
282 2499 345 2534 sed
367 2499 484 2546 magis
512 2499 556 2534 ad
584 2510 647 2534 eos
675 2499 920 2542 mitescimus;
947 2500 1042 2534 unde
1070 2508 1104 2535 et
1131 2511 1240 2535 canes
1268 2511 1342 2534 non
1370 2499 1540 2534 mordent
1566 2511 1641 2541 eos,

62 2551 123 2599 qui
143 2553 318 2596 resident;
341 2553 402 2588 sed
421 2553 493 2588 hoc
516 2554 671 2600 pertinet
693 2553 736 2588 ad
759 2554 986 2601 parvitatem,
1011 2563 1044 2589 et
1066 2553 1268 2598 defectum3
1292 2565 1379 2601 ergo
1403 2554 1559 2601 parvitas
1583 2553 1643 2588 ali-

63 2606 162 2653 cuius
184 2615 237 2642 est
255 2619 365 2642 causa
385 2615 423 2642 ut
444 2608 564 2642 minus
587 2608 799 2643 irascamur.

21 2656 28 2738 )
103 2669 105 2672 ·
133 2669 165 2695 2.
186 2660 424 2698 PRAETEREA.
447 2661 580 2696 Nullus
602 2670 656 2696 est
674 2663 792 2708 major
818 2661 992 2705 defectus,
1012 2674 1122 2710 quam
1150 2663 1296 2698 mortis:
1321 2663 1381 2697 sed
1406 2662 1450 2697 ad
1473 2670 1639 2697 mortuos

62 2712 192 2750 desinit
207 2715 280 2760 ira;
295 2727 383 2763 ergo
399 2715 561 2751 defectus
577 2716 728 2763 alicujus
743 2728 817 2751 non
833 2725 886 2752 est
901 2728 1010 2752 causa
1024 2718 1262 2764 provocativa
1278 2719 1350 2751 irae
1367 2725 1493 2751 contra
1508 2717 1639 2763 ipsum.

136 2779 165 2816 3.
199 2769 437 2806 PRAETEREA.
471 2770 603 2806 Nullus
632 2771 799 2806 aestimat
829 2771 987 2818 aliquem
1015 2783 1167 2818 parvum
1196 2784 1239 2806 ex
1269 2772 1340 2806 hoc
1369 2771 1465 2818 quod
1494 2779 1547 2806 est
1573 2772 1640 2806 sibi

64 2821 217 2858 amicus:
240 2824 302 2859 sed
326 2825 369 2859 ad
393 2825 545 2867 amicos,
567 2824 597 2860 si
617 2836 686 2860 nos
708 2825 937 2869 offenderint,
959 2825 1017 2861 vel
1039 2827 1069 2861 si
1094 2837 1169 2861 non
1195 2826 1363 2872 juverint,
1391 2826 1508 2872 magis
1530 2825 1641 2861 offen-

63 2872 198 2913 dimur:
217 2877 312 2913 unde
335 2878 466 2913 dicitur
486 2878 522 2913 in
545 2878 603 2913 Ps.
630 2888 702 2924 54:
725 2879 761 2915 si
781 2880 936 2915 inimicus
954 2892 1042 2915 mens
1063 2880 1282 2916 maledixisset
1303 2880 1395 2921 mihi,
1421 2882 1639 2915 sustinuissem

27 2945 31 2968 ο
63 2928 194 2976 υϋᾳαιῐ
209 2941 298 2978 ergo
309 2931 471 2968 defectus
489 2931 641 2979 alicujus
655 2943 730 2968 non
745 2941 799 2969 est
813 2944 922 2969 causa
937 2942 975 2969 ut
989 2942 1116 2969 contra
1136 2934 1254 2981 ipsum
1270 2933 1411 2969 facilius
1427 2934 1638 2969 irascamur.

29 2991 31 3027 l

29 3039 36 3198 2
