1907 3198
483 162 708 200 QUAESTIO
741 161 934 192 Lxxxvn.
967 160 1214 192 ARTICULUS
1246 161 1290 191 11.
1592 151 1676 206 619

178 244 241 280 An
254 254 404 281 mauu
417 255 506 291 ergo
523 243 732 286 dicendum,
749 244 847 290 quod
869 243 940 278 hoc
962 243 1073 278 etiam
1090 241 1189 289 quod
1204 241 1313 288 aliqui
1333 241 1531 287 puniuntur
1545 253 1565 275 a
1582 242 1680 285 Deo,

107 297 198 334 dum
216 297 391 344 permittit
412 308 477 332 eos
499 298 535 332 in
557 297 678 344 aliqua
699 306 849 343 peccata
875 296 1067 343 profluere,
1089 296 1133 330 ad
1155 296 1294 330 bonum
1316 295 1456 330 virtutis
1477 295 1676 339 ordinatur,

106 351 325 399 quandoque
347 351 496 398 quidem
517 351 628 386 etiam
655 351 818 396 ipsorum
845 350 906 397 qui
932 358 1096 396 peccant,
1118 360 1203 384 cum
1224 348 1363 383 scilicet
1383 357 1466 394 post
1486 358 1678 396 peccatum

106 403 332 447 humiliores,
350 412 385 439 et
402 404 583 439 cautiores
602 412 811 450 resurgunt:
830 415 976 450 semper
997 412 1119 438 autem
1138 411 1192 437 est
1211 403 1254 436 ad
1274 402 1571 437 emendationem
1590 403 1676 437 alio-

107 468 202 501 rum,
220 457 284 505 qui
302 457 467 493 videntes
489 457 630 504 aliquos
653 469 755 492 ruere
777 458 821 492 dc
844 466 996 503 peccato
1018 457 1053 491 in
1076 465 1280 503 peccatum,
1302 455 1418 499 magis
1442 455 1680 492 reformidant

106 522 278 558 peccare:
300 512 336 547 in
358 511 437 546 aliis
459 520 581 546 autem
603 511 744 545 duobus
767 511 886 545 modis
909 510 1143 545 manifestum
1157 518 1222 551 est,
1238 510 1335 556 quod
1354 520 1472 555 poena
1491 510 1679 545 ordinatur

107 565 154 601 ad
173 564 489 600 emendationem:
511 565 595 612 quia
618 565 687 599 hoc
711 565 830 612 ipsum
851 565 950 611 quod
968 564 1083 599 homo
1102 563 1279 605 laborem,
1295 571 1330 598 ct
1344 563 1602 598 detrimentum
1622 575 1680 610 pa-

105 617 192 654 titur
210 618 249 653 in
269 618 468 664 peccando,
490 626 617 653 natum
639 628 692 653 est
715 619 897 653 retrahere
919 618 1088 652 homines
1111 629 1130 651 a
1153 625 1316 664 peccato.

179 671 242 708 An
255 681 464 708 sncuunuu
479 672 686 713 dicendum,
700 672 797 718 quod
817 672 909 707 ratio
930 671 993 706 illa
1013 671 1179 718 procedit
1192 671 1236 706 de
1247 679 1399 717 peccato
1413 670 1614 706 secundum
1628 682 1678 707 se.

178 724 226 762 Et
243 725 409 762 similiter
429 725 626 761 dicendum
647 733 701 761 est
721 736 772 760 AD
795 735 979 762 τεκτιυκ.

675 867 1023 914 ARTICULUS
1057 867 1138 912 ΙΙΙ.
1609 878 1680 924 462

106 972 263 1007 uram«
294 974 498 1013 Atrouon
530 975 772 1008 pacem-um
803 976 1003 1008 monem·
1034 976 1215 1008 REATUM
1240 976 1470 1007 AETERNAE
1497 976 1679 1008 por-:ma

271 1062 377 1110 (Insr.
397 1068 463 1099 art.
480 1075 510 1110 5.
531 1068 560 1099 et
573 1069 667 1111 part.
686 1076 713 1111 3.
735 1076 766 1111 q.
788 1065 846 1100 86.
866 1070 933 1100 art.
954 1075 988 1109 4.
1009 1069 1041 1100 et
1060 1076 1092 1100 2.
1114 1064 1203 1100 Dist.
1225 1075 1280 1109 42.
1303 1076 1333 1111 q.
1356 1076 1383 1100 ι.
1405 1070 1462 1100 art
1486 1076 1509 1107 ς.

105 1120 175 1164 aet3.
187 1116 278 1153 Dist.
290 1128 347 1164 29.
360 1128 391 1164 q.
405 1129 433 1154 ι.
444 1122 546 1164 art.3.
560 1122 591 1153 et
607 1130 640 1163 4.
656 1119 744 1154 Dist.
758 1118 817 1163 46.
827 1131 858 1164 q.
873 1131 900 1154 t.
915 1123 981 1154 art.
995 1130 1026 1154 2.
1041 1123 1072 1154 et
1085 1119 1141 1153 lib.
1158 1130 1186 1165 3.
1206 1117 1324 1154 Contr.
1335 1130 1364 1165 «g.
1376 1124 1448 1166 cap.
1465 1130 1538 1165 147-
1553 1118 1673 1165 et169.

172 1174 204 1207 et
222 1170 280 1206 lib.
304 1180 339 1216 4.
359 1177 435 1219 cap.
456 1182 505 1218 95.
526 1177 557 1207 et
577 1177 684 1218 opusc.
703 1183 731 1219 3.
754 1178 827 1219 cap.
851 1173 917 1218 185.
939 1177 967 1207 ct
988 1173 1062 1208 188.
1082 1177 1113 1207 et
1135 1173 1229 1208 Rom.
1248 1183 1279 1207 2.
1302 1172 1372 1207 lact.
1395 1183 1425 1208 2.
1448 1179 1522 1220 cap.
1544 1173 1602 1218 1.).

177 1260 241 1296 An
254 1260 488 1296 mmusic
497 1260 715 1307 proceditur.
730 1259 894 1303 Videtur,
904 1261 1003 1307 quod
1017 1260 1159 1295 nullum
1170 1269 1363 1307 peccatum
1374 1261 1524 1296 inducat
1541 1270 1680 1296 reatum

107 1320 277 1349 aeternae
301 1324 461 1362 poenae:
487 1325 607 1360 poena
629 1314 728 1349 enim
749 1315 842 1360 justa
864 1314 1085 1361 adaequatur
1107 1314 1245 1361 culpae.
1263 1314 1406 1360 Justitia
1428 1326 1472 1350 en
1481 1315 1530 1349 im
1554 1326 1684 1362 aequa-

106 1365 190 1402 litas
213 1374 287 1410 est;
312 1367 409 1403 unde
433 1367 565 1403 dicitur
589 1367 705 1403 Isaiae
727 1378 803 1414 27.:
826 1368 866 1403 In
892 1363 1047 1403 {namura
1073 1374 1190 1404 contra
1217 1380 1418 1410 naensuram,
1446 1381 1521 1404 cum
1548 1371 1678 1415 abjecta

98 1420 221 1468 suerit,
238 1420 407 1468 judicabis
426 1433 523 1457 eam:
544 1422 608 1457 sed
628 1429 822 1469 peccatum
840 1429 895 1457 est
911 1421 1134 1468 temporale;
1155 1433 1244 1468 ergo
1271 1433 1347 1457 non
1374 1422 1513 1457 inducit
1540 1431 1680 1458 reatum

105 1485 247 1522 poenae
267 1482 447 1511 aeternae.

179 1538 212 1566 2.
231 1529 472 1566 ΡιΑετειιεΑ.
498 1528 646 1565 Poenae
668 1529 872 1564 medicinae
894 1529 1074 1576 quaedam
1101 1538 1195 1571 sunt,
1222 1538 1261 1564 ut
1286 1529 1418 1564 dicitur
1437 1529 1473 1564 in
1501 1539 1532 1564 2.
1560 1530 1676 1565 Ethic.

106 1581 197 1631 (cap.
212 1595 243 1631 3.
263 1588 341 1619 ante
364 1583 487 1630 med.).·
509 1583 572 1618 sed
592 1582 694 1618 nulla
716 1583 897 1618 medicina
920 1583 1026 1618 debet
1046 1594 1125 1618 esse
1147 1583 1303 1626 infinita;
1326 1583 1411 1630 quia
1429 1583 1618 1618 ordinatur
1636 1583 1680 1618 ad

105 1635 236 1672 finem:
257 1637 356 1685 quod
377 1645 500 1673 autem
522 1637 710 1672 ordinatur
731 1637 776 1672 ad
798 1636 921 1679 finem,
942 1648 1017 1672 non
1039 1646 1093 1672 est
1114 1637 1307 1679 infinitum,
1325 1646 1363 1671 ut
1383 1636 1522 1672 Philos.
1536 1638 1623 1673 dicit
1640 1638 1676 1672 in

110 1700 141 1726 1.
159 1689 269 1727 Polit.
290 1691 380 1738 (cap.
402 1691 436 1727 6.
457 1692 520 1728 cir.
539 1691 640 1737 med.)
652 1703 666 1732 ;
689 1702 778 1737 ergo
799 1690 900 1725 nulla
921 1702 1039 1737 poena
1062 1691 1168 1726 debet
1189 1702 1269 1726 esse
1290 1690 1439 1725 infinita.

181 1755 212 1792 3.
232 1744 470 1781 Puerum.
496 1743 629 1780 Nullus
654 1744 798 1790 sapiens
826 1743 913 1779 facit
939 1744 1086 1791 aliquid,
1113 1744 1182 1779 nisi
1209 1754 1354 1791 propter
1379 1756 1417 1779 se
1445 1745 1482 1779 in
1512 1746 1591 1791 ipso
1618 1745 1680 1780 de-

105 1796 259 1839 lectetur
279 1797 342 1845 [al.
364 1798 485 1834 Nullus
500 1799 630 1846 sapiens
642 1798 733 1845 facit
753 1797 890 1845 aliquod
905 1803 1048 1845 propter
1068 1810 1111 1841 sc,
1133 1799 1198 1833 nisi
1218 1800 1252 1833 in
1274 1800 1374 1845 scipso
1393 1798 1598 1844 delecteturL
1616 1799 1679 1834 sed

105 1851 200 1888 Deus
217 1863 286 1888 non
307 1851 486 1888 delectatur
507 1853 542 1887 in
558 1852 747 1900 perditione
764 1852 950 1895 hominum,
969 1860 1006 1887 ut
1028 1851 1158 1887 dicitur
1179 1852 1264 1898 Sap.
1291 1863 1339 1894 1.;
1357 1863 1446 1899 ergo
1465 1863 1539 1887 non
1555 1853 1681 1898 puniet

106 1904 279 1942 homines
298 1917 419 1953 poena
444 1907 677 1952 sempiterna.

176 1969 211 2004 4.
232 1959 471 1996 PRAETEREA.
493 1958 606 2002 Nihil,
628 1959 726 2006 quod
748 1967 801 1994 est
822 1970 885 2006 per
907 1958 1088 2002 accidens,
1109 1967 1163 1994 est
1185 1958 1383 1994 infinitum:
1406 1959 1469 1994 sed
1491 1970 1612 2005 poena
1625 1968 1679 1994 est

106 2022 172 2061 per
191 2012 379 2049 accidens:
401 2024 477 2048 non
498 2021 553 2048 est
573 2013 671 2048 enirn
693 2013 896 2049 secundum
917 2021 1085 2048 naturam
1109 2014 1197 2059 eius,
1218 2013 1278 2059 qui
1301 2013 1466 2059 punitur3
1493 2024 1582 2060 ergo
1604 2024 1678 2048 non

105 2074 226 2115 potest
244 2066 283 2102 in
301 2066 484 2102 infinitum
510 2066 650 2102 durare.

179 2119 256 2156 SED
276 2130 434 2157 CONTRA
456 2128 521 2163 est,
538 2120 636 2168 quod
656 2120 786 2155 dicitur
806 2119 935 2155 Matth.
955 2130 1030 2165 25.:
1046 2120 1147 2155 Ibunt
1165 2120 1199 2154 hi
1216 2121 1249 2154 in
1266 2120 1466 2168 supplicium
1485 2126 1678 2156 aeternum:

107 2180 144 2209 et
162 2173 278 2209 Marc.
301 2185 332 2221 3.
352 2173 500 2209 dicitur:
524 2174 596 2219 Qui
608 2179 719 2209 autem
743 2174 1019 2221 blasphemaverit
1040 2175 1074 2208 in
1094 2174 1259 2220 Spiritum
1274 2174 1444 2216 Sanctum,
1468 2186 1533 2209 non
1549 2174 1679 2209 habebit

106 2229 329 2265 remissionem
350 2229 385 2264 in
405 2234 590 2271 aeternum,
611 2228 664 2264 sed
684 2230 747 2263 erit
772 2240 846 2264 rcus
862 2229 988 2263 aeterni
1007 2227 1130 2264 dele'cti.

178 2281 410 2319 Rtsroumzo
431 2282 638 2324 dicendum,
660 2282 771 2329 quod,
793 2282 884 2317 sicut
906 2293 1012 2328 supra
1034 2282 1172 2317 dictum
1195 2291 1248 2317 est
1269 2283 1350 2327 (art.
1377 2294 1401 2317 ι.
1423 2282 1492 2326 huj.
1515 2283 1578 2328 q.)‚
1600 2293 1679 2327 pec-

106 2343 232 2372 catum
251 2346 296 2372 ex
316 2335 389 2372 hoc
409 2335 547 2371 inducit
569 2344 709 2371 reatum
731 2346 884 2382 poenae,
905 2335 1003 2383 quod
1025 2336 1195 2382 pervertit
1216 2335 1375 2382 aliquem
1398 2335 1582 2370 ordinem:
1606 2347 1678 2369 ma-

105 2397 215 2426 nente
234 2397 358 2426 autem
372 2400 494 2432 causa,
508 2398 632 2425 manet
645 2388 807 2431 effectus,
824 2389 917 2424 unde
932 2389 1105 2436 quamdiu
1121 2390 1335 2436 perversitas
1349 2389 1486 2423 ordinis
1500 2398 1675 2430 remanet,

105 2453 256 2480 necesse
276 2451 330 2480 est
350 2443 450 2491 quod
476 2451 664 2478 remaneat
690 2451 809 2478 reatus
835 2453 987 2488 poenae.
1014 2442 1191 2478 Pervenit
1212 2451 1334 2477 autem
1358 2442 1486 2490 aliquis
1508 2443 1674 2477 ordinem

105 2496 300 2544 quandoque
313 2497 462 2545 quidem
479 2495 737 2543 reparabiliter,
751 2495 945 2543 quandoque
963 2504 1084 2531 autem
1103 2495 1399 2542 irreparabiliter;
1418 2507 1562 2542 semper
1579 2496 1678 2530 enim

104 2549 282 2594 desectus,
301 2560 376 2598 quo
392 2550 614 2586 subtrahitur
630 2550 861 2596 principium,
879 2549 1120 2596 irreparabilis
1139 2558 1206 2584 est:
1226 2550 1255 2583 si
1271 2558 1392 2584 autem
1412 2549 1570 2584 salvetur
1589 2549 1680 2595 prin-

106 2603 256 2652 cipium,
273 2604 352 2650 ejus
369 2604 502 2639 virtute
523 2603 583 2638 alii
605 2602 766 2638 desectus
787 2603 947 2649 reparari
961 2612 1131 2651 possunt:
1154 2604 1246 2638 sicut
1267 2603 1296 2638 si
1319 2612 1573 2649 corrumpatur
1587 2603 1680 2649 prin-

107 2657 246 2706 cipium
262 2657 432 2700 visivum,
452 2668 527 2692 non
550 2665 668 2704 potest
691 2656 766 2691 {ieri
787 2656 937 2692 visionis
963 2657 1154 2703 reparatio,
1181 2657 1247 2691 nisi
1275 2656 1353 2691 sola
1380 2657 1511 2691 virtute
1537 2656 1677 2691 divina:

104 2709 138 2747 si
155 2713 257 2754 vero,
276 2709 381 2746 salvo
405 2710 584 2758 principio
605 2710 736 2752 visivo,
757 2709 878 2757 aiiqua
905 2710 1167 2757 impedimenta
1195 2710 1390 2745 adveniant
1411 2709 1555 2751 visioni,
1576 2721 1676 2757 repa-

106 2763 179 2800 rari
198 2771 351 2811 possunt
370 2774 435 2811 per
454 2772 635 2806 naturam,
652 2763 711 2799 vel
732 2774 795 2810 per
808 2772 935 2799 artem.
951 2763 1154 2809 Cujuslibct
1169 2772 1289 2798 autem
1309 2763 1446 2798 ordinis
1460 2771 1514 2798 est
1532 2762 1679 2810 aliquod

107 2817 339 2865 principium,
359 2828 424 2865 pe
443 2817 543 2865 quod
565 2816 694 2864 aliquis
716 2816 755 2852 fit
775 2818 955 2864 particeps
976 2817 1072 2852 illius
1094 2817 1250 2858 ordinis;
1277 2826 1314 2852 et
1341 2817 1436 2858 ideo,
1457 2817 1486 2851 si
1513 2827 1576 2862 per
1601 2828 1681 2863 pec-

107 2878 508 2918 catu-corrumpatur
526 2870 745 2918 principium
767 2870 916 2914 ordinis,
936 2881 1011 2919 quo
1031 2870 1202 2906 voluntas
1220 2870 1383 2905 hominis
1404 2870 1568 2906 subditur
1585 2870 1679 2913 Deo,
