1907 3198
476 157 700 194 QUAESTIO
735 157 855 188 XVIII.
890 155 1138 187 ARTICULUS
1172 156 1233 185 111.
1569 156 1647 200 149

133 243 363 278 RESPONDEO
387 240 594 283 dicendum,
622 240 720 287 quod
742 240 779 274 in
801 240 907 275 rebus
929 238 1153 274 naturalibus
1175 249 1250 273 non
1278 238 1460 273 invenitur
1481 245 1558 273 tota
1577 237 1650 285 ple-

62 297 187 333 nitudo
206 295 452 343 perfectionis,
467 307 560 342 quae
580 294 731 329 debetur
746 294 796 329 eis
812 306 855 329 ex
875 293 995 328 forma
1017 292 1256 335 substantiali,
1272 304 1365 339 quae
1381 292 1443 326 dat
1460 293 1623 339 speciem
1642 305 1650 335 3

61 351 123 387 sed
144 350 302 385 multum
324 349 576 396 superadditur
603 361 645 384 ex
667 348 1006 395 supervenientibus
1029 347 1297 389 accidentibus3
1320 347 1414 381 sicut
1435 347 1470 381 in
1493 347 1646 381 homine

61 418 104 442 ex
124 405 251 451 figura,
279 416 322 440 ex
349 403 486 446 colore,
510 412 544 438 et
572 403 623 438 sic
656 403 700 437 de
727 402 823 445 aliis;
846 414 1004 449 quorum
1031 402 1061 436 si
1084 401 1231 448 aliquod
1263 401 1356 436 desit
1383 400 1427 435 ad
1454 400 1647 435 decentem

60 459 322 502 habitudinem,
358 459 592 505 consequitur
619 456 770 491 malum.
801 457 855 491 Ita
886 457 997 492 etiam
1020 464 1074 491 est
1094 456 1131 490 in
1158 456 1321 490 actione:
1349 466 1435 489 nam
1458 455 1646 503 plenitudo

60 513 230 549 bonitatis
253 513 330 559 ejus
347 524 422 547 non
441 520 518 547 tota
533 512 699 547 consistit
720 511 757 545 in
772 523 836 546 sua
851 511 985 558 specie,
1007 510 1070 545 sed
1095 509 1230 557 aliquid
1247 509 1388 544 additur
1412 522 1455 544 ex
1470 509 1537 551 his,
1554 521 1646 556 quae

60 567 256 603 adveniunt
275 575 466 614 tamquam
494 566 696 601 accidentia
723 565 923 612 quaedam:
948 573 983 600 et
1004 564 1218 610 hujusmodi
1239 571 1322 598 sunt
1350 564 1646 599 circumstantiae

58 622 215 657 debitae:
238 621 333 656 unde
349 621 378 656 si
400 620 535 668 aliquid
551 620 653 663 desit,
676 620 774 667 quod
796 620 1000 667 requiratur
1023 619 1067 653 ad
1087 619 1225 654 debitas
1250 618 1555 661 circumstantias,
1580 619 1647 653 erit

60 676 156 711 actio
179 675 288 711 mala.

128 731 190 766 AD
216 741 367 766 PRIMUM
395 741 484 776 ergo
512 728 722 772 dicendum,
750 728 849 776 quod
878 727 1173 763 circumstantiae
1209 735 1293 762 sunt
1320 735 1418 762 extra
1446 727 1643 770 actionem,

59 786 277 832 inquantum
295 796 371 819 non
392 792 476 819 sunt
497 784 540 819 de
573 784 728 819 essentia
748 783 921 818 actionis:
954 790 1037 817 sunt
1055 790 1179 817 tamen
1200 781 1237 816 in
1263 782 1341 829 ipsa
1364 782 1521 824 actione,
1547 781 1648 817 velut

58 839 239 888 quaedam
266 839 468 874 accidentia
491 840 582 884 ejus:
607 838 700 873 sicut
727 846 762 873 et
784 837 998 880 accidentia,
1027 848 1119 884 quae
1142 844 1225 871 sunt
1246 836 1283 871 in
1309 836 1518 871 substantiis
1546 845 1646 871 natu-

58 894 203 938 ralibus,
223 903 308 930 sunt
326 902 425 930 extra
447 893 622 928 essentias
645 905 783 928 earum.

129 949 190 984 AD
212 959 423 985 SECUNDUM
449 948 658 990 dicendum,
678 947 776 994 quod
797 958 873 981 non
892 948 1018 982 omnia
1041 946 1243 981 accidentia
1258 957 1322 992 per
1337 945 1506 980 accidens
1527 957 1565 980 se
1584 945 1645 979 ha-

57 1004 143 1039 bent
160 1003 204 1038 ad
219 1015 284 1038 sua
304 1003 484 1050 subiecta:
499 1002 562 1038 sed
578 1002 759 1049 quaedam
781 1010 864 1037 sunt
878 1013 941 1048 per
963 1012 1001 1036 se
1015 1000 1231 1043 accidentia,
1253 1012 1346 1047 quae
1368 1000 1404 1034 in
1427 1011 1645 1047 unaquaque

57 1066 132 1094 arte
147 1058 443 1094 considerantur:
464 1064 498 1093 et
512 1069 576 1104 per
598 1057 696 1092 hunc
713 1056 867 1091 modum
883 1056 1161 1091 considerantur
1176 1055 1472 1090 circumstantiae
1495 1062 1643 1089 actuum

56 1113 94 1148 in
116 1113 283 1148 doctrina
303 1111 447 1147 morali.

127 1167 189 1203 AD
217 1177 392 1203 TERTIUM
413 1165 622 1208 dicendum,
645 1165 743 1212 quod
766 1177 852 1199 cum
872 1165 1013 1199 bonum
1048 1172 1283 1199 convertatur
1309 1176 1395 1199 cum
1426 1172 1520 1207 ente,
1551 1164 1645 1198 sicut

59 1233 122 1258 ens
144 1221 275 1257 dicitur
295 1221 499 1257 secundum
521 1220 774 1262 substantiam,
793 1227 828 1254 et
846 1219 1050 1254 secundum
1073 1219 1255 1262 accidens,
1278 1219 1327 1254 ita
1346 1227 1380 1254 et
1398 1218 1537 1254 bonum
1553 1219 1646 1254 attri—

56 1277 176 1312 buitur
198 1276 308 1312 alicui
329 1284 363 1312 et
378 1275 581 1311 secundum
596 1286 676 1310 esse
698 1286 806 1310 suum
829 1273 1032 1316 essentiale,
1049 1282 1083 1309 et
1097 1274 1301 1308 secundum
1312 1285 1390 1309 esse
1407 1273 1644 1317 accidentale,

55 1339 132 1367 tam
154 1332 190 1367 in
210 1331 318 1367 rebus
339 1329 576 1373 naturalibus,
599 1341 709 1377 quam
730 1329 768 1364 in
791 1328 995 1364 actionibus
1019 1328 1230 1363 moralibus.

617 1478 967 1525 ARTICULUS
1003 1479 1080 1523 iv.
1580 1500 1643 1536 107

230 1590 385 1621 UTRUM
402 1589 539 1620 ACTIO
561 1589 750 1620 HUMANA
771 1590 839 1620 SIT
862 1589 994 1630 BONA,
1022 1589 1105 1619 VEL
1128 1589 1248 1619 MALA
1270 1589 1327 1619 EX
1349 1589 1461 1620 FINE.

606 1678 708 1726 (Infr.
733 1691 763 1726 q.
787 1690 833 1726 73.
856 1684 922 1714 art.
943 1692 971 1715 Ι.
991 1679 1034 1714 ad
1054 1680 1112 1726 L).

125 1769 188 1804 AD
210 1779 402 1809 QUARTUM
423 1769 474 1804 sic
496 1769 716 1816 proceditur.
739 1769 905 1812 Videtur,
928 1769 1027 1816 quod
1049 1769 1201 1812 bonum,
1225 1777 1259 1804 et
1281 1768 1421 1804 malum
1444 1769 1481 1803 in
1504 1769 1642 1804 actibus

55 1823 228 1859 humanis
249 1835 325 1858 non
347 1824 419 1859 sint
433 1835 475 1858 ex
497 1823 586 1859 fine:
611 1823 698 1859 dicit
713 1824 811 1858 enirn
833 1824 988 1871 Dionys.
1004 1834 1036 1867 4.
1062 1835 1139 1871 cap.
1156 1823 1199 1858 de
1214 1824 1297 1858 Div.
1318 1824 1469 1859 Nomin.
1485 1825 1590 1872 (part.
1607 1836 1639 1870 4.

54 1879 217 1925 aliquant.
239 1890 259 1914 a
273 1879 386 1926 princ.
409 1878 479 1914 lect.
500 1879 581 1925 14),
603 1878 701 1925 quod
723 1878 815 1913 nihil
834 1879 1032 1926 respiciens
1053 1878 1096 1913 ad
1120 1878 1260 1913 malum
1279 1887 1466 1926 operatur;
1487 1879 1516 1913 si
1534 1879 1643 1925 igitur

54 1944 97 1968 ex
114 1933 185 1968 fine
203 1932 427 1968 derivaretur
445 1933 611 1980 operatio
630 1933 739 1976 bona,
761 1933 820 1968 vel
836 1933 945 1976 mala,
965 1933 1066 1968 nulla
1085 1933 1180 1968 actio
1197 1942 1292 1968 esset
1306 1933 1415 1976 mala,
1431 1933 1530 1980 quod
1545 1942 1643 1981 patet

55 1998 133 2023 esse
154 1986 300 2022 falsum.

125 2051 157 2076 2.
180 2041 420 2077 PRAETEREA.
444 2041 594 2077 Bonitas
617 2050 718 2077 actus
741 2050 795 2077 est
817 2041 953 2089 aliquid
974 2042 1011 2076 in
1034 2042 1113 2088 ipso
1138 2042 1313 2077 existens:
1337 2042 1417 2077 finis
1441 2050 1564 2077 autem
1587 2050 1640 2077 est

55 2107 164 2131 causa
185 2096 407 2139 extrinseca;
429 2108 504 2131 non
523 2108 612 2143 ergo
635 2097 839 2132 secundum
861 2096 973 2131 finem
995 2096 1126 2131 dicitur
1149 2097 1244 2131 actio
1268 2097 1376 2139 bona,
1398 2096 1457 2131 vel
1482 2096 1590 2131 mala.

129 2162 158 2197 3.
180 2150 420 2187 PRAETEREA.
449 2151 644 2199 Contingit
665 2151 826 2198 aliquam
849 2152 986 2186 bonam
1014 2151 1268 2198 operationem
1291 2151 1334 2186 ad
1363 2151 1503 2186 malum
1530 2152 1640 2186 finem

55 2204 232 2248 ordinari;
255 2206 349 2241 sicut
370 2217 455 2240 cum
478 2206 608 2253 aliquis
635 2206 696 2241 dat
718 2207 995 2253 eleemosynam
1018 2215 1166 2254 propter
1187 2207 1336 2241 inanem
1359 2206 1533 2254 gloriam3
1561 2216 1596 2242 et
1623 2219 1641 2242 e

55 2270 234 2295 converso
253 2259 415 2307 aliquam
437 2260 576 2296 malam
599 2261 853 2308 operationem
876 2261 1037 2296 ordinari
1059 2261 1103 2296 ad
1125 2261 1265 2296 bonurn
1287 2262 1417 2304 finem3
1440 2262 1534 2297 sicut
1556 2274 1641 2296 cum

53 2314 133 2361 quis
153 2313 314 2358 furatur3
337 2323 376 2350 ut
403 2314 463 2350 det
484 2315 652 2362 pauperi3
675 2327 749 2350 non
772 2327 860 2362 ergo
884 2324 938 2350 est
959 2327 1002 2350 ex
1024 2315 1094 2351 fine
1117 2316 1214 2351 actio
1237 2316 1346 2359 bona,
1368 2315 1427 2351 vel
1454 2316 1562 2351 mala.

126 2368 201 2404 SED
223 2379 381 2405 CONTRA
400 2377 465 2413 est,
480 2370 578 2417 quod
595 2370 697 2405 Boet.
717 2370 804 2406 dicit
825 2370 862 2404 in
875 2369 1007 2417 Topic.
1026 2370 1165 2417 (implic.
1189 2371 1245 2406 lib.
1265 2383 1292 2417 3.
1309 2377 1384 2418 cap.
1399 2383 1425 2406 ι.
1441 2383 1507 2405 non
1519 2371 1642 2418 procul

54 2433 75 2457 a
89 2423 216 2470 princ.)
233 2422 331 2470 quod
354 2425 456 2470 cujus
479 2424 559 2458 finis
580 2424 697 2459 bonus
720 2432 783 2467 est,
805 2424 925 2472 ipsum
948 2436 1094 2472 quoque
1116 2425 1256 2459 bonum
1279 2433 1356 2468 est3
1378 2433 1413 2460 et
1436 2427 1537 2472 cujus
1559 2425 1640 2460 finis

53 2476 171 2512 malus
193 2485 258 2520 est,
278 2477 401 2525 ipsum
422 2489 568 2525 quoque
591 2477 731 2513 malum
754 2486 817 2513 est.

123 2531 355 2568 RESPONDEO
375 2532 582 2575 dicendum,
605 2533 702 2579 quod
722 2533 852 2568 eadem
872 2541 926 2568 est
947 2532 1137 2580 dispositio
1153 2545 1275 2569 rerum
1290 2534 1326 2568 in
1348 2534 1523 2577 bonitate,
1547 2542 1581 2568 et
1602 2534 1638 2568 in

55 2596 149 2620 esse:
172 2594 255 2621 sunt
276 2586 375 2621 enim
389 2586 567 2633 quaedam,
583 2598 740 2634 quorum
759 2598 837 2622 esse
861 2599 903 2622 ex
919 2587 990 2622 alio
1006 2599 1080 2622 non
1097 2588 1295 2634 dependet:
1317 2597 1351 2623 et
1369 2589 1405 2623 in
1428 2588 1484 2623 his
1507 2588 1640 2623 sufficit

55 2639 285 2675 considerare
314 2642 434 2687 ipsum
461 2652 590 2675 eorum
617 2653 695 2676 esse
724 2641 901 2676 absolute.
933 2642 1109 2687 Quaedam
1136 2654 1224 2677 vero
1252 2652 1345 2685 sunt,
1373 2654 1532 2690 quorum
1560 2655 1637 2678 esse

55 2692 233 2740 dependet
255 2695 297 2729 ab
321 2694 413 2737 alio3
432 2695 528 2730 unde
551 2703 707 2742 oportet,
730 2696 828 2742 quod
852 2696 1129 2731 considerentur
1150 2709 1214 2743 per
1236 2697 1568 2731 considerationem
1594 2697 1637 2732 ad

57 2758 217 2791 causam,
240 2760 260 2784 a
278 2760 349 2796 qua
368 2749 596 2796 dependent:
618 2750 710 2785 sicut
727 2758 849 2785 autem
869 2762 947 2785 esse
970 2751 1021 2785 rei
1041 2751 1223 2797 dependet
1239 2754 1281 2786 ab
1299 2759 1442 2797 agente,
1459 2760 1493 2786 et
1508 2751 1638 2795 forma,

57 2803 107 2836 sic
125 2802 266 2838 bonitas
296 2803 348 2838 rei
370 2803 552 2850 dependet
574 2815 593 2838 a
624 2803 710 2839 fine:
740 2804 835 2839 unde
863 2805 899 2839 in
930 2805 1094 2852 personis
1122 2805 1264 2848 divinis,
1287 2818 1379 2852 quae
1403 2818 1477 2840 non
1504 2806 1640 2842 habent

56 2855 257 2892 bonitatem
279 2857 548 2905 dependentem
576 2858 618 2892 ab
643 2858 727 2901 alio,
754 2870 828 2893 non
858 2859 1109 2894 consideratur
1132 2859 1252 2907 aliqua
1285 2861 1376 2894 ratio
1405 2861 1575 2895 bonitatis
1596 2874 1637 2895 ex

56 2908 145 2947 fine:
165 2911 327 2950 actiones
350 2922 472 2947 autem
494 2912 690 2956 humanae,
714 2921 748 2948 et
770 2913 852 2956 alia,
872 2925 1029 2960 quorum
1051 2914 1194 2949 bonitas
1218 2914 1399 2961 dependet
1413 2915 1454 2950 ab
1471 2914 1556 2958 alio,
1578 2915 1639 2950 ha-

200 2993 228 3021 S.
251 2994 375 3022 Tuomst.
397 2995 501 3022 Summa
520 2995 681 3032 Theologica.
704 2996 769 3023 Vol.
793 2996 830 3024 ΙΙ.
1464 3007 1490 3024 11
