1923 3198
552 202 775 238 QUAESTIO
810 201 872 232 111.
906 202 1153 233 ARTICULUS
1187 202 1230 232 11.
1623 203 1675 246 41

111 283 244 331 aliquid
266 284 421 320 existens
437 284 473 320 in
492 293 677 333 operante,
698 285 762 321 sed
784 285 901 333 magis
923 293 961 321 ut
983 285 1025 320 ab
1044 285 1124 333 ipso
1146 284 1364 332 procedens;
1386 295 1474 332 ergo
1495 283 1681 320 beatitudo

109 348 185 373 non
206 345 260 373 est
279 338 455 385 operatio.

179 401 214 435 4.
235 391 472 428 PRAETEREA.
507 391 699 428 Beatitudo
733 400 922 439 permanet
947 392 983 427 in
1009 392 1136 436 beato;
1171 391 1335 439 operatio
1364 400 1485 427 autern
1512 403 1587 426 non
1608 402 1684 439 per-

110 453 244 488 manet,
262 445 324 480 sed
345 447 489 489 transit;
510 457 598 492 ergo
622 447 806 482 beatitudo
827 458 902 481 non
924 455 978 482 est
999 446 1175 493 operatio.

183 509 212 544 5.
234 499 471 535 PRAETEREA.
496 499 612 535 Unius
634 500 795 535 hominis
818 508 870 535 est
885 511 955 534 una
975 500 1179 535 beatitudo:
1204 500 1435 547 operationes
1459 507 1580 534 autem
1601 507 1684 534 sunt

110 551 264 595 multae;
286 564 374 600 ergo
395 553 582 588 beatitudo
603 564 678 588 non
701 562 754 589 est
775 554 951 601 operatio.

179 603 214 641 6.
234 606 472 642 PRAETEREA.
503 607 694 642 Beatitudo
717 607 810 642 inest
834 608 941 642 beato
964 607 1098 654 absque
1120 607 1402 654 interruptione3
1430 607 1491 642 sed
1519 607 1683 654 operatio

108 659 271 696 humana
291 659 498 708 frequenter
523 661 817 708 interrumpitur;
840 670 924 708 puta
947 672 1092 703 somno,
1114 660 1173 695 vel
1194 660 1314 708 aliqua
1337 660 1406 695 alia
1428 661 1684 707 occupatione,

108 712 169 749 vel
188 713 327 761 quiete3
349 726 437 762 ergo
458 715 642 750 beatitudo
664 726 738 749 non
765 723 819 750 est
840 715 1016 762 operatio.

181 766 258 803 SED
280 778 436 804 CONTRA
463 777 528 811 est,
561 768 658 816 quod
681 768 818 804 Philos.
845 769 932 804 dicit
958 769 994 804 in
1026 779 1053 804 1.
1076 768 1193 804 Ethic.
1216 768 1306 816 (cap.
1330 769 1390 816 7.),
1413 768 1511 815 quod
1533 766 1685 802 felicitas

109 828 166 857 est
183 822 348 868 operatio
369 822 572 858 secundum
589 822 760 858 virtutem
782 822 992 870 perfectam.

180 874 412 912 Responneo
434 877 638 920 dicendum,
660 877 757 924 quod
784 877 986 912 secundum
1023 877 1121 924 quod
1156 876 1342 912 beatitudo
1364 875 1526 911 hominis
1549 883 1602 910 est
1625 874 1685 909 ali-

109 927 196 976 quid
223 937 387 965 creatum
407 930 444 965 in
466 930 545 978 ipso
575 931 742 974 existens,
768 943 917 967 necesse
951 939 1005 966 est
1037 931 1170 974 dicere,
1198 931 1295 978 quod
1317 930 1502 965 beatitudo
1524 929 1685 964 hominis

109 982 157 1018 sit
175 983 352 1030 operatio.
374 983 438 1020 Est
458 985 556 1020 enirn
583 985 768 1021 beatitudo
791 985 918 1021 ultima
936 986 1098 1021 hominis
1113 984 1606 1033 perfectiozunumquodque
1629 995 1687 1018 au-

109 1043 186 1072 tem
211 1036 392 1073 intantum
426 1037 627 1086 perfectum
661 1047 726 1082 est,
763 1039 980 1087 inquantum
1007 1048 1061 1075 est
1082 1048 1183 1075 actu:
1210 1051 1297 1074 nam
1319 1039 1481 1086 potentia
1503 1038 1580 1073 sine
1603 1047 1685 1073 actu

108 1089 322 1138 imperfecta
342 1099 417 1128 est:
436 1100 580 1139 oportet
593 1104 681 1140 ergo
702 1093 989 1129 beatitudinem'
982 1106 1018 1129 1n
1036 1093 1166 1129 ultimo
1186 1102 1268 1128 actu
1286 1093 1448 1128 hominis
1469 1092 1684 1127 consistere:

110 1143 346 1180 manifestum
378 1153 433 1181 est
464 1154 599 1189 autem,
629 1147 726 1193 quod
761 1147 925 1195 operatio
956 1156 1010 1183 est
1036 1147 1184 1182 ultimus
1219 1155 1320 1182 actus
1359 1146 1563 1194 operantis:
1591 1145 1686 1180 unde

89 1204 147 1233 .et
173 1203 266 1235 actus
295 1199 453 1235 secundus
474 1211 495 1234 a
515 1199 745 1248 Philosopho
778 1201 989 1236 nominatur
1018 1201 1055 1236 in
1078 1211 1109 1236 2.
1135 1201 1179 1236 de
1201 1201 1338 1235 Anima
1358 1200 1435 1245 (tex.
1458 1212 1489 1236 2.
1507 1212 1535 1247 3.
1558 1204 1588 1235 et
1610 1199 1683 1245 6)

108 1262 197 1288 nam
216 1252 355 1288 habens
379 1252 539 1289 formam
567 1262 687 1301 potest
707 1266 785 1290 esse
812 1255 849 1289 in
866 1256 1028 1302 potentia
1050 1266 1223 1302 operans:
1247 1255 1340 1289 sicut
1361 1254 1478 1289 sciens
1500 1262 1554 1288 est
1574 1254 1611 1288 in
1625 1263 1686 1300 po-

108 1307 222 1342 tentia
246 1306 499 1350 considerans;
525 1315 562 1343 et
585 1308 669 1343 inde
691 1316 755 1351 est,
783 1309 880 1356 quod
902 1309 939 1343 in
965 1308 1044 1344 aliis
1066 1309 1172 1343 rebus
1199 1319 1254 1343 res
1290 1319 1528 1354 unaquaeque
1555 1307 1685 1342 dicitur

109 1369 190 1395 esse
208 1367 356 1408 propter
376 1372 481 1396 suam
503 1363 768 1408 operationem,
791 1371 829 1397 ut
850 1362 981 1397 dicitur
1000 1362 1037 1397 in
1057 1372 1088 1396 2.
1117 1362 1160 1397 de
1183 1361 1302 1397 Coelo
1326 1362 1510 1408 (te.1·.17.);
1534 1371 1684 1396 necesse

109 1420 165 1449 est
183 1424 284 1460 ergo,
307 1413 568 1450 beatitudinem
590 1415 752 1451 hominis
773 1416 1027 1463 operationem
1045 1427 1137 1451 esse.

180 1466 242 1503 An
262 1478 413 1504 Primum
435 1480 523 1517 ergo
549 1469 756 1513 dicendum,
778 1470 875 1518 quod
897 1471 969 1505 vita
991 1470 1122 1504 dicitur
1143 1469 1330 1517 dupliciter.
1356 1469 1429 1504 Uno
1448 1468 1544 1503 modo
1566 1469 1684 1515 ipsum

110 1531 190 1558 esse
213 1522 384 1558 viventis:
411 1530 448 1558 et
472 1524 523 1558 sic
544 1523 729 1559 beatitudo
751 1535 827 1559 non
854 1532 907 1559 est
929 1525 1019 1559 vita:
1043 1532 1232 1558 ostensum
1255 1531 1308 1558 est
1330 1522 1429 1557 enim
1451 1522 1494 1569 (q.
1518 1533 1548 1557 2.
1572 1526 1635 1556 art.
1655 1533 1684 1568 5.

109 1579 143 1612 et
160 1576 222 1623 7.),
243 1576 342 1624 quod
363 1587 442 1612 esse
463 1577 569 1612 unius
583 1577 756 1620 hominis,
770 1577 1037 1625 qualecumque
1059 1577 1115 1620 sit,
1137 1588 1211 1612 non
1234 1584 1288 1612 est
1302 1576 1465 1612 hominis
1480 1575 1683 1610 beatitudo:

109 1629 224 1666 solius
237 1631 339 1667 enim
357 1631 429 1667 Dei
448 1631 634 1668 beatitudo
657 1640 711 1668 est
732 1644 839 1668 suum
854 1644 944 1668 esse.
958 1633 1040 1668 Alio
1062 1631 1158 1668 modo
1181 1632 1311 1666 dicitur
1325 1631 1398 1666 vita
1419 1631 1496 1677 ipsa
1518 1630 1683 1676 operatio

109 1684 274 1728 viventis,
300 1685 502 1720 secundum
524 1697 634 1733 quam
655 1686 874 1733 principium
895 1687 990 1721 vitae
1013 1687 1048 1720 in
1071 1694 1195 1720 actum
1217 1685 1409 1720 reducitur.
1432 1684 1477 1718 Et
1498 1684 1548 1718 sic
1568 1683 1685 1718 nomi-

109 1748 240 1774 namus
259 1740 372 1774 vitam
395 1740 564 1783 activam,
585 1739 644 1775 vel
671 1739 1007 1787 contemplativam,
1034 1739 1093 1774 vel
1118 1738 1395 1785 voluptuosam:
1419 1746 1454 1772 et
1475 1738 1547 1772 hoc
1571 1737 1684 1772 modo

109 1791 183 1827 vita
204 1800 350 1828 aeterna
370 1793 500 1828 dicitur
521 1793 669 1829 ultimus
687 1793 780 1837 finis,
798 1794 897 1841 quod
919 1802 1017 1840 patet
1038 1805 1101 1840 per
1121 1794 1207 1836 hoc,
1230 1793 1328 1840 quod
1343 1791 1587 1838 diciturJoan.
1612 1802 1685 1838 17.:

108 1845 204 1883 Haec
225 1851 270 1883 est
284 1848 356 1883 vita
381 1852 526 1891 aeterna,
545 1853 582 1884 ut
599 1853 794 1895 cognoscant
817 1853 844 1884 ta
861 1848 996 1895 (solnm)
1014 1848 1123 1883 Deum
1144 1859 1276 1890 verum,
1295 1852 1324 1882 et
1346 1858 1462 1881 unum.

181 1899 243 1937 AD
269 1911 478 1938 SECUNDUM
499 1901 708 1945 dicendum,
729 1902 827 1949 quod
855 1902 957 1937 Boet.
985 1901 1193 1936 definiendo
1220 1900 1494 1942 beatitudinem,
1522 1898 1685 1934 conside-

109 1954 203 1991 ravit
213 1954 333 2002 ipsam
353 1967 592 1992 communem
613 1956 806 1992 beatitudis
821 1956 1013 1991 rationem.
1036 1955 1098 1990 Est
1119 1955 1217 1990 enim
1234 1955 1440 1990 communis
1454 1953 1685 1988 beatitudinis

110 2008 216 2052 ratio,
237 2009 337 2057 quod
356 2011 404 2046 sit
430 2010 571 2046 bonum
600 2021 798 2046 commune
824 2009 1043 2056 perfectum:
1067 2019 1102 2044 et
1128 2009 1200 2043 hoc
1226 2007 1454 2054 significavit,
1477 2018 1561 2042 cum
1587 2006 1685 2049 dixit,

111 2061 209 2110 quod
223 2071 278 2099 est
289 2071 402 2100 status
417 2064 586 2100 omnium
599 2064 782 2100 bonorum
802 2063 1062 2111 aggregatione
1079 2062 1279 2109 perfectus;
1294 2074 1357 2108 per
1370 2061 1468 2108 quod
1482 2060 1574 2095 nihil
1587 2060 1685 2095 aliud

110 2117 346 2165 significatur,
365 2118 436 2154 nisi
457 2118 555 2166 quod
580 2118 707 2154 beatus
729 2126 783 2154 est
804 2118 840 2152 in
866 2126 961 2153 statu
987 2117 1074 2152 boni
1095 2116 1261 2164 perfecti:
1285 2115 1347 2150 sed
1375 2115 1484 2150 Arist.
1513 2114 1687 2160 expressit

111 2171 228 2218 ipsam
256 2172 451 2208 essentiam
478 2171 721 2214 beatitudinis,
752 2172 958 2213 ostendens,
993 2182 1055 2216 per
1081 2170 1165 2217 quid
1195 2170 1312 2205 homo
1339 2169 1384 2204 sit
1411 2169 1446 2203 in
1473 2167 1685 2215 hujusmodi

111 2231 218 2269 statu,
239 2226 324 2273 quia
344 2237 408 2274 per
429 2226 681 2273 operationem
703 2225 920 2272 quamdam:
944 2232 980 2260 et
993 2224 1074 2259 ideo
1089 2225 1126 2259 in
1142 2235 1168 2258 1.
1184 2223 1300 2258 Ethic.
1322 2223 1399 2268 (loc.
1419 2224 1473 2258 cit.
1492 2223 1526 2257 in
1549 2233 1619 2269 arg.
1634 2221 1686 2257 scd

113 2280 216 2328 cont.)
235 2280 312 2328 ipse
333 2280 443 2316 etiam
466 2280 636 2323 ostendit,
663 2280 760 2327 quod
786 2279 972 2315 beatitudo
991 2287 1045 2314 est
1066 2279 1204 2314 bonum
1226 2277 1438 2325 perfectum.

183 2334 246 2371 AD
267 2345 441 2372 ’rr-:R'rnm
461 2334 669 2377 dicendum,
687 2334 797 2382 quod,
819 2334 912 2369 sicut
930 2334 1059 2369 dicitur
1076 2333 1112 2367 in
1131 2344 1163 2380 9.
1182 2332 1343 2378 Met-aph.
1362 2331 1441 2376 (tex.
1467 2330 1551 2376 16),
1567 2329 1686 2377 duplex

113 2395 169 2424 est
188 2388 296 2425 actio.
317 2389 406 2433 Una,
420 2400 512 2436 quae
527 2388 692 2436 procedit
706 2389 748 2423 ab
764 2396 937 2435 operante
951 2387 988 2422 in
1003 2387 1220 2422 exteriorem
1235 2386 1445 2427 materiam3
1465 2385 1557 2419 sicut
1570 2395 1686 2426 urere,

113 2449 151 2478 et
168 2452 311 2478 secare:
333 2451 370 2479 et
388 2442 471 2479 talis
484 2443 649 2490 operatio
669 2453 743 2477 non
765 2450 884 2489 potest
898 2453 976 2477 esse
994 2440 1198 2476 beatitudo:
1221 2451 1304 2474 nam
1321 2438 1402 2474 talis
1425 2438 1590 2485 operatio
1611 2448 1686 2472 non

113 2503 170 2532 est
188 2504 303 2540 actus,
323 2505 360 2533 et
383 2495 559 2544 perfectio
581 2496 734 2542 agentis,
754 2496 816 2531 sed
832 2495 950 2542 magis
971 2495 1150 2541 patientis,
1170 2502 1208 2528 ut
1222 2493 1356 2528 ibidem
1370 2493 1510 2527 dicitur.
1535 2492 1615 2527 Alia
1633 2499 1687 2526 est

114 2550 211 2586 actio
231 2561 385 2586 manens
408 2550 446 2586 in
470 2550 551 2598 ipso
578 2558 726 2596 agente;
752 2557 791 2584 ut
815 2549 959 2591 sentire,
985 2548 1200 2594 intelligere,
1226 2555 1262 2582 et
1286 2545 1396 2581 velle:
1420 2554 1455 2581 et
1475 2544 1687 2591 hujusmodi

115 2603 212 2640 actio
233 2611 288 2640 est
306 2603 494 2652 perfectio,
515 2611 551 2639 et
571 2611 672 2639 actus
699 2603 855 2650 agentis:
878 2610 914 2638 et
933 2601 1014 2638 talis
1041 2601 1206 2649 operatio
1228 2608 1348 2647 potest
1369 2611 1446 2636 esse
1468 2598 1666 2634 beatitudo.

186 2658 248 2694 AD
268 2667 459 2698 QUARTUM
485 2657 692 2699 dicendum,
722 2657 820 2704 quod
848 2668 933 2691 cum
965 2655 1151 2691 beatitudo
1181 2655 1277 2690 dicat
1299 2654 1496 2701 quamdim
1519 2653 1686 2687 ultimam

116 2710 392 2760 perfectionem,
412 2711 614 2747 secundum
635 2711 732 2759 quod
752 2711 915 2746 diversae
937 2721 993 2746 res
1019 2709 1251 2745 beatitudinis
1278 2719 1430 2755 capaces
1458 2707 1502 2742 ad
1525 2707 1687 2742 diversos

116 2765 250 2813 gradus
270 2765 504 2813 perfectionis
525 2767 728 2813 pertingere
751 2772 913 2811 possunt,
935 2764 1135 2799 secundum
1158 2763 1229 2798 hoc
1257 2773 1405 2797 neccsse
1428 2769 1492 2802 cst,
1514 2760 1612 2807 quod
1640 2759 1690 2794 di-

117 2819 325 2856 versimode
343 2819 530 2856 beatitudo
551 2819 707 2854 dicatur:
729 2830 816 2854 nam
838 2818 874 2853 in
895 2818 977 2853 Deo
999 2825 1054 2853 est
1077 2817 1262 2852 beatitudo
1290 2827 1353 2863 per
1374 2815 1582 2856 essentiam,
1603 2813 1687 2860 quia

116 2872 238 2922 ipsum
262 2884 342 2910 esse
363 2874 440 2921 ejus
461 2881 515 2909 est
540 2873 705 2920 operatio
727 2873 820 2919 ejus;
847 2872 931 2920 quia
957 2883 1032 2907 non
1058 2870 1185 2906 fruitur
1207 2870 1291 2912 alio,
1313 2869 1375 2904 sed
1404 2868 1534 2915 seipso.
1563 2868 1602 2902 In
1629 2879 1690 2902 an-

56 2922 58 2926 ’
105 2925 210 2975 -gelis
229 2934 355 2964 autem
373 2926 559 2963 beatitudo
581 2934 636 2962 est
661 2925 790 2962 ultima
811 2924 986 2974 perfectio
1008 2924 1210 2962 secundum
1242 2923 1401 2971 aliquam
1423 2923 1687 2970 operationem,
