1875 3198
238 184 321 226 800
665 196 887 232 QUAESTIO
921 197 990 226 CV.
1024 196 1268 226 ARTICULUS
1301 195 1361 225 ΙΙΙ.

234 276 429 319 Moabitae,
460 284 494 311 et
527 277 775 320 Ammonitae,
805 285 840 312 et
865 276 1102 311 Amalecitae.
1138 277 1240 310 Sicut
1261 277 1359 311 enim
1393 277 1539 321 punitur
1565 287 1656 310 unus
1680 275 1796 310 homo

235 338 380 376 propter
401 338 604 376 peccatum,
626 331 722 377 quod
750 331 944 372 commisit,
966 338 1005 364 ut
1026 330 1086 363 alii
1111 330 1273 363 videntes
1294 329 1458 372 timeant,
1479 337 1515 364 et
1535 340 1688 375 peccare
1709 329 1799 363 desi-

235 390 344 417 stant:
368 383 415 417 ita
438 384 545 417 etiam
573 392 718 430 propter
741 383 887 429 aliquod
909 391 1099 429 peccatum
1122 394 1221 429 gens,
1242 382 1302 417 vel
1320 382 1446 417 civitas
1467 390 1586 429 potest
1606 382 1736 429 puniri,
1759 390 1798 416 ut

237 436 296 470 alii
317 448 335 470 a
358 437 467 470 simili
488 445 638 482 peccato
662 437 880 471 abstineant:
903 444 1043 482 poterat
1068 444 1191 470 tamen
1214 435 1453 481 dispensative
1481 435 1610 482 aliquis
1630 435 1667 469 in
1690 434 1799 470 colle-

236 489 336 535 gium
357 489 482 535 populi
504 490 643 524 admitti
664 498 810 535 propter
832 489 988 535 aliquem
1007 489 1147 523 virtutis
1169 497 1306 524 actum:
1329 489 1421 523 sicut
1436 489 1559 534 Judith
1582 498 1634 532 14.
1657 488 1798 530 dicitur,

236 543 333 588 quod
354 544 481 577 Achior
498 543 565 577 dux
581 544 731 588 filiorum
753 543 899 577 Ammon
921 545 1085 589 appositus
1110 548 1152 577 est
1173 543 1215 577 ad
1229 543 1391 589 populum
1410 543 1525 585 Ιςναέῐ,
1548 547 1576 578 et
1597 543 1703 576 omnis
1727 554 1799 577 suc-

236 598 331 631 cessio
352 598 475 641 generis
496 599 584 641 ejas:
609 604 643 630 et
664 595 827 630 similiter
845 595 943 629 Ruth
973 596 1154 638 Moabitis,
1177 607 1269 642 quae
1298 596 1418 630 mulier
1437 597 1576 631 virtutis
1601 600 1692 630 erat:
1715 595 1800 629 licet

236 650 348 696 possit
370 650 449 691 dici,
473 650 568 695 quod
587 649 648 683 illa
670 649 864 695 prohibitio
888 649 1144 683 extendebatur
1166 649 1209 683 ad
1229 649 1338 692 viros,
1360 660 1435 683 non
1458 649 1501 683 ad
1524 648 1706 691 mulieres,
1727 649 1801 695 qui-

237 703 300 736 bus
322 714 396 736 non
419 703 592 748 competit
613 702 824 747 simpliciter
847 713 923 736 esse
947 702 1052 736 cives.

306 756 366 790 AD
389 767 595 790 SECUNDUM
617 755 822 797 dicendum,
845 755 952 801 quod,
975 756 1066 790 sicut
1087 755 1223 790 Philos.
1247 756 1333 790 dicit
1353 756 1390 790 in
1420 767 1448 802 3.
1475 755 1582 791 Polit.
1610 756 1698 802 (cap.
1722 767 1750 802 3.
1779 766 1800 790 α

236 809 347 854 ωειλ),
370 809 546 855 dupliciter
568 809 696 854 aliquis
719 809 848 842 dicitur
871 820 949 843 esse
973 809 1078 844 civis:
1102 821 1165 843 uno
1188 809 1282 843 modo
1305 809 1533 855 simpliciter:
1555 809 1621 844 alio
1639 809 1735 844 modo
1750 820 1801 843 se-

238 862 396 896 cundum
418 863 513 908 quid.
538 862 759 909 Simpliciter
781 862 926 908 quidem
950 863 1036 896 civis
1064 870 1127 905 est,
1154 863 1215 908 qui
1240 871 1359 909 potest
1386 874 1494 908 agere
1521 874 1574 905 ea,
1600 874 1692 909 quae
1719 869 1802 897 sunt

237 916 390 958 civium,
412 924 497 962 puta
519 917 604 950 dare
624 915 829 957 consilium,
851 915 909 949 vel
929 915 1104 961 judicium
1126 917 1161 950 in
1183 915 1336 962 populo:
1358 915 1558 950 secundum
1580 915 1664 962 quid
1680 924 1800 950 autem

237 969 324 1003 civis
340 969 410 1002 dici
425 977 554 1015 potest,
570 969 788 1015 quicumque
805 969 986 1003 civitatem
1002 969 1189 1011 inhabitat,
1212 969 1321 1003 etiam
1334 968 1422 1003 viles
1437 980 1625 1016 personae,
1640 977 1675 1003 et
1687 969 1800 1016 pueri,

237 1029 270 1055 et
291 1034 406 1064 senes,
427 1024 487 1068 qui
508 1034 583 1056 non
602 1030 684 1056 sunt
704 1022 825 1056 idonei
848 1022 980 1056 adhoc
1004 1022 1099 1068 quod
1126 1023 1284 1057 habeant
1309 1030 1527 1069 potestatem
1552 1023 1588 1057 in
1613 1023 1682 1065 his,
1709 1034 1800 1069 quae

236 1075 414 1121 pertinent
435 1077 479 1109 ad
502 1087 717 1118 commune3
740 1075 821 1109 ideo
845 1087 932 1121 ergo
955 1076 1066 1122 spurii
1087 1084 1235 1122 propter
1259 1076 1436 1110 vilitatem
1463 1076 1613 1122 originis
1639 1075 1802 1110 exclude-

235 1129 364 1163 bantur
386 1129 428 1163 ab
451 1129 626 1171 Ecclesia,
647 1129 738 1163 idest
761 1140 780 1162 a
803 1128 960 1175 collegio
979 1129 1105 1175 populi
1127 1141 1239 1176 usque
1261 1130 1305 1164 ad
1324 1130 1490 1164 deciman
1509 1130 1801 1176 generationem;

237 1190 271 1216 et
292 1181 456 1216 similiter
479 1183 649 1225 eunuchi,
671 1182 799 1229 quibus
820 1193 894 1217 non
920 1191 1060 1229 poterat
1087 1191 1293 1230 competere
1319 1183 1451 1226 honor,
1477 1184 1537 1230 qui
1562 1183 1720 1230 patribus
1746 1183 1803 1218 de-

235 1235 402 1278 bebatur3
426 1244 460 1270 et
481 1236 672 1282 praecipue
695 1236 731 1269 in
752 1235 888 1282 populo
906 1236 1140 1282 Judaeorum,
1159 1237 1195 1270 in
1217 1248 1289 1283 quo
1308 1236 1378 1271 Dei
1393 1236 1508 1272 cultus
1523 1237 1802 1272 conservabatur

236 1300 299 1334 per
322 1291 438 1324 carnis
462 1289 757 1336 generationem:
780 1301 866 1323 narn
890 1290 998 1323 etiam
1021 1290 1114 1336 apud
1137 1289 1312 1333 Gentiles,
1335 1291 1395 1337 qui
1415 1290 1551 1325 multos
1565 1290 1659 1325 filios
1673 1301 1803 1336 genue-

236 1350 327 1384 rant,
351 1342 471 1389 aliquo
494 1343 626 1389 insigni
646 1343 788 1377 honore
807 1343 1043 1386 donabantur,
1065 1343 1158 1377 sicut
1177 1342 1270 1378 Phil.
1293 1344 1379 1378 dicit
1399 1343 1436 1378 in
1462 1354 1492 1378 2.
1520 1343 1626 1378 Polit.
1653 1344 1743 1390 (cap.
1771 1355 1800 1390 7.

236 1397 296 1430 cir.
323 1396 436 1441 mad),
460 1405 582 1430 tamen
606 1404 781 1442 quantum
804 1396 847 1430 ad
870 1407 922 1438 ea,
945 1408 1036 1443 quae
1056 1397 1098 1431 ad
1121 1397 1274 1443 gratiam
1295 1397 1366 1432 Dei
1387 1397 1623 1443 pertinebant,
1644 1398 1802 1432 eunuchi

239 1450 280 1484 ab
304 1449 382 1484 aliis
404 1462 478 1484 non
501 1451 769 1497 separabantur,
792 1451 884 1484 sicut
904 1462 971 1484 nec
995 1451 1166 1493 advenae,
1189 1459 1227 1485 ut
1248 1451 1385 1485 dictum
1412 1459 1465 1485 est
1492 1451 1541 1495 (in
1567 1457 1656 1498 corp.
1682 1456 1748 1486 art.
1774 1456 1802 1486 ct

237 1503 279 1537 acl
301 1504 369 1549 r.);
394 1504 522 1538 dicitur
544 1504 641 1538 enim
668 1504 734 1538 Isa.
767 1503 837 1549 56:
866 1504 943 1539 Non
969 1503 1059 1539 dicat
1075 1504 1168 1550 filins
1193 1504 1351 1548 advenae,
1378 1505 1435 1551 qni
1461 1504 1614 1539 adhaeret
1638 1505 1800 1547 Domino,

239 1557 367 1592 dicens:
390 1558 603 1604 &paratione
625 1557 748 1592 dividat
769 1570 818 1592 me
840 1558 1006 1592 Dominus
1028 1558 1183 1604 apopulo
1195 1570 1275 1600 suo;
1292 1563 1321 1594 et
1334 1570 1398 1593 non
1413 1557 1502 1593 dicat
1518 1558 1704 1594 eunuchus:
1719 1559 1802 1594 Ecca

235 1622 290 1656 ego
313 1611 437 1656 lignum
459 1611 602 1645 aridium.

307 1664 367 1698 AD
387 1675 558 1699 TERTIUM
573 1664 779 1706 dicendum,
795 1665 890 1710 quod
907 1666 1070 1711 accipere
1085 1676 1211 1699 usuras
1223 1665 1264 1699 ab
1280 1664 1406 1699 alienis
1420 1676 1494 1700 non
1513 1673 1589 1700 erat
1602 1665 1801 1700 secundum

235 1717 475 1752 intentionem
496 1717 597 1763 legis,
620 1718 681 1752 sed
697 1730 740 1752 ex
754 1718 911 1764 quadam
926 1718 1176 1764 permissione,
1191 1727 1337 1765 propter
1350 1718 1568 1765 pronitatem
1579 1718 1801 1764 Judaeorum

238 1771 280 1804 ad
292 1772 492 1813 avaritiam,
505 1780 539 1805 et
549 1779 586 1806 ut
597 1771 713 1816 magis
724 1771 872 1818 pacifice
884 1783 921 1805 se
932 1772 1106 1806 haberent
1118 1772 1161 1806 ad
1172 1780 1373 1814 extraneos,
1385 1784 1404 1806 a
1419 1772 1546 1819 quibus
1560 1771 1800 1807 lucrabantur.

306 1825 366 1859 AD
389 1836 577 1864 QUARTUM
600 1825 805 1867 dicendum,
829 1825 925 1871 quod
949 1826 1043 1859 circa
1062 1826 1224 1861 civitates
1245 1826 1407 1861 hostium
1428 1826 1606 1873 quaedam
1621 1826 1801 1861 distinctio

238 1878 495 1912 adhibebatur:
519 1879 698 1924 quaedam
720 1879 818 1913 enim
842 1887 942 1913 erant
963 1887 1126 1914 remotae
1148 1891 1222 1914 non
1245 1880 1288 1914 de
1309 1891 1463 1914 numero
1484 1879 1629 1914 illarum
1647 1880 1802 1923 urbium,

236 1943 327 1977 quae
350 1932 399 1966 eis
422 1940 522 1966 erant
544 1932 805 1978 repromissae:
823 1940 856 1966 et
870 1933 906 1966 in
924 1932 1054 1967 talibus
1072 1933 1217 1967 urbibus
1233 1934 1443 1980 expugnatis
1460 1933 1717 1968 occidebantur
1731 1945 1803 1968 ma-

237 1985 337 2026 sculi,
360 1985 420 2030 qui
442 1994 691 2031 pugnaverant
713 1994 837 2020 contra
860 1986 1035 2032 populum
1057 1987 1146 2029 Dei3
1169 1986 1379 2021 mulieribus
1401 1995 1534 2029 autem,
1556 1995 1593 2022 et
1609 1986 1802 2022 infantibus

236 2038 464 2084 parcebatur:
487 2039 548 2072 sed
570 2039 606 2072 in
629 2039 830 2074 civitatibus
848 2040 987 2082 vicinis,
1003 2051 1093 2086 quae
1116 2048 1218 2075 erant
1231 2041 1281 2075 eis
1296 2040 1548 2087 repromissae,
1563 2051 1690 2076 omnes
1704 2052 1802 2075 man-

237 2092 412 2126 dabantur
434 2092 586 2126 interfici
607 2101 752 2138 propter
774 2093 979 2139 iniquitates
1001 2105 1128 2128 eorum
1150 2094 1306 2140 priores;
1327 2095 1370 2129 ad
1391 2105 1480 2141 quas
1506 2094 1704 2141 puniendas
1729 2095 1803 2130 Do-

239 2145 358 2179 minus
386 2145 561 2191 populum
588 2146 697 2180 Israel
724 2147 826 2192 quasi
854 2147 994 2182 divinae
1019 2147 1174 2194 justitiae
1202 2156 1432 2182 executorem
1459 2148 1638 2183 mittebat:
1673 2148 1802 2183 dicitur

238 2198 335 2232 enim
358 2198 466 2234 Deut.
488 2210 539 2245 9.:
565 2200 657 2243 Quia
680 2200 753 2234 illua
774 2206 906 2246 egerunt
928 2203 1038 2248 impia,
1060 2202 1242 2237 introsum
1260 2207 1299 2244 te,
1319 2202 1437 2237 deletae
1449 2206 1533 2236 sunt.
1549 2201 1666 2248 Ligna
1680 2210 1802 2236 autem

238 2251 420 2286 fructifera
444 2253 707 2286 mandabantur
730 2254 900 2288 reservari
917 2263 1064 2301 propter
1081 2254 1270 2290 utilitatem
1285 2255 1395 2302 ipsius
1410 2254 1545 2302 populi,
1560 2256 1661 2302 cuius
1675 2255 1801 2290 ditioni
1837 2258 1842 2263 “

239 2305 374 2349 civitas,
398 2313 432 2340 et
454 2307 529 2351 ejus
551 2306 772 2340 territorium
792 2316 866 2342 erat
888 2309 1162 2353 subjiciendum.

310 2359 369 2393 AD
406 2369 586 2398 QU1NTL'M
617 2360 824 2402 didendum,
852 2362 947 2407 quod
979 2373 1094 2396 novus
1122 2361 1330 2396 aedificator
1360 2362 1503 2405 domus,
1532 2370 1593 2397 aut
1622 2362 1802 2408 plantator

240 2412 378 2454 vineae,
400 2412 457 2446 vel
484 2412 722 2458 desponsator
748 2415 868 2448 uxoris
895 2415 1175 2450 excludebantur
1202 2427 1220 2449 a
1247 2415 1384 2462 praelio
1411 2424 1555 2463 propter
1581 2416 1665 2452 duo:
1686 2418 1802 2464 primo

239 2465 397 2511 quidem,
420 2466 501 2511 quia
524 2478 565 2500 ea
588 2477 678 2512 quae
702 2467 816 2501 homo
839 2469 881 2502 de
904 2480 1001 2502 novo
1024 2469 1142 2510 habet,
1164 2468 1220 2503 vel
1240 2469 1361 2503 statim
1383 2478 1526 2516 paratus
1548 2478 1600 2505 est
1615 2470 1658 2505 ad
1672 2470 1805 2504 haben·

238 2520 335 2560 dum,
359 2520 474 2564 magis
492 2519 584 2553 solet
603 2531 736 2562 amare,
756 2529 790 2554 et
812 2533 873 2566 per
895 2533 1120 2568 consequens
1143 2534 1269 2557 eorum
1294 2523 1529 2558 amissionem
1547 2523 1692 2566 timere;
1708 2524 1802 2558 unde

239 2573 422 2618 probabile
446 2580 531 2615 erat,
554 2574 650 2619 quod
671 2587 711 2608 cx
726 2574 785 2608 tali
804 2586 927 2609 amore
945 2576 1059 2621 magis
1075 2584 1230 2610 mortem
1246 2576 1426 2619 timerent,
1441 2585 1476 2612 et
1494 2577 1544 2612 sic
1561 2577 1679 2612 minus
1692 2576 1802 2612 fortes

240 2634 357 2660 essent
381 2626 422 2659 ad
447 2627 701 2672 pugnandum:
723 2627 872 2666 serundo.
897 2630 991 2673 quia,
1022 2630 1113 2663 sicut
1140 2629 1230 2663 Phil.
1258 2629 1344 2664 dicit
1370 2631 1405 2665 in
1429 2640 1459 2665 2.
1483 2630 1591 2677 Phys.
1614 2631 1694 2676 (tex.
1718 2631 1802 2677 56),

240 2679 474 2713 infortunium
495 2680 644 2722 videtur,
667 2681 810 2726 quando
831 2681 957 2727 aliqui<
981 2683 1243 2729 appropinquat
1265 2684 1308 2718 ad
1336 2683 1481 2730 aliquod
1508 2684 1645 2719 bonum
1672 2684 1804 2719 haben-

241 2733 338 2774 dum,
361 2733 388 2766 si
411 2740 535 2778 postea
556 2734 771 2779 impediatur
791 2735 832 2767 ab
856 2735 938 2775 i110;
961 2743 993 2769 et
1022 2736 1114 2778 ideo,
1142 2748 1186 2771 ne
1213 2737 1404 2783 propinqui
1430 2746 1659 2773 remanentes
1686 2738 1802 2784 magis

242 2786 537 2820 contristarentur
559 2787 602 2821 de
626 2796 742 2822 morte
765 2788 902 2829 tullum,
922 2789 980 2834 qui
1004 2790 1107 2823 bonis
1131 2791 1194 2824 sibi
1218 2791 1350 2837 paratis
1371 2791 1475 2837 potiti
1495 2803 1570 2826 non
1588 2791 1741 2834 suerunt,
1768 2799 1803 2826 ct

241 2841 349 2873 etiam
373 2840 526 2886 populus
549 2841 783 2876 considerans
806 2842 874 2876 hoc
898 2842 1071 2885 horreret,
1094 2844 1303 2888 hujusmodi
1321 2845 1490 2881 homines
1517 2857 1536 2880 a
1563 2845 1689 2881 mortis
1715 2844 1803 2892 peri-

242 2893 323 2926 culo
347 2902 428 2927 sunt
453 2895 663 2939 sequestrati
686 2907 748 2940 per
770 2895 1051 2931 subtractionem
1075 2908 1092 2931 a
1117 2897 1264 2943 praelio.
