1907 3182
252 184 336 236 326
673 194 890 229 QUAESTIO
924 193 1039 222 XLVI.
1072 193 1317 223 ARTICULUS
1351 194 1411 223 ΙΙΙ.

251 275 397 309 modica
422 275 538 317 valde,
564 275 665 309 nullo
692 275 804 309 modo
831 275 939 320 digna
967 275 1212 316 aestimamus,
1240 282 1278 309 ut
1303 275 1390 309 dicit
1414 275 1552 309 Philos.
1579 276 1616 309 in
1642 286 1673 310 2.
1708 276 1816 312 Rhet.

251 329 339 375 (cap.
362 341 392 364 2.
407 336 530 376 parum
547 341 566 363 α
582 329 734 375 princ.),·
758 329 852 362 unde
874 327 1107 361 manifestum
1134 336 1197 369 est,
1220 328 1316 374 quod
1338 328 1391 362 ira
1411 340 1486 362 non
1513 336 1566 363 est
1590 329 1627 363 in
1649 329 1817 376 concupi-

249 382 376 424 scibili,
400 383 460 417 sed
482 383 518 416 in
540 381 721 416 irascibili.

322 436 382 471 AD
408 447 557 471 PRIMUM
580 447 666 481 ergo
686 434 891 475 dicendum,
919 434 1015 480 quod
1043 433 1186 468 Tullius
1212 434 1398 469 libidinem
1424 435 1591 469 nominat
1617 436 1814 482 appetitum

251 490 511 535 cujuscumque
532 489 618 523 boni
639 488 759 529 futuri,
778 499 852 522 non
874 488 997 521 habita
1019 488 1236 522 discretione
1259 489 1370 530 ardui,
1392 489 1451 523 vel
1471 500 1546 523 non
1568 489 1680 523 ardui.
1702 489 1746 524 Et
1766 501 1817 524 se-

251 543 410 576 cundum
432 543 503 577 hoc
527 543 628 588 ponit
648 542 740 575 iram
768 542 831 576 sub
854 541 1013 582 libidine,
1036 541 1250 587 inquantum
1277 550 1330 576 est
1351 543 1528 588 appetitus
1548 542 1745 577 vindictae:
1764 543 1815 577 sic

250 604 371 630 autem
393 596 503 630 libido
524 596 729 629 communis
752 602 805 628 est
827 595 870 628 ad
892 594 1123 636 irascibilem,
1146 603 1181 628 et
1203 595 1536 641 concupiscibilem.

322 650 381 684 AD
404 660 611 684 SECUNDUM
633 648 838 690 dicendum,
862 648 958 694 quod
979 648 1031 681 ira
1051 648 1180 682 dicitur
1206 659 1367 683 crescere
1388 649 1425 682 in
1447 649 1591 692 odium3
1617 661 1692 684 non
1718 649 1815 696 quod

250 703 378 751 eadem
399 714 552 737 numero
572 702 704 748 passio,
727 713 819 748 quae
837 702 935 748 prius
956 701 1022 735 fuit
1042 702 1106 743 ira,
1128 702 1365 747 postmodum
1386 702 1449 736 fiat
1469 703 1595 736 odium
1613 714 1676 748 per
1693 714 1816 749 quam-

249 756 333 790 dam
355 756 673 797 inveterationem3
696 755 757 790 sed
782 766 844 801 per
866 755 1063 801 quamdam
1087 754 1349 797 causalitatem,
1372 755 1421 789 ita
1443 756 1541 789 enim
1562 766 1626 801 per
1646 756 1818 790 diuturni·

248 817 360 844 tatem
383 818 505 844 causat
528 810 663 843 odium.

319 865 379 898 AD
396 874 567 898 TERTIUM
589 863 795 904 dicendum,
811 862 908 908 quod
929 862 982 896 ira
1004 862 1132 896 dicitur
1147 862 1322 908 componi
1339 873 1381 896 ex
1394 862 1547 904 tristitia,
1569 870 1604 897 et
1625 863 1815 906 desiderio,

248 929 323 952 non
349 918 441 951 sicut
467 928 508 950 ex
534 917 705 963 partibus,
732 916 793 950 sed
821 916 913 950 sicut
939 927 981 950 ex
1009 916 1142 950 causis:
1171 916 1308 950 dictum
1335 924 1389 950 est
1414 924 1536 950 autern
1565 928 1672 963 supra
1695 917 1740 963 (q.
1766 928 1814 964 25.

249 976 314 1006 art.
336 972 379 1016 1.)
404 970 500 1017 quod
522 970 708 1016 passiones
731 969 1022 1015 concupiscibilis
1043 977 1126 1003 sunt
1148 981 1278 1004 causae
1300 970 1512 1016 passionum
1537 970 1739 1005 irascibilis.
1793 1012 1795 1014 q

799 1093 1145 1138 ARTICULUS
1182 1093 1258 1136 1V.
1743 1116 1813 1150 254

673 1202 828 1233 UTRUM
855 1202 926 1232 IRA
953 1202 1020 1231 SIT
1049 1201 1141 1231 CUM
1171 1201 1378 1232 RATIONE.

319 1292 379 1326 AD
402 1302 590 1331 QUARTUM
611 1291 661 1325 sic
684 1290 900 1337 proceditur.
923 1289 1085 1332 Videtur,
1108 1289 1205 1336 quod
1231 1289 1283 1323 ira
1304 1300 1379 1322 non
1401 1288 1446 1323 sit
1467 1299 1552 1322 curn
1578 1288 1737 1323 ratione:
1760 1289 1813 1323 ira

248 1346 357 1387 enirn,
381 1358 463 1380 cum
485 1345 530 1379 sit
554 1345 674 1391 passio
697 1345 888 1390 quaedam,
911 1352 964 1378 est
989 1343 1024 1377 in
1048 1343 1207 1389 appetitu
1234 1342 1425 1377 sensitivo:
1454 1342 1515 1377 sed
1538 1343 1715 1388 appetitus
1737 1354 1813 1377 sen-

247 1400 370 1434 sitivus
391 1411 466 1434 non
487 1399 646 1445 sequitur
663 1398 812 1432 rationis
835 1397 1175 1444 apprehensionem,
1198 1396 1260 1431 sed
1286 1396 1478 1431 sensitivae
1499 1396 1629 1442 partis;
1651 1407 1738 1442 ergo
1760 1396 1812 1430 ira

248 1465 322 1488 non
345 1462 398 1488 est
420 1465 503 1487 cum
525 1453 677 1487 ratione.

320 1517 351 1541 2.
374 1507 610 1541 PRAETEREA.
633 1505 819 1540 Animalia
839 1505 943 1539 bruta
970 1512 1093 1539 carent
1113 1504 1269 1539 ratione:
1298 1512 1332 1538 et
1352 1512 1476 1538 tamen
1501 1503 1539 1538 in
1561 1504 1611 1538 eis
1632 1503 1812 1538 invenitur

247 1560 317 1603 ira,
340 1572 426 1606 ergo
448 1561 500 1594 ira
521 1571 595 1594 non
618 1568 671 1594 est
693 1571 776 1593 cum
798 1560 948 1593 ratione.

321 1626 349 1660 3.
372 1615 608 1649 PRAETEREA.
631 1613 792 1647 Ebrietas
813 1612 902 1658 ligat
923 1612 1118 1646 rationem:
1142 1611 1287 1657 adjuvat
1309 1619 1431 1646 autem
1450 1611 1494 1645 ad
1515 1611 1628 1654 iram;
1651 1622 1738 1658 ergo
1757 1611 1810 1645 ira

245 1679 319 1702 non
342 1676 394 1702 est
417 1679 499 1701 cum
522 1668 673 1701 ratione.

317 1722 391 1756 SED
414 1732 569 1756 CONTRA
591 1729 654 1762 est,
673 1720 770 1766 quod
792 1719 929 1754 Philos.
948 1720 1035 1754 dicit
1055 1720 1091 1754 in
1113 1730 1145 1765 7.
1167 1719 1328 1754 Ethicor.
1347 1718 1436 1766 (cap.
1452 1719 1484 1754 6.
1500 1720 1536 1753 in
1550 1720 1692 1766 princ),
1713 1719 1810 1765 quod

244 1775 295 1809 ira
319 1775 550 1821 consequitur
570 1775 750 1809 rationem
772 1774 984 1820 aliqualiter.

317 1828 546 1863 RESPONDEO
569 1828 774 1869 dicendum,
801 1828 910 1873 quod,
932 1828 1025 1861 sicut
1049 1839 1157 1872 supra
1183 1827 1321 1861 dictum
1348 1834 1400 1861 est
1421 1827 1503 1872 (art.
1526 1838 1556 1861 2.
1579 1826 1648 1872 huj.
1671 1827 1731 1873 q.)‚
1758 1826 1812 1861 ira

245 1890 298 1916 est
319 1882 494 1928 appetitus
514 1882 712 1916 vindictae:
732 1882 823 1915 haec
843 1890 964 1915 autem
987 1880 1223 1915 collationem
1238 1880 1411 1926 importat
1431 1891 1571 1926 poenae
1592 1879 1811 1925 infligendae

245 1936 288 1970 ad
310 1944 573 1970 nocumentum
591 1935 657 1969 sibi
678 1934 839 1976 illatum3
861 1935 955 1968 unde
977 1935 1013 1968 in
1036 1945 1067 1980 7.
1090 1934 1206 1968 Ethic.
1234 1934 1320 1968 dicit
1340 1933 1477 1968 Philos.
1502 1934 1583 1979 (loc.
1604 1934 1689 1978 cit),
1713 1933 1810 1980 quod

243 1989 461 2035 syllogizans
484 1988 716 2030 conferendo,
732 1989 905 2034 quoniam
921 1996 1064 2034 oportet
1083 1987 1243 2022 totaliter
1264 1998 1487 2034 oppugnare,
1501 1987 1666 2021 irascitur
1693 1986 1812 2021 confe-

244 2044 325 2077 stim
347 2043 408 2088 [al.
429 2044 657 2089 sylloginzzms,
675 2044 831 2088 qnoniam
846 2047 970 2088 oportet
985 2042 1094 2076 taliter
1107 2048 1310 2088 oppugnare,
1326 2042 1495 2087 confestim
1510 2041 1698 2086 irascitur}
1715 2040 1811 2076 Con-

244 2096 334 2131 ferre
351 2105 484 2138 autem,
500 2105 534 2130 et
548 2096 763 2142 syllogizare
783 2104 836 2130 est
850 2095 1016 2129 rationis:
1041 2103 1075 2129 et
1097 2095 1178 2129 ideo
1194 2097 1246 2128 ira
1264 2100 1309 2129 est
1322 2095 1561 2141 quodammodo
1581 2107 1656 2129 cum
1670 2096 1809 2129 ratione.

316 2151 375 2184 AD
394 2161 542 2184 PRntUM
565 2161 651 2195 ergo
675 2149 880 2191 dicendum,
909 2149 1006 2195 quod
1033 2157 1154 2183 motus
1182 2148 1398 2194 appetitivae
1424 2149 1564 2182 virtutis
1591 2156 1710 2194 potest
1730 2159 1808 2182 esse

246 2216 329 2238 cum
351 2204 489 2238 ratione
512 2204 693 2250 dupliciter.
716 2204 787 2237 Uno
803 2203 898 2237 modo
914 2214 998 2236 cum
1017 2202 1156 2237 ratione
1174 2202 1433 2248 praecipiente:
1455 2210 1490 2236 et
1509 2203 1560 2236 sic
1575 2194 1743 2236 {soluntas
1758 2209 1811 2236 est

245 2270 328 2291 cum
351 2258 508 2299 ratione3
529 2258 623 2291 unde
645 2257 774 2291 dicitur
800 2258 960 2303 appetitus
978 2257 1163 2291 rationalis.
1186 2257 1266 2291 Alio
1288 2255 1382 2290 modo
1406 2267 1490 2290 cum
1512 2256 1652 2290 ratione
1678 2256 1811 2290 denun-

243 2313 371 2346 tiante:
395 2320 430 2346 et
451 2312 500 2345 sic
520 2312 571 2345 ira
587 2319 639 2345 est
654 2323 736 2345 cum
756 2311 913 2345 ratione:
934 2310 1020 2344 dicit
1041 2310 1138 2344 enim
1160 2309 1297 2344 Philos.
1313 2310 1349 2343 in
1364 2309 1442 2344 libr.
1461 2310 1504 2344 de
1519 2309 1809 2344 Problematibus

246 2366 333 2410 (sect.
354 2366 532 2412 28.pr01›l.
552 2366 610 2411 3.)‚
635 2365 730 2412 quod
754 2365 805 2399 ira
828 2373 880 2399 est
902 2376 985 2398 cum
1007 2364 1158 2405 ratione,
1185 2375 1259 2397 non
1282 2363 1373 2397 sicut
1394 2363 1636 2410 praecipiente
1658 2363 1809 2405 ratione,

244 2420 304 2454 sed
321 2428 358 2454 ut
372 2419 623 2454 manifestante
639 2419 822 2464 injuriam:
848 2418 1024 2464 appetitus
1044 2418 1141 2452 enim
1160 2417 1351 2451 sensitivus
1366 2417 1576 2451 immediate
1590 2417 1721 2451 rationi
1734 2428 1808 2451 non

244 2474 376 2515 obedit,
399 2473 459 2507 sed
483 2473 662 2507 mediante
684 2473 881 2506 voluntate.

317 2527 375 2561 AD
403 2537 609 2561 SECUNDUM
637 2526 842 2565 dicendum,
865 2525 961 2571 quod
988 2525 1091 2558 bruta
1119 2524 1290 2558 animalia
1316 2524 1450 2558 habent
1474 2524 1685 2558 instinctum
1710 2532 1810 2558 natu-

245 2580 357 2615 ralem
385 2592 425 2614 ex
448 2581 567 2614 divina
595 2580 733 2613 ratione
761 2579 811 2613 eis
839 2579 1003 2620 inditum,
1031 2590 1093 2624 per
1115 2590 1223 2624 quem
1250 2578 1384 2612 habent
1409 2586 1531 2612 motus
1552 2578 1752 2619 interiores,
1775 2584 1809 2612 et

245 2634 438 2669 exteriores
461 2633 596 2667 similes
619 2627 958 2674 motibus‘rationis,
986 2633 1077 2665 sicut
1099 2643 1205 2677 supra
1232 2632 1368 2665 dictum
1393 2631 1438 2677 (q.
1460 2643 1516 2675 4ο.
1540 2637 1604 2666 art.
1624 2632 1680 2677 3.).

316 2688 374 2721 ΑΙ)
390 2697 560 2721 ΤΙῖΙΙἸἹωΙ
576 2686 781 2725 dicendum,
797 2686 904 2731 quod,
925 2686 1016 2719 sicut
1031 2685 1160 2719 dicitur
1175 2685 1209 2718 in
1226 2695 1256 2730 7.
1274 2685 1388 2719 Ethic.
1409 2685 1500 2731 (cap.
1517 2685 1549 2720 6.
1565 2686 1655 2719 circa
1665 2685 1806 2731 princ),

244 2741 295 2773 ira
319 2741 415 2774 audit
438 2740 639 2786 aliqualiter
660 2740 850 2780 rationem,
873 2739 964 2772 sicut
986 2739 1220 2773 nunciantem
1248 2738 1344 2784 quod
1367 2739 1574 2782 injuriatum
1597 2746 1650 2772 est
1671 2738 1721 2772 ei:
1744 2737 1806 2772 sed

243 2805 316 2827 non
340 2793 494 2839 perfecte
519 2793 633 2833 audit3
656 2793 738 2838 quia
761 2803 832 2825 non
857 2792 1023 2825 observat
1039 2791 1201 2836 regulam
1218 2792 1365 2826 rationis
1388 2792 1422 2825 in
1446 2792 1676 2838 rependendo
1697 2791 1808 2825 vindi-

245 2855 358 2880 ctam:
381 2847 422 2879 ad
443 2847 530 2879 iram
548 2857 634 2889 ergo
654 2845 843 2891 requiritur
863 2845 989 2890 aliquis
1005 2854 1105 2878 actus
1120 2845 1279 2886 rationis,
1299 2854 1333 2879 et
1352 2845 1492 2879 additur
1506 2845 1805 2891 impedimentum

245 2901 412 2942 rationis3
436 2901 528 2934 unde
552 2899 686 2934 l'hilos.
710 2899 794 2933 dicit
815 2899 849 2932 in
877 2898 935 2931 lib.
959 2899 1001 2932 de
1022 2898 1310 2933 Problematibus
1333 2899 1422 2943 (sert.
1441 2911 1469 2945 3.
1487 2899 1596 2945 prol’l.
1619 2910 1650 2934 2.
1672 2904 1699 2933 c!
1720 2899 1804 2943 26),
