1907 3182
229 182 316 222 206
656 191 878 227 QUAESTIO
913 191 1031 220 XXVI.
1064 189 1309 220 ARTICULUS
1343 189 1370 220 1.

300 283 331 307 2.
353 273 591 307 PRAETEREA,
614 273 731 306 Amor
752 272 892 306 videtur
914 283 990 306 esse
1013 272 1110 305 idem
1133 270 1279 305 cuilibet
1299 271 1475 316 passioni:
1499 271 1585 305 dicit
1606 271 1704 305 enim
1726 272 1798 306 Au-

230 327 393 372 gustinus
414 327 451 360 in
477 336 527 368 14.
551 326 595 359 de
618 325 698 359 Civ.
720 325 791 359 Dei
823 324 910 372 (cap.
934 336 963 370 7.
983 336 1003 358 α
1022 324 1146 368 med.):
1170 325 1279 358 Amor
1304 324 1436 358 inhians
1462 324 1578 358 habere
1600 324 1686 370 quod
1707 335 1798 359 ama-

230 386 295 422 tur,
316 380 476 426 cupiditas
498 384 552 413 ast:
577 378 608 412 id
635 383 743 413 autem
769 378 899 419 habens,
922 389 1019 422 eoque
1037 378 1169 423 fruens,
1197 377 1336 411 laetitia:
1356 378 1500 423 fugiens,
1523 377 1609 423 quod
1629 379 1659 412 ei
1684 377 1799 412 adver-

227 439 334 475 satur,
351 435 451 467 timor
467 437 522 467 est:
541 432 637 477 idque
657 433 684 465 si
705 431 862 465 acciderit
879 432 1024 472 sentiens,
1045 431 1183 465 tristitia
1202 435 1263 464 est:
1284 430 1346 464 sed
1367 441 1442 464 non
1462 431 1581 464 omnis
1602 430 1723 476 passio
1746 438 1799 465 est

228 487 264 520 in
288 485 581 531 concupiscibili3
603 485 664 518 sed
686 484 796 518 timor
818 484 927 517 etiam
946 483 1005 516 hic
1026 491 1258 517 enumeratus
1277 490 1330 516 est
1347 483 1383 516 in
1401 483 1591 526 irascibili3
1614 495 1702 529 ergo
1723 494 1798 518 non

230 548 283 574 est
303 538 514 585 simpliciter
536 537 742 578 dicendum,
764 536 861 582 quod
885 547 988 569 amor
1010 536 1054 570 sit
1075 536 1110 569 in
1134 535 1418 581 concupiscibili.

304 604 333 638 3.
355 592 592 626 PRAETERffl.
614 589 813 635 Dionysius
837 589 873 622 in
896 600 973 634 cap.
995 598 1028 630 4.
1052 589 1095 623 de
1119 589 1202 622 Div.
1225 588 1335 623 Nom.
1359 589 1461 635 (part.
1484 601 1515 624 2.
1538 590 1608 625 lect.
1628 589 1679 636 9.)
1697 589 1800 635 ponit

230 645 426 692 quemdam
450 655 614 678 amorem
636 643 824 677 mzturalmn
836 655 846 676 :
869 642 930 676 sed
953 652 1058 675 amor
1075 641 1249 676 naturalis
1267 642 1384 687 magis
1402 642 1542 676 videtur
1560 642 1736 688 pertinere
1755 642 1799 676 ad

229 699 322 732 vires
343 697 536 738 naturales,
559 707 650 742 quae
673 703 755 729 sunt
777 695 919 729 animae
941 694 1173 740 vegetabili33
1196 705 1283 741 ergo
1304 706 1408 729 amor
1423 706 1499 729 non
1517 695 1730 742 simpliciter
1747 702 1800 729 est

229 752 266 786 in
289 749 573 796 concupiscibili.

303 805 377 838 SED
406 814 559 838 CONTRA
582 810 645 843 est,
668 802 764 847 quod
783 801 920 834 Philos.
943 800 1029 834 dicit
1050 800 1086 834 in
1108 810 1140 834 2.
1164 799 1294 846 Topic.
1320 800 1405 847 (cap.
1424 813 1452 847 3.
1472 802 1507 835 in
1529 801 1597 835 loco
1619 802 1683 847 25.)
1703 800 1801 847 quod

231 870 328 892 ‹mzor
348 862 389 892 est
409 859 442 891 in
459 856 716 902 concupiscibili.

303 911 532 945 RESPONDEO
560 908 766 949 dicendum,
793 908 890 953 quod
918 918 1022 941 amor
1049 914 1102 941 est
1131 906 1265 952 aliquid
1300 907 1345 941 ad
1380 907 1580 953 appetitum
1607 907 1802 953 pertinens,

232 976 316 998 cum
338 964 521 1009 utriusque
538 962 721 1007 objectum
736 961 780 995 sit
795 962 935 995 bonum:
956 960 1050 994 unde
1069 960 1271 994 secundum
1294 959 1535 994 differentiam
1554 961 1731 1006 appetitus
1750 968 1803 995 est

231 1017 431 1052 differentia
455 1016 599 1050 amoris.
622 1014 684 1048 Est
706 1014 802 1048 enirn
830 1013 965 1059 qnidam
989 1013 1165 1059 appetitus
1193 1024 1268 1047 non
1295 1024 1523 1059 consequens
1551 1013 1804 1059 apprehensio-

231 1083 316 1106 nem
338 1070 449 1117 ipsius
472 1068 684 1115 appetentis,
706 1067 767 1101 sed
791 1066 955 1101 alterius:
981 1074 1015 1100 et
1040 1066 1253 1111 hujusmodi
1275 1066 1404 1100 dicitur
1430 1068 1593 1113 appetitus
1619 1067 1802 1101 naturalis:

231 1136 286 1159 res
314 1124 411 1158 enim
437 1121 618 1156 naturales
653 1128 836 1167 appetunt,
865 1119 962 1165 quod
990 1120 1040 1153 eis
1069 1119 1240 1153 convenit
1266 1119 1467 1154 secundum
1494 1131 1597 1153 suam
1623 1127 1802 1162 naturam,

231 1189 305 1212 non
331 1188 394 1223 per
416 1175 745 1222 apprehensionem
766 1175 963 1220 propriam,
982 1173 1044 1207 sed
1067 1183 1130 1218 per
1152 1172 1485 1218 apprehensionem
1504 1173 1723 1207 instituentis
1744 1184 1805 1206 na-

231 1240 362 1272 turam,
377 1238 414 1264 ut
436 1231 471 1263 in
493 1230 612 1275 primo
634 1227 727 1262 libro
749 1227 886 1261 dictum
909 1234 962 1260 θεῖ
980 1228 1083 1272 (part.
1098 1238 1124 1260 r.
1145 1237 1174 1271 q.
1192 1237 1260 1272 103.
1284 1230 1346 1260 art.
1362 1238 1389 1261 Ι.
1409 1226 1546 1272 2.et3.).
1562 1226 1660 1261 Alius
1682 1234 1804 1260 autem

233 1293 285 1319 est
308 1283 484 1330 appetitus
509 1292 736 1328 consequens
765 1280 1094 1326 apprehensionem
1120 1279 1232 1324 ipsius
1260 1279 1473 1325 appetentis,
1495 1278 1557 1313 sed
1585 1290 1627 1313 ex
1652 1279 1805 1313 necessi-

231 1345 315 1379 tate,
337 1348 411 1371 non
435 1348 476 1370 ex
497 1335 632 1381 judicio
654 1334 779 1368 libero.
803 1333 847 1367 Et
868 1332 948 1367 talis
971 1340 1024 1366 est
1045 1334 1204 1378 appetitus
1217 1334 1388 1367 sumiti-vus
1401 1332 1438 1366 in
1456 1332 1580 1374 brutis,
1600 1332 1661 1378 qui
1682 1340 1804 1366 tamen

231 1393 268 1425 in
295 1390 504 1424 hominibus
533 1388 667 1434 aliquid
693 1387 866 1421 libertatis
893 1386 1094 1432 participat,
1128 1385 1344 1431 inquantum
1379 1385 1502 1420 obedit
1535 1385 1677 1419 rationi.
1707 1386 1806 1420 Alius

235 1453 358 1479 autem
385 1452 437 1478 est
464 1442 640 1489 appetitus
665 1451 892 1486 consequens
920 1439 1252 1486 apprehensionem
1275 1439 1475 1485 appetentis
1502 1439 1702 1473 secundum
1723 1439 1807 1473 libe-

234 1509 314 1533 rum
336 1497 530 1543 judicium:
554 1503 589 1529 et
608 1494 690 1529 talis
714 1502 767 1528 est
788 1495 947 1540 appetitus
968 1492 1155 1534 rationalis,
1179 1492 1253 1526 sive
1275 1493 1502 1534 intellectivus,
1518 1493 1579 1538 qui
1600 1493 1729 1527 dicitur
1750 1504 1806 1526 vo-

235 1552 352 1586 luntas.

306 1605 346 1638 In
368 1614 589 1649 unoquoque
612 1610 734 1636 autem
756 1601 889 1634 horum
912 1599 1136 1646 appetituum
1152 1609 1255 1632 amor
1277 1598 1407 1632 dicitur
1420 1598 1468 1641 id,
1488 1599 1585 1645 quod
1608 1607 1662 1633 est
1675 1599 1804 1645 princi-

234 1659 334 1705 pium
353 1665 474 1691 motus
500 1655 680 1690 tendentis
702 1655 738 1688 in
760 1654 867 1687 finem
893 1661 1072 1686 amatum:
1101 1652 1137 1685 iu
1165 1652 1324 1697 appetitu
1351 1660 1475 1686 autem
1501 1651 1656 1686 naturali
1677 1652 1805 1698 princi-

233 1712 333 1758 pium
355 1709 566 1755 hujusmodi
587 1717 709 1742 motus
733 1715 786 1742 est
812 1705 1095 1741 connaturalitas
1123 1704 1325 1751 appetentis
1353 1705 1397 1739 ad
1418 1705 1466 1747 id,
1493 1705 1530 1739 in
1552 1705 1650 1752 quod
1671 1706 1802 1749 tendit3

234 1776 325 1811 quae
348 1764 418 1797 dici
439 1770 557 1809 potest
578 1773 674 1796 amor
696 1761 880 1795 mztzmzlis:
903 1759 997 1793 sicut
1018 1759 1095 1804 ipsa
1124 1757 1408 1792 connaturalitas
1430 1758 1594 1804 corporis
1616 1759 1735 1804 gravis
1761 1759 1805 1793 ad

233 1818 357 1852 locum
381 1817 541 1851 medium
561 1823 614 1850 est
635 1827 698 1861 per
720 1814 946 1859 gravitatem,
970 1820 1004 1846 et
1025 1818 1145 1858 potest
1166 1811 1237 1845 dici
1258 1823 1355 1846 amor
1375 1813 1561 1847 naturalis.-
1587 1820 1622 1847 et
1642 1812 1807 1847 similiter

234 1872 416 1918 coaptatio
441 1870 617 1916 appetitus
641 1868 813 1909 sensstivi,
835 1866 893 1901 vel
906 1865 1104 1900 voluntatis
1120 1865 1164 1899 ad
1181 1864 1327 1911 aliquod
1342 1865 1493 1908 bonum,
1508 1866 1600 1900 idest
1614 1866 1691 1912 ipsa
1710 1877 1807 1900 com-

233 1925 411 1972 placentia
432 1924 531 1965 boni,
554 1923 683 1957 dicitur
709 1933 806 1956 amor
831 1921 1015 1960 smsitivus,
1043 1917 1102 1952 vel
1127 1918 1360 1961 intellectivus,
1387 1929 1451 1953 seu
1476 1920 1675 1960 rationalis,·
1704 1931 1808 1954 amor

233 1979 341 2025 igitur
362 1978 551 2012 sensitivus
572 1984 624 2010 est
644 1976 681 2010 in
703 1975 861 2021 appetitu
884 1973 1068 2014 sensitiVO,
1096 1972 1189 2006 sicut
1211 1983 1316 2006 amor
1342 1971 1586 2007 intellectivus
1612 1973 1649 2007 in
1671 1972 1807 2008 intelle-

236 2033 330 2066 ctivo
354 2031 531 2077 appetitu3
555 2038 588 2064 et
610 2030 763 2076 pertinet
784 2028 829 2062 ad
845 2024 1189 2073 concupiscibilem3
1205 2025 1289 2072 quia
1311 2025 1440 2059 dicitur
1458 2037 1520 2072 per
1542 2035 1746 2073 respectum
1763 2027 1806 2061 ad

236 2087 357 2120 bonum
381 2083 555 2126 absolute,
578 2095 652 2117 non
674 2094 737 2129 per
758 2089 965 2127 respectum
987 2079 1031 2114 ad
1050 2079 1207 2121 arduum,
1224 2079 1322 2125 quod
1337 2087 1392 2113 est
1409 2079 1593 2125 objectum
1607 2080 1806 2115 irascibilis.

308 2139 367 2173 AD
390 2148 539 2173 PRIMUM
562 2148 650 2183 ergo
673 2136 881 2176 dicendum,
904 2133 1001 2180 quod
1025 2133 1220 2167 auctoritas
1242 2132 1303 2167 illa
1318 2132 1478 2179 loquitur
1499 2133 1543 2167 de
1562 2144 1687 2168 amore
1708 2133 1809 2168 intel-

235 2192 380 2233 lectivo‚
402 2191 459 2225 vel
482 2190 661 2224 rationali.

308 2246 368 2279 An
388 2254 595 2279 SECUNDUM
618 2242 825 2283 dicendum,
846 2240 942 2287 quod
959 2251 1063 2274 amor
1078 2239 1207 2274 dicitur
1222 2250 1299 2274 esse
1316 2241 1428 2282 timor,
1441 2240 1614 2286 gaudium,
1635 2241 1808 2288 cupiditas,

236 2307 271 2333 et
292 2299 440 2340 tristitia,
463 2308 537 2331 non
561 2296 709 2342 quidem
733 2293 983 2334 essentialiter,
1007 2293 1069 2327 sed
1093 2292 1296 2327 causaliter.

307 2352 366 2385 An
394 2361 565 2385 'rER'rium
593 2349 798 2390 dicendum,
826 2347 922 2393 quod
949 2358 1054 2380 amor
1079 2345 1252 2381 naturalis
1279 2357 1353 2380 non
1380 2345 1501 2381 solum
1530 2355 1584 2382 est
1609 2347 1646 2381 in
1672 2347 1806 2381 viribus

238 2405 381 2439 animae
409 2404 654 2449 vegetativae:
678 2402 740 2437 sed
768 2402 803 2435 in
832 2400 999 2435 omnibus
1024 2399 1194 2446 potentiis
1217 2399 1372 2442 animae,
1396 2408 1430 2434 et
1452 2400 1560 2434 etiam
1582 2400 1618 2434 in
1638 2400 1807 2434 omnibus

238 2459 395 2505 partibus
419 2457 594 2503 corporis,
617 2464 651 2490 et
674 2454 924 2489 universaliter
950 2453 985 2486 in
1014 2452 1182 2486 omnibus
1203 2453 1331 2487 rebus:
1360 2453 1454 2499 quia,
1482 2460 1519 2487 ut
1544 2453 1697 2500 Dionys.
1724 2453 1810 2487 dicit

237 2522 268 2554 4.
285 2523 362 2558 cap.
379 2511 422 2544 de
436 2511 519 2544 Div.
534 2510 644 2543 Nom.
661 2509 738 2554 (loc.
755 2510 809 2543 sit.
827 2509 859 2541 in
875 2506 979 2552 urg.):
999 2506 1161 2541 Omnibus
1182 2511 1226 2540 cst
1238 2506 1430 2552 pulchrum,
1453 2511 1482 2541 ct
1503 2507 1624 2541 bonum
1643 2506 1806 2546 annihila

238 2576 322 2599 cum
345 2575 582 2610 unaquaeque
606 2574 660 2596 res
682 2561 814 2595 habeat
837 2558 1138 2594 connaturalitem
1168 2559 1210 2593 ad
1229 2558 1276 2602 id,
1303 2559 1401 2605 quod
1423 2567 1477 2594 est
1498 2559 1565 2594 sibi
1586 2559 1807 2594 conveniens

238 2618 438 2652 secundum
461 2628 565 2651 suam
585 2623 766 2656 naturam.
