1907 3198
522 201 746 238 QUAESTlo
778 202 878 232 va.
911 201 1159 232 ARTICULUS
1192 202 1232 231 v.
1581 204 1662 246 451

160 285 222 320 AD
242 295 394 321 PMMUM
415 295 504 332 ergo
526 283 735 327 dicendum,
761 283 859 330 quod
887 283 1043 318 charitas
1076 294 1151 318 non
1179 291 1234 319 est
1259 283 1536 331 qualiscumque
1564 295 1669 320 amor

87 338 172 382 Dei,
191 339 253 374 sed
275 349 380 373 amor
404 338 488 381 Dei,
521 349 594 386 quo
625 336 786 385 diligitur
807 346 846 372 ut
866 337 1098 373 beatitudinis
1121 337 1318 384 objectum,
1340 338 1385 373 ad
1407 339 1505 385 quod
1527 339 1668 374 ordina-

87 403 170 427 mur
190 403 254 439 per
274 391 396 435 fidem,
419 400 455 427 et
470 403 586 439 spem.

157 446 219 482 AD
241 456 450 482 SECUNDUM
477 445 686 488 dicendum,
708 445 806 492 quod
829 445 985 480 charitas
1007 454 1062 480 est
1083 445 1183 480 radix
1217 445 1312 488 fidei,
1340 454 1374 480 et
1407 446 1496 493 spei,
1518 447 1667 494 inquan-

85 507 165 535 tum
185 500 247 535 dat
267 500 319 536 eis
341 499 604 547 perfectionem
625 500 788 534 virtutis:
805 500 867 534 sed
887 499 986 542 fides,
1006 508 1041 534 et
1062 511 1142 546 spes
1165 500 1366 534 secundum
1388 502 1569 535 rationem
1588 512 1667 548 pro-

84 554 201 601 priam
221 562 562 602 praesupponuntur
585 554 628 588 ad
651 554 880 596 charitatem,
908 562 945 588 ut
977 565 1084 601 supra
1107 554 1245 588 dictum
1269 562 1323 589 est
1346 553 1391 600 (q.
1420 555 1475 590 62.
1498 560 1564 590 art.
1586 555 1664 600 4),-

84 614 119 643 et
139 608 192 644 sic
215 608 372 644 charitas
393 608 472 643 sine
491 608 542 643 eis
565 619 644 643 esse
671 619 746 642 non
766 615 898 654 potest.

153 663 216 699 AD
242 673 414 699 TER-num
436 663 645 705 dicendum,
668 663 766 709 quod
801 662 951 697 Christo
986 661 1099 697 defuit
1131 661 1231 704 fides,
1266 670 1301 697 et
1327 673 1408 709 spes
1443 671 1589 709 propter
1614 662 1661 705 id,

82 717 181 764 quod
199 725 253 753 est
274 716 408 764 aliquid
430 716 719 764 imperfectionis
734 717 771 750 in
794 716 845 751 eis
869 715 930 762 [al.
960 721 1099 762 proptu
1122 716 1154 750 id
1175 716 1261 762 quod
1286 721 1331 751 est
1351 717 1611 764 imperfectionis
1629 718 1663 751 in

81 771 160 818 eisJ:
187 771 250 806 sed
283 770 369 806 loco
397 770 481 806 fidei
506 770 633 805 habuit
655 778 820 817 apertam
841 769 1035 813 visionem,
1057 778 1093 804 et
1117 769 1203 805 loco
1225 770 1303 817 spei
1325 769 1473 817 plenam
1500 782 1664 818 compre-

83 825 320 861 hensionem:
344 833 380 860 et
400 825 452 860 sic
473 824 541 860 fuit
561 823 722 872 perfecta
740 824 898 859 charitas
912 824 948 858 in
975 835 1031 859 eo.

573 1097 932 1160 QUAESTIO
977 1097 1159 1146 LXVI.

125 1221 190 1254 DE
228 1221 567 1263 AEQUALITATE
605 1222 871 1261 VIRTUTUM,
913 1222 964 1253 IN
1002 1222 1090 1254 SEX
1129 1222 1394 1255 ARTICULOS
1432 1223 1608 1255 DIVISA.

152 1362 294 1398 Deinde
316 1363 621 1398 considerandum
643 1371 697 1398 est
717 1363 761 1398 de
785 1363 1003 1411 aequalitate
1024 1364 1211 1398 virtutum.

579 1453 623 1488 Et
648 1454 739 1488 circa
761 1453 820 1488 hoc
846 1458 1056 1500 quaeruntur
1081 1465 1146 1488 sex.

149 1523 286 1560 Primo.
306 1524 439 1560 Utrum
459 1525 572 1560 virtus
590 1524 704 1572 possit
725 1536 803 1560 esse
825 1526 955 1572 major,
976 1525 1035 1560 vel
1061 1525 1193 1560 minor.

148 1578 331 1614 Secundo.
354 1578 487 1614 Utrum
509 1590 638 1614 omnes
659 1579 808 1614 virtutes
830 1579 940 1614 simul
957 1580 994 1614 in
1010 1580 1142 1614 eodem
1164 1580 1358 1615 existentes
1380 1580 1451 1615 sint
1472 1580 1654 1628 aequales.

147 1631 287 1668 Tertio.
308 1632 365 1668 De
388 1633 662 1680 comparatione
695 1633 871 1668 virtutum
897 1634 1095 1669 moralium
1118 1635 1161 1669 ad
1183 1634 1460 1669 intellectuales.

147 1685 301 1728 Quarto.
323 1687 381 1722 De
399 1687 674 1734 comparatione
704 1688 879 1722 virtutum
902 1688 1099 1723 moralium
1126 1689 1170 1723 ad
1193 1689 1364 1724 invicem.

147 1740 299 1782 Quinto.
320 1741 378 1776 De
396 1742 671 1788 comparatione
694 1742 869 1777 virtutum
891 1742 1194 1777 intellectualium
1222 1743 1265 1777 ad
1285 1743 1456 1778 invicem.

146 1794 269 1830 Sexto.
289 1794 346 1830 De
368 1796 644 1843 comparatione
666 1796 840 1831 virtutum
858 1796 1155 1844 theologicarum
1177 1797 1222 1832 ad
1239 1797 1410 1832 invicem.

653 1939 1004 1986 ARTICULUS
1039 1941 1072 1984 Ι.
1585 1966 1651 2003 344

299 2048 452 2080 UTRUM
478 2049 636 2080 vnn-us
664 2049 816 2079 POSSIT
843 2049 945 2079 Esse
973 2049 1125 2092 MAJOR,
1154 2050 1238 2079 VEL
1266 2050 1420 2081 MmOR.

73 2135 177 2183 (Insr.
194 2142 262 2172 art.
282 2148 315 2172 2.
336 2144 428 2184 corp.
450 2143 482 2173 et
500 2149 531 2184 q.
554 2149 600 2184 73.
620 2143 685 2172 art.
708 2149 739 2173 2.
762 2137 815 2172 ad.
831 2150 859 2184 3.
878 2143 909 2173 et
922 2150 951 2184 q.
972 2149 1039 2173 112.
1058 2142 1125 2174 art.
1147 2150 1179 2183 4.
1194 2145 1284 2185 corp.
1304 2144 1332 2173 et
1353 2151 1419 2174 2-2.
1439 2151 1469 2186 q.
1489 2151 1517 2185 5.
1533 2145 1596 2175 art.
1612 2152 1645 2185 4.

180 2195 212 2226 ct
224 2202 253 2238 3.
276 2191 365 2226 Dist.
385 2191 438 2238 36.
453 2197 519 2227 art.
542 2203 575 2237 4.
597 2197 626 2227 et
648 2192 731 2227 Mal.
754 2204 784 2238 q.
807 2203 838 2227 2.
862 2197 928 2227 art.
956 2192 990 2228 6.
1011 2192 1054 2226 ad
1075 2193 1107 2228 8.
1126 2198 1157 2228 et
1184 2193 1269 2227 Virt.
1293 2205 1322 2239 q.
1342 2205 1370 2239 5.
1393 2199 1459 2228 art.
1478 2195 1536 2240 3.).

141 2281 201 2317 AD
222 2292 373 2317 PRlMUM
395 2281 446 2317 sic
468 2282 688 2330 proceditur.
711 2281 875 2325 Videtur,
903 2283 1001 2330 quod
1028 2283 1141 2318 virtus
1167 2295 1242 2318 non
1269 2284 1383 2331 possit
1409 2295 1487 2318 esse
1516 2286 1646 2331 major,

16 2352 19 2361 ·
69 2333 129 2370 vel
149 2335 286 2370 minor:
300 2335 432 2370 dicitur
447 2337 546 2371 enim
561 2337 677 2383 Apoc.
691 2346 746 2371 21.
761 2337 858 2384 quod
875 2337 981 2372 latera
995 2339 1141 2373 civitatis
1155 2338 1366 2373 Hierusalem
1386 2344 1460 2373 sunt
1473 2339 1646 2385 aequalia:

27 2391 29 2394 ’
68 2400 132 2437 per
151 2388 243 2424 haec
266 2397 390 2425 autem
411 2389 662 2437 significantur
684 2390 844 2433 virtutes,
867 2399 905 2425 ut
928 2390 1031 2426 Glos.
1049 2391 1136 2436 (ord.
1151 2404 1190 2427 ex
1205 2392 1282 2427 Nic.
1302 2392 1338 2427 da
1355 2393 1431 2439 Ly.)
1450 2393 1535 2427 dicit
1549 2393 1646 2436 ibid.;

69 2453 158 2490 ergo
177 2454 306 2479 omnes
327 2443 478 2479 virtutes
499 2453 582 2479 sunt
603 2443 792 2491 aequales3
807 2456 882 2480 non
897 2456 985 2492 ergo
1004 2454 1124 2492 potest
1146 2457 1223 2481 esse
1238 2446 1352 2481 virtus
1367 2448 1486 2492 major
1504 2447 1645 2482 virtute.

141 2506 173 2532 2.
194 2497 434 2533 PRAETEREA.
459 2497 583 2534 Omne
605 2497 705 2541 illud,
728 2499 829 2544 cujus
852 2499 943 2534 ratio
971 2500 1137 2535 consistit
1163 2501 1198 2535 in
1226 2501 1399 2543 maximo,
1427 2512 1500 2535 non
1528 2509 1647 2548 potest

69 2561 147 2586 esse
169 2551 299 2598 majus,
320 2551 379 2586 vel
401 2552 539 2587 minus:
563 2552 625 2587 sed
649 2552 740 2586 ratio
763 2552 903 2587 virtutis
923 2554 1087 2588 consistit
1109 2554 1145 2588 in
1162 2554 1336 2597 maximo,
1351 2563 1406 2589 est
1420 2555 1517 2589 enim
1533 2555 1644 2590 virtus

68 2604 415 2653 ultimumpotentiae,
439 2615 476 2641 ut
498 2606 635 2641 Philos.
658 2606 745 2641 dicit
767 2606 802 2641 in
829 2618 856 2641 1.
879 2607 923 2642 de
946 2607 1065 2643 Coelo
1089 2608 1168 2652 (tax.
1187 2609 1288 2653 116),
1312 2617 1346 2643 et
1368 2609 1463 2655 Aug.
1487 2610 1521 2643 in
1547 2619 1576 2643 2.
1600 2609 1643 2644 de

67 2658 146 2694 Lib.
167 2659 301 2694 Arbitr.
325 2659 415 2708 (cap.
437 2672 489 2707 19.
508 2661 543 2694 iu
559 2661 686 2707 princ.)
716 2660 775 2703 ait,
797 2661 894 2708 quod
916 2662 1066 2697 virtutes
1087 2671 1170 2697 sunt
1192 2663 1352 2697 maxima
1379 2663 1486 2704 bona,
1514 2663 1643 2709 quibus

67 2711 188 2748 nullus
209 2721 330 2761 potest
350 2713 446 2749 male
466 2714 534 2757 uti;
549 2725 636 2761 ergo
653 2714 805 2757 videtur,
820 2715 918 2762 quod
936 2716 1047 2751 virtus
1066 2728 1140 2751 non
1158 2717 1272 2764 possit
1291 2728 1368 2752 csse
1385 2718 1514 2763 major,
1525 2728 1643 2764 neque

68 2777 200 2802 mmor.

142 2832 171 2868 3.
198 2821 438 2858 PRAETEREA.
463 2821 657 2864 Quantitas
681 2821 830 2859 effectus
856 2832 1027 2870 pensatur
1053 2825 1255 2859 secundum
1283 2825 1453 2860 virtutem
1482 2826 1640 2871 agentis:

65 2873 129 2910 sed
149 2876 299 2911 virtutes
321 2875 514 2923 perfectae,
537 2888 629 2924 quae
651 2885 734 2912 sunt
755 2877 902 2912 virtutes
925 2877 1075 2920 infusae,
1097 2887 1178 2914 sunt
1194 2891 1212 2913 a
1230 2879 1323 2921 Deo,
1340 2881 1441 2925 cujus
1456 2879 1568 2914 virtus
1587 2888 1641 2915 cst

66 2928 269 2973 uniformis,
291 2937 327 2965 et
346 2929 506 2974 infinit-013
528 2942 618 2978 ergo
640 2931 792 2974 videtur,
811 2932 908 2978 quod
923 2932 1036 2967 virtus
1051 2944 1124 2968 non
1141 2933 1255 2980 possit
1271 2944 1348 2968 csse
1365 2935 1482 2980 major
1496 2935 1638 2969 virtute.
