1907 3198
531 181 755 218 QUAESTIO
791 180 889 212 LXV.
923 180 1170 211 ARTICULUS
1204 180 1230 211 Ι.
1586 182 1668 225 445

96 275 187 307 esse,
207 272 247 299 ut
270 263 346 299 fere
373 263 415 298 ab
443 264 614 300 omnibus
640 264 795 311 ponitur.
824 263 939 310 Cujus
965 264 1057 298 ratio
1083 263 1205 311 duplex
1231 263 1445 310 assignatur,
1472 263 1673 298 secundum

96 319 194 366 quod
214 319 458 354 diversimode
481 318 591 366 aliqui
612 319 762 354 virtutes
785 318 987 354 cardinales
1009 319 1254 365 distinguunt:
1278 326 1316 353 ut
1338 319 1436 353 enim
1459 318 1597 353 dictum
1619 326 1674 352 est

95 373 145 420 (q.
167 373 218 409 61.
233 378 339 420 art.3.
355 378 384 408 et
397 373 450 418 4.)
471 373 606 419 quidam
629 373 856 419 distinguunt
877 384 938 408 eas
959 373 1161 407 secundum
1184 372 1361 419 quasdam
1384 371 1570 418 generales
1592 383 1676 406 con-

96 427 252 463 ditiones
272 428 462 462 virtutum:
485 435 609 474 utpote
631 427 729 474 quod
756 427 926 461 discretio
953 427 1129 473 pertineat
1157 427 1200 460 ad
1229 426 1472 472 prudentiam,
1495 426 1674 460 rectitudo

97 481 141 516 ad
162 482 348 528 justitiam,
370 481 599 516 moderantia
617 482 661 515 ad
680 481 971 528 temperantiam,
991 480 1142 515 firmitas
1161 481 1273 514 animi
1296 480 1339 514 ad
1359 479 1621 522 fortitudinem,
1640 481 1675 514 in

94 546 326 582 quacumque
349 535 501 570 materia
522 535 589 569 ista
612 535 898 577 considerentur,
920 543 956 569 et
982 535 1184 569 secundum
1211 534 1282 568 hoc
1311 533 1501 568 manifeste
1529 541 1675 580 apparet

95 589 188 624 ratio
209 589 467 624 connexionis:
489 600 564 624 non
587 589 684 624 enim
706 588 856 624 firmitas
880 589 990 623 habet
1007 587 1154 623 laudem
1176 588 1328 630 virtutis,
1348 588 1376 623 si
1396 589 1439 622 sit
1457 588 1534 622 sine
1553 587 1676 621 mode-

94 643 247 686 ratione,
268 642 327 678 vel
348 643 574 685 rectitudine,
597 650 658 677 aut
679 642 913 677 discretione:
937 651 972 677 et
994 643 1122 677 eadem
1146 642 1238 676 ratio
1261 650 1315 676 est
1335 642 1379 676 de
1402 641 1491 676 aliis.
1515 641 1559 675 Et
1580 641 1674 675 hanc

95 697 276 732 rationem
297 697 536 732 connexionis
560 697 720 743 assignat
737 696 938 743 Gregorius
957 706 1012 731 22.
1034 695 1164 731 Moral.
1181 696 1270 743 (cap.
1286 709 1313 732 1.
1324 701 1401 743 post
1421 695 1521 741 med.)
1539 695 1675 738 dicens,

96 752 195 800 quod
219 752 380 794 virtutes,
402 753 430 786 si
452 752 524 786 sint
544 752 755 797 disjunctae,
777 762 852 786 non
874 759 1025 798 possunt
1046 762 1124 785 esse
1146 749 1328 797 perfectae
1350 750 1553 785 secundum
1571 750 1677 784 ratio-

94 808 180 842 nem
201 806 362 849 virtutis;
384 806 468 853 quia
490 817 557 840 nec
580 806 769 853 prudentia
790 817 875 840 vera
897 813 962 847 est,
984 817 1076 852 quae
1099 806 1204 851 justa,
1226 813 1262 839 et
1282 813 1502 851 temperans,
1521 813 1556 839 et
1573 803 1676 839 fortis

95 871 171 896 non
192 868 264 896 est:
287 868 323 896 et
342 860 441 895 idem
455 859 575 894 subdit
588 859 632 894 de
647 859 726 894 aliis
744 860 955 902 virtutibus3
978 867 1013 894 et
1038 859 1197 894 similem
1220 859 1401 893 rationem
1424 859 1584 905 assignat
1605 859 1677 893 Au-

96 914 260 962 gustinus
281 914 318 949 in
339 912 372 949 6.
399 913 442 948 de
466 913 596 948 Trinit.
620 914 711 962 (cap.
734 925 767 958 4.
796 915 829 948 in
847 914 990 961 princ).
1013 913 1088 948 Alii
1107 924 1195 948 vero
1223 913 1448 959 distinguunt
1473 913 1676 959 praedictas

95 969 246 1004 virtutes
267 967 469 1003 secundum
491 967 680 1002 materias:
704 976 739 1002 et
760 968 962 1002 secundum
989 967 1060 1002 hoc
1089 967 1293 1014 assignatur
1318 967 1410 1002 ratio
1438 967 1676 1002 connexionis

97 1022 141 1058 ab
163 1021 362 1058 Aristotele
383 1021 421 1056 in
435 1020 467 1056 6.
481 1021 598 1056 Ethic.
618 1022 708 1068 (cap.
724 1021 814 1067 ult),
834 1021 919 1068 quia
940 1022 1034 1056 sicut
1055 1032 1164 1068 supra
1182 1022 1318 1056 dictum
1335 1030 1388 1056 est
1401 1022 1510 1068 (q.58.
1526 1027 1591 1056 art.
1609 1022 1675 1066 4.)‚

95 1076 196 1112 nulla
217 1076 330 1111 virtus
351 1075 502 1110 moralis
523 1083 643 1122 potest
664 1075 740 1110 sine
763 1075 952 1122 prudentia
974 1075 1122 1118 haberi3
1145 1086 1189 1110 eo
1213 1075 1309 1122 quod
1329 1076 1515 1122 proprium
1534 1075 1676 1110 virtutis

98 1130 249 1166 moralis
271 1138 324 1166 est
343 1129 464 1165 facere
486 1129 706 1165 electionem
728 1138 878 1173 rectam,
900 1141 984 1164 cum
1012 1129 1057 1164 sit
1082 1129 1226 1164 habitus
1249 1129 1434 1164 electivus.
1457 1130 1514 1164 Ad
1537 1138 1676 1164 rectam

97 1193 221 1220 autem
243 1183 462 1220 electionem
484 1195 559 1218 non
581 1183 701 1218 solum
729 1183 861 1218 sufficit
886 1183 1074 1218 inclinatio
1096 1185 1132 1218 in
1160 1183 1322 1218 debitum
1348 1183 1471 1226 finem,
1498 1183 1596 1230 quod
1623 1191 1677 1219 est

100 1240 235 1275 directe
250 1250 314 1286 per
326 1238 491 1273 habitum
505 1238 645 1272 virtutis
667 1237 833 1280 moralis3
856 1238 918 1272 sed
941 1238 1051 1272 etiam
1066 1237 1163 1283 quod
1180 1237 1308 1284 aliquis
1331 1238 1466 1272 directe
1490 1238 1601 1283 eligat
1622 1249 1676 1280 ea,

100 1304 194 1341 quae
214 1301 299 1328 sunt
318 1292 362 1326 ad
385 1291 508 1334 finem,
530 1292 627 1338 quod
649 1291 688 1326 fit
709 1303 772 1337 per
798 1291 1039 1338 prudentiam,
1067 1303 1160 1338 quae
1188 1300 1241 1326 est
1267 1292 1507 1334 consiliativa‚
1530 1301 1565 1326 et
1590 1292 1679 1338 judi-

99 1346 228 1389 cativa‚
249 1354 284 1381 et
304 1345 534 1393 praeceptiva
555 1356 704 1396 eorum,
718 1357 811 1392 quae
833 1354 915 1380 sunt
937 1346 980 1380 ad
1004 1345 1126 1380 finem.
1150 1345 1325 1380 Similiter
1347 1348 1458 1380 etiam
1485 1346 1675 1393 prudentia

99 1411 174 1437 non
194 1408 314 1448 potest
334 1399 471 1442 haberi,
493 1399 562 1434 nisi
588 1400 790 1434 habeantur
816 1400 966 1434 virtutes
989 1399 1167 1442 morales;
1190 1412 1275 1434 cum
1301 1400 1490 1447 prudentia
1518 1401 1562 1435 sit
1588 1405 1676 1435 recta

99 1455 189 1490 ratio
210 1454 397 1500 agibilium‚
413 1465 506 1500 quae
525 1453 618 1488 sicut
635 1465 678 1488 ex
696 1454 880 1500 principiis
902 1454 1066 1500 procedit
1089 1465 1130 1488 ex
1148 1454 1278 1489 finibus
1301 1455 1502 1501 agibilium,
1517 1455 1562 1489 ad
1584 1466 1675 1501 quos

101 1508 231 1555 aliquis
251 1515 348 1542 recte
375 1519 414 1542 se
440 1507 549 1542 habet
575 1520 638 1554 per
663 1508 812 1542 virtutes
836 1507 1013 1543 morales:
1037 1509 1132 1543 unde
1154 1508 1247 1543 sicut
1274 1509 1425 1543 scientia
1452 1509 1675 1555 speculativa

98 1573 175 1598 non
195 1569 316 1609 potest
334 1561 460 1596 haberi
481 1561 558 1596 sine
580 1561 767 1596 intellectu
793 1562 1075 1609 principiorum;
1097 1562 1146 1596 ita
1167 1574 1235 1597 nec
1259 1563 1447 1609 prudentia
1471 1563 1547 1598 sine
1568 1563 1677 1597 virtu-

103 1616 199 1652 tibus
218 1614 436 1659 moralibus;
458 1626 500 1650 ex
522 1627 595 1662 quo
622 1615 812 1650 manifeste
834 1616 1006 1662 sequitur,
1027 1616 1177 1651 virtutes
1199 1616 1358 1652 morales
1380 1628 1458 1651 esse
1480 1628 1674 1652 connexas.

168 1670 229 1705 AD
250 1679 401 1705 PRIMUM
423 1680 511 1716 ergo
534 1669 741 1712 dicendum,
764 1670 861 1716 quod
883 1670 1057 1704 virtutum
1080 1670 1276 1705 moralium
1298 1670 1463 1717 quaedam
1482 1671 1673 1718 perficiunt

96 1724 289 1759 hominem
310 1724 512 1759 secundum
535 1734 774 1758 communem
793 1732 939 1766 statum,
962 1724 1101 1759 scilicet
1120 1733 1298 1771 quantum
1321 1725 1364 1759 ad
1381 1736 1435 1767 ea,
1457 1736 1550 1771 quae
1573 1736 1675 1760 com-

97 1778 256 1814 muniter
276 1778 313 1812 in
335 1777 438 1813 omni
459 1778 533 1812 vita
553 1777 750 1813 hominum
772 1786 968 1812 occurrunt
987 1778 1146 1825 agenda:
1162 1779 1257 1813 unde
1273 1787 1427 1825 oportet,
1444 1779 1541 1825 quod
1559 1779 1676 1814 homo

97 1832 207 1869 simul
228 1832 444 1868 exercitetur
466 1832 562 1866 circa
584 1832 754 1868 materias
780 1832 947 1866 omnium
974 1832 1148 1867 virtutum
1175 1832 1385 1875 moralium,
1412 1841 1446 1867 et
1472 1834 1501 1867 si
1527 1833 1675 1880 quidem

98 1887 195 1922 circa
216 1897 345 1922 omnes
367 1886 583 1921 exercitetur
603 1886 696 1921 bene
718 1886 916 1933 operando,
944 1886 1106 1933 acquiret
1132 1886 1277 1921 habitus
1304 1887 1471 1921 omnium
1499 1887 1674 1922 virtutum

97 1939 312 1984 moralium;
333 1940 365 1976 si
384 1948 507 1975 autem
534 1940 750 1975 exercitetur
779 1940 871 1975 bene
902 1940 1089 1987 operando
1112 1940 1209 1975 circa
1239 1951 1351 1975 unam
1374 1941 1578 1983 materiam,
1600 1952 1675 1975 non

98 2002 221 2030 autem
243 1994 340 2029 circa
361 1993 472 2029 aliam
494 1994 597 2041 (puta
618 1994 711 2029 bene
734 2005 771 2029 se
793 1994 962 2029 habendo
986 1994 1082 2028 circa
1104 1994 1186 2036 iras,
1213 2005 1288 2029 non
1315 2002 1438 2030 autem
1465 1996 1561 2029 circa
1589 2006 1676 2029 con-

98 2048 370 2096 cupiscentias),
392 2048 554 2095 acquiret
575 2048 724 2095 quidem
746 2048 912 2082 habitum
934 2047 1093 2095 aliquem
1122 2048 1165 2083 ad
1190 2048 1470 2083 refraenandum
1499 2049 1587 2092 iras3
1615 2049 1676 2096 qui

97 2111 223 2139 tamen
242 2113 318 2138 non
340 2102 487 2137 habebit
508 2102 689 2137 rationem
712 2102 853 2137 virtutis
871 2111 1018 2149 propter
1032 2102 1216 2138 defectum
1232 2103 1456 2150 prudentiae,
1472 2115 1564 2150 quae
1579 2104 1675 2138 circa

99 2156 413 2204 concupiscentias
435 2156 699 2203 corrumpitur:
722 2156 813 2191 sicut
836 2156 946 2191 etiam
969 2156 1151 2192 naturales
1174 2157 1428 2192 inclinationes
1447 2169 1522 2193 non
1540 2158 1676 2193 habent

98 2209 298 2259 perfectam
318 2212 499 2246 rationem
516 2211 669 2253 virtutis,
692 2211 721 2246 si
735 2211 925 2257 prudentia
940 2211 1041 2246 desit.
1062 2211 1239 2257 Quaedam
1251 2224 1338 2247 vero
1353 2213 1502 2248 virtutes
1518 2213 1675 2248 morales

98 2274 193 2309 sunt,
214 2277 307 2313 quae
329 2265 519 2312 perficiunt
539 2266 731 2301 hominem
754 2266 955 2300 secundum
978 2266 1138 2313 aliquem
1160 2267 1384 2303 eminentem
1403 2276 1560 2311 statum;
1582 2269 1675 2303 sicut

98 2319 384 2367 magnificentia,
406 2328 441 2354 et
462 2320 764 2366 magnanimitas:
794 2328 829 2354 et
856 2320 940 2366 quia
970 2321 1183 2355 exercitium
1213 2322 1308 2356 circa
1339 2323 1510 2357 materias
1543 2323 1673 2357 harum

98 2374 273 2410 virtutum
294 2385 370 2409 non
389 2374 548 2408 occurrit
574 2374 770 2420 unicuique
800 2374 1056 2417 communiter,
1083 2383 1202 2422 potest
1231 2375 1360 2422 aliquis
1389 2376 1523 2411 habere
1551 2376 1673 2421 (alias)

98 2430 247 2464 virtutes
261 2427 432 2471 morales,
450 2428 528 2463 sine
541 2427 614 2463 hoc
629 2428 727 2474 quod
742 2428 884 2463 habitus
898 2428 1030 2463 harum
1043 2429 1218 2464 virtutum
1234 2430 1366 2465 habeat
1380 2439 1473 2473 actu,
1490 2430 1674 2477 loquendo

100 2482 144 2518 de
163 2482 354 2517 virtutibus
377 2482 577 2529 acquisitis:
601 2482 663 2516 sed
685 2489 821 2525 tamen,
834 2483 1027 2529 'acquisitis
1052 2482 1131 2518 aliis
1152 2484 1354 2526 virtutibus,
1378 2485 1486 2520 habet
1507 2485 1592 2519 istas
1611 2485 1676 2519 vir-

99 2545 194 2572 tutes
211 2536 247 2571 in
269 2536 431 2583 potentia
453 2537 676 2583 propinqua:
700 2547 785 2570 cum
807 2536 905 2571 enim
929 2536 1058 2584 aliquis
1083 2549 1145 2584 per
1164 2538 1376 2573 exercitium
1401 2540 1549 2585 adeptus
1568 2547 1622 2574 est
1639 2539 1676 2573 li-

99 2589 328 2626 beralitatem
349 2590 446 2624 circa
467 2590 671 2625 mediocres
695 2590 923 2633 donationes,
946 2599 981 2626 et
1003 2600 1181 2638 sumptus,
1203 2592 1233 2626 si
1255 2593 1484 2639 superveniat
1509 2593 1541 2628 ei
1569 2593 1677 2628 abun·

100 2644 224 2680 dantia
244 2643 495 2691 pecuniarum,
518 2644 666 2678 modico
689 2644 860 2679 exercitio
883 2645 1045 2692 acquiret
1067 2645 1361 2692 magnificentiae
1380 2647 1564 2681 habitum:
1584 2647 1677 2682 sicut

102 2697 305 2734 Geometer
324 2697 474 2733 modico
497 2697 617 2732 studio
633 2698 786 2744 acquirit
800 2698 988 2734 scientiam
1006 2699 1157 2745 alicujus
1173 2700 1434 2743 conclusionis,
1450 2712 1558 2747 quam
1575 2713 1677 2736 num-

100 2763 212 2800 quam
233 2751 495 2787 consideravit:
519 2751 608 2786 illud
631 2760 753 2786 autem
777 2752 908 2788 habere
931 2753 1098 2796 dicimur,
1121 2754 1218 2801 quod
1242 2755 1275 2788 in
1300 2763 1470 2802 promptu
1486 2764 1539 2790 est
1561 2764 1598 2790 ut
1617 2756 1677 2790 lia-

100 2806 265 2850 beamus,
285 2806 488 2842 secundum
510 2805 597 2841 illud
614 2805 830 2853 Philosophi
845 2807 880 2842 in
900 2817 931 2842 2.
947 2808 1092 2855 Physic.
1109 2809 1188 2854 (lex.
1200 2809 1286 2855 56),
1305 2809 1403 2856 quod
1419 2821 1547 2856 parum
1563 2810 1674 2853 deest,

102 2861 206 2908 quasi
225 2859 319 2896 nihil
338 2860 464 2896 deesse
490 2860 642 2896 videtur.

175 2914 220 2951 Et
239 2926 303 2962 per
325 2914 399 2950 hoc
419 2922 519 2962 patet
539 2915 730 2962 responsio
751 2925 802 2950 AD
821 2925 1041 2952 SECUNDUM.
