1907 3198
480 184 704 221 QUAESTIO
738 183 876 214 XXXII.
909 183 1158 214 ARTICULUS
1191 183 1218 212 Ι.
1555 183 1637 228 243

131 279 163 304 2.
190 268 430 304 PRAETEREA.
456 267 665 302 Delectatio
687 267 877 315 potissime
906 266 1072 302 consistit
1100 266 1136 300 in
1164 265 1236 301 fine
1265 265 1415 312 adepto:
1441 265 1513 300 hoc
1545 265 1643 300 enim

59 331 124 367 est,
145 322 244 370 quod
265 322 460 370 praecipue
490 322 780 368 concupiscitur:
812 321 874 356 sed
903 332 979 356 non
1010 331 1155 367 semper
1185 320 1355 367 operatio
1379 328 1433 355 est
1461 319 1554 362 finis,
1580 320 1643 355 sed

58 377 278 425 quandoque
299 378 420 424 ipsum
442 384 655 424 operatum3
677 387 752 411 non
775 387 863 423 ergo
886 375 1052 422 operatio
1075 383 1129 410 est
1150 374 1309 422 propria,
1329 382 1365 409 et
1386 385 1450 421 per
1472 385 1510 409 se
1533 385 1644 410 causa

58 430 323 467 delectationis.

8 477 23 542 ἑ,
131 497 161 533 3.
183 485 423 521 PRAETEREA.
448 484 592 528 Otium,
615 493 649 520 et
671 485 813 532 requies
835 484 1004 518 dicuntur
1030 495 1095 531 per
1121 484 1367 518 cessationem
1395 483 1643 530 operationis:

7 542 22 591 δ’
56 540 149 576 haec
172 547 296 574 autem
317 547 401 574 sunt
422 538 663 582 delectabilia,
687 547 725 573 ut
746 539 833 573 dicit
854 539 890 572 in
916 538 1035 585 primo
1063 538 1215 573 Rhetor.
1245 537 1322 582 (loc.
1349 544 1418 585 sup.
1446 538 1541 583 cit.),·
1569 549 1645 573 non

6 578 30 630 ἐς
57 605 147 642 ergo
169 594 336 641 operatio
358 602 413 628 est
433 595 580 640 propria
608 605 718 629 causa
741 592 1006 628 delectationis.

11 640 26 698 ᾇ
129 647 206 684 SED
229 658 386 684 CONTRA
409 656 473 690 est,
496 648 594 694 quod
618 648 868 695 Philosophus
891 647 978 682 dicit
996 658 1027 693 7.
1051 646 1168 681 Ethic.
1195 650 1287 694 (cap.
1310 658 1360 682 12.
1384 651 1413 682 et
1438 647 1498 693 13.)
1523 655 1557 681 et
1588 657 1640 682 10.

18 725 27 745 a
56 702 147 750 (cap.
168 713 203 748 4.
221 707 292 750 ⁶¹5·
315 702 471 749 intplic),
495 702 593 749 quod
613 702 808 737 delectatio
832 710 886 737 est
904 701 1069 749 operatio
1085 700 1346 743 connaturalis,
1365 712 1440 735 non
1457 700 1644 748 impedita.

128 755 361 792 RESPONDEO
384 756 593 799 dicendum,
616 756 726 803 quod,
748 756 842 791 sicut
863 767 970 803 supra
992 755 1131 790 dictum
1154 764 1208 790 est
1231 755 1277 802 (q.
1296 768 1343 802 31.
1363 760 1428 790 art.
1449 756 1505 801 L),
1530 756 1574 790 ad
1589 755 1647 790 de-

14 797 25 820 ⁸
55 810 292 847 lectationem
311 810 374 846 duo
397 811 647 858 requiruntur:
671 810 811 846 scilicet
833 812 1016 846 consecutio
1038 810 1126 845 boni
1149 810 1413 852 convenientis,
1437 818 1472 844 et
1498 811 1644 857 cognitio

10 897 16 904 ,
55 865 270 912 hujusmodi
291 864 514 912 adeptionis:
538 873 733 912 utrumque
753 873 875 900 autem
907 865 1042 900 horum
1074 866 1111 900 in
1140 864 1300 911 quadam
1325 864 1538 911 operatione
1562 875 1647 899 con-

15 945 18 949 ·
55 919 168 956 sistit:
187 930 276 954 nam
297 918 450 954 actualis
474 919 637 966 cognitio
657 919 824 965 operatio
852 927 905 954 est
931 919 1125 966 quaedam,
1153 918 1320 954 similiter
1345 919 1485 953 bonum
1513 929 1644 953 conve-

54 973 160 1009 niens
181 973 417 1020 adipiscimur
439 972 560 1020 aliqua
578 973 807 1020 operatione,
825 974 904 1020 ipsa
919 974 1029 1008 etiam
1045 973 1211 1020 operatio
1226 973 1373 1020 propria
1390 981 1444 1008 est
1458 973 1645 1020 quoddam

23 1024 29 1026 ”
54 1028 195 1064 bonum
209 1027 451 1071 conveniens3
466 1027 562 1063 unde
577 1036 732 1075 oportet,
749 1028 848 1075 quod
863 1028 984 1063 omnis
999 1027 1195 1063 delectatio
1214 1027 1376 1075 aliquam
1391 1027 1645 1075 operationem

55 1091 310 1131 consequatur.

126 1138 188 1174 AD
209 1143 362 1175 Panum
388 1149 477 1186 ergo
504 1138 714 1182 dicendum,
730 1138 828 1186 quod
847 1138 926 1186 ipsa
947 1139 1092 1185 objecta
1113 1138 1373 1186 operationum
1390 1149 1466 1173 non
1488 1146 1571 1173 sunt
1589 1137 1646 1172 de-

53 1191 248 1236 lectabilia,
273 1192 344 1228 nisi
369 1193 588 1240 inquantum
614 1193 888 1240 conjunguntur
912 1193 1038 1236 nobis;
1063 1193 1118 1228 vel
1142 1204 1207 1240 per
1233 1192 1488 1240 cognitionem
1514 1193 1647 1235 solam,

54 1247 149 1283 sicut
169 1258 256 1282 cum
275 1246 503 1282 delectamur
523 1247 561 1282 in
583 1247 890 1290 consideratione,
907 1246 968 1282 vel
985 1247 1214 1294 inspectione
1237 1247 1463 1294 aliquorum3
1484 1247 1539 1282 vel
1559 1258 1647 1294 quo-

24 1318 30 1324 »
55 1312 214 1349 cumque
227 1301 301 1336 alio
315 1301 431 1337 modo
451 1300 563 1337 simul
584 1313 669 1336 curn
691 1301 916 1349 cognitione,
931 1301 1025 1336 sicut
1043 1313 1128 1336 curn
1148 1300 1279 1348 aliquis
1297 1300 1498 1336 delectatur
1516 1301 1550 1335 in
1572 1301 1645 1336 hoc

54 1355 154 1404 quod
175 1355 369 1403 cognoscit
389 1367 428 1391 se
448 1355 584 1391 habere
613 1355 873 1403 quodcumque
898 1355 1051 1398 bonum,
1077 1363 1164 1403 puta
1192 1355 1347 1398 divitias,
1369 1355 1428 1390 vel
1449 1355 1645 1398 honorem,

53 1409 113 1446 vel
134 1409 270 1458 aliquid
290 1409 522 1458 hujusmodi:
545 1421 638 1457 quae
660 1410 809 1457 quidem
830 1421 907 1445 non
930 1418 1051 1445 essent
1071 1409 1314 1452 delectabilia,
1336 1410 1407 1444 nisi
1427 1409 1646 1457 inquantum

26 1499 31 1510 ‚
55 1464 377 1512 apprehenduntur
397 1473 437 1500 ut
456 1465 598 1500 habita:
621 1473 662 1500 ut
683 1465 782 1500 enim
803 1464 942 1500 Philos.
962 1465 1050 1499 dicit
1070 1465 1106 1499 in
1130 1475 1161 1499 2.
1177 1463 1286 1499 Polit.
1305 1464 1392 1512 (cap.
1404 1477 1433 1512 3.
1449 1469 1525 1500 ante
1542 1464 1642 1511 med.)

54 1530 230 1566 magnam
252 1518 534 1554 delectationem
557 1519 668 1554 habet
689 1527 816 1567 putare
839 1519 974 1567 aliquid
993 1519 1061 1554 sibi
1078 1519 1285 1566 proprium;
1305 1530 1398 1566 quae
1414 1519 1580 1566 procedit
1602 1531 1645 1554 ex

27 1580 42 1587 ''
55 1573 214 1608 naturali
235 1584 362 1609 amore
385 1573 538 1620 alicujus
554 1573 598 1608 ad
613 1573 795 1621 seipsum:
817 1573 952 1609 habere
975 1582 1099 1608 autem
1120 1573 1334 1620 hujusmodi
1356 1573 1449 1608 nihil
1467 1581 1522 1608 est
1535 1573 1645 1616 aliud,

57 1639 170 1676 quam
189 1628 242 1664 uti
263 1629 326 1672 eis,
347 1628 407 1664 vel
428 1640 536 1676 posse
557 1628 628 1664 uti:
651 1637 687 1663 et
707 1628 780 1664 hoc
804 1637 858 1664 est
878 1640 942 1676 per
965 1628 1126 1675 aliquam
1153 1628 1428 1676 operationem:
1453 1628 1548 1663 unde
1571 1640 1645 1663 ma-

57 1682 230 1718 nifestum
268 1690 333 1727 est,
366 1683 464 1730 quod
500 1683 621 1718 omnis
655 1682 852 1718 delectatio
887 1685 923 1718 in
958 1683 1213 1730 operationem
1251 1683 1448 1726 reducitur,
1482 1683 1576 1718 sicut
1608 1683 1644 1718 in

57 1747 218 1772 causam.

127 1791 189 1827 AD
207 1802 418 1828 SECUNDUM
444 1791 653 1835 dicendum,
681 1791 779 1839 quod
807 1791 918 1826 etiam
939 1791 976 1826 in
998 1790 1081 1834 illis,
1102 1791 1140 1826 in
1162 1791 1292 1839 quibus
1314 1791 1548 1839 operationes
1570 1803 1645 1827 non

28 1865 36 1880 -.
55 1853 139 1882 sunt
159 1845 262 1890 fines,
276 1846 340 1882 sed
361 1854 513 1894 operata
526 1847 616 1894 ipsa,
632 1854 783 1894 operata
806 1854 889 1881 sunt
910 1845 1152 1889 delectabilia,
1174 1846 1393 1893 inquantum
1412 1854 1495 1881 sunt
1507 1846 1644 1889 habita,

54 1899 114 1936 vel
133 1899 246 1936 facta:
269 1901 367 1948 quod
389 1900 544 1936 refertur
565 1900 610 1936 ad
633 1900 794 1948 aliquem
816 1912 935 1943 usum,
957 1900 1017 1935 vel
1039 1901 1305 1948 operationem.

126 1955 188 1991 AD
203 1965 378 1991 TERTmM
393 1955 710 2002 dicendum,quod
726 1955 960 2002 operationes
976 1963 1059 1990 sunt
1073 1955 1547 2002 delectabiles,inquantum
1562 1964 1646 1991 sunt

54 2009 366 2058 proportionatae,
382 2018 417 2046 et
431 2009 688 2046 connaturales
711 2010 894 2057 operanti:
916 2022 1001 2045 cum
1017 2018 1139 2045 autem
1154 2010 1267 2045 virtus
1280 2008 1444 2045 humana
1467 2011 1511 2046 sit
1533 2010 1645 2054 finita,

55 2064 259 2100 secundum
282 2063 444 2112 aliquam
466 2076 679 2100 mensuram
702 2065 868 2112 operatio
891 2073 945 2099 est
965 2064 1033 2099 sibi
1054 2065 1352 2112 proportionata;
1375 2065 1471 2101 unde
1494 2065 1524 2100 si
1546 2077 1646 2101 exce-

55 2117 118 2154 dat
137 2118 240 2154 illam
267 2130 491 2163 mensuram,
517 2120 593 2166 jam
619 2130 695 2154 non
723 2119 790 2154 erit
815 2119 883 2153 sibi
910 2119 1199 2166 proportionata,
1226 2131 1293 2153 nec
1323 2119 1559 2163 delectabilis,
1582 2120 1644 2155 sed

52 2172 174 2220 ¹magis
195 2172 392 2216 laboriosa,
407 2181 443 2208 et
456 2173 669 2208 attaedians.
684 2173 729 2207 Et
746 2173 951 2208 secundum
969 2172 1041 2207 hoc
1061 2173 1190 2215 otium,
1208 2181 1243 2208 et
1260 2172 1378 2216 ludus,
1394 2181 1429 2208 et
1450 2173 1532 2216 alia,
1551 2185 1643 2221 quae

57 2225 103 2262 ad
122 2227 287 2274 requiem
309 2227 500 2275 pertinent,
523 2226 754 2263 delectabilia
776 2235 870 2270 sunt,
898 2227 1116 2274 inquantum
1143 2226 1312 2262 auferunt
1332 2228 1528 2271 tristitiam,
1551 2240 1643 2276 quae

58 2287 112 2316 est
132 2291 175 2316 ex
196 2280 334 2317 labore.

627 2423 977 2470 ARTICULUS
1007 2425 1064 2468 11.
1579 2438 1640 2486 183

346 2534 502 2566 UTRUM
528 2534 682 2565 MOTUS
710 2535 779 2566 SIT
807 2536 950 2566 CAUSA
976 2536 1353 2568 DELECTATIONIS.

537 2624 586 2669 (4.
609 2625 698 2660 Dist.
720 2636 779 2672 49.
801 2637 832 2672 q.
846 2637 876 2673 3.
899 2631 964 2661 art.
986 2637 1018 2661 2.
1041 2625 1084 2660 ad
1101 2627 1160 2673 3.).

129 2713 193 2750 ΑΙ)
213 2724 423 2751 SECUNDUM
445 2714 496 2750 sic
520 2715 739 2762 proceditur.
755 2715 920 2759 Videtur,
935 2717 1034 2764 quod
1057 2725 1181 2751 motus
1200 2728 1275 2751 non
1294 2716 1339 2751 sit
1358 2728 1467 2751 causa
1489 2717 1645 2752 delecta-

56 2765 185 2812 tionis;
206 2768 302 2816 quia,
324 2769 417 2804 sicut
438 2780 545 2816 supra
568 2769 704 2805 dictum
728 2779 782 2806 est
804 2770 908 2818 (tq-31.
925 2777 991 2806 art.
1007 2772 1066 2818 L),
1090 2771 1230 2805 bonum
1254 2771 1542 2818 praesentialiter
1564 2772 1644 2807 ade-

0 2846 1 2849 *
58 2827 160 2868 ptum
181 2830 235 2858 est
255 2834 366 2859 causa
386 2823 658 2867 delectationis;
678 2824 773 2860 unde
795 2824 934 2860 Philos.
962 2825 999 2860 in
1023 2837 1053 2872 7.
1076 2825 1194 2860 Ethic.
1218 2825 1305 2860 dicit
1326 2826 1416 2873 (cap.
1439 2827 1521 2872 12),
1544 2827 1641 2873 quod

0 2891 2 2912 ῑ
59 2870 251 2912 delectatio
275 2888 352 2912 non
379 2886 614 2925 comparatur
639 2879 879 2924 generationi,
902 2879 964 2914 sed
987 2879 1192 2926 operationi
1215 2879 1265 2914 rei
1287 2880 1361 2925 jam
1385 2880 1579 2915 existentis.
1601 2880 1641 2915 Id

60 2935 193 2973 nvem,
215 2930 313 2978 quod
334 2940 505 2967 movetur
526 2932 570 2967 ad
592 2931 702 2976 aliud,
716 2933 881 2968 nondum
903 2933 1013 2969 habet
1034 2933 1136 2976 illud,
1151 2933 1212 2968 sed
1233 2933 1511 2980 quodammodo
1534 2943 1586 2970 est
1604 2935 1640 2970 in
