1907 3182
242 183 325 226 228
675 192 894 229 QUAESTIO
927 192 1029 221 XXX.
1063 190 1307 221 ARTICULUS
1340 190 1366 219 1.

827 360 1170 406 ARTICULUS
1204 360 1238 402 1.
1739 382 1803 418 170

297 473 449 504 UTRUM
476 470 860 503 CONCUPISCENTIA
887 469 954 499 SIT
982 469 1168 499 TANTUM
1191 469 1235 498 IN
1262 468 1478 498 APPETITU
1507 467 1752 498 SENSITIVO.

417 560 521 606 (Infr.
545 571 574 605 q.
598 570 647 605 32.
667 563 732 592 art.
751 569 779 603 3.
801 557 843 591 ad
861 569 889 603 3.
912 562 939 591 et
960 568 990 591 2.
1013 557 1101 590 Dist.
1122 556 1178 591 26.
1201 567 1230 601 q.
1249 567 1276 590 Ι.
1299 560 1362 590 art.
1380 567 1412 590 2.
1434 561 1525 602 corp.
1538 555 1632 601 fin)

316 648 374 682 AD
401 658 549 683 PRIMUM
572 646 621 680 sic
649 645 865 691 proceditur.
892 645 1050 687 Videtur,
1074 643 1169 690 quod
1198 643 1492 690 concupiscentia
1517 654 1591 677 non
1618 643 1739 678 solum
1762 643 1806 678 sit

245 703 281 737 in
303 702 461 749 appetitu
484 700 672 735 sensitivo:
697 707 750 733 est
772 699 869 733 enim
889 699 1067 744 quaedam
1090 697 1383 744 concupiscentia
1404 697 1612 743 sapientiae,
1627 705 1665 730 ut
1679 696 1807 731 dicitur

246 757 328 802 Sap.
352 754 399 789 6.:
426 754 698 800 Concupiscentia
724 753 901 799 sapientiae
922 752 1049 786 deducit
1070 751 1112 785 ad
1133 763 1269 797 regnum
1291 755 1506 797 perpetuum:
1539 750 1601 785 sed
1629 750 1806 797 appetitus

247 809 436 844 sensitivus
463 819 536 841 non
564 814 683 853 potest
716 805 798 840 ferri
828 806 864 839 in
894 805 1128 851 sapientiam3
1156 815 1243 850 ergo
1272 803 1565 850 concupiscentia
1591 815 1665 837 non
1692 811 1745 838 est
1770 803 1807 836 in

247 863 325 898 solo
349 861 506 908 appetitu
529 860 712 894 sensitivo.

320 927 350 950 2.
373 916 609 949 PRAETEREA.
636 912 867 947 Desiderium
894 911 1150 945 mandatorum
1177 911 1247 945 Dei
1273 922 1347 944 non
1375 918 1428 945 est
1453 909 1490 944 in
1517 910 1675 957 appetitu
1701 910 1809 945 sensi-

247 971 338 1004 tivo:
359 969 473 1002 immo
490 968 616 1013 Apost.
637 967 723 1000 dicit
737 966 844 999 Rom.
861 976 911 1010 7.:
929 966 1005 1000 Non
1018 965 1142 999 habitat
1158 966 1190 998 in
1205 977 1266 1006 me,
1283 965 1340 999 hoc
1355 969 1396 998 est
1411 965 1444 998 in
1461 976 1559 998 carne
1573 975 1657 1006 mea,
1674 965 1808 998 bonum:

249 1024 310 1058 sed
334 1022 551 1056 desiderium
573 1020 829 1054 mandatorum
855 1019 926 1053 Dei
952 1019 1015 1052 sub
1044 1017 1340 1064 concupiscentia
1367 1017 1472 1059 cadit,
1495 1017 1695 1051 secundum
1722 1016 1808 1050 illud

248 1076 381 1111 Psalm.
409 1075 502 1109 118.:
527 1073 729 1120 Com-upivit
750 1074 864 1107 anima
886 1084 958 1106 mea
979 1072 1159 1106 desiderare
1177 1072 1428 1118 justificationes
1449 1076 1542 1112 mas,-
1566 1082 1652 1117 ergo
1680 1082 1811 1105 concu-

249 1129 422 1177 piscentia
443 1139 517 1162 non
540 1136 592 1162 est
614 1127 734 1161 solum
756 1127 792 1160 in
816 1127 973 1172 appetitu
995 1126 1179 1160 sensitivo.

323 1195 351 1229 3.
371 1183 606 1216 PRAETEREA.
624 1180 782 1215 Cuilibet
796 1180 978 1225 potentiae
993 1187 1045 1213 est
1061 1178 1342 1225 concupiscibile
1357 1179 1543 1225 proprium
1553 1178 1708 1220 bonum3
1725 1188 1811 1224 ergo

251 1235 546 1282 concupiscentia
568 1243 620 1269 est
646 1235 682 1268 in
708 1234 866 1281 qualibet
892 1233 1053 1280 potentia
1080 1233 1236 1275 animae,
1266 1241 1301 1267 et
1329 1243 1405 1267 non
1434 1231 1556 1267 solum
1584 1232 1621 1266 in
1652 1231 1812 1278 appetitu

252 1290 434 1326 sensitivo.

323 1344 396 1378 SED
420 1353 574 1378 CONTRA
597 1349 659 1383 est,
683 1341 779 1388 quod
801 1341 1020 1375 Damascen.
1044 1340 1130 1374 dicit
1151 1341 1225 1385 (lib.
1248 1352 1277 1375 2.
1301 1340 1396 1375 Orth.
1425 1339 1497 1375 Fid.
1521 1345 1592 1386 cap.
1615 1339 1695 1384 12),
1716 1338 1813 1385 quod

250 1397 456 1433 irrationale
479 1396 662 1437 obediens,
685 1404 719 1430 et
740 1394 975 1442 persuasibile
998 1394 1129 1428 rationi
1152 1394 1320 1428 dividitur
1346 1394 1381 1427 in
1405 1393 1755 1439 concupiscentiam,
1780 1400 1815 1426 et

253 1453 360 1486 iram:
383 1451 473 1484 haec
497 1458 618 1484 autem
646 1457 698 1483 est
724 1448 941 1482 irrationalis
965 1448 1108 1481 animae
1134 1459 1215 1494 pars
1242 1447 1395 1494 passiva,
1424 1455 1458 1482 et
1486 1446 1699 1493 appetitiva;
1727 1456 1814 1492 ergo

254 1503 548 1551 concupiscentia
571 1511 623 1537 est
643 1503 679 1536 in
702 1504 860 1548 appetitu
882 1501 1065 1535 sensitivo.

323 1558 551 1592 RESPONDEO
567 1556 771 1597 dicendum,
791 1555 898 1602 quod,
918 1555 1009 1589 sicut
1027 1554 1273 1600 Philosophus
1285 1553 1371 1587 dicit
1387 1554 1423 1588 in
1442 1565 1469 1588 1.
1485 1553 1637 1589 Rhetor.
1661 1553 1748 1600 (cap.
1768 1565 1814 1587 ΙΙ.

249 1620 375 1660 parum
394 1612 566 1658 aprina),
591 1609 885 1655 concupiscentia
908 1616 960 1642 est
982 1608 1159 1654 appetitus
1182 1606 1414 1642 delectabilis.

326 1665 388 1699 Est
407 1672 527 1698 autem
550 1664 668 1709 duplex
690 1662 894 1704 delectatio,
916 1670 953 1696 ut
971 1660 1062 1695 infra
1084 1661 1221 1695 dicetur
1243 1660 1289 1706 (q.
1307 1673 1354 1707 31.
1373 1666 1438 1695 art.
1453 1672 1482 1706 3.
1500 1665 1527 1694 εἰ
1544 1661 1609 1706 4.).·
1630 1671 1709 1702 una,
1726 1670 1817 1706 quae

257 1727 310 1754 est
331 1719 366 1752 in
387 1718 485 1752 bono
507 1716 735 1762 intelligibili,
758 1716 854 1762 quod
878 1723 930 1749 est
950 1715 1088 1748 bonum
1109 1714 1281 1756 rationis3
1304 1714 1384 1756 alia,
1408 1725 1500 1760 quae
1521 1721 1575 1748 est
1594 1713 1630 1747 in
1651 1713 1749 1748 bono
1768 1724 1819 1747 se-

257 1772 419 1807 cundum
441 1782 607 1813 sensum3
624 1771 740 1817 prima
762 1770 909 1816 quidem
937 1769 1128 1804 delectatio
1154 1769 1295 1803 videtur
1322 1780 1399 1804 esse
1427 1769 1569 1804 animae
1594 1776 1753 1812 tantum3
1778 1780 1820 1804 se-

256 1826 363 1862 cunda
386 1833 507 1860 autem
530 1832 583 1859 est
605 1824 759 1866 animae,
782 1831 816 1858 et
839 1823 1020 1869 corporis3
1043 1823 1126 1869 quia
1153 1834 1277 1857 sensus
1303 1831 1357 1857 est
1380 1823 1491 1857 virtus
1517 1822 1554 1857 in
1579 1833 1718 1869 organo
1746 1834 1822 1857 cor-

257 1892 386 1928 poreo3
409 1879 503 1913 unde
526 1887 560 1913 et
581 1878 719 1912 bonum
741 1877 942 1912 secundum
964 1888 1110 1911 sensum
1133 1884 1186 1910 est
1206 1876 1344 1910 bonum
1365 1876 1475 1911 totius
1497 1876 1692 1923 conjuncti.
1720 1875 1821 1910 Talis

259 1941 380 1968 autem
407 1931 657 1967 delectationis
685 1931 862 1977 appetitus
884 1931 1024 1965 videtur
1046 1941 1123 1964 esse
1146 1930 1452 1976 concupiscentia,
1479 1941 1571 1976 quae
1592 1928 1700 1964 simul
1721 1929 1823 1976 perti—

258 1996 342 2022 neat
364 1995 398 2021 et
419 1986 462 2020 ad
485 1986 657 2027 animam,
687 1993 721 2019 et
748 1985 791 2019 ad
820 1996 962 2031 corpus,
989 1992 1027 2018 ut
1051 1984 1170 2030 ipsum
1192 1994 1329 2017 nomen
1356 1983 1672 2030 concupiscentiae
1699 1991 1820 2017 sonat:

260 2042 353 2076 unde
376 2039 681 2086 concupiscentia,
700 2039 843 2085 proprie
865 2038 1061 2084 loquendo,
1077 2045 1130 2072 est
1150 2037 1186 2071 in
1205 2037 1363 2083 appetitu
1382 2037 1567 2079 sensitivo,
1582 2045 1617 2072 et
1633 2037 1670 2071 in
1687 2036 1723 2070 vi
1741 2047 1825 2071 con-

262 2093 473 2141 cupiscibili,
496 2104 588 2139 quae
611 2093 652 2126 ab
677 2104 717 2127 ea
740 2093 1005 2126 denominatur.

333 2148 392 2182 ΑΙ)
414 2157 562 2182 PRIMUM
586 2157 672 2192 ergo
697 2146 901 2188 dicendum,
924 2145 1020 2192 quod
1044 2144 1220 2191 appetitus
1242 2144 1450 2191 sapientiae,
1472 2143 1530 2179 vel
1553 2144 1708 2179 aliorum
1726 2143 1824 2191 spiri-

261 2201 414 2237 tualium
428 2201 607 2234 bonorum
623 2200 802 2233 interdum
817 2200 1077 2246 concupiscentia
1090 2198 1310 2240 nominatur,
1324 2199 1376 2233 vel
1389 2205 1534 2245 propter
1552 2197 1825 2232 similitudinem

264 2255 470 2302 quamdam,
491 2254 543 2288 vel
564 2261 708 2299 propter
729 2253 972 2287 intensionem
995 2252 1171 2299 appetitus
1193 2252 1386 2298 superioris
1408 2252 1528 2298 partis,
1556 2263 1598 2286 ex
1619 2263 1691 2298 quo
1717 2251 1757 2286 fit
1776 2262 1826 2286 re-

265 2308 459 2343 dundantia
482 2307 518 2340 in
539 2306 747 2340 inferiorem
770 2307 986 2352 appetitum;
1008 2314 1047 2340 ut
1063 2305 1171 2340 simul
1186 2306 1295 2340 etiam
1313 2305 1388 2352 ipse
1403 2305 1552 2340 inferior
1567 2305 1742 2352 appetitus
1759 2316 1826 2339 suo

265 2361 377 2396 modo
399 2361 521 2395 tendat
539 2360 574 2393 in
596 2359 778 2406 spirituale
797 2360 932 2393 bonum
953 2370 1179 2405 consequens
1199 2359 1396 2405 appetitum
1415 2358 1650 2405 superiorem,
1665 2366 1700 2393 et
1717 2358 1827 2393 etiam

266 2417 384 2462 ipsum
412 2425 540 2460 corpus
568 2413 810 2459 spiritualibus
838 2413 1026 2455 deserviat,
1048 2412 1140 2447 sicut
1165 2412 1201 2446 in
1227 2412 1285 2447 Ps.
1308 2412 1362 2459 83.
1386 2412 1532 2447 dicitur:
1563 2412 1631 2447 Cor
1655 2424 1778 2455 meum,
1800 2416 1828 2447 εἰ

267 2480 347 2504 caro
370 2479 441 2502 mea
462 2467 693 2502 exultaverunt
714 2468 748 2500 in
771 2467 881 2501 Deum
902 2467 1031 2500 vivum.

339 2522 398 2556 ΑΙ)
421 2530 627 2556 SECUNDUM
650 2520 855 2561 dicendum,
871 2520 967 2566 quod
987 2519 1205 2554 desiderium
1221 2518 1336 2565 magis
1352 2518 1528 2566 pertinere
1543 2526 1671 2566 potest,
1686 2519 1828 2566 proprie

268 2575 464 2622 loquendo,
486 2585 559 2607 non
582 2573 701 2607 solum
733 2573 776 2606 ad
804 2572 1011 2607 inferiorem
1043 2572 1252 2619 appetitum,
1283 2572 1344 2607 sed
1375 2573 1483 2607 etiam
1514 2573 1557 2607 ad
1587 2572 1828 2619 superiorem:

269 2641 343 2667 non
359 2629 457 2663 enim
472 2628 643 2673 importat
658 2626 816 2672 aliquam
832 2626 1145 2660 consociationem
1160 2626 1196 2660 in
1211 2625 1402 2672 cupiendo,
1417 2626 1509 2661 sicut
1523 2625 1830 2672 concupiscentia,

270 2683 331 2718 sed
353 2681 557 2728 simplicem
580 2688 722 2714 motum
744 2680 778 2713 in
798 2691 873 2714 rem
897 2680 1147 2714 desideratam.

344 2736 403 2770 ΑΙ)
426 2745 596 2770 TERTIUM
619 2733 824 2775 dicendum,
847 2733 943 2779 quod
967 2733 1160 2780 unicuique
1183 2733 1364 2779 potentiae
1388 2733 1530 2768 animae
1550 2741 1716 2780 appetere
1735 2743 1832 2767 com-

273 2789 360 2836 petit
381 2789 566 2835 proprium
588 2788 725 2821 bonum
748 2787 906 2833 appetitu
929 2787 1094 2829 naturali,
1117 2787 1176 2833 qui
1198 2798 1271 2821 non
1298 2783 1458 2833 sequitur
1486 2787 1830 2834 apprehensionem:

274 2843 335 2877 sed
359 2850 524 2888 appetere
547 2842 683 2875 bonum
706 2840 862 2887 appetitu
885 2840 1044 2881 animali,
1067 2841 1126 2886 qui
1148 2840 1307 2886 sequitur
1329 2840 1666 2887 apprehensionem,
1681 2840 1833 2886 pertinet

276 2895 393 2933 solum
417 2895 459 2930 ad
482 2895 555 2929 vim
579 2894 829 2942 appetitivam:
859 2901 1024 2940 appetere
1045 2901 1164 2928 autem
1184 2893 1314 2940 aliquid
1330 2894 1393 2929 sub
1414 2894 1552 2929 ratione
1574 2893 1660 2929 boni
1681 2893 1833 2929 delecta-
