1907 3198
529 217 755 253 QUAEsTIO
790 221 874 251 Ην.
910 222 1156 255 ARTICULUS
1190 225 1234 256 11.
1585 233 1667 275 375

88 305 273 334 naturam:
301 299 397 334 tertio
423 311 512 335 vero
535 302 648 336 modo
671 303 874 339 secundum
901 305 1044 352 objecta
1071 308 1191 354 specie
1218 308 1436 346 differentia:
1465 321 1503 348 ut
1529 325 1593 361 per
1619 326 1670 350 se-

86 351 233 399 quentia
254 352 501 400 explicabitur.

156 406 217 441 At>
230 417 382 443 numm
404 419 492 455 ergo
515 409 724 455 dicendum,
752 413 850 460 quod
872 414 909 448 in
931 414 1165 451 distinctione
1192 418 1451 464 potentiarum,
1473 421 1532 456 vel
1555 422 1665 457 etiarn

82 459 285 503 habituum,
314 472 390 496 non
418 470 471 497 est
501 464 809 501 considerandum
838 467 960 515 ipsum
988 469 1173 516 objectum
1201 473 1449 517 materialiter,
1484 476 1546 510 sed
1574 477 1666 512 ratio

83 513 217 561 objecti
241 513 411 550 differens
433 517 565 564 specie,
593 518 651 553 vel
679 520 789 555 etiam
819 533 970 568 genere:
993 524 1160 570 quamvis
1183 534 1304 561 autem
1335 530 1517 564 contraria
1545 531 1666 577 specie

81 566 250 604 differant
275 569 481 605 diversitate
508 583 647 617 rerum;
677 582 799 610 tamen
827 576 957 610 eadem
984 577 1076 612 rano
1099 586 1153 613 est
1174 582 1424 626 cognoscendi
1451 591 1665 632 utrumque3

81 622 166 670 quia
187 634 301 658 unum
323 635 388 671 per
409 624 505 660 aliud
529 628 784 673 cognoscitur:
807 638 843 664 et
863 630 958 673 ideo,
980 631 1197 679 inquantum
1221 636 1444 672 conveniunt
1464 637 1501 672 in
1521 650 1592 673 una
1614 651 1666 674 ra·

79 677 180 712 tione
203 678 476 724 cognoscibilis,
498 680 680 727 pertinent
702 683 745 717 ad
767 695 881 719 unum
903 685 1069 720 habitum
1093 689 1398 734 cognoscitivum.

149 730 212 766 An
234 741 443 768 SECUNDUM
466 733 673 778 dicendum,
696 737 793 783 quod
815 746 950 773 terram
973 751 1051 775 esse
1073 743 1269 777 rotundam
1290 755 1356 790 per
1377 744 1475 780 aliud
1498 748 1662 782 medium

79 783 303 820 demonstrat
314 786 511 831 Naturalis,
527 796 561 823 et
575 800 639 836 per
660 790 756 825 aliud
778 792 1018 840 Astrologus:
1042 795 1264 843 Astrologus
1286 798 1385 833 enim
1412 799 1484 834 hoc
1514 802 1664 837 demon-

79 846 167 874 strat
178 850 243 886 per
255 841 376 876 media
398 842 680 888 mathematica3
703 845 796 881 sicut
813 858 877 894 per
895 847 1028 895 figuras
1044 849 1247 897 eclipsium‚
1268 852 1328 887 vel
1349 865 1413 901 per
1431 854 1527 890 aliud
1542 856 1663 902 hujus-

78 893 198 928 modi:
219 893 404 930 Naturalis
421 907 510 931 vero
531 897 603 932 hoc
627 898 852 936 demonstrat
866 913 929 949 per
943 903 1105 938 medium
1121 905 1302 949 naturale3
1317 909 1410 943 sicut
1431 920 1496 956 per
1517 919 1661 946 motum

75 946 243 993 gravium
265 947 309 982 ad
331 949 507 993 medium,
525 950 584 986 vel
604 963 669 998 per
691 952 787 988 aliud
809 955 1040 1001 hujusmodi:
1062 966 1139 993 tota
1162 968 1284 995 autem
1305 962 1418 997 virtus
1437 964 1662 1000 demonstra-

74 1000 196 1044 tionis,
214 1012 307 1048 quae
329 1010 383 1038 est
402 1003 640 1052 syllogismus
660 1006 798 1043 faciens
820 1010 924 1053 scire,
947 1019 985 1046 ut
1005 1012 1136 1047 dicitur
1156 1014 1192 1048 in
1220 1026 1247 1049 1.
1270 1015 1409 1051 Poster.
1426 1018 1505 1063 (tex.
1523 1021 1584 1066 5.)‚
1603 1020 1661 1055 de-

73 1054 207 1102 pendet
231 1066 275 1090 ex
300 1056 441 1100 medio;
463 1066 498 1093 et
518 1059 602 1094 ideo
623 1060 766 1097 diversa
793 1064 912 1099 media
940 1074 1022 1100 sunt
1043 1067 1136 1102 sicut
1161 1068 1303 1104 diversa
1329 1071 1507 1119 principia
1529 1074 1658 1118 activa,

74 1108 276 1144 secundum
293 1121 386 1158 quae
408 1111 552 1147 habitus
574 1114 809 1150 scientiarum
829 1118 1127 1156 diversificantur.

144 1162 206 1198 An
226 1173 400 1200 TERTmM
422 1165 631 1210 dicendum,
662 1169 760 1216 quod
790 1171 884 1206 sicut
909 1172 1047 1209 Philos.
1071 1175 1157 1210 dicit
1177 1176 1214 1211 in
1238 1188 1268 1211 2.
1289 1178 1435 1226 physic.
1459 1181 1538 1226 (tex.
1567 1183 1655 1229 89),

75 1223 112 1252 et
130 1215 168 1252 in
189 1226 221 1264 7.
242 1216 360 1254 Ethic.
383 1218 474 1267 (cap.
495 1221 528 1256 8.
551 1233 572 1255 a
593 1222 707 1268 med),
731 1223 780 1258 ita
803 1236 840 1260 se
862 1225 972 1262 habet
992 1227 1073 1263 finis
1100 1229 1136 1263 in
1164 1232 1421 1278 operabilibus,
1449 1235 1542 1271 sicut
1564 1238 1657 1283 prin-

74 1269 209 1318 cipium
229 1271 267 1306 in
287 1271 602 1318 demonstrativi83
621 1284 657 1311 et
678 1277 761 1313 ideo
784 1279 973 1316 diversitas
994 1281 1122 1317 finium
1141 1284 1361 1334 diversificat
1378 1289 1539 1333 virtutes,
1562 1292 1656 1327 sicut

72 1331 109 1359 et
127 1323 315 1361 diversitas
337 1327 543 1363 activorum
564 1330 846 1378 principiorum:
869 1343 953 1370 sunt
975 1336 1086 1371 etiam
1112 1338 1181 1384 ipsi
1208 1339 1297 1375 fines
1328 1342 1471 1388 objecta
1503 1353 1652 1380 actuum

71 1376 298 1423 interiorum,
320 1381 383 1428 qui
404 1382 564 1418 maxime
585 1385 766 1431 pertinent
788 1387 833 1422 ad
855 1388 1017 1433 virtutes,
1039 1399 1078 1426 ut
1099 1403 1142 1426 ex
1163 1404 1272 1441 supra
1294 1395 1399 1431 dictis
1421 1406 1520 1445 patet
1538 1400 1585 1447 (q.
1600 1413 1652 1448 19.

72 1436 137 1468 art.
157 1444 186 1469 1.
207 1438 239 1470 et
256 1435 319 1482 2.).

622 1565 974 1614 ARTICULUS
1010 1570 1090 1616 III.
1579 1591 1648 1640 289

95 1666 253 1700 urium
278 1669 469 1702 EAM-rus
496 1672 866 1708 msTmGuANTUR
893 1679 1135 1712 SECUNDUM
1158 1683 1329 1726 BONUM,
1356 1687 1413 1717 ET
1446 1689 1615 1721 MALUM.

134 1754 196 1791 AD
218 1765 392 1793 TERTIUM
413 1758 464 1794 sic
487 1761 706 1808 proceditur.
725 1762 889 1808 Videtur,
912 1767 1010 1814 quod
1033 1768 1178 1805 habitus
1203 1782 1279 1806 non
1307 1773 1575 1821 distinguantur
1596 1789 1648 1813 se·

16 1845 17 1848 ,
61 1809 223 1845 cundum
244 1811 379 1855 bonum,
402 1821 438 1848 et
458 1815 602 1851 malum.-
624 1816 764 1852 bonum
786 1819 896 1863 enim,
916 1829 952 1856 et
969 1822 1110 1858 malum
1132 1833 1215 1860 sunt
1234 1829 1435 1863 contraria:
1460 1831 1522 1865 sed
1545 1831 1645 1867 idem

58 1861 204 1899 habitus
225 1873 280 1900 est
300 1868 580 1913 contrariorum,
603 1879 642 1906 ut
661 1883 770 1919 supra
791 1873 957 1910 habitum
976 1885 1030 1912 est
1051 1878 1133 1923 (art.
1156 1891 1186 1914 2.
1210 1880 1279 1927 huj.
1303 1884 1366 1928 q.);
1390 1894 1478 1931 ergo
1500 1885 1645 1923 habitus

13 1934 25 1946 ·.
58 1927 134 1952 non
155 1917 427 1966 distinguuntur
446 1923 651 1959 secundum
674 1927 810 1969 bonum,
835 1936 870 1963 et
891 1930 1028 1965 malum.

10 2014 16 2020 .
130 1981 162 2006 2.
183 1971 422 2010 PRAETEREA.
450 1977 582 2012 Bonum
611 1981 836 2016 convertitur
866 1995 950 2018 cum
981 1993 1082 2020 ente:
1115 1995 1151 2022 et
1175 1989 1225 2023 sic
1255 2000 1340 2024 cum
1367 1991 1412 2027 sit
1441 2004 1642 2032 commune

9 2034 27 2078 ἑ
57 2025 240 2070 omnibus,
260 2039 336 2062 non
357 2037 478 2076 potest
498 2033 594 2067 sumi
616 2042 655 2068 ut
676 2034 879 2071 differentia
903 2037 1055 2085 alicujus
1078 2042 1224 2088 speciei,
1243 2051 1282 2078 ut
1300 2054 1398 2091 patet
1419 2058 1484 2094 per
1501 2048 1641 2086 Philos.

54 2077 94 2113 in
113 2088 243 2126 quarto
266 2080 398 2130 Topic.
419 2085 509 2132 (cap.
532 2086 591 2122 ult.
614 2087 674 2123 loc.
698 2089 786 2133 66),
810 2091 978 2127 similiter
999 2094 1110 2129 etiam
1134 2097 1274 2141 malum,
1299 2111 1383 2134 cum
1406 2102 1451 2137 sit
1473 2103 1641 2149 privatio,

9 2124 28 2153 ‘f'
56 2138 93 2167 et
115 2144 192 2169 non
216 2145 292 2179 ens,
317 2148 394 2172 non
419 2147 540 2186 potest
566 2152 644 2176 esse
671 2142 823 2190 alicujus
853 2147 944 2181 entis
971 2147 1194 2193 differentia;
1222 2163 1297 2187 non
1320 2165 1408 2201 ergo
1436 2159 1640 2194 secundum

14 2175 30 2239 ζ
54 2185 190 2232 bonum,
214 2195 249 2224 et
270 2191 398 2226 malum
418 2202 572 2240 possunt
592 2195 736 2232 habitus
758 2199 878 2245 specie
901 2200 1085 2248 distingui.

127 2251 158 2286 3.
173 2241 412 2281 PRAETEREA.
429 2245 538 2282 Circa
553 2249 650 2285 idern
667 2251 852 2297 objectum
869 2255 1049 2303 contingit
1063 2268 1142 2292 esse
1157 2259 1322 2296 diversos
1335 2262 1480 2299 habitus
1498 2266 1639 2311 malos;

52 2293 145 2330 sicut
171 2295 268 2332 circa
295 2301 611 2348 concupiscentias
633 2304 966 2353 intemperantiam,
989 2317 1023 2344 et
1048 2310 1381 2351 insensibilitatem:
1410 2326 1444 2353 et
1471 2321 1638 2357 similiter

37 2348 164 2384 etiam
185 2350 306 2398 plures
327 2352 471 2390 habitus
485 2355 615 2400 bonos,
630 2358 771 2395 scilicet
785 2361 955 2397 virtutem
970 2363 1185 2409 humanam,
1200 2376 1235 2402 et
1248 2369 1418 2406 virtutem
1434 2373 1636 2418 heroicam,

8 2406 14 2412 ⁴
44 2401 129 2451 §ive
150 2403 325 2450 divinam,
347 2414 386 2442 ut
406 2417 506 2456 patet
526 2422 592 2458 per
613 2411 750 2448 Philos.
774 2414 810 2449 in
833 2426 864 2462 7.
880 2415 1097 2454 Ethicorum
1121 2420 1210 2469 (sap.
1226 2422 1292 2468 r.),·
1309 2435 1383 2459 non
1404 2438 1492 2474 ergo
1514 2429 1638 2464 distin-

0 2452 4 2500 ζ
104 2464 214 2494 untur
233 2458 378 2497 habitus
399 2465 602 2500 secundum
625 2467 759 2510 bonum,
783 2478 819 2504 et
838 2471 977 2506 malum.

0 2506 3 2510 ’
121 2510 199 2549 SED
213 2523 371 2551 CONTRA
387 2525 452 2560 est,
463 2519 561 2565 quod
580 2519 724 2557 habitus
738 2522 856 2559 bonus
872 2529 1113 2563 contrariatur
1126 2529 1266 2566 habitui
1284 2533 1396 2577 malo,
1411 2535 1504 2571 sicut
1522 2538 1633 2574 virtus

0 2535 15 2593 ι’·
61 2561 158 2601 ‘tioz
180 2567 243 2602 sed
264 2571 447 2606 contraria
470 2581 554 2608 sunt
580 2574 721 2611 diversa
749 2579 951 2614 secundum
977 2584 1158 2628 speciem3
1182 2596 1270 2632 ergo
1296 2587 1440 2624 habitus
1463 2591 1633 2629 differunt

23 2626 83 2672 ’ζμ
100 2619 170 2656 cie
190 2623 393 2659 secundum
415 2625 657 2664 differentiam
680 2631 770 2673 boni,
793 2640 829 2667 et
850 2635 943 2668 mali.

27 2668 43 2691 '⁷
119 2672 353 2714 RESPONDEO
375 2678 585 2725 dicendum,
607 2683 718 2730 quod,
740 2685 833 2721 sicut
853 2687 991 2724 dictum
1014 2699 1067 2725 est
1089 2692 1326 2741 (ampulas),
1342 2696 1486 2734 habitus
1508 2701 1629 2747 specie

75 2768 77 2770 ,
99 2725 315 2776 u'guuntur
335 2743 411 2768 non
433 2734 555 2770 solum
577 2737 779 2774 secundum
803 2740 957 2787 objecta,
977 2752 1011 2778 et
1029 2745 1206 2793 principia
1229 2751 1358 2792 activa,
1377 2752 1439 2786 sed
1463 2753 1572 2789 etiarn
1592 2755 1628 2790 in

59 2779 174 2818 11·'e
199 2783 244 2819 ad
270 2793 453 2832 naturam,
479 2790 578 2836 quod
605 2791 753 2838 quidem
781 2796 959 2843 contingit
985 2798 1172 2846 dupliciter.
1202 2803 1275 2838 L'no
1302 2805 1397 2840 modo
1425 2809 1628 2845 secundum

39 2841 84 2884 ἰῇ·
102 2836 340 2874 ·venientiam
364 2841 410 2877 ad
430 2851 612 2888 naturam,
633 2845 692 2881 vel
719 2848 830 2883 etiam
856 2853 1057 2888 secundum
1087 2855 1439 2895 disconvenientiam
1463 2862 1505 2896 ab
1527 2863 1624 2910 ipsa:

59 2907 69 2915 a
92 2886 166 2925 hoc
179 2891 292 2928 modo
310 2893 582 2943 distinguuntur
595 2900 716 2946 specie
730 2901 874 2939 habitus
889 2905 1018 2950 bonus,
1034 2916 1068 2942 et
1083 2908 1220 2947 malus:
1240 2923 1325 2947 narn
1341 2913 1484 2951 habitus
1507 2917 1625 2954 bonus

83 2941 186 2989 citur,
207 2947 269 2994 qui
289 2947 450 2998 disponit
470 2951 515 2988 ad
537 2962 661 2990 actum
683 2959 964 2996 convenientem
985 2971 1137 3000 naturae
1160 2967 1318 3013 agentis:
1334 2968 1478 3006 habitus
1501 2980 1622 3008 autem
