1907 3198
533 187 755 227 QUAESTIO
789 185 859 216 CX.
893 180 1137 214 ARTICULUS
1170 179 1227 209 lv·
1573 161 1657 216 847

99 278 198 328 quod
217 277 294 314 sine
314 275 372 311 his
393 282 499 316 esset,
522 272 639 308 adhuc
662 279 785 306 tamen
807 266 928 302 anima
947 265 1126 300 diceretur
1152 259 1353 295 secundum
1376 256 1534 303 speciem
1557 264 1660 289 suam

98 329 363 372 intellectualis,
384 327 444 364 vel
465 325 669 367 rationalis;
690 334 763 358 non
783 321 866 369 quia
881 327 962 354 actu
976 317 1126 352 haberet
1141 314 1207 349 has
1222 311 1419 360 potentia53
1442 309 1502 344 sed
1519 316 1663 354 propter

98 386 260 435 speciem
279 383 361 420 talis
383 382 571 424 essentiae,
594 392 637 415 ex
658 389 731 426 qua
753 385 858 412 natae
881 381 962 409 sunt
984 368 1193 418 hujusmodi
1214 365 1397 414 potentiae
1419 363 1576 398 effluere.

782 517 976 525 —————-

613 647 969 714 QUAESTIO
1012 643 1144 694 CXI.

189 782 255 816 DE
280 779 526 814 DIVISIONE
553 775 776 813 GRATIAE‚
808 773 858 805 IN
884 769 1103 812 QUINQUE
1130 762 1393 799 ARTICULOS
1420 759 1594 793 DIVISA.

177 915 320 953 Deinde
341 911 647 951 considerandum
669 918 723 945 est
743 909 786 944 de
809 907 985 943 divisione
1008 904 1155 952 gratiae.

570 1000 615 1036 Et
636 1000 727 1035 circa
749 998 807 1033 boc
829 999 1035 1043 quaeruntur
1056 993 1208 1040 quinque.

179 1075 317 1112 Primo.
351 1073 483 1110 Utrum
517 1069 777 1107 convenienter
801 1066 980 1102 dividatur
1006 1062 1120 1111 gratia
1143 1072 1206 1108 per
1227 1058 1380 1107 gratiam
1403 1054 1512 1103 gratis
1539 1053 1674 1094 datam,

110 1138 147 1167 et
166 1130 322 1179 gratiam
343 1136 486 1176 gratum
507 1125 713 1161 facientem.

182 1182 366 1220 Secundo.
387 1182 444 1217 De
466 1179 644 1216 divisione
666 1176 802 1224 gratiae
825 1182 968 1221 gratum
987 1169 1150 1206 facientis
1169 1179 1232 1216 per
1250 1173 1477 1214 operantem,
1496 1170 1531 1198 et
1548 1171 1679 1208 coope-

111 1246 265 1276 tantem.

183 1290 324 1327 Tertio.
337 1289 394 1325 De
404 1287 581 1324 divisione
596 1284 758 1332 ejusdem
773 1294 836 1330 per
851 1280 1002 1328 gratiam
1018 1276 1326 1326 praevenientem,
1340 1281 1375 1308 et
1389 1271 1680 1318 subsequentem.

185 1345 341 1388 Quarto.
362 1343 420 1378 De
440 1341 616 1377 divisione
639 1337 774 1386 gratiae
797 1335 906 1383 gratis
928 1333 1044 1368 datae.

186 1399 340 1442 Quinto.
356 1397 414 1433 De
432 1393 706 1443 comparatione
724 1390 860 1438 gratiae
879 1395 1022 1435 gratum
1041 1383 1217 1426 facientis,
1239 1390 1275 1418 et
1291 1379 1401 1428 gratis
1422 1379 1538 1414 datae.

694 1516 1040 1567 ARTICULUS
1080 1515 1114 1559 1.
1618 1526 1684 1564 590

416 1634 571 1666 UTRUM
597 1632 760 1664 GRATlA
783 1626 1124 1661 CONVENIENTER
1151 1620 1395 1654 DIVIDATUR

177 1704 258 1735 PER
278 1700 475 1733 GRATIAM
496 1698 678 1730 GRATUM
699 1693 964 1734 FACIENTEM,
986 1692 1041 1722 ET
1061 1688 1259 1721 GRATIAM
1280 1685 1435 1717 GRATIS
1458 1681 1626 1714 DATAM.

262 1790 373 1837 (Part.
387 1800 416 1836 3.
434 1800 465 1836 q.
483 1799 514 1835 7.
525 1792 589 1822 art.
605 1798 635 1833 7.
657 1790 728 1832 atq.
756 1784 808 1820 61.
829 1787 893 1818 art.
915 1794 943 1818 ι.
964 1786 993 1816 et
1013 1780 1105 1826 lib.3.
1127 1778 1244 1813 Contr.
1265 1787 1295 1822 g.
1318 1781 1390 1822 cap.
1404 1784 1471 1820 134.
1487 1772 1546 1818 fin.

354 1849 384 1880 ct
410 1843 498 1879 Veri.
516 1854 546 1889 q.
561 1852 617 1886 24.
636 1845 702 1875 art.
720 1851 748 1875 1.
770 1843 799 1873 et
822 1849 851 1884 7.
866 1842 896 1872 ct
914 1842 1022 1883 opusc.
1041 1845 1069 1880 3.
1090 1838 1163 1879 cap.
1185 1842 1258 1866 221.
1273 1834 1302 1864 et
1323 1829 1376 1864 Ps.
1398 1838 1453 1872 24.

533 1901 563 1931 ct
585 1896 680 1931 Rom.
702 1905 730 1929 1.
752 1892 830 1935 lect.¹
842 1903 870 1938 3.
890 1895 919 1926 et
941 1889 1056 1936 Ephcs.
1078 1899 1105 1923 1.
1128 1886 1200 1921 lect.
1218 1885 1277 1928 2.)-

192 1989 254 2026 An
286 1996 436 2025 nuum
458 1985 508 2021 sic
530 1982 748 2032 proceditur.
781 1979 946 2021 Videtur,
968 1976 1065 2025 quod
1087 1974 1202 2023 gratia
1223 1984 1298 2008 non
1320 1969 1579 2007 convenienter
1602 1967 1691 2002 divi-

123 2043 228 2080 datur
247 2053 311 2091 per
330 2040 486 2090 gratiam
508 2046 651 2086 gratum
673 2035 880 2076 facientem,
902 2041 937 2068 et
963 2031 1115 2078 gratiam
1144 2028 1254 2076 gratis
1281 2027 1423 2062 datam:
1452 2023 1565 2071 gratia
1591 2022 1688 2057 enim

124 2105 179 2134 est
198 2094 383 2145 quoddam
404 2093 543 2130 donum
564 2091 646 2134 Dei,
668 2098 706 2125 ut
724 2102 766 2125 ex
782 2086 993 2135 supradictis
1010 2092 1106 2132 patet
1121 2084 1168 2130 (q.
1184 2094 1254 2118 110.
1269 2086 1332 2116 art.
1350 2082 1417 2125 1.):
1436 2079 1552 2113 homo
1570 2084 1692 2112 autern

124 2161 200 2188 non
220 2149 306 2186 ideo
326 2156 381 2184 est
401 2147 484 2183 Deo
506 2153 639 2193 gratus,
660 2143 744 2191 quia
767 2141 901 2189 aliquid
924 2148 977 2175 est
998 2139 1029 2174 ei
1048 2138 1172 2173 datum
1195 2147 1215 2170 a
1235 2135 1329 2177 Deo,
1349 2132 1410 2168 sed
1434 2131 1552 2179 potius
1571 2142 1590 2165 e
1609 2140 1694 2164 con-

125 2214 252 2242 verso:
272 2201 357 2239 ideo
377 2201 476 2237 enim
499 2198 632 2247 aliquid
655 2198 759 2232 datur
781 2194 888 2231 alicui
911 2194 1020 2241 gratis
1041 2204 1060 2227 a
1082 2192 1176 2233 Deo,
1195 2189 1279 2237 quia
1297 2196 1350 2224 est
1367 2187 1483 2222 homo
1502 2193 1623 2231 gratus
1641 2183 1694 2225 ei;

127 2269 217 2307 ergo
237 2254 337 2294 nulla
358 2263 413 2291 est
432 2254 547 2302 gratia
569 2261 711 2300 gratum
739 2249 885 2285 faciens.

200 2321 232 2348 2.
247 2310 485 2347 PRAETEREA.
514 2306 780 2351 Quaecumque
802 2314 876 2337 non
891 2301 1020 2336 dantur
1035 2312 1076 2336 ex
1092 2298 1229 2333 meritis
1244 2293 1553 2344 praecedentibus,
1567 2291 1696 2326 dantur
1760 2312 1765 2318 -

128 2365 259 2415 gratis:
279 2362 342 2400 sed
363 2362 474 2399 etiam
496 2361 614 2408 ipsum
635 2359 773 2394 bonum
796 2364 944 2391 naturae
967 2355 1071 2389 datur
1092 2351 1234 2387 homini
1254 2351 1386 2396 absque
1405 2347 1534 2382 merito
1554 2355 1696 2392 praece-

129 2418 248 2462 denti3
268 2417 353 2466 quia
373 2423 500 2451 natura
527 2412 827 2462 prae-supponitur
854 2409 897 2443 ad
924 2408 1113 2449 meritum;
1141 2415 1230 2450 ergo
1258 2406 1332 2451 ipsa
1355 2410 1481 2436 natura
1509 2407 1562 2434 est
1588 2398 1697 2433 etiam

129 2472 241 2522 gratis
260 2470 346 2507 data
366 2481 387 2505 a
406 2469 509 2511 Deo;
537 2475 664 2502 natura
695 2473 816 2500 autem
846 2462 1015 2497 dividitur
1042 2468 1168 2496 contra
1191 2458 1370 2505 gratiam;
1399 2452 1698 2489 inconvenienter

130 2525 239 2575 igitur
257 2524 331 2561 boc
352 2522 450 2571 quod
471 2529 525 2558 est
551 2520 660 2567 gratis
688 2519 825 2559 datum,
853 2516 997 2564 ponitur
1024 2523 1061 2550 ut
1088 2513 1224 2560 gratiae
1252 2509 1471 2550 differentia;
1497 2506 1579 2554 quia
1607 2506 1701 2540 inve-

131 2579 228 2616 nitur
248 2577 360 2615 etiam
381 2583 479 2612 extra
502 2573 638 2621 gratiae
660 2583 784 2619 genus.

207 2643 236 2680 3.
262 2630 501 2668 PRAETEREA.
525 2626 659 2664 Omnis
689 2624 820 2661 divisio
848 2623 954 2659 debet
985 2634 1062 2658 esse
1094 2632 1156 2668 per
1185 2618 1371 2665 opposita:
1403 2615 1463 2650 sed
1491 2614 1599 2649 etiam
1627 2613 1700 2660 ipsa

134 2685 249 2736 gratia
269 2692 414 2733 gratum
435 2681 583 2723 faciens,
605 2691 668 2728 per
689 2690 798 2727 quam
821 2676 1068 2724 justificamur,
1087 2674 1196 2720 gratis
1217 2672 1321 2707 nobis
1341 2682 1359 2705 a
1378 2670 1459 2705 Deo
1480 2667 1702 2707 conceditur,

133 2738 335 2778 secundum
356 2735 445 2773 illud
468 2735 575 2771 Rom.
602 2745 651 2782 3.:
668 2732 848 2779 justificati
867 2731 972 2778 graus
990 2736 1051 2778 per
1071 2729 1216 2774 gratiam
1244 2727 1364 2773 ipsi115,·
1385 2734 1473 2769 ergo
1494 2721 1607 2768 gratia
1627 2731 1703 2767 gra-

133 2803 214 2832 tum
233 2791 372 2830 faciens
390 2801 467 2827 non
489 2789 595 2825 debet
615 2787 725 2823 dividi
748 2794 875 2822 contra
898 2784 1051 2831 gratiam
1075 2782 1184 2829 gratis
1207 2780 1339 2815 datam.

205 2845 284 2884 Sto
310 2855 468 2883 CONTRA
493 2851 559 2886 est,
579 2840 677 2890 quod
703 2838 903 2887 Apostolus
930 2846 1121 2884 utrumque
1149 2833 1307 2870 attribuit
1333 2831 1481 2879 gratiae,
1507 2827 1645 2864 scilicet
1670 2835 1704 2862 et

136 2905 272 2951 gramm
289 2899 418 2948 jacere,
439 2906 474 2935 et
487 2909 547 2934 esse
559 2896 663 2944 gratis
676 2894 789 2930 datum
806 2907 816 2929 .·
835 2892 922 2928 dicit
943 2891 1039 2927 enim
1062 2897 1238 2938 quantum
1262 2887 1304 2922 ad
1321 2886 1477 2934 primum
1493 2883 1536 2918 ad
1551 2881 1642 2929 Eph.
1658 2891 1704 2916 1.:
