1907 3198
478 169 699 206 QUAEsno
729 168 860 199 Lxxx.
894 168 1142 199 AR'rrcutus
1174 168 1201 199 1.
1546 170 1630 212 577

634 338 981 385 ARTICULUS
1017 338 1050 382 Ῑ.
1561 360 1627 398 431

162 450 317 482 UTRUM
350 449 571 480 DIABOLUS
605 449 672 480 SIT
706 449 868 480 HOMINI
901 449 1093 480 DIRECTE
1122 448 1264 479 CAUSA
1296 448 1532 479 PECCANDI.

223 537 342 586 (Supr.
356 549 387 585 q.
402 548 447 585 75.
466 542 531 573 art.
544 549 572 585 3.
587 543 718 585 etpart.
739 550 766 584 3.
786 550 815 585 q.
834 539 866 574 8.
886 542 949 573 art.
970 548 1000 584 7.
1019 542 1047 572 el
1065 537 1149 572 Mal.
1169 549 1199 584 q.
1212 549 1239 584 3.
1262 541 1326 572 art.
1339 549 1365 583 3.
1381 541 1410 572 et
1426 547 1460 582 4.

581 597 609 627 εἰ
632 592 753 637 Quodl.
773 604 801 639 3.
829 597 892 627 art.
920 592 951 628 8.
976 592 1098 639 corp).

127 682 188 717 AD
206 691 357 718 ΡιιιΜυΜ
371 682 422 716 sic
436 681 654 728 proceditur.
674 680 837 724 Videtur,
855 681 953 728 quod
972 680 1138 716 diabolus
1149 681 1195 716 sit
1207 681 1351 716 homini
1372 680 1507 716 directe
1522 692 1631 716 causa

56 735 251 784 peccandi:
273 742 467 783 peccatum
493 735 591 770 enirn
618 735 753 770 directe
779 735 815 770 in
843 734 974 770 affectu
997 735 1179 770 consistit:
1208 735 1272 770 sed
1298 735 1394 781 Aug.
1423 735 1509 769 dicit
1529 744 1562 777 4.
1585 735 1630 769 de

31 788 159 825 Trin.
186 790 277 837 (cap.
299 801 349 825 12.
371 790 406 824 in
423 790 566 837 princ),
582 789 679 836 quod
696 789 845 825 diabolus
864 801 941 825 suae
960 791 1107 824 societati
1127 790 1292 835 malignos
1312 789 1443 835 affectus
1464 790 1607 836 inspirat
1619 802 1629 824 .-

55 851 91 879 et
104 843 204 878 Beda
221 854 328 890 super
349 843 432 878 Act.
455 842 538 889 (sup.
559 843 642 877 illud
664 850 735 890 cap.
754 855 782 889 5.
806 844 959 886 Anania,
982 855 1042 878 cur
1064 845 1207 879 tentavit
1227 843 1304 888 etc.)
1327 843 1423 885 dicit,
1443 843 1540 890 quod
1562 843 1631 878 dia—

53 897 147 933 b'olus
167 897 319 932 animam
336 897 372 931 in
389 896 543 943 affectum
564 897 715 932 malitia„¹
737 897 854 932 trahit:
869 905 905 932 et
922 897 1081 932 Isidorus
1103 897 1190 931 dicit
1211 897 1246 931 in
1269 897 1328 931 lib.
1352 907 1383 931 2.
1404 897 1447 932 de
1472 897 1628 932 Summo

28 979 30 983 ,
53 949 160 987 Bono
181 951 274 998 (cap.
295 961 347 995 41.
365 951 472 997 infin.
490 955 520 985 et
537 950 594 985 lib.
610 963 637 996 3.
661 957 733 998 cap.
748 951 810 997 5.),
833 951 930 998 quod
944 950 1094 986 diabolus
1111 951 1213 986 corda
1231 951 1402 986 hominum
1423 951 1556 986 occultis
1573 963 1630 987 cu—

30 1027 35 1051 5
62 1004 247 1040 ι’άῐίαῑίὸιις
267 1004 381 1052 reple&
405 1015 493 1050 ergo
516 1004 682 1039 diabolus
703 1004 839 1039 directe
861 1013 915 1039 est
936 1016 1046 1040 causa
1067 1005 1218 1051 peccati.

28 1051 33 1060 '¹
125 1068 157 1093 2.
179 1057 417 1093 PRAETEREA.
446 1058 596 1092 Hieron.
619 1058 706 1093 dicit
726 1059 800 1103 (lib.
822 1070 841 1094 2
864 1063 948 1094 cont.
966 1059 1140 1103 jovinian.
1169 1065 1242 1106 cap.
1273 1070 1303 1094 2.
1334 1070 1354 1093 ιι
1382 1058 1497 1103 med),
1527 1060 1624 1105 quod

44 1113 136 1148 icut
155 1112 247 1147 Deus
263 1112 482 1159 estperfector
497 1113 587 1154 boni,
610 1113 658 1148 ita
676 1112 826 1147 diabolus
847 1118 889 1147 est
905 1113 1074 1160 perfector
1095 1113 1191 1148 mali:
1214 1113 1276 1147 sed
1295 1112 1395 1147 Deus
1416 1120 1470 1147 est
1491 1113 1625 1148 directe

52 1196 55 1199 .
76 1177 163 1201 ausa
184 1166 368 1201 bonorum
389 1174 620 1209 nostrorum3
642 1177 730 1213 ergo
753 1166 918 1201 diabolus
941 1175 994 1202 est
1020 1166 1154 1202 directe
1179 1177 1288 1202 causa
1310 1174 1546 1213 peccatorum
1568 1179 1631 1202 no-

51 1234 63 1250 1:
85 1231 222 1256 rorum.

129 1285 158 1321 3.
176 1273 415 1310 PRAETEREA.
430 1273 567 1308 Philos.
584 1273 671 1308 dicit
685 1275 720 1308 in
736 1273 897 1320 quodam
913 1285 989 1320 cap.
1009 1274 1159 1309 Ethicae
1173 1274 1396 1309 Eudemicac
1411 1274 1471 1319 (sc.
1486 1281 1562 1322 cap.
1575 1276 1626 1311 13.

50 1327 111 1364 lib.
134 1339 164 1375 7.
183 1339 204 1363 ιι
220 1328 351 1375 princ.)
372 1327 469 1375 quod
491 1333 621 1375 oportet
637 1340 698 1362 essa
719 1327 882 1374 quoddam
899 1329 1111 1375 principium
1133 1330 1349 1363 εκίνῐηςεειιηι
1378 1328 1517 1363 humani
1543 1341 1625 1364 con—

46 1412 48 1416 .
67 1382 132 1417 ilii:
155 1381 350 1417 consilium
365 1389 487 1416 autem
502 1381 706 1416 humanum
727 1393 801 1416 non
824 1381 944 1417 solum
964 1390 1019 1417 est
1035 1382 1079 1417 de
1097 1382 1202 1417 bonis
1221 1382 1283 1417 sed
1302 1382 1412 1416 etiam
1435 1383 1478 1417 de
1501 1383 1626 1426 mali33

47 1446 140 1483 ‘rgo
166 1435 259 1471 sicut
283 1435 384 1470 Deus
410 1443 536 1470 movet
557 1435 600 1470 ad
623 1435 819 1470 consilium
839 1436 997 1479 bonum3
1025 1444 1060 1471 et
1085 1447 1148 1482 per
1174 1436 1246 1470 hoc
1274 1436 1408 1471 directe
1435 1444 1490 1471 est
1516 1448 1626 1471 causa

46 1489 156 1525 ·oni:
178 1489 227 1524 ita
250 1488 416 1524 diabolus
443 1497 568 1524 movet
588 1489 780 1524 hominem
804 1489 847 1524 ad
871 1489 1065 1525 consilium
1092 1489 1252 1533 malurn3
1274 1498 1309 1525 et
1330 1502 1393 1537 per
1414 1490 1485 1525 hoc
1508 1491 1624 1538 sequi-

44 1554 119 1586 ur,
140 1543 239 1590 quod
261 1542 427 1578 diabolus
448 1542 583 1578 directe
605 1543 650 1578 sit
672 1554 782 1578 causa
802 1545 954 1590 peccati.

122 1597 198 1633 SED
221 1607 377 1633 CONTRA
394 1604 458 1640 est,
473 1597 571 1644 quod
585 1596 740 1643 August.
762 1597 892 1644 probat
912 1597 949 1631 in
971 1597 1030 1632 lib.
1051 1609 1078 1633 1.
1095 1597 1138 1632 de
1154 1598 1231 1632 Lib.
1254 1597 1340 1632 Arb.
1366 1597 1453 1645 (cap.
1472 1611 1519 1634 11.
1541 1600 1622 1634 εῐνε.

36 1651 177 1697 rinc.)
198 1658 234 1686 et
253 1651 291 1685 in
315 1662 344 1698 3.
367 1651 457 1698 (cap.
476 1663 525 1698 17.
547 1656 578 1686 et
598 1651 681 1696 18.),
704 1651 801 1698 quod
824 1652 917 1686 nulla
939 1652 1010 1687 alia
1034 1665 1070 1687 re
1087 1653 1128 1697 fit
1148 1664 1238 1687 mens
1263 1652 1406 1687 hominis
1431 1664 1528 1687 servo
1550 1653 1626 1688 libi-

47 1706 148 1748 ·inis,
170 1705 235 1740 nisi
253 1706 401 1753 propria
421 1704 604 1740 voluntate:
631 1704 692 1739 sed
719 1705 836 1740 homo
858 1717 932 1740 non
960 1705 998 1740 fit
1020 1717 1143 1741 servus
1165 1705 1335 1748 libidinis,
1362 1706 1432 1740 nisi
1459 1718 1522 1752 per
1548 1718 1628 1754 pec·

46 1766 193 1802 -atum;
214 1769 303 1805 ergo
318 1769 428 1793 causa
442 1759 584 1805 peccati
597 1769 672 1793 non
686 1767 807 1806 potest
821 1771 898 1794 esse
914 1759 1092 1802 diabolus,
1107 1760 1170 1794 sed
1186 1759 1265 1795 sola
1279 1760 1424 1807 propria
1443 1760 1624 1796 voluntas.

120 1811 353 1848 RESPONDEO
372 1812 580 1854 dicendum,
595 1813 692 1859 quod
711 1821 903 1859 peccatum
919 1822 1019 1849 actus
1034 1814 1183 1860 quidam
1206 1822 1278 1856 est;
1301 1814 1396 1848 unde
1417 1814 1489 1848 hoc
1512 1815 1625 1850 modo

60 1874 171 1902 otest
183 1877 262 1902 esse
280 1865 415 1913 aliquid
429 1866 566 1901 directe
581 1877 690 1901 causa
711 1867 863 1913 peccati,
885 1879 948 1914 per
969 1879 1079 1914 quern
1095 1868 1248 1902 modum
1271 1867 1399 1914 aliquis
1422 1869 1557 1904 directe
1573 1878 1627 1904 est

50 1931 53 1935 ’
72 1931 159 1956 ausa
175 1919 327 1967 alicujus
346 1928 467 1955 actus:
490 1920 588 1967 quod
607 1920 753 1967 quidem
772 1932 847 1955 non
862 1922 1052 1968 contingit,
1067 1922 1134 1956 nisi
1150 1933 1213 1968 per
1227 1922 1298 1956 hoc
1318 1922 1415 1968 quod
1439 1923 1626 1969 proprium

24 1973 29 1986 ⁸
47 1973 268 2021 ·rincipium
281 1973 378 2009 illius
394 1982 495 2009 actus
510 1982 635 2008 movet
656 1974 700 2008 ad
723 1975 916 2021 agendum.
937 1975 1130 2022 Proprium
1145 1984 1269 2010 autem
1283 1976 1502 2022 principium
1525 1986 1626 2012 actus

26 2048 27 2054 =
47 2027 190 2064 eccati
211 2035 265 2063 est
289 2027 478 2063 voluntas:
501 2027 586 2074 quia
612 2039 722 2062 omne
750 2037 942 2075 peccatum
965 2037 1018 2064 est
1038 2029 1306 2073 voluntarium3
1334 2030 1428 2065 unde
1455 2031 1544 2066 nihil
1565 2043 1628 2078 po·

25 2074 29 2087 ⁶
54 2090 118 2121 fst
151 2081 287 2117 directe
320 2092 399 2117 esse
433 2093 543 2117 causa
573 2082 726 2128 peccati,
759 2082 829 2117 nisi
858 2083 956 2129 quod
994 2092 1114 2130 potest
1143 2095 1293 2119 movere
1324 2084 1554 2121 voluntatem
1581 2086 1625 2121 ad

54 2134 244 2183 gendum.

118 2188 299 2224 Voluntas
321 2196 456 2232 autem,
470 2189 564 2224 sicut
576 2201 683 2237 supra
705 2189 842 2225 dictum
864 2199 917 2226 est
938 2192 983 2238 (q.
1000 2203 1032 2239 9.
1055 2196 1120 2227 art.
1140 2203 1167 2239 3.
1189 2203 1223 2237 4.
1245 2197 1273 2227 et
1289 2192 1353 2237 6.)‚
1371 2203 1391 2227 a
1408 2193 1532 2230 duobus
1550 2205 1626 2229 mo-

59 2242 125 2278 ·eri
141 2250 280 2291 potest:
300 2254 367 2278 uno
388 2242 484 2278 modo
507 2243 550 2278 ab
569 2243 735 2289 object03
757 2243 850 2279 sicut
868 2244 1009 2288 dicitur,
1024 2245 1122 2292 quod
1142 2245 1334 2293 appetibile
1357 2247 1623 2294 apprehensum

25 2332 28 2339 ,
59 2304 173 2332 ..ovet
193 2296 411 2344 appetitum:
435 2297 502 2332 alio
524 2296 620 2331 modo
644 2297 686 2331 ab
709 2308 766 2339 eo,
782 2298 879 2344 quod
902 2298 1052 2334 interius
1073 2299 1224 2334 inclinat
1244 2299 1473 2336 voluntatem
1497 2301 1541 2336 ad
1563 2313 1624 2336 vo-

28 2358 29 2363 *
48 2358 77 2375 “¹-
96 2349 219 2394 dum;
239 2350 313 2385 hoc
328 2358 452 2385 autem
472 2361 547 2386 non
569 2359 634 2393 est,
656 2351 725 2386 nisi
742 2351 801 2386 vel
814 2352 892 2399 ipsa
906 2352 1088 2396 voluntas,
1109 2353 1167 2388 vel
1188 2353 1300 2396 Deus,
1324 2363 1361 2390 ut
1379 2366 1486 2402 supra
1508 2364 1625 2390 osten-

31 2414 130 2439 ‘um
149 2411 204 2440 est
221 2403 302 2449 (loc.
323 2403 419 2450 cit.).·
441 2403 542 2439 Deus
564 2412 685 2439 autem
707 2415 782 2440 non
804 2414 923 2452 potest
945 2418 1022 2442 esse
1045 2418 1154 2442 causa
1176 2408 1328 2454 peccati,
1350 2417 1389 2443 ut
1406 2409 1544 2444 dictum
1571 2419 1625 2445 est

27 2462 39 2489 ,“
57 2455 96 2493 ’.
115 2469 170 2505 79.
190 2462 258 2494 art.
278 2457 352 2503 4.),·
375 2457 590 2504 relinquitur
611 2470 712 2505 ergo,
739 2460 836 2506 quod
864 2471 905 2494 cx
928 2460 996 2495 hac
1020 2470 1121 2508 parte
1154 2461 1233 2496 sola
1259 2462 1428 2498 voluntas
1462 2463 1623 2498 hominis

26 2502 34 2564 ἶ
77 2519 93 2547 t
112 2511 248 2547 directe
269 2522 380 2546 causa
401 2512 543 2558 peccati
565 2513 653 2558 ejus.
681 2512 733 2547 Ex
754 2522 854 2560 parte
877 2522 999 2550 autem
1026 2515 1160 2562 objecti
1186 2524 1306 2563 potest
1332 2517 1497 2564 intelligi,
1524 2519 1622 2565 quod

28 2571 33 2587 '
51 2601 54 2604 Δ
87 2564 185 2613 'quid
206 2573 356 2600 moveat
371 2564 599 2601 voluntatem
622 2567 819 2613 tripliciter;
843 2579 908 2603 uno
931 2568 1026 2604 modo
1049 2569 1168 2616 ipsum
1183 2570 1368 2616 objectum
1383 2571 1622 2618 propositun13

65 2626 141 2654 cut
161 2618 329 2661 dicimus,
350 2618 448 2666 quod
468 2619 568 2654 cibus
590 2620 721 2655 excitat
742 2621 961 2656 desiderium
983 2622 1144 2658 hominis
1172 2624 1215 2658 ad
1243 2625 1532 2660 comedendum:
1555 2626 1622 2661 alio

83 2671 144 2708 odo
164 2671 226 2707 ille
247 2671 309 2720 qui
337 2672 520 2719 proponit,
547 2672 605 2707 vel
631 2673 737 2709 offert
763 2674 974 2721 hujusmodi
1001 2677 1204 2722 objectum:
1233 2680 1325 2713 tertio
1353 2679 1448 2714 modo
1474 2679 1535 2714 ille
1561 2680 1622 2726 qui

52 2774 58 2776 -
81 2725 239 2761 rsuadet
259 2725 444 2772 objectum
462 2727 689 2773 propositum
707 2727 840 2763 habere
855 2729 1033 2764 rationem
1055 2731 1160 2765 boni:
1181 2732 1264 2778 quia
1283 2741 1317 2767 et
1338 2732 1396 2767 hic
1420 2733 1622 2779 aliqualiter

37 2779 219 2827 -·roponit
239 2779 428 2826 proprium
450 2780 634 2826 objectum
658 2780 846 2824 voluntati,
868 2784 964 2829 quod
987 2792 1042 2819 est
1062 2785 1211 2820 rationis
1238 2786 1374 2821 bonum
1398 2798 1536 2830 verum,
1563 2788 1620 2823 vel

36 2859 37 2882 3
80 2843 236 2880 ·parens.
257 2833 374 2869 Primo
404 2833 514 2880 igitur
535 2835 650 2869 modo
672 2846 728 2870 res
756 2836 942 2872 sensibiles
965 2839 1119 2873 exterius
1147 2849 1360 2886 apparentes
1390 2850 1541 2876 movent
1561 2853 1621 2876 vo-

36 2910 37 2915 ,
61 2891 77 2912 '·
96 2893 225 2922 ·tatem
245 2885 407 2922 hominis
421 2887 466 2922 ad
481 2888 729 2935 peccandum:
749 2890 887 2925 secundo
910 2900 1044 2935 autem,
1066 2901 1101 2928 ct
1119 2895 1214 2929 tertio
1234 2894 1346 2930 modo
1365 2895 1423 2930 vel
1441 2895 1619 2940 diabolus,
