1907 3198
481 169 706 206 QUAESTIO
741 169 844 199 XXX.
878 168 1126 200 ARTICULUS
1160 169 1220 200 111.
1558 170 1638 214 231

58 254 224 304 piscantia
245 252 370 289 dicitnr
387 264 454 287 non
475 253 654 296 naturalis,
678 261 712 287 et
734 251 827 287 solet
849 252 967 299 magis
986 252 1058 287 dici
1080 252 1255 300 cupiditas.
1278 252 1415 288 Primae
1445 263 1534 298 ergo
1562 263 1646 287 con-

65 307 309 356 cupiscentiae
331 306 512 341 naturales
534 317 751 341 communes
774 315 857 341 sunt
878 306 1102 349 hominibus,
1125 315 1159 341 et
1181 306 1260 341 aliis
1292 305 1530 349 animalibus3
1558 306 1642 353 quia

64 362 223 409 utrisque
238 368 292 396 est
307 360 455 408 aliquod
473 360 534 406 [al.
546 361 689 408 aliquid]
703 360 939 403 conveniens,
955 368 990 395 et
1004 360 1219 395 delectabile
1239 360 1440 395 secundum
1456 369 1623 395 naturam
1637 373 1644 403 ;

64 425 99 452 et
119 416 156 451 in
177 415 234 450 his
257 425 385 450 omnes
408 415 577 450 homines
602 414 844 457 conveniunt;
864 414 959 449 unde
982 423 1016 449 et
1038 414 1176 449 Philos.
1200 415 1235 448 in
1267 426 1295 461 3.
1323 414 1440 449 Ethic.
1468 415 1546 459 (loc.
1572 421 1644 462 sup.

63 471 133 516 cit.)
155 477 265 504 vocat
287 480 347 504 eas
369 481 568 511 communes,
594 477 628 504 et
642 469 858 504 necessarias:
874 468 937 503 sed
955 468 1114 503 secundae
1133 469 1453 515 concupiscentiae
1469 476 1552 503 sunt
1567 479 1647 515 pro-

62 527 160 575 priae
181 525 389 567 hominum,
411 535 569 570 quorum
590 523 777 571 proprium
801 531 854 558 est
876 523 1084 569 excogitare
1108 522 1242 569 aliquid
1265 531 1302 557 ut
1321 523 1472 565 bonum,
1501 531 1535 557 et
1557 534 1641 557 con-

3 610 7 612 ,
62 578 224 622 veniens,
246 586 388 626 praeter
408 577 456 620 id,
476 578 573 624 quod
595 586 723 612 natura
745 577 904 624 requirit.
925 577 1032 612 Unde
1056 584 1091 611 et
1120 576 1155 610 in
1187 588 1214 611 1.
1243 576 1350 611 Rhet.
1375 577 1450 621 (loc.
1473 583 1542 623 sup.
1571 578 1644 623 cit.)

62 632 200 669 Philos.
224 632 321 674 dicit,
343 631 479 678 primas
501 631 817 678 concupiscentias
839 642 918 666 esse
940 631 1165 673 irrationales,
1189 630 1369 665 secundas
1391 641 1478 664 vcro
1502 642 1576 665 sum
1591 642 1645 665 ra-

63 688 166 723 tione:
189 694 225 722 et
245 686 330 734 quia
352 685 484 721 diversi
499 686 745 720 diversimode
761 685 1033 727 ratiocinantur,
1050 685 1133 719 ideo
1150 685 1261 719 etiam
1279 685 1461 719 secundae
1478 684 1647 719 dicuntur

61 741 98 776 in
123 752 152 788 3.
179 739 340 776 Ethicor.
368 740 449 786 (loc.
471 746 542 787 sup.
565 741 635 786 cit.)
654 741 827 787 propriae,
851 744 879 774 ct
900 741 1077 787 appositae,
1101 738 1242 773 scilicet
1262 750 1369 785 supra
1383 738 1567 773 naturales
1583 738 1645 784 [al.

60 794 354 843 supernaturales}

131 848 193 884 AD
214 858 365 884 PRIMUM
387 858 475 894 ergo
498 846 705 890 dicendum,
728 847 825 894 quod
849 846 935 882 illud
958 847 1067 890 idem,
1086 847 1184 894 quod
1200 846 1380 894 appetitur
1402 848 1562 894 appetitu
1585 857 1645 881 na-

60 902 178 946 turali,
199 909 318 950 potest
339 903 459 949 appeti
478 901 637 949 appetitu
667 902 828 945 animali,
856 913 939 937 cum
961 901 1068 937 fuerit
1090 901 1359 949 apprehensum
1373 914 1380 936 ε
1395 909 1430 936 et
1443 900 1645 936 secundum

60 957 133 993 hoc
156 957 238 1000 cibi,
271 964 307 992 et
330 963 450 1004 potu3‚
473 964 508 991 et
527 956 753 1002 hujusmodi,
787 968 881 1004 quae
909 963 1126 1003 appetuntur
1155 954 1379 999 naturaliter,
1413 963 1533 1003 potest
1568 966 1645 990 esse

61 1011 357 1059 concupiscentia
379 1009 558 1046 animalis.

132 1065 193 1102 AD
215 1075 425 1101 SECUNDUM
443 1064 651 1107 dicendum,
679 1064 777 1112 quod
800 1064 988 1099 diversitas
1018 1064 1399 1112 concupiscentiarum
1421 1063 1642 1098 naturalium

61 1132 81 1156 a
106 1131 182 1155 non
208 1118 430 1154 naturalibus
458 1130 533 1154 non
561 1126 615 1154 est
642 1118 840 1154 materialis
866 1127 1021 1162 tantum,
1049 1119 1111 1154 sed
1135 1119 1245 1153 etiarn
1273 1118 1551 1165 quodammodo
1578 1117 1647 1152 for

61 1173 186 1218 malis3
207 1174 424 1221 inquantum
445 1173 611 1221 procedit
633 1185 674 1208 ex
697 1173 902 1208 diversitate
924 1173 1059 1219 objecti
1081 1173 1208 1207 activi:
1233 1172 1420 1219 objectum
1442 1180 1565 1208 autem
1589 1183 1647 1219 ap-

61 1229 192 1277 petitus
207 1235 259 1264 est
273 1228 413 1263 bonum
423 1227 712 1275 apprehensum3
727 1227 823 1262 unde
839 1227 882 1262 ad
898 1227 1146 1262 diversitatem
1166 1226 1275 1261 activi
1289 1227 1444 1273 pertinet
1458 1226 1648 1261 diversitas

61 1282 381 1331 apprehensionis;
407 1289 515 1329 prout
537 1281 675 1317 scilicet
702 1281 986 1329 apprehenditur
1012 1280 1148 1328 aliquid
1171 1289 1208 1315 ut
1231 1281 1454 1316 conveniens
1483 1280 1649 1316 absoluta

60 1336 363 1385 apprehensione,
385 1347 428 1371 ex
445 1347 517 1384 qua
545 1343 740 1370 causantur
763 1335 1083 1383 concupiscentiae
1110 1334 1306 1377 naturales,
1334 1347 1423 1382 quas
1445 1334 1583 1370 Philos.
1611 1335 1647 1369 in

59 1391 166 1427 Rhet.
199 1391 280 1438 (loc.
300 1397 372 1439 sup.
394 1391 464 1437 cit.)
488 1398 599 1425 vocat
624 1390 856 1433 irrational553
889 1398 923 1425 et
952 1398 1060 1436 prout
1082 1389 1365 1437 apprehenditur
1395 1389 1531 1436 aliquid
1558 1400 1644 1424 cum

60 1445 332 1488 deliberatione,
352 1456 396 1480 ex
421 1456 492 1492 qua
511 1452 705 1480 causantur
727 1444 1047 1492 concupiscentiae
1069 1455 1145 1479 non
1166 1443 1361 1487 naturales,
1384 1455 1479 1491 quae
1501 1452 1648 1491 propter

60 1500 133 1536 hoc
154 1499 192 1534 in
209 1499 316 1534 Rhet.
340 1499 452 1545 (ibid.)
475 1498 644 1534 dicuntur
661 1511 736 1534 cum
757 1500 898 1534 ratione.

132 1554 193 1590 AD
212 1563 385 1589 TERTIUM
407 1553 615 1596 dicendum,
637 1553 735 1600 quod
757 1553 794 1587 in
816 1553 969 1588 homine
991 1564 1066 1587 non
1086 1551 1208 1587 solum
1230 1560 1284 1587 est
1305 1552 1397 1587 ratio
1421 1551 1649 1595 universalis,

60 1619 153 1656 quae
174 1608 330 1656 pertinet
350 1607 395 1642 ad
416 1615 558 1655 partem
579 1607 854 1650 intellectivam,
871 1607 933 1642 sed
955 1607 1066 1642 etiam
1088 1607 1180 1642 ratio
1200 1606 1440 1654 particularis,
1463 1618 1556 1654 quae
1571 1618 1648 1654 per-

60 1663 150 1698 tinet
171 1662 215 1698 ad
233 1670 374 1710 partem
395 1662 620 1705 sensitivam,
642 1670 681 1697 ut
701 1662 737 1696 in
764 1673 791 1698 1.
814 1662 874 1697 lib.
899 1662 1038 1697 dictum
1061 1670 1114 1697 est
1142 1661 1187 1708 (q.
1215 1663 1268 1709 78.
1291 1667 1356 1697 art.
1379 1662 1443 1707 4.);
1468 1670 1502 1697 et
1524 1673 1648 1697 secun-

61 1716 149 1752 dum
170 1717 242 1752 hoc
265 1717 376 1752 etiam
395 1716 704 1764 concupiscentia,
733 1728 825 1764 quae
854 1724 906 1751 est
928 1728 1013 1751 cum
1035 1716 1188 1759 ratione,
1222 1724 1343 1763 potest
1377 1716 1420 1751 ad
1449 1716 1648 1776 appetitum
1689 1742 1691 1745 -

61 1770 275 1806 sensitivum
295 1770 494 1825 pertinere:
517 1779 553 1806 et
573 1779 721 1818 propter
748 1771 820 1805 hoc
849 1771 1027 1817 appetitus
1054 1770 1246 1805 sensitivus
1273 1778 1394 1817 potest
1420 1770 1531 1806 etiam
1555 1782 1575 1805 a
1597 1782 1649 1805 ra-

61 1825 162 1861 tione
183 1816 384 1861 universali
400 1825 554 1868 moveri,
576 1825 760 1860 mediante
782 1825 1047 1871 imaginatione
1069 1824 1290 1872 particulari.

625 1980 974 2027 ARTICULUS
1005 1981 1080 2024 IV.
1584 2004 1645 2040 173

401 2102 557 2134 UTRUM
584 2102 974 2133 CONCUPISCENTIA
1001 2103 1068 2133 SIT
1097 2102 1309 2134 INFINITA.

135 2205 196 2240 AD
218 2214 409 2245 QUARTUM
430 2205 481 2240 sic
509 2205 728 2253 proceditur.
755 2204 920 2248 Videtur,
944 2205 1041 2252 quod
1065 2205 1363 2252 concupiscentia
1391 2217 1466 2240 non
1493 2206 1538 2241 sit
1571 2205 1647 2240 infi-

62 2258 157 2295 nita:
179 2259 365 2306 obiectum
387 2259 489 2295 enim
511 2259 830 2306 concupiscentiae
858 2267 912 2294 est
934 2261 1067 2301 bonum,
1091 2259 1190 2306 quod
1212 2259 1322 2294 habet
1343 2260 1525 2295 rationem
1544 2260 1641 2295 finis:

63 2313 126 2361 qui
146 2321 269 2349 autem
290 2313 394 2361 ponit
414 2313 608 2356 infinitum,
631 2313 788 2348 excludit
810 2313 932 2356 finem,
955 2322 994 2349 ut
1011 2313 1142 2348 dicitur
1159 2313 1196 2348 in
1216 2324 1247 2348 2.
1267 2314 1353 2349 Met.
1376 2319 1454 2359 (tex.
1478 2315 1508 2351 8.
1510 2315 1542 2359 ),·
1564 2326 1649 2350 con-

65 2367 286 2416 cupiscentia
309 2379 397 2414 ergo
422 2379 497 2403 non
520 2375 638 2415 potest
661 2379 738 2403 esse
761 2367 912 2403 infinita.

136 2431 168 2457 2.
187 2421 426 2458 PRAETEREA.
466 2421 778 2469 Concupiscentia
805 2431 859 2457 est
885 2422 973 2457 boni
999 2422 1262 2465 convenientis,
1303 2434 1387 2457 cum
1409 2423 1584 2470 procedat
1605 2435 1647 2458 ex

66 2487 210 2512 amore:
233 2476 296 2512 sed
322 2476 516 2519 infinitum,
544 2487 629 2510 cum
663 2477 707 2511 sit
741 2477 1113 2524 improportionatum
1143 2476 1205 2523 [al.
1234 2488 1299 2512 non
1321 2478 1647 2525 proportiomztnm],

63 2541 138 2566 non
159 2537 278 2578 potest
299 2541 377 2565 esse
397 2530 638 2573 conveniens3
661 2541 750 2577 ergo
773 2531 1068 2578 concupiscentia
1095 2542 1169 2565 non
1192 2539 1312 2578 potest
1334 2543 1411 2566 esse
1432 2531 1581 2566 infinita.

138 2595 167 2632 3.
189 2583 428 2620 PRAETEREA.
451 2583 594 2619 Infinita
613 2595 687 2619 non
703 2592 756 2619 est
773 2585 1008 2632 pertransire,
1032 2593 1067 2620 et
1088 2585 1138 2620 sic
1156 2587 1191 2619 in
1212 2586 1262 2620 eis
1285 2596 1360 2620 non
1383 2594 1436 2620 est
1457 2586 1646 2632 pervenire

65 2637 110 2672 ad
131 2637 318 2673 ultimum:
342 2638 404 2673 sed
427 2638 701 2685 concupiscenti
723 2638 762 2673 fit
784 2638 977 2674 delectatio
1008 2651 1070 2686 per
1104 2639 1174 2674 hoc
1199 2639 1297 2686 quod
1329 2640 1472 2686 attingit
1499 2640 1541 2674 ad
1566 2640 1644 2675 ulti-

65 2702 186 2736 mum3
207 2703 296 2739 ergo
319 2692 349 2728 si
370 2692 666 2740 concupiscentia
689 2701 784 2728 esset
805 2693 955 2736 infinita,
971 2702 1184 2740 sequeretur
1203 2694 1301 2741 quod
1319 2706 1521 2741 numquam
1544 2694 1647 2730 fieret

65 2745 269 2783 delectatio.

138 2800 212 2836 SED
235 2812 392 2838 CONTRA
414 2809 480 2844 est,
502 2803 600 2848 quod
622 2802 759 2837 Philos.
780 2803 865 2837 dicit
879 2803 914 2837 in
935 2814 962 2838 1.
982 2803 1125 2838 Politic.
1148 2803 1235 2851 (cap.
1260 2803 1292 2838 6.
1307 2808 1383 2850 post
1406 2803 1520 2849 md),
1535 2804 1645 2851 quod,

66 2853 104 2889 in
123 2854 304 2890 infinitum
326 2856 622 2903 concupiscentia
650 2856 822 2892 existente
853 2856 915 2903 [al.
938 2858 1068 2904 infinito
1091 2858 1369 2905 concupiscentiae
1391 2858 1557 2904 existente]
1583 2858 1646 2893 ho-

67 2907 183 2945 mines
204 2909 343 2945 infinita
364 2910 580 2945 desiderant.
