1907 3198
526 188 750 224 QUAESTIO
785 187 885 217 Lxx,
919 186 1166 218 ARTICULUS
1200 185 1244 216 11.
1581 186 1664 229 491

665 357 1013 404 ARTICULUS
1049 357 1104 400 11.
1605 366 1670 414 369

315 469 469 499 UTRUM
496 469 695 499 FRUCTUS
724 469 751 497 A
779 467 1150 498 BEATITUDINIBUS
1179 464 1440 496 DIFFERANT.

715 556 812 603 (Gal.
832 569 860 603 5.
889 557 958 591 lact.
987 557 1048 602 9.).

162 647 224 682 An
245 656 455 682 SECUNDUM
476 646 527 681 sic
550 646 770 693 proceditur.
794 646 957 687 Videtur,
973 645 1071 691 quod
1093 644 1230 683 fructus
1253 656 1272 678 a
1295 643 1575 678 beatitudinibus
1598 654 1672 678 non

91 699 280 736 differant:
308 700 548 735 beatitudines
575 701 673 734 enim
697 700 938 734 attribuuntur
965 699 1082 741 donis,
1106 706 1144 733 ut
1165 710 1274 745 supra
1297 698 1434 732 dictum
1457 705 1510 732 est
1535 699 1580 744 (q.
1609 698 1666 744 69.

91 760 157 791 art.
174 756 244 802 3.):
265 754 328 789 sed
350 754 447 789 dona
474 753 665 801 perficiunt
690 754 894 795 hominem,
925 753 1128 787 seeundum
1156 752 1254 799 quod
1285 760 1454 787 movetur
1489 763 1509 786 a
1538 752 1672 798 Spiritu

92 809 249 851 Sancto;
271 819 358 854 ergo
385 808 625 843 beatitudines
647 809 746 855 ipsae
767 816 851 842 sunt
876 807 1014 842 fructus
1037 807 1191 854 Spiritus
1214 806 1350 841 Sancti.

164 872 196 898 2.
218 862 457 898 PRAETEREA.
481 862 584 897 Sicut
605 874 643 897 se
670 862 780 897 habet
800 861 936 896 fructus
955 861 1050 896 vitae
1070 869 1238 896 aeternae
1262 860 1306 895 ad
1327 860 1591 895 beatitudinem
1624 859 1675 894 fu-

91 926 222 960 turam,
245 928 337 963 quae
366 924 419 951 est
440 918 500 959 rei,
528 917 577 951 ita
599 928 637 951 se
659 917 795 951 habent
831 915 968 950 fruetus
998 915 1197 962 praesentis
1227 915 1323 956 vitae
1346 915 1391 949 ad
1412 915 1675 949 beatitudinem

92 970 292 1018 praesentis
314 971 422 1013 vitae,
445 982 538 1017 quae
560 978 615 1006 est
638 973 726 1018 spui:
749 970 811 1005 sed
833 970 969 1005 fructus
991 970 1086 1005 vitae
1110 978 1277 1004 aeternae
1310 978 1363 1004 est
1388 969 1467 1016 ipsa
1487 969 1674 1004 beatitudo

91 1024 232 1068 futura;
254 1036 342 1071 ergo
369 1024 506 1059 fructus
527 1025 622 1061 vitae
645 1025 843 1072 praesentis
865 1032 948 1059 sunt
965 1025 1064 1071 ipsae
1086 1024 1338 1058 beatitudines.

168 1091 196 1126 3.
220 1079 458 1114 PRAETEREA.
477 1079 533 1113 De
556 1079 696 1114 ratione
719 1078 855 1113 fruetus
882 1086 946 1121 est,
974 1078 1071 1124 quod
1094 1078 1139 1112 sit
1161 1078 1335 1124 quiddam
1356 1077 1539 1120 ultimum,
1563 1084 1597 1112 et
1618 1077 1676 1112 de-

94 1132 280 1168 lectabile:
302 1133 365 1167 sed
380 1133 451 1167 hoc
476 1133 630 1179 pertinet
652 1133 695 1167 ad
719 1133 898 1167 rationem
913 1132 1145 1167 beatitudinis
1169 1140 1206 1166 ut
1227 1143 1335 1178 supra
1358 1132 1495 1166 dictum
1518 1140 1573 1166 est
1589 1131 1673 1178 (q.3.

93 1192 160 1223 art.
180 1200 207 1223 I.
223 1192 252 1222 et
263 1198 292 1233 q.
308 1199 353 1222 11.
376 1192 439 1222 art.
458 1189 519 1233 3.),·
543 1198 631 1233 ergo
655 1187 783 1221 eadem
806 1187 897 1221 ratio
921 1195 973 1221 est
995 1186 1142 1228 fruetus,
1159 1195 1193 1220 ct
1214 1186 1466 1228 beatitudinis;
1489 1197 1577 1232 ergo
1599 1197 1674 1220 non

94 1241 225 1276 debent
246 1241 288 1275 ab
311 1240 466 1275 invicem
483 1241 666 1287 distingui.

165 1294 241 1330 SED
263 1304 431 1330 CONTRA.
466 1294 637 1335 Quorum
665 1295 802 1341 species
831 1303 913 1329 sunt
935 1295 1111 1336 diversae,
1132 1294 1208 1341 ipsa
1231 1305 1377 1340 quoque
1405 1302 1488 1328 sunt
1515 1294 1673 1328 diversa:

93 1349 156 1384 sed
176 1349 213 1383 in
234 1348 393 1383 diversas
414 1356 534 1395 partes
557 1349 764 1383 dividuntur
775 1348 978 1390 etfructus,
1001 1356 1036 1382 et
1057 1348 1314 1382 beatitudines:
1335 1356 1374 1382 ut
1394 1356 1492 1394 patet
1514 1359 1577 1393 per
1591 1359 1675 1382 enu-

92 1402 334 1437 merationem
352 1410 610 1448 utrorumque3
633 1414 721 1448 ergo
743 1402 880 1437 fructus
903 1402 1074 1436 differunt
1096 1413 1116 1436 a
1137 1402 1430 1436 beatitudinibus.

162 1455 394 1492 RESPONDEO
409 1456 616 1498 dicendum,
632 1457 741 1503 quod,
757 1456 836 1503 plus
848 1457 1042 1503 requiritur
1057 1456 1100 1490 ad
1116 1456 1297 1490 rationem
1309 1455 1552 1500 beatitudinis,
1564 1467 1675 1502 quam

92 1509 135 1544 ad
157 1510 336 1545 rationem
357 1509 511 1545 fructus:
534 1522 621 1544 nam
649 1511 692 1545 ad
720 1511 900 1545 rationem
924 1510 1059 1545 fructus
1087 1509 1229 1552 sufficit,
1252 1510 1350 1556 quod
1372 1511 1417 1544 sit
1449 1510 1584 1556 aliquid
1615 1510 1675 1544 ha-

92 1563 179 1599 bens
201 1564 379 1599 rationem
403 1563 522 1599 ultimi
555 1573 590 1599 et
627 1564 872 1600 delectabilis:
895 1564 956 1599 sed
985 1564 1029 1598 ad
1056 1564 1236 1599 rationem
1263 1564 1495 1599 beatitudinis
1523 1564 1673 1598 ulterius

88 1618 291 1666 requiritur,
314 1618 411 1665 quod
438 1619 484 1653 sit
505 1618 639 1665 aliquid
662 1618 874 1665 perfectum,
902 1627 936 1653 et
959 1618 1159 1661 excellens3
1194 1618 1289 1652 unde
1324 1629 1453 1653 omnes
1487 1618 1674 1653 beatitudi-

89 1683 154 1708 nes
175 1680 327 1719 possunt
348 1672 419 1707 dici
439 1672 588 1715 fructus,
610 1673 671 1707 sed
687 1684 761 1707 non
782 1673 1014 1707 convertitur.
1032 1672 1124 1707 Sunt
1142 1673 1240 1707 enim
1258 1672 1396 1707 fructus
1418 1684 1672 1719 quaecumque

88 1727 249 1762 virtuosa
271 1737 393 1773 opera,
415 1726 452 1760 in
474 1727 603 1773 quibus
625 1727 741 1761 homo
769 1727 989 1761 delectatur:
1013 1727 1075 1761 sed
1097 1726 1338 1761 beatitudines
1361 1727 1530 1761 dicuntur
1550 1726 1672 1761 solum

88 1780 245 1828 perfecta
264 1791 387 1828 opera,
410 1792 501 1827 quae
524 1781 634 1816 etiam
656 1781 797 1815 ratione
824 1793 910 1816 suae
939 1779 1171 1827 perfectionis
1199 1780 1316 1825 magis
1345 1781 1587 1815 attribuuntur
1609 1780 1671 1815 do-

88 1837 155 1878 nis,
177 1847 288 1882 quam
314 1835 517 1878 virtutibus,
540 1844 578 1870 ut
599 1847 708 1882 supra
727 1836 865 1870 dictum
888 1844 941 1870 est
965 1835 1010 1881 (q.
1034 1836 1091 1881 69.
1107 1841 1170 1870 art.
1195 1848 1221 1870 ι.
1244 1835 1345 1882 823).

159 1890 219 1925 AD
238 1900 388 1925 PRIMUM
407 1901 495 1935 ergo
514 1890 721 1932 dicendum,
737 1891 833 1936 quod
857 1890 948 1924 ratio
971 1889 1032 1923 illa
1055 1890 1194 1935 probat,
1216 1890 1313 1935 quod
1334 1889 1573 1924 beatitudines
1595 1889 1668 1923 sint

86 1942 234 1987 fructus,
255 1955 331 1978 non
350 1952 473 1978 autem
495 1944 593 1990 quod
616 1955 745 1978 omnes
767 1943 904 1978 fructus
927 1943 1166 1978 beatitudines
1189 1944 1268 1977 sint.

158 1998 219 2033 AD
245 2008 454 2033 SECUNDUM
477 1998 685 2040 dicendum,
707 1998 805 2044 quod
832 1997 968 2032 fruetus
990 1997 1086 2032 vitae
1115 2006 1284 2032 aeternae
1307 2005 1361 2031 est
1383 1997 1597 2043 simpliciter
1620 1996 1670 2031 ul-

88 2051 210 2095 timus,
229 2060 265 2087 et
281 2051 476 2099 perfectus:
497 2060 533 2087 et
551 2052 633 2086 ideo
649 2053 684 2086 in
699 2052 801 2086 nullo
825 2052 1056 2097 distinguitur
1076 2063 1095 2085 a
1118 2052 1340 2086 beatitudine
1364 2060 1510 2086 aeterna
1529 2051 1666 2086 futura:

86 2105 222 2142 fructus
241 2115 363 2141 autern
382 2106 579 2152 praesentis
601 2107 696 2140 vitae
719 2118 793 2140 non
815 2115 898 2140 sunt
920 2105 1133 2152 simpliciter
1156 2105 1285 2148 ultimi,
1305 2114 1340 2140 et
1358 2105 1520 2152 perfecti,
1536 2115 1570 2140 et
1584 2106 1667 2140 ideo

87 2171 162 2195 non
183 2171 312 2195 omnes
334 2159 470 2195 fructus
493 2168 576 2195 sunt
596 2160 848 2195 beatitudines.

159 2215 219 2250 AD
242 2225 415 2250 TERTIUM
437 2215 644 2257 dicendum,
664 2215 761 2261 quod
785 2215 919 2261 aliquid
943 2214 1099 2261 amplius
1122 2222 1175 2249 est
1197 2214 1240 2249 de
1263 2214 1403 2249 ratione
1423 2215 1667 2257 beatitudinis,

29 2283 32 2287 ’
89 2280 198 2317 quam
219 2269 263 2304 de
285 2269 424 2304 ratione
450 2268 598 2312 fructus,
621 2278 659 2303 ut
681 2270 818 2304 dictum
841 2278 894 2304 est
915 2271 965 2314 (in
989 2276 1080 2316 corp.
1100 2270 1194 2315 art).

626 2389 973 2435 ARTICULUS
1010 2389 1088 2432 ΙΙΙ.
1602 2403 1668 2439 370

147 2487 300 2519 UTRUM
327 2488 526 2519 Faucrus
555 2487 897 2518 eoNvssNffiNTEu
920 2487 1247 2518 ENUMERENTUR
1270 2488 1322 2517 AB
1350 2488 1604 2517 APOSTOLO.

326 2564 368 2611 (3.
392 2564 479 2599 Dist.
496 2575 548 2611 34.
563 2576 594 2610 q.
616 2577 643 2599 Ι.
665 2569 728 2598 nrt.
748 2576 777 2610 5.
801 2570 891 2611 corp.
914 2569 943 2599 el
972 2565 1054 2599 Viri.
1074 2576 1104 2611 q.
1124 2576 1154 2599 2.
1179 2569 1242 2599 ml.
1266 2577 1291 2600 ι.
1313 2565 1355 2599 ad
1376 2577 1425 2600 12.

699 2623 727 2653 ct
750 2618 826 2653 Gal.
846 2631 874 2664 5.
898 2618 968 2653 lect.
985 2619 1047 2664 6.).

157 2702 218 2738 AD
240 2712 412 2737 TERTlUM
434 2702 485 2737 sic
501 2702 718 2747 proceditur.
738 2701 900 2743 Videtur,
920 2702 1018 2748 quod
1037 2701 1239 2748 Apostolus
1262 2702 1563 2736 inconvenienter
1581 2714 1665 2737 enu-

88 2764 203 2791 meret
224 2756 268 2791 ad
291 2755 411 2791 Galat.
438 2767 479 2801 5.,
501 2756 670 2791 duodecim
694 2755 848 2790 fructus:
873 2756 957 2790 alibi
980 2757 1077 2791 enirn
1100 2757 1186 2791 dicit
1205 2768 1282 2791 esse
1296 2764 1437 2790 tantum
1462 2768 1573 2790 unum
1597 2757 1665 2791 sru-

88 2817 188 2845 ctum
213 2810 410 2857 praesentis
438 2810 544 2851 vitae,
572 2810 772 2844 secundum
801 2809 888 2844 illud
917 2810 1073 2844 Roman.
1101 2809 1153 2844 6.:
1179 2811 1317 2845 Habetis
1337 2811 1490 2856 frustum
1517 2816 1663 2845 vestrum

86 2863 124 2898 in
140 2864 417 2908 sanctificatione:
440 2871 476 2898 et
495 2863 610 2898 Isaiae
633 2874 689 2909 27.
710 2864 857 2898 dicitur:
881 2865 949 2899 Hic
970 2870 1012 2899 est
1034 2866 1140 2901 omnis
1152 2865 1299 2912 fructus,
1325 2870 1358 2899 ut
1389 2865 1568 2911 auferatur
1588 2872 1664 2912 pec-

88 2921 200 2953 catum
207 2929 220 2958 ,·
239 2927 314 2952 non
336 2928 425 2964 ergo
447 2917 607 2964 ponendi
628 2925 711 2952 sunt
732 2917 903 2954 duodecim
923 2917 1071 2953 fructus.
