1907 3182
275 207 361 250 314
706 207 924 243 QUAESTlO
956 208 1072 237 XLIV.
1105 207 1351 237 ARTICULUS
1385 208 1413 237 Ι.

854 377 1200 422 ARTICULUS
1236 379 1268 421 Ῑ.
1773 400 1837 437 243
1863 399 1882 403 ’·

579 486 733 515 UTRUM
761 485 901 515 TIMOR
927 486 1087 515 FACIAT
1116 486 1513 516 CONTRACTIONEM.

511 573 625 619 (Schr.
648 584 677 618 q.
700 584 747 619 25.
775 578 838 608 art.
864 586 892 608 1.
916 579 1003 620 corp.
1031 578 1059 609 et
1084 586 1114 620 q.
1141 585 1191 620 45.
1219 579 1284 609 art.
1311 585 1344 619 4.
1367 574 1409 609 ad
1434 587 1462 609 1.
1488 579 1517 609 et
1540 574 1602 620 2.).

342 661 401 695 AD
423 671 572 696 PR1MUM
595 661 644 695 sic
668 661 886 707 proceditur.
905 661 1069 705 Videtur,
1081 663 1177 708 quod
1192 663 1303 697 timor
1317 674 1392 697 non
1409 662 1518 697 faciat
1532 661 1841 697 contractionem:

272 715 521 748 contractione
561 715 658 748 enim
680 714 785 757 facta,
815 715 925 757 calor,
949 724 983 750 et
1004 716 1146 762 spiritus
1174 716 1218 750 ad
1238 716 1410 750 interiora
1438 724 1672 752 revocantur:
1710 715 1773 750 sed
1799 727 1843 750 ex

272 768 502 802 multitudine
527 767 657 802 caloris
680 776 715 802 et
735 768 926 814 spirituum
945 770 980 803 in
1002 769 1232 804 interioribus
1253 769 1507 815 magnificatur
1522 781 1585 804 cor
1606 770 1650 803 ad
1672 769 1844 803 audacter

271 821 404 868 aliquid
428 822 733 868 aggrediendum3
756 830 794 856 ut
814 831 912 868 patet
932 823 968 856 in
990 823 1105 857 iratis:
1129 824 1230 870 cujus
1252 823 1476 858 contrarium
1490 823 1526 857 in
1541 823 1673 858 timore
1691 822 1841 866 accidit3

269 887 344 910 non
367 887 454 921 ergo
475 875 586 909 timor
606 874 693 909 facit
714 876 1014 910 contractionem.

341 939 372 963 2.
395 929 632 964 PRAETEREA.
655 929 903 976 Multiplicatis
931 930 1124 976 spiritibus,
1152 938 1187 965 et
1213 929 1335 965 calore
1362 929 1398 964 in
1424 929 1654 965 interioribus
1676 941 1739 977 per
1760 941 1844 964 con-

268 983 498 1031 tractionem,
526 983 684 1029 sequitur
713 983 811 1029 quod
837 983 951 1018 homo
979 983 1015 1017 in
1041 995 1172 1018 vocem
1195 992 1425 1030 prorumpat;
1453 992 1492 1018 ut
1511 992 1611 1030 patet
1630 984 1668 1018 in
1694 983 1844 1018 dolenti-

268 1037 349 1071 bus:
370 1037 432 1071 sed
453 1037 621 1071 timentes
644 1048 718 1071 non
741 1038 910 1072 emittunt
930 1049 1074 1080 vocem,
1097 1038 1159 1073 sed
1181 1038 1298 1085 magis
1325 1038 1522 1072 redduntur
1541 1038 1734 1081 taciturni3
1753 1049 1842 1083 ergo

268 1091 380 1125 timor
400 1102 474 1124 non
496 1090 583 1125 facit
609 1091 911 1125 contractionem.

343 1157 371 1191 3.
394 1145 632 1180 PRAETEREA.
649 1144 878 1180 Verecundia
901 1153 954 1180 est
975 1145 1156 1192 quaedam
1178 1145 1336 1192 speciem
1356 1145 1510 1188 timoris,
1525 1153 1564 1180 ut
1582 1156 1689 1192 supra
1704 1144 1842 1179 dictum

268 1207 320 1233 est
339 1200 385 1245 (q.
412 1209 464 1243 41.
487 1204 550 1233 art.
572 1199 624 1244 4.)
646 1198 708 1233 sed
729 1195 943 1234 vereczindati
969 1200 1153 1242 rubescunt,
1177 1208 1216 1233 ut
1237 1199 1324 1233 dicit
1335 1198 1432 1233 Tull.
1447 1209 1480 1242 4.
1504 1199 1548 1233 de
1575 1197 1726 1233 Tuscul.
1751 1198 1841 1239 QQ.

269 1252 446 1298 (aliquant.
477 1264 496 1287 a
521 1252 664 1299 princ),
689 1260 723 1287 et
743 1252 880 1288 Philos.
908 1253 944 1286 in
965 1262 998 1295 4.
1021 1252 1137 1287 Ethic.
1167 1252 1255 1300 (cap.
1278 1253 1335 1287 ult.
1372 1254 1450 1288 circ.
1468 1253 1624 1300 princ.);
1652 1253 1763 1287 rubor
1785 1264 1844 1286 au-

266 1314 341 1340 tem
362 1305 468 1340 faciei
488 1317 563 1340 non
583 1314 769 1341 attestatur
787 1306 1040 1349 contractioni,
1055 1306 1118 1341 sed
1141 1306 1324 1341 contrario
1336 1318 1345 1349 ;
1366 1317 1442 1341 non
1460 1317 1548 1353 ergo
1572 1307 1774 1341 contractio
1789 1313 1844 1340 est

270 1358 420 1394 effectus
446 1359 598 1394 timoris.

339 1414 414 1448 SED
443 1424 599 1449 CONTRA
621 1422 684 1456 est,
712 1413 809 1460 quod
830 1414 1003 1448 Damasc.
1026 1414 1113 1449 dicit
1133 1414 1170 1448 in
1193 1414 1302 1460 3:111).
1317 1414 1431 1459 (Orth.
1446 1413 1523 1451 Fid.
1545 1420 1620 1461 cap.
1641 1414 1720 1461 23),
1743 1413 1841 1460 quod

267 1467 378 1502 timor
400 1476 453 1502 est
477 1467 590 1502 virtus
611 1468 813 1502 secundum
832 1467 1018 1514 systolem,
1040 1467 1132 1502 idest
1153 1467 1354 1502 secundum
1378 1467 1679 1502 contractionem.

343 1521 573 1556 RESPONDEO
597 1521 804 1563 dicendum,
827 1521 936 1567 quod,
959 1533 1066 1568 supra
1094 1521 1230 1556 dictum
1253 1529 1306 1556 est
1332 1522 1377 1567 (q.
1404 1522 1458 1556 28.
1486 1526 1551 1556 art.
1570 1521 1630 1567 5.)‚
1652 1520 1689 1554 in
1710 1520 1843 1567 passio-

267 1575 372 1609 nibus
396 1575 538 1609 animae
561 1583 614 1609 est
634 1574 727 1609 sicut
747 1574 902 1609 formale
924 1575 1000 1621 ipse
1016 1582 1137 1609 motus
1157 1575 1371 1622 appetitivae
1393 1574 1588 1621 potentiae,
1607 1574 1700 1609 sicut
1720 1582 1843 1608 autem

270 1628 458 1663 materiale
480 1628 733 1662 transmutatio
757 1628 938 1674 corporis:
963 1639 1118 1674 quorum
1144 1640 1258 1662 unum
1281 1627 1383 1662 alteri
1404 1628 1714 1675 proportionatur:
1746 1627 1842 1662 unde

268 1682 469 1717 secundum
503 1681 788 1724 similitudinem,
817 1689 852 1716 et
880 1682 1061 1716 rationem
1088 1682 1273 1729 appetitivi
1306 1690 1428 1716 motus
1454 1681 1616 1728 sequitur
1642 1681 1842 1728 corporalis

267 1736 534 1770 transmutatio.
571 1735 761 1776 Quantum
800 1743 921 1770 autem
949 1736 993 1770 ad
1020 1735 1217 1770 animalem
1239 1744 1382 1770 motum
1410 1736 1600 1782 appetitus,
1626 1735 1738 1770 timor
1759 1746 1842 1769 con-

265 1790 484 1824 tractionem
506 1790 702 1836 quamdam
721 1790 913 1836 importat,
930 1790 1030 1835 cujus
1049 1790 1141 1824 ratio
1165 1797 1228 1833 est,
1247 1791 1331 1836 quia
1351 1789 1463 1824 timor
1480 1790 1647 1836 provenit
1668 1801 1710 1823 ex
1731 1789 1842 1836 phan-

266 1844 357 1878 tasia
381 1843 530 1889 alicujus
558 1843 646 1877 mali
666 1843 902 1885 imminentis,
924 1843 1022 1890 quod
1044 1842 1189 1878 difficile
1211 1843 1337 1890 repelli
1358 1851 1488 1890 potest,
1515 1851 1554 1878 ut
1578 1855 1684 1890 supra
1705 1843 1843 1877 dictum

267 1906 320 1932 est
353 1898 396 1943 (q.
419 1909 470 1942 41.
498 1902 561 1932 ιιι-ί.
589 1898 637 1942 2.)
648 1910 660 1938 ,·
693 1898 789 1943 quod
821 1905 942 1931 autem
977 1896 1111 1943 aliquid
1133 1896 1278 1932 difficile
1307 1897 1422 1944 possit
1441 1896 1579 1944 repelli,
1612 1897 1779 1944 provenit
1799 1907 1842 1931 ex

267 1951 450 1985 debilitate
472 1951 623 1993 virtutis,
646 1959 684 1985 ut
705 1962 811 1997 supra
838 1951 976 1985 dictum
999 1959 1052 1985 est
1080 1951 1124 1997 (q.
1155 1963 1205 1998 43.
1229 1956 1292 1986 art.
1315 1952 1376 1997 2.).
1409 1951 1533 1985 Virtus
1561 1959 1683 1986 autem
1705 1959 1840 1997 quanto

270 2012 323 2039 est
337 2004 502 2046 debilior,
529 2013 630 2038 tanto
653 2005 696 2039 ad
718 2005 891 2051 pauciora
913 2016 951 2039 se
972 2013 1092 2051 potest
1113 2004 1323 2047 extendere,
1346 2013 1380 2039 et
1401 2005 1483 2039 ideo
1503 2016 1545 2039 ex
1566 2005 1644 2051 ipsa
1665 2005 1841 2051 imagina-

266 2058 377 2100 tione,
400 2070 491 2104 quae
515 2066 639 2093 causat
660 2059 843 2101 timorem,
865 2059 1026 2105 sequitur
1048 2059 1228 2105 quaedam
1256 2059 1457 2093 contractio
1484 2059 1520 2093 in
1544 2059 1726 2105 appetitu:
1749 2059 1842 2093 sicut

266 2112 375 2146 etiam
397 2112 561 2146 videmus
584 2113 619 2146 in
643 2113 891 2154 morientibus,
908 2112 1005 2158 quod
1036 2120 1163 2147 natura
1198 2113 1391 2147 retrahitur
1425 2112 1470 2147 ad
1499 2113 1672 2147 interiora
1694 2121 1840 2159 propter

265 2165 487 2199 debilitatem
517 2166 676 2200 virtutis:
709 2174 743 2200 et
763 2167 929 2200 videmus
953 2167 1062 2200 etiam
1090 2166 1126 2200 in
1149 2166 1364 2209 civitatibus,
1387 2166 1483 2213 quod
1507 2166 1652 2212 quando
1680 2167 1775 2201 cives
1802 2166 1841 2201 ti-

267 2227 378 2261 ment,
406 2219 592 2253 retrahunt
618 2231 655 2253 se
683 2220 724 2253 ab
753 2220 1000 2261 exterioribus,
1016 2228 1051 2254 et
1071 2228 1270 2262 recurrunt,
1293 2229 1470 2266 quantum
1491 2228 1653 2267 possunt,
1680 2220 1724 2254 ad
1750 2220 1840 2254 inte-

265 2273 379 2315 riora,
402 2281 436 2307 et
457 2273 657 2306 secundum
684 2273 959 2308 similitudinem
981 2274 1087 2319 hujus
1110 2274 1381 2316 contractionis,
1409 2285 1501 2320 quae
1527 2274 1681 2321 pertinet
1709 2274 1752 2308 ad
1781 2285 1839 2320 ap—

265 2327 416 2372 petitum
458 2326 666 2368 animalem,
698 2328 858 2373 sequitur
881 2328 990 2362 etiam
1012 2328 1048 2361 in
1075 2328 1207 2362 timore
1239 2340 1280 2362 ex
1302 2336 1402 2374 parte
1437 2328 1599 2375 corporis
1634 2327 1836 2363 contractio

266 2379 408 2422 caloris,
428 2388 462 2414 et
488 2381 678 2426 spirituum
702 2381 745 2414 ad
772 2381 953 2415 interiora.

340 2434 399 2468 AD
422 2444 570 2468 PRIMUM
594 2445 682 2479 ergo
711 2434 916 2478 dicendum,
938 2435 1047 2481 quod,
1066 2435 1158 2469 sicut
1180 2434 1427 2482 Philosophus
1451 2435 1536 2470 dicit
1549 2435 1584 2469 in
1607 2434 1667 2469 lib.
1690 2435 1733 2470 dc
1755 2435 1840 2470 Pro-

266 2487 482 2522 blematibus
511 2487 600 2531 (sest.
623 2488 678 2522 26.
696 2488 804 2534 prom.
824 2488 884 2534 3.),
908 2487 993 2522 licet
1014 2488 1049 2522 in
1072 2488 1280 2523 timentibus
1308 2489 1535 2523 retrahantur
1556 2488 1699 2535 spiritus
1721 2489 1763 2522 ab
1786 2500 1841 2523 ex-

266 2541 456 2575 terioribus
492 2541 535 2575 ad
571 2541 761 2583 interiora3
789 2553 861 2575 non
895 2542 1018 2576 tamen
1042 2550 1093 2576 est
1124 2542 1221 2577 idem
1244 2550 1364 2576 motus
1395 2542 1587 2589 spirituum
1609 2543 1644 2576 in
1671 2542 1782 2584 iratis,
1804 2549 1839 2577 et

265 2595 496 2629 timentibus:
519 2606 604 2629 nam
626 2595 661 2628 in
684 2595 782 2628 iratis
817 2603 962 2641 propter
990 2595 1163 2639 calorem,
1191 2604 1225 2630 et
1251 2595 1486 2630 subtilitatem
1519 2596 1722 2642 spirituum,
1748 2605 1839 2642 quae

266 2649 484 2695 proveniunt
510 2660 551 2682 ex
579 2649 738 2695 appetitu
766 2649 957 2691 vindictae,
985 2650 1132 2684 interius
1166 2649 1204 2684 fit
1237 2650 1429 2696 spirituum
1463 2658 1585 2684 motus
1620 2650 1662 2684 ab
1698 2649 1840 2685 inferio·
1866 2663 1868 2665 ’

267 2702 363 2735 ribus
386 2702 428 2735 ad
451 2703 656 2748 superiora:
680 2710 714 2736 et
732 2702 814 2736 idco
838 2711 1107 2748 congregantur
1129 2703 1283 2749 spiritus,
1310 2712 1345 2738 et
1366 2703 1467 2738 calor
1489 2703 1585 2737 circa
1607 2714 1681 2746 cor,
1703 2714 1745 2738 ex
1766 2713 1837 2750 quo

267 2756 437 2801 sequitur,
461 2756 557 2802 quod
580 2755 670 2797 irati,
694 2756 890 2789 redduntur
917 2758 1086 2802 prompti,
1110 2764 1145 2790 et
1164 2757 1319 2791 audaces
1353 2757 1396 2791 ad
1431 2757 1694 2792 invadendum:
1718 2758 1779 2791 sed
1800 2756 1837 2791 in

265 2808 487 2851 timentibus,
510 2817 654 2855 propter
676 2808 907 2854 frigiditatem
947 2810 1216 2853 ingrossantem
1249 2810 1393 2857 spiritus
1420 2818 1614 2845 moventur
1640 2822 1660 2844 a
1681 2810 1838 2857 superio-

266 2862 361 2896 ribus
384 2863 426 2896 ad
450 2862 639 2898 inferiora:
663 2875 754 2909 quac
778 2863 924 2909 quidem
948 2862 1123 2908 frigiditas
1139 2864 1316 2910 contingit
1332 2876 1374 2898 cx
1393 2864 1655 2911 imaginatione
1677 2863 1836 2898 defectus

266 2916 423 2951 virtutis:
449 2924 482 2950 et
504 2917 585 2951 ideo
608 2928 682 2951 non
705 2916 990 2962 multiplicantur
1014 2916 1125 2960 calor,
1148 2926 1182 2952 ct
1204 2917 1347 2964 spiritus
1370 2917 1464 2952 circa
1493 2929 1568 2960 cor,
1590 2917 1651 2952 sed
1674 2917 1790 2964 magis
1816 2927 1835 2952 a
