1907 3198
476 196 700 232 QUAESTIO
733 195 867 225 XXXV.
902 194 1150 225 ARTICULUS
1183 194 1242 224 IV.
1567 184 1652 238 267

71 279 275 320 affirmatio,
297 286 333 313 et
352 278 500 324 negatio
522 278 559 312 in
581 278 735 320 ratione,
758 286 797 312 ut
818 277 948 312 dicitur
970 277 1006 311 in
1028 275 1060 311 6.
1084 276 1202 311 Ethic.
1227 276 1315 323 (cap.
1338 288 1369 311 2.
1392 277 1427 310 in
1444 278 1589 323 princ.),·
1619 285 1655 311 et

68 335 151 369 ideo
171 333 326 374 tristitia,
348 341 384 367 et
404 331 611 374 delectatio,
633 344 725 379 quae
748 340 831 366 sunt
852 332 895 366 de
918 331 1063 373 eodem,
1086 331 1222 365 habent
1244 331 1518 377 oppositionem
1539 332 1581 365 ad
1602 332 1653 365 in-

67 388 186 422 vicem
208 386 410 421 secundum
431 387 613 432 speciem3
635 386 777 420 tristitia
798 397 898 428 vero,
921 394 956 419 et
978 385 1173 419 delectatio
1197 385 1240 419 de
1263 385 1414 420 diversis
1434 386 1481 429 (si
1503 385 1652 431 quidem

67 441 130 476 illa
151 441 292 475 diversa
313 451 388 474 non
411 448 493 474 sunt
515 441 656 475 diversa
679 440 859 487 opposita,
882 440 944 474 sed
968 439 1166 486 disparata)
1189 450 1264 473 non
1287 439 1425 473 habent
1454 440 1652 486 oppositio-

67 506 152 530 nem
174 495 218 529 ad
239 494 400 528 invicem
422 494 624 528 secundum
645 495 827 529 rationem
849 493 1003 540 speciei;
1026 494 1088 527 sed
1107 502 1190 527 sunt
1208 493 1320 527 etiam
1340 493 1539 540 disparata:
1561 494 1654 528 sicut

66 549 200 584 tristari
221 548 265 583 de
287 556 406 583 morte
430 548 550 590 amici,
573 557 608 583 et
629 548 803 582 delectari
823 548 859 582 in
882 547 1216 594 contemplatione:
1249 547 1279 581 si
1307 558 1396 581 vero
1423 547 1486 581 illa
1510 547 1653 582 diversa

67 610 150 638 sunt
170 602 364 644 contraria,
384 610 470 636 tunc
494 602 702 644 delectatio,
725 611 759 637 et
779 602 923 637 tristitia
944 613 1019 636 non
1042 601 1164 636 solum
1190 613 1265 635 non
1292 602 1430 636 habent
1457 602 1654 636 contrarie-

6 659 17 664 '
66 665 181 692 tatem
200 657 401 692 secundum
423 657 605 691 rationem
624 657 770 703 speciei,
797 656 860 692 sed
887 657 999 691 etiam
1024 656 1162 690 habent
1188 656 1499 699 convenientiam,
1522 665 1558 691 et
1579 656 1652 691 affi-

0 1132 10 1152 -.
0 1089 3 1105 -
0 921 13 1046 r--v-v.

65 712 236 754 nitatem3
257 711 352 746 sicut
372 711 531 757 gaudere
550 711 594 745 de
616 711 727 754 bono,
751 719 787 745 et
806 711 941 746 tristari
963 710 1007 745 de
1030 710 1142 744 malo.

138 766 200 800 AD
220 775 372 801 PRIMUM
394 776 482 811 ergo
505 765 715 807 dicendum,
734 765 831 812 quod
855 764 997 806 albedo,
1017 773 1052 799 et
1069 764 1223 811 nigredo
1242 775 1318 798 non
1336 764 1473 799 habent
1490 765 1651 812 speciem

67 831 110 856 ex
129 819 342 854 habitudine
363 819 408 854 ad
430 819 566 866 aliquid
589 820 755 862 exterius,
778 820 872 855 sicut
892 818 1100 862 delectatio,
1123 827 1158 854 et
1178 819 1343 862 tristitia;
1371 820 1467 854 unde
1494 831 1569 854 non
1599 827 1653 854 est

66 873 196 909 eadem
217 873 322 908 ratio.

137 928 199 963 AD
233 938 443 963 SECUNDUM
470 927 679 971 dicendum,
701 928 801 975 quod
823 939 937 975 genus
964 928 1118 963 sumitur
1152 939 1195 962 ex
1227 927 1392 970 materia,
1423 935 1462 962 ut
1490 935 1590 974 patet
1616 927 1651 962 in

65 981 98 1018 8.
118 982 281 1029 Metaph.
305 981 384 1027 (tex.
400 981 466 1027 6.)‚
489 982 526 1016 in
548 982 796 1017 accidentibus
825 990 949 1017 autem
970 982 1056 1017 loco
1083 982 1258 1016 materiae
1281 990 1335 1016 est
1356 982 1580 1028 subjectum:
1605 982 1654 1016 di-

65 1044 167 1072 ctum
187 1043 242 1071 est
263 1044 386 1071 autem
407 1036 462 1082 (in
484 1043 576 1084 corp.
599 1038 680 1080 art.)
705 1037 803 1083 quod
826 1037 1034 1079 delectatio,
1065 1045 1100 1071 et
1128 1036 1273 1071 tristitia
1301 1036 1570 1070 contrariantur
1603 1047 1654 1071 se-

65 1091 227 1125 cundum
256 1102 384 1137 genus,
406 1098 442 1126 et
461 1090 546 1125 ideo
569 1091 605 1125 in
627 1090 788 1138 qualibet
816 1091 960 1126 tristitia
982 1098 1035 1125 est
1061 1091 1245 1125 contraria
1273 1090 1464 1137 dispositio
1496 1090 1650 1136 subjecti

64 1144 305 1192 dispositioni,
326 1156 420 1192 quae
439 1153 494 1180 est
513 1145 550 1179 in
569 1145 731 1191 qualibet
751 1145 1016 1180 delectatione:
1039 1157 1127 1179 nam
1157 1145 1193 1179 in
1222 1144 1382 1191 qualibet
1404 1144 1649 1179 delectatione

63 1199 241 1247 appetitus
261 1210 301 1234 se
322 1199 432 1234 habet
449 1207 489 1234 ut
506 1207 700 1245 acceptans
715 1199 763 1242 id,
778 1199 877 1246 quod
895 1199 1022 1234 habet:
1045 1199 1082 1233 in
1101 1199 1262 1245 qualibet
1289 1207 1412 1233 autem
1439 1199 1584 1233 tristitia
1612 1210 1650 1233 se

62 1253 174 1288 habet
194 1261 233 1288 ut
252 1252 414 1300 fugiens:
438 1261 474 1288 et
493 1253 577 1288 ideo
599 1264 642 1288 ex
663 1262 764 1300 parte
787 1253 940 1299 subjecti
967 1253 1150 1300 quaelibet
1171 1253 1368 1287 delectatio
1392 1261 1447 1287 est
1469 1253 1652 1287 medicina

63 1316 192 1343 contra
213 1307 415 1355 quamlibet
434 1308 635 1350 tristitiam3
658 1316 694 1342 et
715 1307 899 1354 quaelibet
918 1307 1063 1342 tristitia
1081 1316 1135 1342 est
1152 1307 1365 1353 impeditiva
1385 1306 1578 1353 cujuslibet
1595 1307 1653 1342 de-

62 1361 289 1406 lectationis3
314 1362 510 1409 praecipue
530 1370 655 1397 tamen
682 1361 829 1409 quando
856 1361 1051 1396 delectatio
1077 1362 1244 1396 tristitiae
1272 1362 1514 1396 contrariatur
1540 1361 1651 1396 etiam

64 1417 268 1452 secundum
288 1416 462 1463 speciem.

137 1471 246 1506 Unde
263 1479 363 1518 patet
374 1470 511 1506 solutio
530 1481 582 1506 AD
606 1481 792 1506 TERT1UM.
807 1469 878 1505 Vel
893 1471 997 1505 aliter
1011 1470 1220 1513 dicendum,
1236 1469 1334 1517 quod
1350 1470 1418 1505 etsi
1430 1481 1506 1504 non
1529 1469 1651 1504 omnis

4 1535 10 1570 ζ
64 1525 209 1562 tristitia
230 1525 472 1560 contrarietur
492 1525 596 1560 omni
623 1524 858 1560 delectationi
885 1525 1089 1560 secundum
1114 1525 1288 1572 speciem,
1317 1533 1443 1559 tamen
1473 1533 1651 1571 quantum

63 1580 109 1616 ad
131 1579 304 1615 effectum
325 1579 585 1614 contrariatur:
607 1590 696 1614 nam
725 1590 768 1614 ex
798 1590 872 1614 uno
904 1578 1131 1614 confortatur
1151 1587 1282 1614 natura
1305 1578 1492 1621 animalis3
1515 1590 1558 1613 ex
1577 1578 1650 1613 alio

62 1645 152 1670 vero
173 1633 454 1682 quodammodo
476 1633 704 1669 molestatur.

636 1766 988 1812 ARTICULUS
1013 1767 1069 1811 V.
1581 1787 1648 1813 202

370 1876 527 1907 UTRUM
559 1876 892 1907 DELECTATIONI
926 1875 1350 1907 CONTEMPLATIONIS

451 1943 520 1973 SIT
546 1943 716 1980 ALIQUA
742 1943 967 1973 TRISTITIA
995 1942 1263 1974 CONTRARIA.

159 2033 241 2080 (2-2.
263 2045 294 2081 q.
316 2045 349 2082 9.
371 2038 435 2069 art.
456 2044 490 2080 4.
513 2033 556 2069 ad
576 2045 608 2070 2.
630 2039 660 2070 et
680 2045 710 2080 q.
733 2034 808 2070 180.
830 2039 897 2069 art.
918 2034 951 2070 8.
973 2040 1064 2081 corp.
1086 2039 1117 2069 et
1132 2045 1161 2081 3.
1181 2045 1211 2080 q.
1233 2032 1293 2079 46.
1316 2037 1379 2067 art.
1400 2043 1429 2080 7.
1453 2032 1496 2067 ad
1516 2043 1549 2078 4.

85 2092 116 2124 et
138 2098 173 2135 4.
199 2089 288 2124 Dist.
314 2087 374 2134 46.
401 2099 431 2135 q.
454 2099 484 2136 3.
511 2093 577 2124 art.
601 2100 631 2136 3.
658 2087 701 2123 ad
726 2100 758 2124 2.
785 2093 814 2123 et
839 2094 948 2136 opusc.
974 2100 1007 2124 2.
1035 2094 1108 2136 cap.
1135 2088 1211 2124 163.
1238 2092 1267 2123 et
1292 2087 1379 2122 Phil.
1408 2098 1437 2134 7.
1466 2087 1535 2122 lect.
1564 2086 1627 2133 6.).

133 2178 195 2215 AD
221 2189 404 2219 QUINTUM
430 2179 483 2215 sic
505 2179 724 2227 proceditur.
753 2178 918 2221 Videtur,
941 2178 1039 2226 quod
1062 2178 1298 2213 delectationi
1320 2177 1644 2225 contemplationis

62 2231 110 2268 sit
129 2232 250 2280 aliqua
269 2233 414 2269 tristitia
435 2234 638 2269 contraria:
661 2234 749 2268 dicit
769 2234 869 2268 enim
891 2234 1020 2280 Apost.
1044 2243 1076 2268 2.
1100 2233 1144 2267 ad
1168 2233 1256 2268 Cor.
1280 2244 1329 2279 7.:
1356 2234 1452 2278 Quae
1469 2232 1647 2268 secundum

62 2287 175 2323 Deum
194 2292 239 2323 est
259 2289 407 2332 tristitia,
422 2290 666 2335 poenitentiam
692 2289 728 2322 in
753 2288 890 2323 salutem
915 2288 1065 2323 stabilem
1091 2293 1276 2335 operatur:
1305 2287 1367 2322 sed
1394 2287 1575 2333 respicere
1603 2287 1648 2321 ad

62 2341 185 2378 Deum
204 2342 361 2390 pertinet
381 2343 426 2378 ad
447 2343 676 2389 superiorem
697 2342 891 2385 rationem,
911 2343 1013 2388 cujus
1035 2350 1089 2376 est
1110 2341 1417 2388 contemplationi
1433 2352 1577 2383 vacare,
1598 2352 1649 2375 se-

59 2395 224 2431 cundum
244 2397 400 2444 August.
427 2397 463 2432 in
495 2407 547 2431 12.
575 2396 619 2431 de
648 2396 779 2431 Trinit.
803 2396 860 2441 (ex
885 2403 958 2444 cap.
977 2408 1005 2443 3.
1028 2401 1059 2432 et
1079 2396 1152 2442 4.);
1182 2407 1271 2443 ergo
1300 2395 1536 2431 delectationi
1565 2407 1648 2429 con-

60 2449 310 2498 templationis
327 2452 526 2498 opponitur
545 2450 700 2486 tristitia.

134 2515 167 2540 2.
188 2505 427 2541 ΡΒΑΕἹἚΒΕΑ.
456 2505 739 2540 Contrariorum
767 2505 940 2540 contrarii
962 2513 1046 2540 sunt
1067 2504 1239 2548 effectu53
1262 2505 1291 2539 si
1313 2515 1403 2550 ergo
1426 2515 1541 2538 unum
1564 2515 1648 2538 con-

60 2559 256 2594 trariorum
278 2559 569 2607 contemplatum
591 2568 646 2595 est
667 2571 776 2595 causa
798 2559 1064 2602 delectationis,
1096 2559 1193 2594 aliud
1223 2560 1291 2594 erit
1321 2570 1431 2594 causa
1461 2559 1645 2593 tristitiae:

62 2619 100 2648 et
118 2613 170 2650 sic
189 2613 425 2649 delectationi
446 2613 770 2661 contemplationis
792 2615 859 2649 erit
879 2614 1023 2649 tristitia
1046 2614 1240 2648 contraria.

137 2678 167 2715 3.
188 2668 427 2704 PRAETEREA.
452 2668 556 2703 Sicut
576 2669 763 2714 objectum
785 2668 1041 2703 delectationis
1063 2677 1116 2703 est
1138 2669 1289 2710 bonum,
1313 2668 1361 2702 ita
1384 2667 1570 2713 objectum
1589 2667 1647 2701 tri-

61 2720 179 2757 stitiae
199 2721 431 2758 est-malum:
455 2722 517 2757 sed
537 2722 801 2769 contemplatio
820 2731 941 2769 potest
958 2723 1093 2757 habere
1112 2722 1200 2756 mali
1220 2722 1417 2757 rationem:
1442 2722 1528 2756 dicit
1547 2722 1644 2755 enim

59 2773 200 2811 J‘hilos.
221 2776 259 2811 in
283 2786 336 2811 12.
358 2776 444 2811 Met.
467 2777 548 2822 (tex.
567 2777 632 2823 51.)
653 2777 752 2823 quod
774 2777 955 2824 quaedam
978 2777 1240 2812 inconveniens
1263 2785 1317 2811 est
1340 2776 1531 2818 meditari,
1556 2788 1644 2823 ergo

60 2829 382 2878 contemplationis
405 2829 641 2865 delectationi
662 2839 782 2878 potest
804 2843 882 2866 esse
905 2831 1088 2866 contraria
1110 2831 1265 2866 tristitia.

134 2892 168 2928 4.
189 2883 428 2920 PRAETEREA.
452 2884 631 2930 Operatio
653 2884 847 2932 quaelibet,
866 2886 1069 2920 secundum
1092 2885 1190 2932 quod
1212 2896 1287 2920 non
1311 2893 1366 2920 est
1386 2884 1573 2930 impedita,
1592 2893 1646 2919 est

57 2943 175 2973 Causa
193 2937 458 2982 delectationis,
475 2947 516 2974 ut
535 2938 667 2974 dicitur
687 2939 723 2974 in
746 2950 777 2985 7.
801 2939 882 2974 Eth.
906 2939 995 2987 (cap.
1015 2951 1064 2975 12.
1083 2945 1112 2975 et
1130 2941 1190 2986 13.)
1207 2948 1243 2974 et
1261 2939 1295 2973 in
1316 2950 1367 2974 10.
1385 2938 1474 2986 (cap.
1493 2950 1526 2983 4.
1541 2945 1571 2974 et
1580 2940 1644 2985 5.).·
