1907 3182
256 194 341 249 480
639 208 859 243 QUAESTIO
894 209 1040 238 LXVIII.
1075 210 1317 239 ARTICULUS
1349 209 1422 239 VII.

254 286 454 322 intellectus
479 288 645 322 omnibus
663 288 927 334 praeferuntur:
950 289 1080 335 partim
1096 299 1216 324 autem
1231 291 1431 324 secundum
1446 290 1611 325 ordinem
1625 291 1810 334 materiae,

255 341 453 375 secundum
476 343 571 387 quod
595 343 798 384 consilium,
821 352 855 376 et
876 343 1048 377 fortitudo
1071 343 1318 389 praeferuntur
1339 344 1520 386 scientiae,
1543 352 1578 378 et
1598 346 1732 390 pietati.

325 395 384 428 AD
406 405 553 429 PRIMUM
570 407 655 441 ergo
671 396 875 437 dicendum,
892 396 987 441 quod
1009 396 1118 430 timor
1140 397 1296 431 maxime
1319 397 1520 442 requiritur,
1539 397 1641 442 quasi
1662 398 1813 443 primor-

255 447 354 481 dium
381 448 564 493 quoddam
590 448 820 494 perfectionis
843 450 1043 491 donorum;
1067 450 1148 495 quia
1171 451 1306 484 initium
1326 452 1503 496 saptentiae
1529 452 1628 484 timor
1648 451 1810 492 Domini;

253 511 327 533 non
346 508 492 546 propter
506 501 588 542 hoc,
611 502 706 547 quod
723 503 767 535 sit
782 502 931 535 caeteris
951 502 1108 548 dignius:
1129 503 1224 549 prius
1244 504 1341 537 enim
1359 512 1412 537 est
1432 504 1630 538 secundum
1647 504 1811 538 ordinem

255 554 509 598 generationis,
540 562 578 588 ut
607 554 734 600 aliquis
761 555 906 589 recedat
935 567 954 589 a
984 556 1095 598 malo,
1126 557 1221 602 quod
1251 556 1290 590 fit
1318 567 1381 602 per
1408 557 1592 599 timorem,
1623 565 1660 591 ut
1681 557 1809 591 dicitur

255 606 425 640 Proverb.
453 605 503 640 16.
526 618 634 653 quam
657 608 753 653 quod
777 616 944 653 operetur
965 609 1112 652 bonurn,
1136 610 1231 655 quod
1254 609 1292 643 fit
1313 621 1376 655 per
1397 609 1465 644 alia
1486 610 1592 644 dona.

326 660 386 694 AD
409 670 614 694 SECUNDUM
637 661 841 703 dicendum,
864 662 960 707 quod
975 662 1087 707 pietas
1109 674 1183 696 non
1205 671 1437 708 comparatur
1453 662 1490 696 in
1508 663 1624 697 verbis
1643 661 1814 708 Apostoli

255 713 423 746 omnibus
446 713 550 747 donis
572 713 654 755 Dei,
676 714 738 747 sed
760 714 828 748 soli
850 715 1031 761 corporali
1053 716 1333 758 excercitationi,
1349 715 1392 749 de
1407 727 1476 762 qua
1489 716 1696 762 praemittit,
1716 715 1813 762 quod

256 765 298 799 ad
319 765 483 800 modicum
505 767 593 800 utilis
614 772 667 801 est.

326 819 386 853 AD
406 829 576 853 TERTIUM
598 819 803 862 dicendum,
822 821 918 867 quod
941 822 1090 856 scientia
1113 822 1178 856 etsi
1198 821 1419 869 praeferatur
1437 821 1590 856 consilio
1608 822 1748 857 ratione
1765 823 1815 868 ju-

256 871 350 913 dicii,
364 879 486 905 tamen
502 872 695 906 consilium
709 873 906 919 praefertur
926 875 1065 909 ratione
1081 876 1270 910 materiae:
1293 887 1379 909 nam
1402 875 1595 910 consilium
1614 886 1690 910 non
1706 875 1815 910 habet

254 924 377 958 locum
399 926 466 959 nisi
487 926 524 959 in
547 926 676 968 arduis,
702 935 741 961 ut
767 927 896 962 dicitur
922 928 958 962 in
984 940 1012 975 3.
1035 928 1150 963 Ethic.
1173 930 1259 976 (cap.
1277 930 1338 976 3.),
1365 929 1427 964 sed
1447 929 1622 975 judicium
1643 929 1813 964 scientiae

255 979 290 1013 in
313 980 480 1014 omnibus
498 980 622 1014 locum
643 981 761 1016 habet.

326 1033 386 1067 AD
405 1044 593 1072 QUARTUM
615 1034 822 1077 dicendum,
841 1036 937 1082 quod
959 1036 1053 1071 dona
1069 1037 1252 1080 directiva,
1268 1049 1359 1084 quae
1373 1037 1553 1083 pertinent
1566 1037 1609 1071 ad
1624 1037 1814 1079 rationem,

256 1085 359 1120 donis
394 1088 649 1133 exequentibus
676 1089 841 1134 digniora
868 1098 960 1132 sunt,
987 1091 1017 1124 si
1044 1091 1318 1125 considerentur
1343 1102 1406 1137 per
1431 1091 1745 1137 comparationem
1772 1091 1815 1124 ad

256 1148 367 1181 actus,
389 1149 495 1186 prout
517 1142 748 1187 egrediuntur
775 1154 793 1176 a
820 1144 1004 1189 potentiis:
1033 1144 1124 1178 ratio
1152 1144 1249 1178 enirn
1277 1144 1491 1190 appetitivae
1517 1144 1751 1191 praeeminet,
1778 1152 1817 1178 ut

255 1193 422 1238 regularis
437 1194 620 1240 regulato:
642 1195 703 1229 sed
719 1197 858 1231 ratione
875 1197 1046 1231 materiae
1066 1197 1271 1243 adjungitur
1289 1197 1483 1232 consilium
1498 1197 1707 1240 fortitudini,
1726 1198 1817 1232 sicut

255 1246 467 1280 directivum
490 1249 690 1294 exequenti,
714 1256 748 1283 et
768 1249 933 1284 similiter
954 1251 1103 1285 scientia
1124 1251 1266 1297 pietati:
1292 1251 1375 1297 quia
1397 1251 1535 1286 scilicet
1555 1251 1760 1292 consilium,
1782 1259 1817 1284 et

256 1298 428 1334 fortitudo
451 1301 487 1334 in
510 1302 628 1336 arduis
643 1301 768 1336 locum
786 1303 937 1345 habent3
956 1304 1106 1338 scientia
1128 1313 1260 1347 autem,
1283 1314 1318 1339 et
1338 1305 1464 1351 pietas,
1482 1305 1592 1339 etiam
1606 1305 1641 1339 in
1656 1315 1818 1339 commu-

256 1353 379 1395 nibus3
402 1362 437 1388 et
457 1354 539 1388 ideo
562 1355 755 1390 consilium
777 1356 885 1390 simul
907 1369 991 1391 cum
1012 1357 1220 1393 fortitudine
1242 1358 1381 1393 ratione
1414 1359 1587 1394 materiae
1608 1366 1818 1393 numeratur

259 1415 340 1441 ante
362 1408 563 1451 scientiam,
586 1416 620 1443 et
640 1409 821 1455 pietatem.

788 1552 1131 1625 ARTicutLUS
1166 1554 1288 1597 vm.
1750 1564 1812 1612 3⁶3

507 1660 661 1690 UTRUM
685 1661 900 1692 VIRTUTES
929 1662 1026 1692 SINT
1054 1662 1390 1693 PRAEFERENDAE
1416 1662 1565 1693 DONIS.

257 1746 362 1793 (Infr.
384 1759 413 1793 t]-
436 1747 492 1793 69.
515 1753 580 1783 art.
603 1760 629 1783 r.
652 1749 694 1783 ad
713 1761 741 1784 ι.
763 1754 791 1784 et
811 1761 878 1784 2-2.
898 1762 928 1796 q.
944 1763 975 1796 9.
998 1756 1063 1786 art.
1086 1763 1113 1786 I.
1135 1750 1178 1785 ad
1194 1762 1222 1797 3.
1245 1755 1273 1785 et
1289 1763 1317 1797 3.
1336 1734 1424 1785 Dist}
1442 1761 1495 1796 34.
1514 1762 1544 1796 q.
1565 1762 1591 1786 r.
1610 1754 1674 1784 art.
1688 1761 1716 1784 ι.
1735 1749 1816 1796 adj.

469 1806 497 1836 et
513 1802 599 1837 Dist.
618 1814 662 1848 35.
684 1814 713 1848 q.
735 1815 766 1838 2.
789 1809 854 1838 art.
872 1816 900 1850 3.
923 1804 965 1838 acl
986 1816 1016 1839 2.
1040 1809 1067 1838 ct
1095 1804 1176 1838 Virt.
1199 1816 1228 1850 q.
1251 1816 1282 1839 2.
1305 1809 1368 1840 art.
1390 1816 1422 1839 2.
1444 1803 1487 1838 ad
1507 1804 1586 1850 17.).

328 1889 387 1922 ΑΒ
415 1899 603 1924 OCTAVUM
633 1891 683 1925 sic
713 1892 929 1937 proceditur.
960 1891 1122 1934 Videtur,
1158 1891 1253 1938 quod
1281 1891 1429 1925 virtutes
1459 1890 1530 1925 sint
1562 1889 1817 1937 praeferendae

259 1941 374 1976 donis.
397 1943 495 1977 Dicit
514 1944 611 1977 enirn
635 1944 825 1990 Augustin.
849 1945 884 1978 in
911 1956 961 1990 15.
985 1945 1028 1979 de
1052 1945 1180 1979 Trinit.
1199 1947 1286 1991 (cap.
1308 1945 1358 1979 18.
1381 1946 1415 1978 in
1431 1945 1560 1991 princ.)
1583 1943 1627 1978 de
1645 1943 1818 1978 charitate

259 1994 427 2041 loquens:
447 1997 588 2031 Nullum
609 2002 652 2032 cst
674 1999 732 2032 isto
754 1998 821 2033 Dei
843 1998 925 2032 dono
947 1999 1171 2033 excellentius:
1193 1998 1296 2033 solum
1319 2003 1374 2040 est,
1397 1997 1484 2044 quod
1504 1997 1623 2032 dividit
1640 1996 1819 2043 interfilios

258 2050 352 2094 regni
373 2051 509 2091 aeterni,
534 2056 563 2085 et
580 2051 665 2095 filios
682 2051 880 2097 perditionis
906 2057 1066 2086 aetarnae.
1090 2053 1226 2086 Dantur
1251 2057 1281 2086 et
1302 2051 1370 2085 alia
1389 2057 1452 2098 per
1474 2051 1638 2098 Spiritum
1659 2051 1817 2086 Sanctum

260 2115 417 2137 munera:
440 2103 491 2137 sed
504 2105 570 2137 sina
592 2104 754 2138 charitate
775 2105 859 2139 nihil
873 2111 1033 2152 prosunt:
1053 2105 1114 2140 sed
1137 2106 1291 2140 charitas
1311 2113 1365 2139 est
1381 2105 1511 2147 virtus3
1534 2116 1622 2151 ergo
1642 2104 1752 2138 virtus
1767 2111 1821 2138 est

258 2155 378 2202 potior
398 2156 502 2190 donis
525 2157 676 2203 Spiritus
699 2158 833 2193 Sancti.

330 2219 360 2242 2.
384 2209 619 2245 PRAETEREA.
643 2210 705 2253 Ea,
721 2223 812 2258 quae
832 2220 913 2246 sunt
934 2213 1054 2259 priora
1068 2212 1289 2254 naturaliter,
1307 2211 1473 2246 videntur
1487 2222 1564 2246 esse
1578 2211 1738 2258 potiora:
1756 2211 1818 2246 sed

258 2262 405 2297 virtutes
427 2272 508 2297 sunt
529 2265 666 2310 priores
689 2265 791 2299 donis
814 2266 967 2312 Spiritus
987 2266 1129 2300 Sancti:
1153 2267 1239 2300 dicit
1265 2266 1360 2300 enim
1389 2265 1545 2312 Gregor.
1573 2265 1608 2299 in
1635 2275 1666 2300 2.
1688 2264 1817 2299 Moral.

259 2316 347 2362 (cap.
369 2316 423 2351 26.
438 2323 564 2363 parum
582 2330 601 2352 ιι
620 2320 761 2364 priua),
786 2319 880 2365 quod
901 2319 1038 2353 donum
1059 2320 1210 2366 Spiritus
1226 2319 1348 2354 Sancti
1367 2319 1402 2354 in
1424 2319 1583 2365 subjecta
1602 2327 1722 2353 mente
1737 2326 1819 2352 ante

263 2369 331 2403 alia
365 2371 548 2415 justitiam,
583 2372 821 2417 prudentiam,
850 2372 1110 2415 fortitudinem,
1141 2381 1176 2407 et
1204 2373 1482 2420 temperantiam
1516 2371 1666 2406 format:
1701 2380 1736 2406 et
1769 2371 1818 2406 sic

262 2424 428 2458 eamdem
452 2432 612 2458 mentem
635 2433 772 2471 septem
796 2437 881 2459 mox
903 2427 1102 2468 virtutibus,
1119 2426 1194 2461 idest
1215 2427 1317 2465 donis,
1333 2434 1520 2473 temperat,
1539 2434 1577 2460 ut
1595 2433 1719 2460 contra
1739 2424 1821 2459 stul-

260 2476 387 2518 titiam,
403 2477 616 2522 sapientiam
630 2490 637 2519 3
654 2487 778 2512 contra
794 2479 1062 2521 hebetudinem,
1078 2479 1319 2522 intellectum;
1335 2488 1459 2514 contra
1474 2479 1820 2525 praecipitationem,

261 2530 473 2572 consilium3
507 2539 631 2565 contra
659 2532 842 2573 timorem,
873 2531 1138 2576 fortitudinem;
1170 2542 1294 2568 contra
1328 2532 1582 2579 ignorantiam,
1611 2532 1819 2573 scientiam3

261 2592 387 2617 contra
409 2584 589 2626 duritiam,
606 2585 774 2630 pietatem
790 2597 797 2626 3
814 2594 938 2619 contra
961 2587 1166 2632 superbiam
1185 2587 1244 2621 det
1265 2587 1454 2629 timorem;
1469 2597 1556 2632 ergo
1577 2585 1725 2620 virtutes
1739 2594 1820 2620 sunt

261 2637 419 2683 potiores
442 2638 556 2672 donis.

336 2702 362 2735 3.
386 2690 620 2725 PRAETEREA.
652 2692 835 2726 Virtutibus
858 2693 964 2726 nullm
984 2693 1066 2726 mah¹
1090 2694 1137 2726 nti
1154 2698 1270 2740 pulsu,
1298 2701 1335 2727 ut
1357 2693 1509 2739 August.
1532 2692 1617 2727 dicit
1638 2693 1712 2738 (lib.
1733 2704 1764 2728 2.
1783 2691 1820 2727 de

265 2744 335 2777 Lib.
359 2745 442 2778 Arlv.
466 2751 535 2790 cap.
559 2757 608 2788 ιι).
633 2746 664 2778 in
680 2746 831 2792 pri1.¹c.).·
855 2746 958 2778 donis
982 2756 1100 2780 autem
1118 2755 1234 2792 potest
1256 2747 1384 2793 aliquis
1406 2747 1501 2782 male
1523 2747 1591 2781 uti:
1615 2747 1700 2781 dicit
1721 2747 1818 2781 enim

263 2797 461 2841 Gregorius
485 2798 518 2831 in
547 2808 572 2831 1.
597 2798 724 2832 Moral.
749 2799 837 2845 (cap.
858 2800 905 2833 18.
924 2800 954 2831 1'11
972 2801 1135 2846 sirini-fs»)
1159 2801 1254 2846 quod
1277 2801 1435 2835 hostiam
1457 2809 1602 2835 nostrae
1623 2801 1739 2847 precis
1757 2800 1820 2834 im-

262 2850 455 2891 molamus,
477 2863 521 2885 nc
544 2852 716 2897 sapientia
740 2851 873 2891 elevet:
897 2864 940 2886 ne
965 2853 1178 2893 intellectus,
1207 2854 1291 2887 dum
1319 2853 1494 2888 subtiliter
1515 2854 1635 2896 currit,
1656 2854 1813 2894 oberret;

262 2915 305 2937 ne
342 2904 546 2946 consilium,
574 2905 658 2938 dum
688 2917 724 2940 se
753 2905 976 2951 multiplicat,
1012 2906 1224 2947 cousuudat3
1251 2919 1296 2942 ne
1323 2906 1507 2949 fortitudo,
1536 2907 1623 2942 dum
1650 2906 1817 2941 fiduciam
