1907 3198
505 189 729 225 QUAEsrro
764 188 883 219 Lxm.
918 187 1166 218 ART1cULus
1199 187 1243 217 11.
1578 189 1630 232 43
1640 189 1661 232 5

161 285 191 322 3.
206 273 445 309 PRAETEREA.
460 272 589 314 Actus,
606 272 667 318 qui
689 280 772 306 sunt
793 272 870 306 sine
885 271 1028 313 virtute,
1043 270 1216 305 deficiunt
1230 282 1249 304 a
1265 269 1489 317 perfectione
1507 270 1664 313 virtutis;

85 327 150 364 sed
171 327 321 363 effectus
342 337 417 361 non
440 334 560 373 potest
581 337 659 361 esse
681 325 876 372 perfectior
898 336 1024 367 causa3
1048 336 1136 371 ergo
1158 324 1271 359 virtus
1290 335 1365 358 non
1384 331 1504 371 potest
1522 325 1663 360 causari

86 393 132 419 ex
152 381 292 417 actibus
313 380 615 428 praecedentibus
640 380 821 414 virtutem.

158 436 236 474 sm>
257 446 416 472 CONTRA
435 444 500 478 est,
516 435 614 482 quod
633 436 744 470 Dion.
761 435 848 470 dicit
861 435 897 469 in
910 444 944 478 4.
965 446 1042 481 cap.
1063 433 1107 468 de
1122 433 1206 468 Div.
1220 433 1332 469 Nom.
1349 434 1457 481 (part.
1472 445 1505 478 4.
1524 434 1596 469 lect.
1612 434 1664 469 16.

85 497 191 529 2122.
211 491 368 538 implic.)‚
392 491 491 537 quod
514 491 636 525 bonum
658 495 703 526 est
723 491 917 532 virtuosius,
941 501 1042 536 quam
1064 488 1212 523 malum:
1236 488 1298 523 sed
1327 499 1368 522 ex
1396 488 1503 523 malis
1526 488 1665 523 actibus

85 553 281 582 causantur
300 545 445 580 habitus
466 544 658 587 vitiorum;
681 555 769 591 ergo
792 543 909 579 multo
932 543 1050 590 magis
1072 554 1115 578 ex
1136 542 1241 577 bonis
1261 542 1400 577 actibus
1418 551 1571 589 possunt
1585 554 1666 577 cau-

83 600 158 638 sati
173 599 321 636 habitus
342 599 529 634 virtutum.

155 653 388 690 RESPONDEO
412 653 620 696 dicendum,
643 653 740 700 quod
767 652 811 688 de
838 652 1076 699 generatione
1103 651 1295 687 habituum
1323 663 1366 686 ex
1388 652 1527 686 actibus
1548 652 1585 687 in
1607 664 1665 699 ge-

83 707 200 744 nerali
219 719 328 756 supra
349 707 490 742 dictum
513 716 567 742 est
590 707 635 754 (q.
655 720 702 754 51.
726 712 792 742 art.
814 719 846 742 2.
868 713 898 742 et
914 708 982 754 3.):
1005 717 1100 741 nunc
1121 714 1244 740 autem
1260 705 1464 752 specialiter
1485 715 1662 753 quantum

85 762 130 798 ad
154 762 328 798 virtutem
357 761 665 796 considerandum
694 770 758 804 est,
786 761 896 808 quod,
924 761 1018 795 sicut
1043 771 1151 806 supra
1178 760 1317 794 dictum
1340 767 1393 795 est
1416 760 1461 807 (q.
1480 773 1526 807 55.
1550 766 1614 795 art.
1633 773 1662 807 3.

83 822 116 854 ct
138 817 206 863 4.)‚
224 817 337 852 virtus
357 816 521 850 hominis
543 815 684 863 perficit
704 815 823 862 ipsum
847 815 890 850 ad
911 814 1071 849 bonum:
1100 826 1185 848 curn
1212 822 1334 848 autem
1356 815 1448 849 ratio
1470 815 1557 849 boni
1580 826 1664 850 con-

83 869 186 907 sistat
198 871 234 906 in
247 869 356 912 modo,
370 871 486 917 specie,
506 878 541 904 et
556 869 682 912 ordina,
699 878 738 904 ut
755 869 910 916 August.
930 869 1018 903 dicit
1034 868 1071 902 in
1090 867 1150 902 lib.
1167 868 1211 903 de
1229 868 1367 903 Natura
1387 869 1481 903 Boni
1498 870 1662 917 (cap.3.),

83 925 159 960 sive
179 925 215 959 in
235 935 386 966 numero,
404 923 560 971 pondsre,
585 932 620 958 et
641 936 807 964 mansura,
831 931 870 958 ut
892 923 1023 958 dicitur
1041 922 1124 970 Sap.
1149 934 1222 966 11.;
1243 931 1388 970 oportet
1405 924 1503 970 quod
1522 924 1661 959 bonum

82 978 245 1014 hominis
266 978 469 1014 secundum
493 977 652 1025 aliquam
675 977 840 1025 regulam
863 977 1124 1012 consideretur.
1150 976 1256 1018 Quae
1284 977 1432 1024 quidem
1455 986 1509 1013 est
1529 978 1660 1025 duplex,

83 1041 123 1069 ut
142 1045 251 1080 supra
272 1033 411 1068 dictum
433 1041 487 1067 est
509 1032 554 1079 (q.
577 1044 628 1079 19.
651 1038 716 1068 art.
735 1045 764 1080 3.
780 1038 810 1068 et
831 1032 896 1078 4.),
920 1031 1076 1067 scilicet:
1094 1033 1183 1067 ratio
1206 1032 1366 1074 humana,
1391 1040 1426 1067 et
1447 1032 1499 1067 Iex
1520 1033 1660 1068 divina:

83 1096 119 1124 et
139 1088 224 1135 quia
245 1087 304 1123 lex
326 1087 447 1122 divina
470 1095 524 1122 est
545 1087 710 1134 superior
737 1087 881 1133 regula3
903 1086 986 1121 ideo
1015 1087 1059 1120 ad
1085 1086 1188 1133 plura
1215 1098 1253 1121 se
1280 1087 1458 1121 extendit:
1486 1088 1535 1122 ita
1563 1088 1662 1135 quod

19 1181 26 1187 ⁵
83 1142 259 1190 quidquid
280 1141 468 1188 regulatur
482 1141 622 1176 ratione
637 1141 811 1184 humana,
826 1140 1012 1187 regulatur
1027 1141 1138 1176 eti-am
1153 1140 1234 1187 lege
1254 1141 1387 1184 divina,
1406 1142 1469 1177 sed
1488 1154 1562 1177 non
1579 1154 1663 1178 con-

81 1197 248 1232 vertitur:
262 1195 376 1231 virtus
388 1195 498 1243 igitur
511 1195 672 1230 hominis
688 1195 854 1230 ordinata
870 1195 914 1229 ad
929 1195 1080 1237 bonum,
1095 1195 1194 1241 quod
1209 1195 1442 1231 modificatur
1456 1198 1660 1232 secundum

81 1250 250 1298 regulam
273 1250 425 1286 rationis
451 1250 661 1292 humanae‚⁸
675 1258 794 1296 potest
820 1261 862 1284 ex
891 1250 1029 1284 actibus
1059 1249 1231 1285 humanis
1261 1251 1413 1293 causari,
1442 1251 1659 1298 inquantum

81 1305 295 1352 hujusmodi
305 1312 406 1340 actus
420 1304 623 1352 procedunt
637 1315 656 1338 a
672 1304 824 1346 ratione,
840 1304 904 1338 sub
921 1305 1023 1350 cujus
1038 1311 1230 1350 potestate,
1246 1312 1281 1339 et
1295 1304 1421 1351 regula
1435 1305 1506 1340 tale
1522 1306 1660 1340 bonum

81 1359 258 1395 consistit.
278 1358 403 1394 Virtus
428 1369 516 1393 vero
543 1358 716 1392 ordinans
742 1358 935 1392 hominem
959 1358 1003 1392 ad
1025 1358 1176 1400 bonum,
1199 1359 1403 1393 secundum
1426 1360 1524 1406 quod
1546 1361 1661 1395 modi-

80 1412 209 1448 ficatur
228 1423 293 1460 per
312 1411 433 1459 legem
455 1411 629 1454 divinam,
651 1420 686 1447 et
706 1423 782 1446 non
804 1423 868 1459 per
889 1412 1071 1446 rationem
1098 1412 1314 1455 humanam,
1336 1424 1412 1447 non
1434 1422 1555 1460 potest
1577 1426 1660 1449 cau-

80 1467 154 1502 sari
173 1477 238 1514 per
257 1474 359 1502 actus
376 1466 572 1508 humanos,
591 1477 746 1512 quorum
767 1466 987 1513 principium
1005 1474 1058 1501 est
1080 1466 1189 1509 ratio;
1213 1467 1276 1501 sed
1296 1476 1465 1502 causatur
1485 1467 1607 1503 solum
1622 1470 1658 1504 in

78 1520 184 1556 nobis
204 1531 270 1567 per
289 1520 545 1568 operationem
567 1520 750 1564 divinam3
773 1529 808 1555 et
829 1520 912 1555 ideo
934 1520 1147 1567 hujusmodi
1168 1521 1340 1556 virtutem
1362 1521 1538 1557 definiens
1559 1523 1656 1569 Aug.

80 1574 167 1623 (cup.
181 1574 266 1610 illud
281 1574 370 1610 Psal.
391 1574 461 1610 118.
474 1587 484 1609 .·
506 1574 762 1621 Fecijudicium
784 1580 856 1618 etc„
879 1587 968 1610 conc.
984 1575 1041 1611 26.
1060 1581 1135 1610 anta
1149 1575 1232 1611 med.
1255 1577 1313 1610 ubi
1334 1576 1437 1612 dicit:
1456 1577 1567 1612 Deum
1587 1584 1656 1624 ope-

77 1630 152 1665 rari
171 1630 207 1664 in
231 1629 326 1664 nobis
341 1629 540 1676 justitiam),
563 1629 685 1676 posuit
704 1629 743 1664 in
764 1628 975 1664 definitione
998 1629 1157 1664 virtutis:
1179 1630 1295 1675 Quam
1309 1631 1401 1666 Deus
1419 1632 1455 1666 in
1473 1632 1566 1667 nobis
1583 1633 1651 1668 sim

75 1683 170 1720 nobis
188 1687 359 1732 operatur.

147 1737 194 1774 Et
213 1736 258 1773 de
277 1737 491 1784 hujusmodi
512 1737 624 1773 etiarn
645 1737 776 1772 virtute
796 1748 914 1773 PRIMA
933 1749 1051 1773 RATIO
1073 1738 1249 1786 procedit.

147 1791 210 1828 AD
227 1801 438 1828 SECUNDUM
458 1791 666 1835 dicendum,
687 1792 786 1839 quod
807 1792 919 1827 virtus
941 1792 1112 1827 divinitus
1134 1791 1265 1835 infusa,
1287 1793 1448 1829 maxime
1474 1794 1505 1829 si
1529 1794 1565 1829 in
1593 1806 1657 1830 sua

74 1845 302 1894 perfectione
323 1845 583 1889 consideretur,
604 1857 680 1881 non
702 1846 923 1893 compatitur
944 1858 1071 1882 secum
1093 1846 1241 1894 aliquod
1263 1856 1457 1894 peccatum
1479 1848 1656 1893 mortale;

74 1900 139 1936 sed
157 1900 271 1935 virtus
291 1899 504 1936 humanitus
526 1900 701 1947 acquisita
719 1908 838 1948 potest
855 1912 982 1935 secum
1001 1901 1163 1948 compati
1183 1901 1343 1948 aliquem
1358 1910 1481 1937 actum
1503 1904 1656 1950 peccati,

75 1955 186 1990 etiarn
207 1953 385 1998 mortalis,
406 1954 491 2002 quia
512 1966 597 1990 usus
617 1954 762 1990 habitus
782 1954 818 1989 in
839 1955 944 1990 nobis
963 1963 1017 1990 est
1038 1964 1183 1990 nostrae
1204 1955 1384 1991 voluntati
1405 1957 1599 2003 subjectus,
1618 1966 1657 1993 ut

11 2037 13 2050 A
73 2021 182 2057 supra
208 2009 347 2044 dictum
373 2017 428 2044 est
454 2012 502 2056 (q.
524 2021 582 2056 49.
605 2014 671 2044 art.
691 2010 757 2056 3.):
780 2020 855 2044 non
883 2017 1005 2044 autem
1031 2021 1096 2057 per
1121 2021 1235 2044 unum
1263 2019 1386 2045 actum
1412 2012 1554 2058 peccati
1581 2023 1656 2047 cor-

8 2062 16 2106 ἶ
73 2063 254 2112 rumpitur
277 2061 422 2098 habitus
445 2063 587 2098 virtutis
614 2063 830 2110 acquisitae:
858 2063 998 2099 habitui
1025 2064 1122 2099 enim
1149 2076 1225 2099 non
1252 2065 1494 2101 contrariatur
1519 2066 1654 2102 directe

73 2125 188 2162 actus,
208 2117 272 2153 sed
292 2117 457 2162 habitus3
479 2125 516 2153 et
535 2117 620 2153 ideo
641 2117 728 2152 licet
749 2117 825 2152 sine
847 2118 962 2165 gratia
983 2118 1099 2153 homo
1117 2130 1193 2154 non
1212 2119 1326 2166 possit
1342 2128 1536 2167 peccatum
1558 2133 1654 2156 mor-

71 2171 144 2208 tale
157 2172 285 2215 vitare,
298 2172 348 2207 ita
362 2171 460 2219 quod
478 2183 682 2219 numquam
704 2180 832 2219 peccet
853 2172 1072 2208 mortaliter:
1094 2184 1170 2208 non
1191 2181 1316 2208 tamen
1337 2174 1544 2221 impeditur,
1567 2176 1653 2222 quin

72 2227 188 2275 possit
206 2227 373 2262 habitum
393 2227 534 2262 virtutis
556 2227 754 2274 acquirere,
777 2238 840 2273 per
861 2239 971 2274 quam
994 2239 1014 2262 a
1036 2227 1142 2263 malis
1165 2228 1334 2275 operibus
1357 2229 1536 2264 abstineat
1556 2238 1595 2265 ut
1616 2230 1652 2265 in

72 2280 246 2330 pluribus,
267 2289 302 2317 et
321 2281 516 2329 praecipue
543 2281 586 2316 ab
613 2281 682 2324 his,
704 2292 796 2328 quae
823 2290 906 2316 sunt
927 2281 1031 2317 valde
1058 2283 1190 2317 rationi
1212 2283 1409 2318 contraria:
1432 2292 1515 2318 sunt
1541 2284 1651 2318 etiam

72 2335 254 2383 quaedam
275 2343 427 2383 peccata
447 2335 630 2378 mortalia,
649 2347 742 2383 quae
760 2335 876 2370 homo
895 2336 972 2371 sine
994 2337 1110 2383 gratia
1131 2336 1234 2372 nullo
1253 2338 1366 2373 modo
1385 2346 1505 2385 potest
1525 2338 1652 2381 vitare,

72 2401 166 2438 quae
187 2389 327 2426 scilicet
346 2390 483 2426 directe
505 2398 740 2437 opponuntur
760 2389 949 2425 virtutibus
970 2391 1204 2439 theologicis,
1223 2403 1315 2439 quae
1334 2403 1380 2436 ex·
1396 2393 1494 2427 dono
1513 2393 1651 2439 gratiae

71 2452 156 2480 sunt
174 2445 212 2479 in
232 2443 356 2479 nobis:
378 2444 451 2480 hoc
471 2452 596 2479 tamen
617 2443 709 2478 infra
730 2443 955 2480 manifestius
978 2444 1039 2480 fiet
1062 2446 1142 2490 (art.
1163 2447 1256 2493 seq).

143 2499 205 2535 An
222 2509 396 2535 TERTHJM
411 2498 618 2541 dicendum,
633 2498 743 2546 quod,
757 2498 851 2534 sicut
871 2499 1008 2535 dictum
1024 2508 1078 2535 est
1093 2499 1173 2544 (art.
1188 2513 1216 2536 ι.
1232 2501 1300 2547 huj.
1317 2514 1347 2548 q.
1362 2506 1392 2536 et
1405 2513 1434 2548 q.
1446 2514 1493 2548 51.
1509 2507 1575 2538 art.
1588 2503 1645 2548 r.),

70 2553 247 2589 virtutum
269 2553 528 2601 acquisitarum
555 2553 799 2600 praeexistunt
813 2553 849 2588 in
863 2553 968 2589 nobis
990 2555 1172 2601 quaedam
1199 2555 1353 2598 semina,
1375 2556 1450 2590 sive
1472 2557 1649 2604 principia

70 2607 272 2643 secundum
293 2615 473 2652 naturam,
495 2619 587 2655 quae
614 2607 761 2655 quidem
788 2607 963 2655 principia
989 2617 1072 2644 sunt
1097 2609 1278 2644 nobiliora
1304 2611 1493 2645 virtutibus
1520 2622 1649 2646 eorum

70 2661 202 2698 virtute
228 2661 432 2709 acquisitis;
459 2662 552 2697 sicut
578 2661 783 2697 intellectus
809 2662 1071 2710 principiorum
1105 2664 1383 2711 speculabilium
1412 2673 1465 2700 est
1491 2666 1650 2701 nobilior

71 2715 222 2751 scientia
249 2714 551 2764 conclusionum3
574 2724 609 2751 et
634 2715 808 2751 naturalis
835 2717 1014 2752 rectitudo
1040 2718 1190 2753 rationis
1217 2727 1271 2754 est
1297 2719 1455 2754 nobilior
1477 2720 1649 2755 rectifica-

69 2770 170 2806 tione
196 2770 388 2818 appetitus,
421 2781 514 2818 quae
540 2770 579 2805 fit
605 2782 669 2818 per
694 2770 1010 2818 participationem
1037 2773 1205 2816 rationis;
1232 2785 1324 2820 quac
1352 2774 1498 2820 quidem
1521 2775 1649 2810 rectifi-

71 2824 167 2860 catio
182 2824 338 2872 pertinet
355 2824 399 2859 ad
416 2824 588 2860 virtutem
601 2824 800 2867 moralem;
822 2825 873 2860 sic
895 2826 1004 2873 igitur
1025 2835 1126 2862 actus
1145 2827 1307 2870 humani,
1330 2828 1544 2874 inquantum
1568 2840 1649 2876 pro-

71 2877 206 2916 cedunt
225 2889 270 2916 ex
290 2877 478 2918 altioribus
503 2879 701 2929 principiis,
722 2888 874 2927 possunt
894 2891 1043 2916 causare
1066 2882 1214 2918 virtutes
1237 2883 1431 2929 acquisitas
1453 2882 1644 2921 humanas.
