1875 3198
217 192 302 245 672
636 205 860 240 QUAESTIO
894 205 1012 234 XCIV.
1046 204 1293 234 ARTICULUS
1326 205 1386 234 111.

217 296 418 320 commune
453 294 623 329 naturae3
650 287 742 320 sicut
769 295 803 321 et
839 286 908 320 alia
942 286 1075 332 legalia
1109 286 1321 321 ordinantur
1354 287 1398 320 ad
1430 286 1570 320 bonum
1596 297 1794 320 commune
1840 284 1842 286 ’

216 339 367 373 morale.

289 393 349 427 AD
377 404 587 428 SECUNDUM
608 393 815 435 dicendum,
835 393 932 439 quod
951 402 1079 428 natura
1100 394 1261 428 hominis
1282 402 1401 440 potest
1421 394 1513 430 dici:
1533 395 1587 429 vel
1606 393 1680 436 illa,
1702 405 1794 440 quae
1844 391 1850 426 Ξ

215 455 271 480 est
286 447 431 493 propria
446 447 627 489 hominis3
644 456 678 481 et
696 448 898 481 secundum
917 448 988 482 hoc
1009 448 1134 482 omnia
1155 456 1316 494 peccata,
1330 448 1546 494 inquantum
1568 455 1650 482 sunt
1668 455 1795 482 contra

217 500 411 543 rationem,
434 509 517 534 sunt
539 501 650 535 etiam
674 509 800 535 contra
818 509 998 543 naturam,
1021 510 1059 536 ut
1080 509 1178 548 patet
1203 513 1266 548 per
1286 502 1459 536 Damasc.
1481 502 1518 536 in
1540 512 1572 535 2.
1594 501 1654 535 lib.
1677 501 1794 547 (Orth.

217 555 292 590 Fid.
315 562 388 601 cap.
404 556 488 601 30.):
511 555 564 589 τέ]
582 554 654 596 illa,
678 566 769 600 quae
793 563 845 589 est
867 556 1075 590 communis
1097 555 1251 597 homini,
1274 563 1309 590 et
1330 555 1408 590 aliis
1431 555 1666 590 animalibus:
1689 563 1725 589 et
1745 566 1796 589 se-

216 609 378 641 cundum
400 608 471 642 hoc
492 608 673 654 quaedam
695 608 867 654 specialia
889 617 1039 654 peccata
1061 609 1227 643 dicuntur
1250 620 1328 643 esse
1351 618 1478 644 contra
1497 617 1684 643 naturam:
1703 608 1796 642 sicut

216 669 345 695 contra
373 662 678 696 commixtionem
707 662 829 704 maris,
857 670 892 696 et
918 662 1112 705 foeminae,
1140 674 1232 709 quae
1260 671 1313 697 est
1333 662 1506 697 naturalis
1528 662 1698 697 omnibus
1725 661 1797 696 ani·
1849 663 1852 669 ⁴

219 715 385 757 malibus,
409 724 462 749 est
485 715 700 750 concubitus
723 715 985 758 masculorum,
1013 717 1111 762 quod
1138 715 1344 762 specialiter
1369 717 1499 750 dicitur
1518 716 1646 751 vitium
1670 723 1796 750 contra

214 777 395 803 naturam.

290 822 349 857 AD
374 833 545 857 TERTlUM
570 823 778 865 dicendum,
801 823 898 870 quod
920 824 1012 858 ratio
1034 823 1097 857 illa
1118 824 1283 870 procedit
1304 824 1347 858 de
1371 823 1508 858 actibus
1530 823 1731 858 secundum
1758 833 1795 856 se

216 877 315 922 ipsos
339 877 595 912 consideratis:
619 877 669 911 sic
694 878 791 911 enim
810 885 956 924 propter
971 878 1130 912 diversas
1145 878 1340 912 hominum
1360 877 1587 912 conditiones
1607 876 1795 922 contingit,

217 931 315 977 quod
339 931 449 977 aliqui
471 940 572 965 actus
600 940 683 965 sunt
706 931 884 977 aliquibus
906 932 1068 973 virtuosi,
1086 940 1276 978 tamquam
1299 932 1349 966 eis
1368 931 1645 978 proportionati,
1661 938 1697 965 et
1714 941 1797 964 con-

216 985 414 1027 venientes,
437 985 499 1031 qui
520 993 643 1019 tamen
666 993 748 1020 sunt
770 985 848 1019 aliis
870 985 1002 1028 vitiosi,
1024 993 1213 1032 tamquam
1236 986 1285 1020 eis
1307 996 1383 1019 non
1404 984 1681 1032 proportionati.

770 1115 1117 1161 ARTICULUS
1166 1117 1242 1159 IV.
1729 1139 1791 1174 501

472 1219 627 1248 UTRUM
660 1220 744 1248 LEX
776 1220 983 1250 NATURAE
1016 1220 1083 1249 SIT
1118 1220 1207 1250 UNA
1239 1220 1357 1249 APUD
1391 1219 1552 1249 OMNES.

287 1312 328 1358 (3.
351 1312 440 1346 Dist.
460 1324 510 1358 37.
535 1317 601 1347 art.
620 1325 648 1359 3.
672 1319 761 1359 corp.
785 1317 813 1347 et
833 1324 866 1357 4.
889 1313 978 1348 Dist.
997 1325 1043 1359 33.
1064 1325 1094 1359 q.
1116 1325 1144 1348 1.
1167 1318 1231 1347 art.
1254 1325 1282 1347 1.
1305 1319 1397 1360 corp.
1418 1317 1450 1348 et
1469 1317 1533 1347 art.
1552 1324 1584 1348 2.
1605 1312 1648 1347 ad
1668 1314 1725 1359 L).

288 1409 348 1443 AD
365 1420 555 1448 QUARTUM
578 1409 628 1443 sic
651 1410 869 1456 proceditur.
885 1409 1049 1452 Videtur,
1077 1410 1173 1456 quod
1196 1409 1253 1444 lex
1274 1417 1425 1444 naturae
1447 1420 1522 1444 non
1543 1409 1589 1444 sit
1608 1421 1681 1444 una
1703 1409 1797 1456 apud

218 1473 364 1496 omnes:
390 1463 521 1497 dicitur
543 1465 641 1497 enim
668 1464 704 1497 in
725 1464 903 1506 Decretis,
926 1464 1005 1498 dist.
1033 1475 1060 1498 1.
1083 1464 1153 1509 (seu
1180 1465 1215 1498 in
1235 1463 1411 1509 praeludio
1439 1463 1512 1498 dist.
1538 1463 1599 1508 L),
1621 1463 1719 1510 quod
1740 1466 1798 1510 jus

217 1517 370 1551 naturam
392 1522 434 1552 est
453 1517 539 1563 quod
560 1519 594 1551 in
609 1518 704 1563 Lege,
721 1522 749 1552 et
770 1519 803 1551 in
819 1519 1003 1563 Evangelio
1019 1519 1226 1553 rontinelzcr:
1249 1517 1312 1552 sed
1334 1518 1406 1551 hoc
1428 1528 1504 1551 non
1523 1525 1577 1551 est
1599 1528 1798 1552 commune

219 1571 406 1606 omnibus:
430 1571 526 1617 quia,
550 1579 587 1605 ut
609 1571 739 1605 dicitur
760 1571 868 1605 Rom.
896 1582 966 1606 10.:
990 1572 1068 1606 Non
1089 1583 1198 1606 onmes
1225 1571 1378 1606 obediunt
1400 1571 1606 1617 Evangelio;
1630 1582 1718 1617 ergo
1739 1571 1796 1606 lex

216 1624 390 1658 naturalis
412 1636 486 1659 non
510 1633 562 1659 est
585 1637 655 1658 una
679 1626 772 1670 apud
796 1636 935 1659 omnes.

288 1688 319 1712 2.
343 1678 584 1713 PRAETEREA.
603 1678 710 1719 Quae
734 1687 816 1713 sunt
839 1679 1040 1713 secundum
1062 1678 1195 1724 legem,
1210 1679 1303 1724 justa
1318 1689 1397 1713 esse
1419 1678 1598 1721 dicuntur,
1613 1686 1652 1713 ut
1668 1679 1799 1713 dicitur

215 1732 251 1766 in
280 1744 306 1777 5.
331 1733 447 1767 Ethic.
471 1734 562 1779 (cap.
586 1746 613 1768 1.
641 1739 672 1768 ct
691 1734 755 1778 2.):
779 1733 841 1768 sed
865 1734 902 1767 in
926 1733 1057 1767 eodem
1080 1732 1140 1766 lib.
1158 1734 1245 1779 (cap.
1264 1732 1336 1778 10.)
1350 1732 1491 1775 dicitur,
1513 1732 1611 1779 quod
1632 1732 1724 1767 nihil
1746 1741 1799 1768 est

215 1786 264 1820 ita
287 1787 424 1831 justum
448 1787 543 1833 apud
566 1798 707 1829 omnes,
730 1787 816 1833 quin
840 1787 934 1833 apud
957 1786 1099 1833 aliquos
1122 1786 1399 1829 diversificetur3
1422 1797 1511 1832 ergo
1530 1786 1641 1821 etiam
1662 1786 1719 1821 lex
1739 1798 1800 1821 na-

214 1840 340 1874 turalis
362 1852 437 1874 non
459 1849 512 1875 est
534 1841 629 1887 apud
652 1852 780 1875 omnes
804 1841 943 1875 eadem.

292 1905 319 1940 3.
343 1894 583 1929 PRAETEREA.
608 1894 666 1928 Ad
689 1894 810 1941 legem
831 1902 981 1929 naturae
1008 1894 1163 1941 pertinet
1189 1894 1236 1937 id,
1264 1894 1308 1928 ad
1335 1893 1433 1941 quod
1457 1894 1574 1928 homo
1596 1894 1797 1928 secundum

216 1957 386 1982 naturam
418 1960 523 1982 suam
555 1948 760 1991 inclinatur,
790 1957 828 1983 ut
858 1960 965 1995 supra
995 1949 1131 1982 dictum
1165 1957 1218 1983 est
1241 1952 1323 1993 (art.
1344 1960 1375 1983 2.
1398 1949 1468 1994 huj.
1491 1948 1553 1995 q.:)
1576 1948 1639 1983 sed
1666 1948 1799 1983 diversi

215 2003 387 2037 homines
415 2002 628 2037 naturaliter
650 2003 694 2037 ad
717 2003 858 2037 diversa
885 2002 1117 2044 inclinantur,
1136 2002 1198 2036 alii
1215 2002 1363 2049 quidem
1391 2002 1434 2036 ad
1461 2002 1798 2048 concupiscentiam

214 2056 459 2103 voluptatum,
483 2057 543 2091 alii
571 2057 614 2091 ad
643 2057 820 2092 desideria
846 2057 1045 2099 honorum,
1073 2056 1134 2090 alii
1160 2057 1204 2090 ad
1231 2055 1320 2098 alia3
1347 2067 1435 2102 ergo
1462 2067 1537 2090 non
1564 2064 1618 2090 est
1643 2067 1715 2090 una
1741 2055 1798 2091 lex

214 2110 389 2145 naturalis
412 2111 505 2157 apud
529 2122 668 2145 omnes.

291 2165 365 2199 SED
391 2175 548 2199 CONTRA
573 2174 636 2207 est,
659 2165 757 2211 quod
779 2165 939 2199 Isidorus
967 2164 1053 2199 dicit
1073 2165 1110 2198 in
1132 2164 1191 2198 lib.
1218 2176 1246 2210 5.
1268 2163 1590 2211 Etymologiarum
1613 2163 1700 2211 (cap.
1721 2164 1796 2210 4.):
1814 2183 1816 2190 ν

210 2219 271 2264 Jus
294 2219 449 2254 mzturala
471 2224 516 2253 est
537 2231 710 2253 commune
728 2220 821 2253 omni
842 2220 981 2253 nationi.

288 2272 521 2307 RESPONDEO
549 2273 758 2315 dicendum,
786 2273 895 2319 quod,
922 2273 1015 2307 sicut
1040 2284 1147 2318 supra
1175 2272 1313 2306 dictum
1336 2279 1391 2306 est
1411 2271 1492 2316 (art.
1515 2283 1546 2307 2.
1569 2271 1638 2317 huj.
1661 2271 1728 2317 q.)‚
1752 2271 1797 2306 ad

217 2326 338 2373 legem
361 2334 511 2361 naturae
534 2327 714 2372 pertinent
736 2338 789 2369 ea,
813 2327 856 2360 ad
879 2338 971 2373 quae
990 2326 1106 2360 homo
1124 2325 1336 2360 naturaliter
1356 2324 1568 2359 inclinatur:
1590 2325 1683 2359 inter
1704 2335 1796 2372 quae

217 2381 361 2415 homini
382 2380 570 2427 proprium
593 2389 657 2422 est,
681 2389 718 2414 ut
739 2380 933 2415 inclinetur
956 2380 999 2414 ad
1028 2380 1211 2425 agendum
1233 2378 1436 2413 secundum
1457 2379 1656 2413 rationem:
1681 2378 1725 2412 ad
1746 2390 1798 2412 ra-

213 2434 355 2469 tionem
378 2443 500 2468 autem
527 2434 680 2480 pertinet
702 2446 744 2468 ex
767 2434 1024 2468 communibus
1059 2433 1102 2467 ad
1137 2433 1281 2479 propria
1308 2432 1519 2479 procedere,
1553 2440 1592 2466 ut
1625 2440 1724 2479 patet
1754 2443 1796 2467 ex

219 2499 246 2522 1.
264 2488 453 2534 Physicor.
473 2489 548 2532 (tex.
564 2500 633 2534 2.3.
649 2493 678 2522 et
699 2489 764 2532 4.).·
785 2487 886 2522 aliter
908 2496 1031 2522 tamen
1055 2487 1150 2521 circa
1170 2486 1239 2521 hoc
1260 2497 1297 2522 se
1319 2486 1429 2520 habet
1446 2486 1538 2520 ratio
1561 2485 1795 2532 speculativa,

216 2550 252 2577 et
275 2541 377 2576 aliter
399 2542 570 2588 practica,
593 2542 675 2588 quia
699 2542 795 2576 enim
817 2542 909 2576 ratio
932 2541 1155 2588 speculativa
1178 2540 1372 2587 praecipue
1393 2540 1601 2586 negotiatur
1621 2540 1718 2574 circa
1739 2550 1798 2574 ne·
1843 2549 1845 2553 ’

215 2597 384 2638 cessaria,
399 2608 491 2643 quae
507 2596 732 2642 impossibile
748 2604 801 2630 est
816 2596 918 2630 aliter
932 2608 968 2630 se
984 2596 1129 2637 habere,
1149 2595 1283 2641 absque
1306 2594 1428 2640 aliquo
1451 2593 1593 2628 defectu
1615 2593 1796 2628 invenitur

214 2651 345 2684 veritas
360 2651 397 2684 in
410 2650 707 2684 conclusionibus
727 2650 893 2696 propriis,
911 2650 1004 2683 sicut
1019 2657 1054 2684 ct
1072 2649 1107 2682 in
1123 2648 1306 2695 principiis
1326 2647 1602 2683 communibus:
1621 2647 1683 2682 sed
1703 2647 1794 2682 ratio

215 2704 373 2749 practica
397 2704 604 2749 negotiatur
626 2704 722 2737 circa
745 2703 1005 2748 contingentia,
1028 2703 1064 2736 in
1087 2703 1215 2749 quibus
1234 2710 1318 2736 sunt
1339 2701 1570 2747 operationes
1591 2701 1793 2736 humanae:

215 2766 251 2792 et
272 2758 368 2799 ideo,
391 2758 420 2791 si
442 2758 477 2791 in
502 2757 760 2791 communibus
783 2757 827 2791 sit
846 2756 966 2802 aliqua
988 2757 1184 2795 necessitas
1205 2755 1266 2801 [al.
1284 2755 1437 2800 veritasJ,
1456 2764 1592 2801 quanto
1614 2755 1731 2801 magis
1750 2753 1793 2788 ad

215 2811 360 2857 propria
383 2811 622 2853 descenditur,
641 2818 742 2845 tanto
762 2810 878 2855 magis
901 2810 1082 2844 invenitur
1103 2809 1274 2844 desectus.
1299 2808 1358 2843 Sic
1378 2809 1486 2855 igitur
1507 2809 1543 2842 in
1565 2808 1794 2854 speculativis

216 2873 269 2899 est
291 2865 419 2899 eadem
441 2865 573 2899 veritas
597 2865 689 2911 apud
721 2875 850 2898 onmes
876 2872 951 2898 tani
983 2864 1017 2896 in
1048 2863 1244 2910 principiis,
1275 2874 1386 2908 quam
1414 2862 1451 2896 in
1485 2861 1792 2903 conclusionibus,

215 2918 300 2953 licet
321 2919 452 2953 veritas
474 2930 548 2952 non
574 2918 667 2965 apud
691 2929 820 2952 omnes
849 2925 1094 2963 cognoscatur
1120 2917 1155 2950 in
1184 2915 1493 2958 conclusionibus,
1520 2915 1582 2950 sed
1609 2914 1730 2949 solum
1755 2914 1792 2948 in
